  <div class='ocr_page' id='page_1' title='image "/cluster/home/n/w/nwhite01/storage/ocr_20150623/144/umn.31951002477437p/362.png"; bbox 0 0 4184 6464; ppageno 0'>
   <div class='ocr_carea' id='block_1_1' title="bbox 254 328 364 394">
    <p class='ocr_par' dir='ltr' id='par_1_1' title="bbox 254 328 364 394">
     <span class='ocr_line' id='line_1_1' title="bbox 254 328 364 394; baseline -0.027 0"><span class='ocrx_word' id='word_1_1' title='bbox 254 328 364 394; x_wconf 82' lang='grc'>673</span> 
     </span>
    </p>
   </div>
   <div class='ocr_carea' id='block_1_2' title="bbox 1750 333 2277 396">
    <p class='ocr_par' dir='ltr' id='par_1_2' title="bbox 1750 333 2277 396">
     <span class='ocr_line' id='line_1_2' title="bbox 1750 333 2277 396; baseline 0.004 -2"><span class='ocrx_word' id='word_1_2' title='bbox 1750 333 1999 394; x_wconf 83' lang='lat' dir='ltr'>SERMO</span> <span class='ocrx_word' id='word_1_3' title='bbox 2037 333 2277 396; x_wconf 85' lang='lat' dir='ltr'>XXXII.</span> 
     </span>
    </p>
   </div>
   <div class='ocr_carea' id='block_1_3' title="bbox 3659 353 3763 415">
    <p class='ocr_par' dir='ltr' id='par_1_3' title="bbox 3659 353 3763 415">
     <span class='ocr_line' id='line_1_3' title="bbox 3659 353 3763 415; baseline -0.029 0"><span class='ocrx_word' id='word_1_4' title='bbox 3659 353 3763 415; x_wconf 78' lang='grc'>674</span> 
     </span>
    </p>
   </div>
   <div class='ocr_carea' id='block_1_4' title="bbox 255 455 3764 541">
    <p class='ocr_par' dir='ltr' id='par_1_4' title="bbox 255 455 3764 541">
     <span class='ocr_line' id='line_1_4' title="bbox 255 455 3764 541; baseline 0.007 -29"><span class='ocrx_word' id='word_1_5' title='bbox 255 455 408 514; x_wconf 83' lang='lat' dir='ltr'>fessa</span> <span class='ocrx_word' id='word_1_6' title='bbox 443 463 582 512; x_wconf 90' lang='lat' dir='ltr'>sunt</span> <span class='ocrx_word' id='word_1_7' title='bbox 619 455 900 514; x_wconf 91' lang='lat' dir='ltr'>membra.</span> <span class='ocrx_word' id='word_1_8' title='bbox 938 456 1084 514; x_wconf 89' lang='lat' dir='ltr'>Nam</span> <span class='ocrx_word' id='word_1_9' title='bbox 1123 457 1172 515; x_wconf 90' lang='lat' dir='ltr'>si</span> <span class='ocrx_word' id='word_1_10' title='bbox 1208 457 1382 516; x_wconf 82' lang='lat' dir='ltr'>fictile</span> <span class='ocrx_word' id='word_1_11' title='bbox 1413 458 1508 516; x_wconf 91' lang='lat' dir='ltr'>sui</span> <span class='ocrx_word' id='word_1_12' title='bbox 1546 459 1804 531; x_wconf 91' lang='lat' dir='ltr'>corporis</span> <span class='ocrx_word' id='word_1_13' title='bbox 1841 460 2162 519; x_wconf 88' lang='lat' dir='ltr'>vas-Aria.</span> <span class='ocrx_word' id='word_1_14' title='bbox 2203 461 2297 519; x_wconf 85' lang='lat' dir='ltr'>Illi</span> <span class='ocrx_word' id='word_1_15' title='bbox 2331 462 2486 521; x_wconf 91' lang='lat' dir='ltr'>enim</span> <span class='ocrx_word' id='word_1_16' title='bbox 2525 465 2596 522; x_wconf 92' lang='lat' dir='ltr'>ad</span> <span class='ocrx_word' id='word_1_17' title='bbox 2659 471 3117 541; x_wconf 87' lang='lat' dir='ltr'>expugnandum</span> <span class='ocrx_word' id='word_1_18' title='bbox 3156 471 3500 533; x_wconf 70' lang='lat' dir='ltr'>Christianae</span> <span class='ocrx_word' id='word_1_19' title='bbox 3538 477 3764 536; x_wconf 75' lang='lat' dir='ltr'>militiae</span> 
     </span>
    </p>
   </div>
   <div class='ocr_carea' id='block_1_5' title="bbox 253 543 1972 619">
    <p class='ocr_par' dir='ltr' id='par_1_5' title="bbox 253 543 1972 619">
     <span class='ocr_line' id='line_1_5' title="bbox 253 543 1972 619; baseline 0.001 -15"><span class='ocrx_word' id='word_1_20' title='bbox 253 545 481 616; x_wconf 90' lang='lat' dir='ltr'>culum,</span> <span class='ocrx_word' id='word_1_21' title='bbox 505 543 648 603; x_wconf 91' lang='lat' dir='ltr'>dum</span> <span class='ocrx_word' id='word_1_22' title='bbox 685 545 878 604; x_wconf 89' lang='lat' dir='ltr'>adhuc</span> <span class='ocrx_word' id='word_1_23' title='bbox 915 562 1124 606; x_wconf 90' lang='lat' dir='ltr'>sanum</span> <span class='ocrx_word' id='word_1_24' title='bbox 1152 553 1302 606; x_wconf 86' lang='lat' dir='ltr'>esset</span> <span class='ocrx_word' id='word_1_25' title='bbox 1329 563 1430 619; x_wconf 90' lang='lat' dir='ltr'>pro</span> <span class='ocrx_word' id='word_1_26' title='bbox 1469 549 1865 607; x_wconf 88' lang='lat' dir='ltr'>conservando</span> <span class='ocrx_word' id='word_1_27' title='bbox 1900 550 1972 606; x_wconf 91' lang='lat' dir='ltr'>li-</span> 
     </span>
    </p>
   </div>
   <div class='ocr_carea' id='block_1_6' title="bbox 254 635 1974 712">
    <p class='ocr_par' dir='ltr' id='par_1_6' title="bbox 254 635 1974 712">
     <span class='ocr_line' id='line_1_6' title="bbox 254 635 1974 712; baseline 0.002 -18"><span class='ocrx_word' id='word_1_28' title='bbox 254 635 350 694; x_wconf 92' lang='lat' dir='ltr'>dei</span> <span class='ocrx_word' id='word_1_29' title='bbox 399 637 666 695; x_wconf 82' lang='lat' dir='ltr'>thesauro</span> <span class='ocrx_word' id='word_1_30' title='bbox 721 638 959 696; x_wconf 89' lang='lat' dir='ltr'>lacerari</span> <span class='ocrx_word' id='word_1_31' title='bbox 1010 637 1288 711; x_wconf 81' lang='lat' dir='ltr'>permisit,</span> <span class='ocrx_word' id='word_1_32' title='bbox 1323 645 1538 712; x_wconf 90' lang='lat' dir='ltr'>quanto</span> <span class='ocrx_word' id='word_1_33' title='bbox 1587 639 1770 711; x_wconf 89' lang='lat' dir='ltr'>magis</span> <span class='ocrx_word' id='word_1_34' title='bbox 1835 645 1974 698; x_wconf 91' lang='lat' dir='ltr'>tunc</span> 
     </span>
    </p>
   </div>
   <div class='ocr_carea' id='block_1_7' title="bbox 252 728 1971 803">
    <p class='ocr_par' dir='ltr' id='par_1_7' title="bbox 252 728 1971 803">
     <span class='ocr_line' id='line_1_7' title="bbox 252 728 1971 803; baseline 0.001 -18"><span class='ocrx_word' id='word_1_35' title='bbox 252 744 360 803; x_wconf 92' lang='lat' dir='ltr'>pro</span> <span class='ocrx_word' id='word_1_36' title='bbox 400 728 523 800; x_wconf 88' lang='lat' dir='ltr'>jam</span> <span class='ocrx_word' id='word_1_37' title='bbox 568 733 839 800; x_wconf 88' lang='lat' dir='ltr'>quassato</span> <span class='ocrx_word' id='word_1_38' title='bbox 881 734 936 784; x_wconf 87' lang='lat' dir='ltr'>et</span> <span class='ocrx_word' id='word_1_39' title='bbox 985 728 1160 786; x_wconf 88' lang='lat' dir='ltr'>fracto</span> <span class='ocrx_word' id='word_1_40' title='bbox 1210 734 1328 785; x_wconf 89' lang='lat' dir='ltr'>tam</span> <span class='ocrx_word' id='word_1_41' title='bbox 1371 728 1971 801; x_wconf 63' lang='lat' dir='ltr'>pretiosumthesau-</span> 
     </span>
    </p>
   </div>
   <div class='ocr_carea' id='block_1_8' title="bbox 255 816 1058 888">
    <p class='ocr_par' dir='ltr' id='par_1_8' title="bbox 255 816 1058 888">
     <span class='ocr_line' id='line_1_8' title="bbox 255 816 1058 888; baseline -0.002 -12"><span class='ocrx_word' id='word_1_42' title='bbox 255 834 392 876; x_wconf 88' lang='lat' dir='ltr'>rum</span> <span class='ocrx_word' id='word_1_43' title='bbox 421 816 658 888; x_wconf 83' lang='lat' dir='ltr'><strong>perdere</strong></span> <span class='ocrx_word' id='word_1_44' title='bbox 684 816 1016 874; x_wconf 88' lang='lat' dir='ltr'>formidabit</span> <span class='ocrx_word' id='word_1_45' title='bbox 1047 821 1058 874; x_wconf 89' lang='lat' dir='ltr'>l</span> 
     </span>
    </p>
   </div>
   <div class='ocr_carea' id='block_1_9' title="bbox 330 905 1973 984">
    <p class='ocr_par' dir='ltr' id='par_1_9' title="bbox 330 905 1973 984">
     <span class='ocr_line' id='line_1_9' title="bbox 330 905 1973 984; baseline 0.001 -19"><span class='ocrx_word' id='word_1_46' title='bbox 330 906 423 965; x_wconf 92' lang='lat' dir='ltr'>Tu</span> <span class='ocrx_word' id='word_1_47' title='bbox 450 921 606 980; x_wconf 86' lang='lat' dir='ltr'>ergo,</span> <span class='ocrx_word' id='word_1_48' title='bbox 646 912 708 964; x_wconf 91' lang='lat' dir='ltr'>tu</span> <span class='ocrx_word' id='word_1_49' title='bbox 740 907 1089 966; x_wconf 83' lang='lat' dir='ltr'>miserabilis</span> <span class='ocrx_word' id='word_1_50' title='bbox 1122 910 1288 968; x_wconf 90' lang='lat' dir='ltr'>turba</span> <span class='ocrx_word' id='word_1_51' title='bbox 1326 909 1728 984; x_wconf 83' lang='lat' dir='ltr'>agonothetam</span> <span class='ocrx_word' id='word_1_52' title='bbox 1758 905 1973 966; x_wconf 83' lang='lat' dir='ltr'>Christi</span> 
     </span>
    </p>
   </div>
   <div class='ocr_carea' id='block_1_10' title="bbox 255 997 1973 1074">
    <p class='ocr_par' dir='ltr' id='par_1_10' title="bbox 255 997 1973 1074">
     <span class='ocr_line' id='line_1_10' title="bbox 255 997 1973 1074; baseline 0 -19"><span class='ocrx_word' id='word_1_53' title='bbox 255 998 401 1055; x_wconf 92' lang='lat' dir='ltr'>dum</span> <span class='ocrx_word' id='word_1_54' title='bbox 450 997 695 1067; x_wconf 85' lang='lat' dir='ltr'>dejicere</span> <span class='ocrx_word' id='word_1_55' title='bbox 743 997 985 1068; x_wconf 88' lang='lat' dir='ltr'>moliris,</span> <span class='ocrx_word' id='word_1_56' title='bbox 1027 1000 1460 1070; x_wconf 89' lang='lat' dir='ltr'>extollis;dum</span> <span class='ocrx_word' id='word_1_57' title='bbox 1499 1015 1768 1074; x_wconf 90' lang='lat' dir='ltr'>superare</span> <span class='ocrx_word' id='word_1_58' title='bbox 1831 999 1973 1056; x_wconf 88' lang='lat' dir='ltr'>nite-</span> 
     </span>
    </p>
   </div>
   <div class='ocr_carea' id='block_1_11' title="bbox 256 1086 1974 1162">
    <p class='ocr_par' dir='ltr' id='par_1_11' title="bbox 256 1086 1974 1162">
     <span class='ocr_line' id='line_1_11' title="bbox 256 1086 1974 1162; baseline 0.002 -19"><span class='ocrx_word' id='word_1_59' title='bbox 256 1086 362 1156; x_wconf 89' lang='lat' dir='ltr'>ris,</span> <span class='ocrx_word' id='word_1_60' title='bbox 404 1086 855 1160; x_wconf 90' lang='lat' dir='ltr'>insuperabilem</span> <span class='ocrx_word' id='word_1_61' title='bbox 891 1087 1101 1147; x_wconf 89' lang='lat' dir='ltr'>reddis.</span> <span class='ocrx_word' id='word_1_62' title='bbox 1139 1090 1228 1148; x_wconf 93' lang='lat' dir='ltr'>Tu</span> <span class='ocrx_word' id='word_1_63' title='bbox 1254 1091 1416 1161; x_wconf 89' lang='lat' dir='ltr'>facis,</span> <span class='ocrx_word' id='word_1_64' title='bbox 1457 1099 1521 1148; x_wconf 91' lang='lat' dir='ltr'>ut</span> <span class='ocrx_word' id='word_1_65' title='bbox 1555 1106 1762 1162; x_wconf 91' lang='lat' dir='ltr'>corpus</span> <span class='ocrx_word' id='word_1_66' title='bbox 1799 1105 1974 1148; x_wconf 88' lang='lat' dir='ltr'>suum</span> 
     </span>
    </p>
   </div>
   <div class='ocr_carea' id='block_1_12' title="bbox 257 1175 1975 1252">
    <p class='ocr_par' dir='ltr' id='par_1_12' title="bbox 257 1175 1975 1252">
     <span class='ocr_line' id='line_1_12' title="bbox 257 1175 1975 1252; baseline 0.002 -20"><span class='ocrx_word' id='word_1_67' title='bbox 257 1175 360 1234; x_wconf 89' lang='lat' dir='ltr'>ille</span> <span class='ocrx_word' id='word_1_68' title='bbox 414 1176 710 1249; x_wconf 84' lang='lat' dir='ltr'>despiciat,</span> <span class='ocrx_word' id='word_1_69' title='bbox 742 1185 796 1234; x_wconf 93' lang='lat' dir='ltr'>et</span> <span class='ocrx_word' id='word_1_70' title='bbox 833 1193 904 1235; x_wconf 90' lang='lat' dir='ltr'>ex</span> <span class='ocrx_word' id='word_1_71' title='bbox 941 1193 1006 1236; x_wconf 93' lang='lat' dir='ltr'>eo</span> <span class='ocrx_word' id='word_1_72' title='bbox 1045 1181 1239 1252; x_wconf 84' lang='lat' dir='ltr'>egredi</span> <span class='ocrx_word' id='word_1_73' title='bbox 1288 1186 1400 1238; x_wconf 90' lang='lat' dir='ltr'>tota</span> <span class='ocrx_word' id='word_1_74' title='bbox 1446 1180 1632 1238; x_wconf 89' lang='lat' dir='ltr'>animi</span> <span class='ocrx_word' id='word_1_75' title='bbox 1681 1179 1975 1236; x_wconf 81' lang='lat' dir='ltr'>alacritate</span> 
     </span>
    </p>
   </div>
   <div class='ocr_carea' id='block_1_13' title="bbox 256 1265 1976 1342">
    <p class='ocr_par' dir='ltr' id='par_1_13' title="bbox 256 1265 1976 1342">
     <span class='ocr_line' id='line_1_13' title="bbox 256 1265 1976 1342; baseline 0.001 -21"><span class='ocrx_word' id='word_1_76' title='bbox 256 1265 601 1335; x_wconf 89' lang='lat' dir='ltr'>contendat;</span> <span class='ocrx_word' id='word_1_77' title='bbox 657 1275 712 1323; x_wconf 92' lang='lat' dir='ltr'>et</span> <span class='ocrx_word' id='word_1_78' title='bbox 764 1266 906 1324; x_wconf 91' lang='lat' dir='ltr'>dum</span> <span class='ocrx_word' id='word_1_79' title='bbox 962 1269 1128 1326; x_wconf 89' lang='lat' dir='ltr'>novis</span> <span class='ocrx_word' id='word_1_80' title='bbox 1200 1274 1255 1326; x_wconf 91' lang='lat' dir='ltr'>et</span> <span class='ocrx_word' id='word_1_81' title='bbox 1312 1268 1618 1342; x_wconf 80' lang='lat' dir='ltr'>exquisitis</span> <span class='ocrx_word' id='word_1_82' title='bbox 1676 1266 1976 1341; x_wconf 81' lang='lat' dir='ltr'>suppliciis</span> 
     </span>
    </p>
   </div>
   <div class='ocr_carea' id='block_1_14' title="bbox 259 1353 1976 1415">
    <p class='ocr_par' dir='ltr' id='par_1_14' title="bbox 259 1353 1976 1415">
     <span class='ocr_line' id='line_1_14' title="bbox 259 1353 1976 1415; baseline -0.001 -3"><span class='ocrx_word' id='word_1_83' title='bbox 259 1369 398 1412; x_wconf 91' lang='lat' dir='ltr'>eum</span> <span class='ocrx_word' id='word_1_84' title='bbox 450 1353 795 1412; x_wconf 83' lang='lat' dir='ltr'>mirabiliter</span> <span class='ocrx_word' id='word_1_85' title='bbox 844 1356 1068 1414; x_wconf 83' lang='lat' dir='ltr'>crucias</span> <span class='ocrx_word' id='word_1_86' title='bbox 1113 1363 1176 1414; x_wconf 91' lang='lat' dir='ltr'>ut</span> <span class='ocrx_word' id='word_1_87' title='bbox 1224 1357 1551 1415; x_wconf 84' lang='lat' dir='ltr'>mirabilem</span> <span class='ocrx_word' id='word_1_88' title='bbox 1599 1357 1775 1414; x_wconf 85' lang='lat' dir='ltr'>facias</span> <span class='ocrx_word' id='word_1_89' title='bbox 1818 1371 1976 1412; x_wconf 74' lang='lat' dir='ltr'>mar-</span> 
     </span>
    </p>
   </div>
   <div class='ocr_carea' id='block_1_15' title="bbox 259 1443 1973 1519">
    <p class='ocr_par' dir='ltr' id='par_1_15' title="bbox 259 1443 1973 1519">
     <span class='ocr_line' id='line_1_15' title="bbox 259 1443 1973 1519; baseline -0.001 -17"><span class='ocrx_word' id='word_1_90' title='bbox 259 1450 471 1518; x_wconf 86' lang='lat' dir='ltr'>tyrem,</span> <span class='ocrx_word' id='word_1_91' title='bbox 531 1443 807 1502; x_wconf 89' lang='lat' dir='ltr'>elaboras.</span> <span class='ocrx_word' id='word_1_92' title='bbox 865 1444 989 1502; x_wconf 92' lang='lat' dir='ltr'>Tua</span> <span class='ocrx_word' id='word_1_93' title='bbox 1043 1445 1203 1503; x_wconf 90' lang='lat' dir='ltr'>enim</span> <span class='ocrx_word' id='word_1_94' title='bbox 1260 1446 1434 1504; x_wconf 91' lang='lat' dir='ltr'>stulta</span> <span class='ocrx_word' id='word_1_95' title='bbox 1488 1446 1765 1519; x_wconf 86' lang='lat' dir='ltr'>sapientia</span> <span class='ocrx_word' id='word_1_96' title='bbox 1822 1446 1973 1515; x_wconf 89' lang='lat' dir='ltr'>fecit,</span> 
     </span>
    </p>
   </div>
   <div class='ocr_carea' id='block_1_16' title="bbox 259 1533 1976 1609">
    <p class='ocr_par' dir='ltr' id='par_1_16' title="bbox 259 1533 1976 1609">
     <span class='ocr_line' id='line_1_16' title="bbox 259 1533 1976 1609; baseline -0.001 -16"><span class='ocrx_word' id='word_1_97' title='bbox 259 1535 419 1609; x_wconf 91' lang='lat' dir='ltr'>quod</span> <span class='ocrx_word' id='word_1_98' title='bbox 473 1533 646 1591; x_wconf 86' lang='lat' dir='ltr'>hodie</span> <span class='ocrx_word' id='word_1_99' title='bbox 695 1549 909 1592; x_wconf 89' lang='lat' dir='ltr'>nomen</span> <span class='ocrx_word' id='word_1_100' title='bbox 957 1533 1023 1593; x_wconf 92' lang='lat' dir='ltr'>B.</span> <span class='ocrx_word' id='word_1_101' title='bbox 1078 1535 1433 1609; x_wconf 88' lang='lat' dir='ltr'>Apollinaris</span> <span class='ocrx_word' id='word_1_102' title='bbox 1488 1543 1600 1593; x_wconf 92' lang='lat' dir='ltr'>tam</span> <span class='ocrx_word' id='word_1_103' title='bbox 1652 1535 1879 1593; x_wconf 89' lang='lat' dir='ltr'>clarum</span> <span class='ocrx_word' id='word_1_104' title='bbox 1921 1543 1976 1592; x_wconf 89' lang='lat' dir='ltr'>et</span> 
     </span>
    </p>
   </div>
   <div class='ocr_carea' id='block_1_17' title="bbox 259 1623 1976 1699">
    <p class='ocr_par' dir='ltr' id='par_1_17' title="bbox 259 1623 1976 1699">
     <span class='ocr_line' id='line_1_17' title="bbox 259 1623 1976 1699; baseline 0.002 -19"><span class='ocrx_word' id='word_1_105' title='bbox 259 1623 487 1681; x_wconf 91' lang='lat' dir='ltr'>celebre</span> <span class='ocrx_word' id='word_1_106' title='bbox 513 1638 613 1696; x_wconf 93' lang='lat' dir='ltr'>per</span> <span class='ocrx_word' id='word_1_107' title='bbox 649 1638 747 1680; x_wconf 91' lang='lat' dir='ltr'>ora</span> <span class='ocrx_word' id='word_1_108' title='bbox 778 1623 1040 1680; x_wconf 80' lang='lat' dir='ltr'>fidelium</span> <span class='ocrx_word' id='word_1_109' title='bbox 1072 1625 1272 1682; x_wconf 90' lang='lat' dir='ltr'>currit.</span> <span class='ocrx_word' id='word_1_110' title='bbox 1309 1623 1550 1683; x_wconf 91' lang='lat' dir='ltr'>Servisti</span> <span class='ocrx_word' id='word_1_111' title='bbox 1584 1641 1813 1699; x_wconf 87' lang='lat' dir='ltr'>nempe,</span> <span class='ocrx_word' id='word_1_112' title='bbox 1835 1626 1976 1683; x_wconf 90' lang='lat' dir='ltr'>dum</span> 
     </span>
    </p>
   </div>
   <div class='ocr_carea' id='block_1_18' title="bbox 2057 551 3767 624">
    <p class='ocr_par' dir='ltr' id='par_1_18' title="bbox 2057 551 3767 624">
     <span class='ocr_line' id='line_1_18' title="bbox 2057 551 3767 624; baseline 0.01 -19"><span class='ocrx_word' id='word_1_113' title='bbox 2057 558 2358 608; x_wconf 89' lang='lat' dir='ltr'>strenuum</span> <span class='ocrx_word' id='word_1_114' title='bbox 2396 551 2751 624; x_wconf 85' lang='lat' dir='ltr'>bellatorem,</span> <span class='ocrx_word' id='word_1_115' title='bbox 2786 571 2902 614; x_wconf 91' lang='lat' dir='ltr'>non</span> <span class='ocrx_word' id='word_1_116' title='bbox 2939 556 3130 615; x_wconf 89' lang='lat' dir='ltr'>solum</span> <span class='ocrx_word' id='word_1_117' title='bbox 3168 560 3351 617; x_wconf 87' lang='lat' dir='ltr'>ferrea</span> <span class='ocrx_word' id='word_1_118' title='bbox 3389 577 3549 620; x_wconf 91' lang='lat' dir='ltr'>arma</span> <span class='ocrx_word' id='word_1_119' title='bbox 3584 565 3767 621; x_wconf 85' lang='lat' dir='ltr'>corri-</span> 
     </span>
    </p>
   </div>
   <div class='ocr_carea' id='block_1_19' title="bbox 2055 640 3766 724">
    <p class='ocr_par' dir='ltr' id='par_1_19' title="bbox 2055 640 3766 724">
     <span class='ocr_line' id='line_1_19' title="bbox 2055 640 3766 724; baseline 0.009 -28"><span class='ocrx_word' id='word_1_120' title='bbox 2055 640 2244 713; x_wconf 91' lang='lat' dir='ltr'>piunt,</span> <span class='ocrx_word' id='word_1_121' title='bbox 2293 643 2391 700; x_wconf 92' lang='lat' dir='ltr'>sed</span> <span class='ocrx_word' id='word_1_122' title='bbox 2439 642 2620 716; x_wconf 87' lang='lat' dir='ltr'>ignes,</span> <span class='ocrx_word' id='word_1_123' title='bbox 2665 661 2866 718; x_wconf 87' lang='lat' dir='ltr'>aquas,</span> <span class='ocrx_word' id='word_1_124' title='bbox 2907 647 3086 720; x_wconf 88' lang='lat' dir='ltr'>ligna,</span> <span class='ocrx_word' id='word_1_125' title='bbox 3129 650 3363 724; x_wconf 85' lang='lat' dir='ltr'>lapides,</span> <span class='ocrx_word' id='word_1_126' title='bbox 3395 660 3450 709; x_wconf 90' lang='lat' dir='ltr'>et</span> <span class='ocrx_word' id='word_1_127' title='bbox 3491 652 3766 711; x_wconf 88' lang='lat' dir='ltr'>universa</span> 
     </span>
    </p>
   </div>
   <div class='ocr_carea' id='block_1_20' title="bbox 2035 729 3757 804">
    <p class='ocr_par' dir='ltr' id='par_1_20' title="bbox 2035 729 3757 804">
     <span class='ocr_line' id='line_1_20' title="bbox 2035 729 3757 804; baseline 0.007 -19"><span class='ocrx_word' id='word_1_128' title='bbox 2035 729 2227 802; x_wconf 91' lang='lat' dir='ltr'>plane</span> <span class='ocrx_word' id='word_1_129' title='bbox 2277 730 2562 789; x_wconf 87' lang='lat' dir='ltr'>elementa</span> <span class='ocrx_word' id='word_1_130' title='bbox 2611 749 2908 792; x_wconf 88' lang='lat' dir='ltr'>armorum</span> <span class='ocrx_word' id='word_1_131' title='bbox 2964 737 3259 795; x_wconf 85' lang='lat' dir='ltr'>materiam</span> <span class='ocrx_word' id='word_1_132' title='bbox 3316 739 3558 804; x_wconf 84' lang='lat' dir='ltr'>faciunt,</span> <span class='ocrx_word' id='word_1_133' title='bbox 3594 749 3646 797; x_wconf 91' lang='lat' dir='ltr'>et</span> <span class='ocrx_word' id='word_1_134' title='bbox 3698 741 3757 798; x_wconf 91' lang='lat' dir='ltr'>in</span> 
     </span>
    </p>
   </div>
   <div class='ocr_carea' id='block_1_21' title="bbox 2056 819 3763 901">
    <p class='ocr_par' dir='ltr' id='par_1_21' title="bbox 2056 819 3763 901">
     <span class='ocr_line' id='line_1_21' title="bbox 2056 819 3763 901; baseline 0.006 -25"><span class='ocrx_word' id='word_1_135' title='bbox 2056 819 2359 892; x_wconf 66' lang='lat' dir='ltr'>praeliandi</span> <span class='ocrx_word' id='word_1_136' title='bbox 2424 830 2767 893; x_wconf 84' lang='lat' dir='ltr'>argumenta</span> <span class='ocrx_word' id='word_1_137' title='bbox 2838 833 3200 889; x_wconf 82' lang='lat' dir='ltr'>convertunt.</span> <span class='ocrx_word' id='word_1_138' title='bbox 3262 827 3372 885; x_wconf 91' lang='lat' dir='ltr'>Iste</span> <span class='ocrx_word' id='word_1_139' title='bbox 3439 845 3574 887; x_wconf 92' lang='lat' dir='ltr'>vero</span> <span class='ocrx_word' id='word_1_140' title='bbox 3646 845 3763 901; x_wconf 83' lang='lat' dir='ltr'>quo</span> 
     </span>
    </p>
   </div>
   <div class='ocr_carea' id='block_1_22' title="bbox 2055 906 3765 991">
    <p class='ocr_par' dir='ltr' id='par_1_22' title="bbox 2055 906 3765 991">
     <span class='ocr_line' id='line_1_22' title="bbox 2055 906 3765 991; baseline 0.006 -26"><span class='ocrx_word' id='word_1_141' title='bbox 2055 907 2250 966; x_wconf 90' lang='lat' dir='ltr'>acrius</span> <span class='ocrx_word' id='word_1_142' title='bbox 2283 906 2680 981; x_wconf 87' lang='lat' dir='ltr'>impugnatur,</span> <span class='ocrx_word' id='word_1_143' title='bbox 2716 926 2782 968; x_wconf 89' lang='lat' dir='ltr'>eo</span> <span class='ocrx_word' id='word_1_144' title='bbox 2833 912 3123 970; x_wconf 87' lang='lat' dir='ltr'>robustior</span> <span class='ocrx_word' id='word_1_145' title='bbox 3178 915 3502 988; x_wconf 88' lang='lat' dir='ltr'>invenitur;</span> <span class='ocrx_word' id='word_1_146' title='bbox 3550 925 3606 975; x_wconf 91' lang='lat' dir='ltr'>et</span> <span class='ocrx_word' id='word_1_147' title='bbox 3649 934 3765 991; x_wconf 89' lang='lat' dir='ltr'>quo</span> 
     </span>
    </p>
   </div>
   <div class='ocr_carea' id='block_1_23' title="bbox 2058 996 3768 1079">
    <p class='ocr_par' dir='ltr' id='par_1_23' title="bbox 2058 996 3768 1079">
     <span class='ocr_line' id='line_1_23' title="bbox 2058 996 3768 1079; baseline 0.008 -27"><span class='ocrx_word' id='word_1_148' title='bbox 2058 996 2241 1068; x_wconf 85' lang='lat' dir='ltr'>magis</span> <span class='ocrx_word' id='word_1_149' title='bbox 2285 1011 2490 1069; x_wconf 90' lang='lat' dir='ltr'>corpus</span> <span class='ocrx_word' id='word_1_150' title='bbox 2548 1014 2649 1071; x_wconf 93' lang='lat' dir='ltr'>per</span> <span class='ocrx_word' id='word_1_151' title='bbox 2708 1007 2987 1057; x_wconf 89' lang='lat' dir='ltr'>tormenta</span> <span class='ocrx_word' id='word_1_152' title='bbox 3043 1000 3407 1074; x_wconf 85' lang='lat' dir='ltr'>distenditur,</span> <span class='ocrx_word' id='word_1_153' title='bbox 3449 1021 3516 1062; x_wconf 90' lang='lat' dir='ltr'>eo</span> <span class='ocrx_word' id='word_1_154' title='bbox 3582 1008 3768 1079; x_wconf 86' lang='lat' dir='ltr'>magis</span> 
     </span>
    </p>
   </div>
   <div class='ocr_carea' id='block_1_24' title="bbox 2058 1085 3769 1163">
    <p class='ocr_par' dir='ltr' id='par_1_24' title="bbox 2058 1085 3769 1163">
     <span class='ocr_line' id='line_1_24' title="bbox 2058 1085 3769 1163; baseline 0.008 -22"><span class='ocrx_word' id='word_1_155' title='bbox 2058 1085 2200 1142; x_wconf 87' lang='lat' dir='ltr'>fides</span> <span class='ocrx_word' id='word_1_156' title='bbox 2228 1094 2491 1158; x_wconf 76' lang='lat' dir='ltr'>augetur.</span> <span class='ocrx_word' id='word_1_157' title='bbox 2516 1087 2928 1160; x_wconf 88' lang='lat' dir='ltr'>Insuperabilis</span> <span class='ocrx_word' id='word_1_158' title='bbox 2951 1089 3201 1162; x_wconf 90' lang='lat' dir='ltr'>denique</span> <span class='ocrx_word' id='word_1_159' title='bbox 3224 1091 3392 1151; x_wconf 90' lang='lat' dir='ltr'>miles</span> <span class='ocrx_word' id='word_1_160' title='bbox 3412 1099 3514 1163; x_wconf 91' lang='lat' dir='ltr'>est,</span> <span class='ocrx_word' id='word_1_161' title='bbox 3535 1096 3629 1152; x_wconf 91' lang='lat' dir='ltr'>cui</span> <span class='ocrx_word' id='word_1_162' title='bbox 3654 1096 3769 1154; x_wconf 91' lang='lat' dir='ltr'>vir-</span> 
     </span>
    </p>
   </div>
   <div class='ocr_carea' id='block_1_25' title="bbox 2056 1177 3763 1249">
    <p class='ocr_par' dir='ltr' id='par_1_25' title="bbox 2056 1177 3763 1249">
     <span class='ocr_line' id='line_1_25' title="bbox 2056 1177 3763 1249; baseline 0.006 -15"><span class='ocrx_word' id='word_1_163' title='bbox 2056 1181 2150 1235; x_wconf 89' lang='lat' dir='ltr'>tus</span> <span class='ocrx_word' id='word_1_164' title='bbox 2193 1193 2267 1234; x_wconf 85' lang='lat' dir='ltr'>ex</span> <span class='ocrx_word' id='word_1_165' title='bbox 2306 1177 2648 1235; x_wconf 89' lang='lat' dir='ltr'>vulneribus</span> <span class='ocrx_word' id='word_1_166' title='bbox 2694 1179 2912 1249; x_wconf 86' lang='lat' dir='ltr'>crescit,</span> <span class='ocrx_word' id='word_1_167' title='bbox 2972 1195 3045 1236; x_wconf 87' lang='lat' dir='ltr'>ex</span> <span class='ocrx_word' id='word_1_168' title='bbox 3094 1179 3388 1240; x_wconf 89' lang='lat' dir='ltr'>minarum</span> <span class='ocrx_word' id='word_1_169' title='bbox 3451 1185 3763 1243; x_wconf 89' lang='lat' dir='ltr'>terroribus</span> 
     </span>
    </p>
   </div>
   <div class='ocr_carea' id='block_1_26' title="bbox 2057 1265 3765 1344">
    <p class='ocr_par' dir='ltr' id='par_1_26' title="bbox 2057 1265 3765 1344">
     <span class='ocr_line' id='line_1_26' title="bbox 2057 1265 3765 1344; baseline 0.007 -22"><span class='ocrx_word' id='word_1_170' title='bbox 2057 1265 2392 1324; x_wconf 88' lang='lat' dir='ltr'>animositas</span> <span class='ocrx_word' id='word_1_171' title='bbox 2435 1266 2638 1338; x_wconf 87' lang='lat' dir='ltr'>surgit.</span> <span class='ocrx_word' id='word_1_172' title='bbox 2669 1267 2829 1325; x_wconf 90' lang='lat' dir='ltr'>Nova</span> <span class='ocrx_word' id='word_1_173' title='bbox 2873 1274 2929 1324; x_wconf 91' lang='lat' dir='ltr'>et</span> <span class='ocrx_word' id='word_1_174' title='bbox 2973 1268 3229 1326; x_wconf 90' lang='lat' dir='ltr'>inaudita</span> <span class='ocrx_word' id='word_1_175' title='bbox 3277 1287 3472 1344; x_wconf 84' lang='lat' dir='ltr'>pugna</span> <span class='ocrx_word' id='word_1_176' title='bbox 3520 1284 3622 1342; x_wconf 88' lang='lat' dir='ltr'>est,</span> <span class='ocrx_word' id='word_1_177' title='bbox 3664 1275 3765 1334; x_wconf 90' lang='lat' dir='ltr'>ubi</span> 
     </span>
    </p>
   </div>
   <div class='ocr_carea' id='block_1_27' title="bbox 2058 1355 3766 1432">
    <p class='ocr_par' dir='ltr' id='par_1_27' title="bbox 2058 1355 3766 1432">
     <span class='ocr_line' id='line_1_27' title="bbox 2058 1355 3766 1432; baseline 0.006 -20"><span class='ocrx_word' id='word_1_178' title='bbox 2058 1355 2400 1429; x_wconf 87' lang='lat' dir='ltr'>peregrinus</span> <span class='ocrx_word' id='word_1_179' title='bbox 2434 1361 2728 1428; x_wconf 85' lang='lat' dir='ltr'>expugnat</span> <span class='ocrx_word' id='word_1_180' title='bbox 2767 1356 2991 1426; x_wconf 89' lang='lat' dir='ltr'>urbem,</span> <span class='ocrx_word' id='word_1_181' title='bbox 3031 1357 3218 1416; x_wconf 91' lang='lat' dir='ltr'>incola</span> <span class='ocrx_word' id='word_1_182' title='bbox 3257 1361 3566 1432; x_wconf 90' lang='lat' dir='ltr'>civitatem,</span> <span class='ocrx_word' id='word_1_183' title='bbox 3611 1381 3766 1423; x_wconf 90' lang='lat' dir='ltr'>unus</span> 
     </span>
    </p>
   </div>
   <div class='ocr_carea' id='block_1_28' title="bbox 2057 1442 3767 1524">
    <p class='ocr_par' dir='ltr' id='par_1_28' title="bbox 2057 1442 3767 1524">
     <span class='ocr_line' id='line_1_28' title="bbox 2057 1442 3767 1524; baseline 0.007 -25"><span class='ocrx_word' id='word_1_184' title='bbox 2057 1443 2362 1518; x_wconf 89' lang='lat' dir='ltr'>populum,</span> <span class='ocrx_word' id='word_1_185' title='bbox 2402 1442 2654 1500; x_wconf 90' lang='lat' dir='ltr'>imbellis</span> <span class='ocrx_word' id='word_1_186' title='bbox 2691 1459 2962 1514; x_wconf 91' lang='lat' dir='ltr'>cuneum,</span> <span class='ocrx_word' id='word_1_187' title='bbox 3004 1445 3244 1504; x_wconf 89' lang='lat' dir='ltr'>inermis</span> <span class='ocrx_word' id='word_1_188' title='bbox 3281 1450 3483 1520; x_wconf 89' lang='lat' dir='ltr'>aciem,</span> <span class='ocrx_word' id='word_1_189' title='bbox 3526 1467 3767 1524; x_wconf 87' lang='lat' dir='ltr'>persona</span> 
     </span>
    </p>
   </div>
   <div class='ocr_carea' id='block_1_29' title="bbox 2059 1529 3768 1611">
    <p class='ocr_par' dir='ltr' id='par_1_29' title="bbox 2059 1529 3768 1611">
     <span class='ocr_line' id='line_1_29' title="bbox 2059 1529 3768 1611; baseline 0.005 -21"><span class='ocrx_word' id='word_1_190' title='bbox 2059 1530 2254 1604; x_wconf 87' lang='lat' dir='ltr'>dejicit</span> <span class='ocrx_word' id='word_1_191' title='bbox 2289 1529 2593 1603; x_wconf 89' lang='lat' dir='ltr'>legionem.</span> <span class='ocrx_word' id='word_1_192' title='bbox 2630 1529 2911 1589; x_wconf 88' lang='lat' dir='ltr'>Mirabilis</span> <span class='ocrx_word' id='word_1_193' title='bbox 2953 1541 3008 1590; x_wconf 90' lang='lat' dir='ltr'>et</span> <span class='ocrx_word' id='word_1_194' title='bbox 3054 1537 3330 1609; x_wconf 90' lang='lat' dir='ltr'>stupenda</span> <span class='ocrx_word' id='word_1_195' title='bbox 3383 1538 3624 1596; x_wconf 88' lang='lat' dir='ltr'>victoria</span> <span class='ocrx_word' id='word_1_196' title='bbox 3663 1548 3768 1611; x_wconf 92' lang='lat' dir='ltr'>est,</span> 
     </span>
    </p>
   </div>
   <div class='ocr_carea' id='block_1_30' title="bbox 2059 1621 3765 1700">
    <p class='ocr_par' dir='ltr' id='par_1_30' title="bbox 2059 1621 3765 1700">
     <span class='ocr_line' id='line_1_30' title="bbox 2059 1621 3765 1700; baseline 0.004 -19"><span class='ocrx_word' id='word_1_197' title='bbox 2059 1622 2163 1681; x_wconf 89' lang='lat' dir='ltr'>ubi</span> <span class='ocrx_word' id='word_1_198' title='bbox 2202 1621 2366 1691; x_wconf 86' lang='lat' dir='ltr'>vivit,</span> <span class='ocrx_word' id='word_1_199' title='bbox 2396 1622 2498 1693; x_wconf 90' lang='lat' dir='ltr'>qui</span> <span class='ocrx_word' id='word_1_200' title='bbox 2527 1621 2839 1691; x_wconf 88' lang='lat' dir='ltr'>occiditur;</span> <span class='ocrx_word' id='word_1_201' title='bbox 2873 1624 3076 1697; x_wconf 89' lang='lat' dir='ltr'>surgit,</span> <span class='ocrx_word' id='word_1_202' title='bbox 3102 1625 3202 1698; x_wconf 91' lang='lat' dir='ltr'>qui</span> <span class='ocrx_word' id='word_1_203' title='bbox 3234 1626 3530 1700; x_wconf 84' lang='lat' dir='ltr'>dejicitur;</span> <span class='ocrx_word' id='word_1_204' title='bbox 3566 1629 3765 1700; x_wconf 87' lang='lat' dir='ltr'>vincit,</span> 
     </span>
    </p>
   </div>
   <div class='ocr_carea' id='block_1_31' title="bbox 262 1709 3765 1787">
    <p class='ocr_par' dir='ltr' id='par_1_31' title="bbox 262 1709 3765 1787">
     <span class='ocr_line' id='line_1_31' title="bbox 262 1709 3765 1787; baseline 0.002 -19"><span class='ocrx_word' id='word_1_205' title='bbox 262 1709 526 1778; x_wconf 65' lang='lat' dir='ltr'>saevisti;</span> <span class='ocrx_word' id='word_1_206' title='bbox 559 1717 614 1768; x_wconf 91' lang='lat' dir='ltr'>et</span> <span class='ocrx_word' id='word_1_207' title='bbox 637 1709 854 1768; x_wconf 80' lang='lat' dir='ltr'>auxisti</span> <span class='ocrx_word' id='word_1_208' title='bbox 889 1711 1164 1785; x_wconf 90' lang='lat' dir='ltr'>palmam,</span> <span class='ocrx_word' id='word_1_209' title='bbox 1193 1712 1336 1771; x_wconf 89' lang='lat' dir='ltr'>dum</span> <span class='ocrx_word' id='word_1_210' title='bbox 1368 1728 1685 1787; x_wconf 87' lang='lat' dir='ltr'>exaggeras</span> <span class='ocrx_word' id='word_1_211' title='bbox 1720 1728 1972 1785; x_wconf 80' lang='lat' dir='ltr'>pcenam.</span> <span class='ocrx_word' id='word_1_212' title='bbox 2060 1711 2164 1784; x_wconf 92' lang='lat' dir='ltr'>qui</span> <span class='ocrx_word' id='word_1_213' title='bbox 2195 1717 2535 1783; x_wconf 85' lang='lat' dir='ltr'>superatur;</span> <span class='ocrx_word' id='word_1_214' title='bbox 2571 1717 2625 1766; x_wconf 93' lang='lat' dir='ltr'>et</span> <span class='ocrx_word' id='word_1_215' title='bbox 2652 1718 2954 1785; x_wconf 90' lang='lat' dir='ltr'>postquam</span> <span class='ocrx_word' id='word_1_216' title='bbox 2996 1721 3260 1772; x_wconf 90' lang='lat' dir='ltr'>mortuus</span> <span class='ocrx_word' id='word_1_217' title='bbox 3299 1716 3493 1787; x_wconf 89' lang='lat' dir='ltr'>fuerit,</span> <span class='ocrx_word' id='word_1_218' title='bbox 3533 1732 3765 1775; x_wconf 89' lang='lat' dir='ltr'>omnem</span> 
     </span>
    </p>
   </div>
   <div class='ocr_carea' id='block_1_32' title="bbox 264 1799 3769 1879">
    <p class='ocr_par' dir='ltr' id='par_1_32' title="bbox 264 1799 3769 1879">
     <span class='ocr_line' id='line_1_32' title="bbox 264 1799 3769 1879; baseline 0.001 -19"><span class='ocrx_word' id='word_1_219' title='bbox 264 1802 414 1863; x_wconf 89' lang='lat' dir='ltr'>Nam</span> <span class='ocrx_word' id='word_1_220' title='bbox 446 1800 586 1874; x_wconf 90' lang='lat' dir='ltr'>quid</span> <span class='ocrx_word' id='word_1_221' title='bbox 625 1816 742 1858; x_wconf 90' lang='lat' dir='ltr'>non</span> <span class='ocrx_word' id='word_1_222' title='bbox 773 1801 845 1858; x_wconf 89' lang='lat' dir='ltr'>ad</span> <span class='ocrx_word' id='word_1_223' title='bbox 885 1802 1119 1860; x_wconf 89' lang='lat' dir='ltr'>victoris</span> <span class='ocrx_word' id='word_1_224' title='bbox 1155 1802 1399 1875; x_wconf 88' lang='lat' dir='ltr'>gloriam</span> <span class='ocrx_word' id='word_1_225' title='bbox 1438 1819 1635 1862; x_wconf 87' lang='lat' dir='ltr'>vecors</span> <span class='ocrx_word' id='word_1_226' title='bbox 1672 1802 2320 1879; x_wconf 68' lang='lat' dir='ltr'>ingeniumBadversaa</span> <span class='ocrx_word' id='word_1_227' title='bbox 2354 1799 2530 1872; x_wconf 87' lang='lat' dir='ltr'>partis</span> <span class='ocrx_word' id='word_1_228' title='bbox 2566 1800 2749 1856; x_wconf 89' lang='lat' dir='ltr'>aciem</span> <span class='ocrx_word' id='word_1_229' title='bbox 2789 1799 2859 1856; x_wconf 92' lang='lat' dir='ltr'>ad</span> <span class='ocrx_word' id='word_1_230' title='bbox 2899 1801 2990 1858; x_wconf 92' lang='lat' dir='ltr'>sui</span> <span class='ocrx_word' id='word_1_231' title='bbox 3029 1801 3390 1875; x_wconf 87' lang='lat' dir='ltr'>imperatoris</span> <span class='ocrx_word' id='word_1_232' title='bbox 3426 1806 3592 1878; x_wconf 89' lang='lat' dir='ltr'>signa</span> <span class='ocrx_word' id='word_1_233' title='bbox 3629 1823 3769 1865; x_wconf 92' lang='lat' dir='ltr'>con-</span> 
     </span>
    </p>
   </div>
   <div class='ocr_carea' id='block_1_33' title="bbox 264 1887 3766 1967">
    <p class='ocr_par' dir='ltr' id='par_1_33' title="bbox 264 1887 3766 1967">
     <span class='ocr_line' id='line_1_33' title="bbox 264 1887 3766 1967; baseline 0.001 -19"><span class='ocrx_word' id='word_1_234' title='bbox 264 1897 434 1950; x_wconf 90' lang='lat' dir='ltr'>tuum</span> <span class='ocrx_word' id='word_1_235' title='bbox 463 1889 690 1963; x_wconf 88' lang='lat' dir='ltr'>reperit,</span> <span class='ocrx_word' id='word_1_236' title='bbox 727 1890 961 1963; x_wconf 89' lang='lat' dir='ltr'>quando</span> <span class='ocrx_word' id='word_1_237' title='bbox 982 1892 1042 1949; x_wconf 92' lang='lat' dir='ltr'>in</span> <span class='ocrx_word' id='word_1_238' title='bbox 1072 1893 1349 1951; x_wconf 88' lang='lat' dir='ltr'>honorem</span> <span class='ocrx_word' id='word_1_239' title='bbox 1379 1895 1732 1952; x_wconf 85' lang='lat' dir='ltr'>transierunt</span> <span class='ocrx_word' id='word_1_240' title='bbox 1767 1893 1973 1952; x_wconf 89' lang='lat' dir='ltr'>trium-</span> <span class='ocrx_word' id='word_1_241' title='bbox 2054 1891 2244 1950; x_wconf 86' lang='lat' dir='ltr'>vertit.</span> <span class='ocrx_word' id='word_1_242' title='bbox 2282 1887 2393 1945; x_wconf 93' lang='lat' dir='ltr'>Ubi</span> <span class='ocrx_word' id='word_1_243' title='bbox 2425 1902 2580 1955; x_wconf 86' lang='lat' dir='ltr'>mors</span> <span class='ocrx_word' id='word_1_244' title='bbox 2609 1887 2892 1956; x_wconf 88' lang='lat' dir='ltr'>evaditur,</span> <span class='ocrx_word' id='word_1_245' title='bbox 2924 1903 3060 1946; x_wconf 91' lang='lat' dir='ltr'>cum</span> <span class='ocrx_word' id='word_1_246' title='bbox 3093 1889 3362 1962; x_wconf 85' lang='lat' dir='ltr'>subitur;</span> <span class='ocrx_word' id='word_1_247' title='bbox 3397 1893 3514 1951; x_wconf 90' lang='lat' dir='ltr'>vita</span> <span class='ocrx_word' id='word_1_248' title='bbox 3543 1893 3766 1967; x_wconf 89' lang='lat' dir='ltr'>incipit,</span> 
     </span>
    </p>
   </div>
   <div class='ocr_carea' id='block_1_34' title="bbox 263 1977 3770 2056">
    <p class='ocr_par' dir='ltr' id='par_1_34' title="bbox 263 1977 3770 2056">
     <span class='ocr_line' id='line_1_34' title="bbox 263 1977 3770 2056; baseline 0.002 -20"><span class='ocrx_word' id='word_1_249' title='bbox 263 1980 369 2054; x_wconf 91' lang='lat' dir='ltr'>phi</span> <span class='ocrx_word' id='word_1_250' title='bbox 397 1980 521 2053; x_wconf 91' lang='lat' dir='ltr'>ipsa</span> <span class='ocrx_word' id='word_1_251' title='bbox 547 1979 722 2036; x_wconf 89' lang='lat' dir='ltr'>etiam</span> <span class='ocrx_word' id='word_1_252' title='bbox 751 1979 1138 2038; x_wconf 89' lang='lat' dir='ltr'>instrumenta</span> <span class='ocrx_word' id='word_1_253' title='bbox 1170 1982 1478 2055; x_wconf 87' lang='lat' dir='ltr'>supplicii?</span> <span class='ocrx_word' id='word_1_254' title='bbox 2052 1997 2189 2042; x_wconf 90' lang='lat' dir='ltr'>cum</span> <span class='ocrx_word' id='word_1_255' title='bbox 2230 1978 2452 2037; x_wconf 82' lang='lat' dir='ltr'>ﬁnitur.</span> <span class='ocrx_word' id='word_1_256' title='bbox 2487 1977 2714 2036; x_wconf 91' lang='lat' dir='ltr'>Novum</span> <span class='ocrx_word' id='word_1_257' title='bbox 2767 1977 3044 2049; x_wconf 89' lang='lat' dir='ltr'>litigium,</span> <span class='ocrx_word' id='word_1_258' title='bbox 3093 1980 3194 2037; x_wconf 90' lang='lat' dir='ltr'>ubi</span> <span class='ocrx_word' id='word_1_259' title='bbox 3244 1983 3457 2052; x_wconf 82' lang='lat' dir='ltr'>judicio</span> <span class='ocrx_word' id='word_1_260' title='bbox 3497 1986 3770 2056; x_wconf 66' lang='lat' dir='ltr'>praesidet</span> 
     </span>
    </p>
   </div>
   <div class='ocr_carea' id='block_1_35' title="bbox 340 2066 3768 2147">
    <p class='ocr_par' dir='ltr' id='par_1_35' title="bbox 340 2066 3768 2147">
     <span class='ocr_line' id='line_1_35' title="bbox 340 2066 3768 2147; baseline 0.001 -20"><span class='ocrx_word' id='word_1_261' title='bbox 340 2068 450 2128; x_wconf 92' lang='lat' dir='ltr'>Sed</span> <span class='ocrx_word' id='word_1_262' title='bbox 476 2069 668 2127; x_wconf 90' lang='lat' dir='ltr'>adhuc</span> <span class='ocrx_word' id='word_1_263' title='bbox 693 2069 1034 2142; x_wconf 90' lang='lat' dir='ltr'>diligentius</span> <span class='ocrx_word' id='word_1_264' title='bbox 1080 2071 1394 2130; x_wconf 89' lang='lat' dir='ltr'>laceratum</span> <span class='ocrx_word' id='word_1_265' title='bbox 1443 2087 1652 2145; x_wconf 91' lang='lat' dir='ltr'>corpus</span> <span class='ocrx_word' id='word_1_266' title='bbox 1682 2070 1970 2140; x_wconf 81' lang='lat' dir='ltr'>examina,</span> <span class='ocrx_word' id='word_1_267' title='bbox 2051 2069 2323 2147; x_wconf 91' lang='lat' dir='ltr'>populus,</span> <span class='ocrx_word' id='word_1_268' title='bbox 2355 2075 2411 2125; x_wconf 91' lang='lat' dir='ltr'>et</span> <span class='ocrx_word' id='word_1_269' title='bbox 2435 2083 2594 2126; x_wconf 89' lang='lat' dir='ltr'>unus</span> <span class='ocrx_word' id='word_1_270' title='bbox 2621 2066 2928 2124; x_wconf 84' lang='lat' dir='ltr'>deducitur</span> <span class='ocrx_word' id='word_1_271' title='bbox 2946 2066 3334 2141; x_wconf 87' lang='lat' dir='ltr'>judicandus;</span> <span class='ocrx_word' id='word_1_272' title='bbox 3368 2073 3470 2129; x_wconf 91' lang='lat' dir='ltr'>ubi</span> <span class='ocrx_word' id='word_1_273' title='bbox 3497 2089 3652 2131; x_wconf 92' lang='lat' dir='ltr'>unus</span> <span class='ocrx_word' id='word_1_274' title='bbox 3679 2076 3768 2132; x_wconf 90' lang='lat' dir='ltr'>in-</span> 
     </span>
    </p>
   </div>
   <div class='ocr_carea' id='block_1_36' title="bbox 261 2156 3766 2233">
    <p class='ocr_par' dir='ltr' id='par_1_36' title="bbox 261 2156 3766 2233">
     <span class='ocr_line' id='line_1_36' title="bbox 261 2156 3766 2233; baseline 0.001 -15"><span class='ocrx_word' id='word_1_275' title='bbox 261 2161 458 2219; x_wconf 90' lang='lat' dir='ltr'>adhuc</span> <span class='ocrx_word' id='word_1_276' title='bbox 486 2175 554 2217; x_wconf 92' lang='lat' dir='ltr'>ea</span> <span class='ocrx_word' id='word_1_277' title='bbox 585 2161 730 2232; x_wconf 89' lang='lat' dir='ltr'>ipsa,</span> <span class='ocrx_word' id='word_1_278' title='bbox 767 2176 899 2233; x_wconf 76' lang='lat' dir='ltr'>quae</span> <span class='ocrx_word' id='word_1_279' title='bbox 927 2161 1188 2220; x_wconf 89' lang='lat' dir='ltr'>confossa</span> <span class='ocrx_word' id='word_1_280' title='bbox 1233 2170 1372 2220; x_wconf 91' lang='lat' dir='ltr'>sunt</span> <span class='ocrx_word' id='word_1_281' title='bbox 1401 2162 1680 2231; x_wconf 89' lang='lat' dir='ltr'>membra,</span> <span class='ocrx_word' id='word_1_282' title='bbox 1712 2165 1971 2230; x_wconf 90' lang='lat' dir='ltr'>retracta,</span> <span class='ocrx_word' id='word_1_283' title='bbox 2053 2175 2269 2220; x_wconf 88' lang='lat' dir='ltr'>nocens</span> <span class='ocrx_word' id='word_1_284' title='bbox 2313 2161 2637 2226; x_wconf 89' lang='lat' dir='ltr'>accusatur,</span> <span class='ocrx_word' id='word_1_285' title='bbox 2685 2156 3002 2214; x_wconf 92' lang='lat' dir='ltr'>multorum</span> <span class='ocrx_word' id='word_1_286' title='bbox 3051 2157 3475 2218; x_wconf 90' lang='lat' dir='ltr'>damnabilium</span> <span class='ocrx_word' id='word_1_287' title='bbox 3523 2179 3766 2223; x_wconf 87' lang='lat' dir='ltr'>censura</span> 
     </span>
    </p>
   </div>
   <div class='ocr_carea' id='block_1_37' title="bbox 261 2247 1974 2324">
    <p class='ocr_par' dir='ltr' id='par_1_37' title="bbox 261 2247 1974 2324">
     <span class='ocr_line' id='line_1_37' title="bbox 261 2247 1974 2324; baseline -0.001 -19"><span class='ocrx_word' id='word_1_288' title='bbox 261 2263 466 2324; x_wconf 91' lang='lat' dir='ltr'>coque,</span> <span class='ocrx_word' id='word_1_289' title='bbox 493 2247 750 2322; x_wconf 89' lang='lat' dir='ltr'>discerpe</span> <span class='ocrx_word' id='word_1_290' title='bbox 802 2249 972 2319; x_wconf 90' lang='lat' dir='ltr'>ictus,</span> <span class='ocrx_word' id='word_1_291' title='bbox 1008 2251 1185 2319; x_wconf 71' lang='lat' dir='ltr'>cmde,</span> <span class='ocrx_word' id='word_1_292' title='bbox 1229 2250 1488 2320; x_wconf 90' lang='lat' dir='ltr'>verbera,</span> <span class='ocrx_word' id='word_1_293' title='bbox 1530 2255 1797 2323; x_wconf 85' lang='lat' dir='ltr'>percute;</span> <span class='ocrx_word' id='word_1_294' title='bbox 1851 2249 1974 2320; x_wconf 89' lang='lat' dir='ltr'>jam</span> 
     </span>
    </p>
   </div>
   <div class='ocr_carea' id='block_1_38' title="bbox 260 2338 1971 2415">
    <p class='ocr_par' dir='ltr' id='par_1_38' title="bbox 260 2338 1971 2415">
     <span class='ocr_line' id='line_1_38' title="bbox 260 2338 1971 2415; baseline -0.001 -19"><span class='ocrx_word' id='word_1_295' title='bbox 260 2339 334 2397; x_wconf 95' lang='lat' dir='ltr'>de</span> <span class='ocrx_word' id='word_1_296' title='bbox 387 2345 500 2397; x_wconf 88' lang='lat' dir='ltr'>toto</span> <span class='ocrx_word' id='word_1_297' title='bbox 557 2355 790 2412; x_wconf 87' lang='lat' dir='ltr'>corpore</span> <span class='ocrx_word' id='word_1_298' title='bbox 841 2340 1213 2400; x_wconf 88' lang='lat' dir='ltr'>invictissimi</span> <span class='ocrx_word' id='word_1_299' title='bbox 1285 2341 1557 2415; x_wconf 84' lang='lat' dir='ltr'>martyris</span> <span class='ocrx_word' id='word_1_300' title='bbox 1604 2341 1747 2414; x_wconf 87' lang='lat' dir='ltr'>quid</span> <span class='ocrx_word' id='word_1_301' title='bbox 1787 2338 1971 2409; x_wconf 89' lang='lat' dir='ltr'>aliud,</span> 
     </span>
    </p>
   </div>
   <div class='ocr_carea' id='block_1_39' title="bbox 260 2427 1976 2501">
    <p class='ocr_par' dir='ltr' id='par_1_39' title="bbox 260 2427 1976 2501">
     <span class='ocr_line' id='line_1_39' title="bbox 260 2427 1976 2501; baseline -0.001 -16"><span class='ocrx_word' id='word_1_302' title='bbox 260 2428 378 2486; x_wconf 89' lang='lat' dir='ltr'>nisi</span> <span class='ocrx_word' id='word_1_303' title='bbox 408 2427 602 2500; x_wconf 83' lang='lat' dir='ltr'>plagas</span> <span class='ocrx_word' id='word_1_304' title='bbox 631 2429 839 2501; x_wconf 89' lang='lat' dir='ltr'>poteris</span> <span class='ocrx_word' id='word_1_305' title='bbox 873 2429 1221 2488; x_wconf 84' lang='lat' dir='ltr'>vulnerare?</span> <span class='ocrx_word' id='word_1_306' title='bbox 1243 2430 1459 2488; x_wconf 92' lang='lat' dir='ltr'>Bulliat</span> <span class='ocrx_word' id='word_1_307' title='bbox 1477 2445 1712 2498; x_wconf 88' lang='lat' dir='ltr'>aurum,</span> <span class='ocrx_word' id='word_1_308' title='bbox 1733 2445 1848 2486; x_wconf 91' lang='lat' dir='ltr'>non</span> <span class='ocrx_word' id='word_1_309' title='bbox 1873 2427 1976 2484; x_wconf 91' lang='lat' dir='ltr'>mi-</span> 
     </span>
    </p>
   </div>
   <div class='ocr_carea' id='block_1_40' title="bbox 262 2516 1975 2590">
    <p class='ocr_par' dir='ltr' id='par_1_40' title="bbox 262 2516 1975 2590">
     <span class='ocr_line' id='line_1_40' title="bbox 262 2516 1975 2590; baseline 0 -17"><span class='ocrx_word' id='word_1_310' title='bbox 262 2516 507 2588; x_wconf 83' lang='lat' dir='ltr'>nuitur;</span> <span class='ocrx_word' id='word_1_311' title='bbox 560 2516 814 2575; x_wconf 64' lang='lat' dir='ltr'>caedatur</span> <span class='ocrx_word' id='word_1_312' title='bbox 868 2517 1123 2590; x_wconf 89' lang='lat' dir='ltr'>adamas,</span> <span class='ocrx_word' id='word_1_313' title='bbox 1155 2533 1270 2575; x_wconf 89' lang='lat' dir='ltr'>non</span> <span class='ocrx_word' id='word_1_314' title='bbox 1297 2525 1539 2576; x_wconf 90' lang='lat' dir='ltr'>secatur.</span> <span class='ocrx_word' id='word_1_315' title='bbox 1569 2517 1696 2575; x_wconf 91' lang='lat' dir='ltr'>Jam</span> <span class='ocrx_word' id='word_1_316' title='bbox 1725 2516 1975 2587; x_wconf 90' lang='lat' dir='ltr'>denique</span> 
     </span>
    </p>
   </div>
   <div class='ocr_carea' id='block_1_41' title="bbox 262 2603 1972 2679">
    <p class='ocr_par' dir='ltr' id='par_1_41' title="bbox 262 2603 1972 2679">
     <span class='ocr_line' id='line_1_41' title="bbox 262 2603 1972 2679; baseline 0 -19"><span class='ocrx_word' id='word_1_317' title='bbox 262 2603 364 2661; x_wconf 92' lang='lat' dir='ltr'>ille</span> <span class='ocrx_word' id='word_1_318' title='bbox 392 2603 462 2662; x_wconf 89' lang='lat' dir='ltr'>ad</span> <span class='ocrx_word' id='word_1_319' title='bbox 482 2605 612 2662; x_wconf 72' lang='lat' dir='ltr'>cmli</span> <span class='ocrx_word' id='word_1_320' title='bbox 642 2607 872 2664; x_wconf 91' lang='lat' dir='ltr'>culmen</span> <span class='ocrx_word' id='word_1_321' title='bbox 921 2607 1179 2675; x_wconf 85' lang='lat' dir='ltr'>anhelat,</span> <span class='ocrx_word' id='word_1_322' title='bbox 1207 2607 1329 2679; x_wconf 88' lang='lat' dir='ltr'>jam</span> <span class='ocrx_word' id='word_1_323' title='bbox 1382 2613 1576 2663; x_wconf 86' lang='lat' dir='ltr'>mente</span> <span class='ocrx_word' id='word_1_324' title='bbox 1606 2605 1670 2662; x_wconf 91' lang='lat' dir='ltr'>in</span> <span class='ocrx_word' id='word_1_325' title='bbox 1701 2604 1972 2662; x_wconf 89' lang='lat' dir='ltr'>sublimi-</span> 
     </span>
    </p>
   </div>
   <div class='ocr_carea' id='block_1_42' title="bbox 261 2692 1972 2766">
    <p class='ocr_par' dir='ltr' id='par_1_42' title="bbox 261 2692 1972 2766">
     <span class='ocr_line' id='line_1_42' title="bbox 261 2692 1972 2766; baseline -0.002 -16"><span class='ocrx_word' id='word_1_326' title='bbox 261 2692 375 2751; x_wconf 89' lang='lat' dir='ltr'>bus</span> <span class='ocrx_word' id='word_1_327' title='bbox 425 2694 678 2765; x_wconf 86' lang='lat' dir='ltr'>habitat;</span> <span class='ocrx_word' id='word_1_328' title='bbox 711 2695 859 2752; x_wconf 92' lang='lat' dir='ltr'>nihil</span> <span class='ocrx_word' id='word_1_329' title='bbox 897 2695 1068 2766; x_wconf 91' lang='lat' dir='ltr'>dolet,</span> <span class='ocrx_word' id='word_1_330' title='bbox 1104 2695 1254 2752; x_wconf 91' lang='lat' dir='ltr'>nihil</span> <span class='ocrx_word' id='word_1_331' title='bbox 1305 2693 1484 2762; x_wconf 90' lang='lat' dir='ltr'>timet,</span> <span class='ocrx_word' id='word_1_332' title='bbox 1536 2693 1670 2763; x_wconf 90' lang='lat' dir='ltr'>nisi,</span> <span class='ocrx_word' id='word_1_333' title='bbox 1710 2707 1744 2749; x_wconf 90' lang='grc' dir='ltr'>ο</span> <span class='ocrx_word' id='word_1_334' title='bbox 1782 2706 1972 2764; x_wconf 89' lang='lat' dir='ltr'>perse-</span> 
     </span>
    </p>
   </div>
   <div class='ocr_carea' id='block_1_43' title="bbox 262 2782 1972 2860">
    <p class='ocr_par' dir='ltr' id='par_1_43' title="bbox 262 2782 1972 2860">
     <span class='ocr_line' id='line_1_43' title="bbox 262 2782 1972 2860; baseline -0.003 -17"><span class='ocrx_word' id='word_1_335' title='bbox 262 2794 509 2858; x_wconf 90' lang='lat' dir='ltr'>cutores,</span> <span class='ocrx_word' id='word_1_336' title='bbox 545 2787 723 2845; x_wconf 86' lang='lat' dir='ltr'>solam</span> <span class='ocrx_word' id='word_1_337' title='bbox 757 2789 1024 2860; x_wconf 89' lang='lat' dir='ltr'>pietatem</span> <span class='ocrx_word' id='word_1_338' title='bbox 1050 2795 1323 2857; x_wconf 90' lang='lat' dir='ltr'>vestram,</span> <span class='ocrx_word' id='word_1_339' title='bbox 1354 2801 1486 2859; x_wconf 67' lang='lat' dir='ltr'>quae</span> <span class='ocrx_word' id='word_1_340' title='bbox 1510 2785 1559 2841; x_wconf 93' lang='lat' dir='ltr'>si</span> <span class='ocrx_word' id='word_1_341' title='bbox 1589 2785 1642 2842; x_wconf 91' lang='lat' dir='ltr'>ei</span> <span class='ocrx_word' id='word_1_342' title='bbox 1676 2782 1972 2852; x_wconf 87' lang='lat' dir='ltr'>tribuitur,</span> 
     </span>
    </p>
   </div>
   <div class='ocr_carea' id='block_1_44' title="bbox 263 2870 1975 2949">
    <p class='ocr_par' dir='ltr' id='par_1_44' title="bbox 263 2870 1975 2949">
     <span class='ocr_line' id='line_1_44' title="bbox 263 2870 1975 2949; baseline -0.002 -17"><span class='ocrx_word' id='word_1_343' title='bbox 263 2875 338 2932; x_wconf 93' lang='lat' dir='ltr'>ab</span> <span class='ocrx_word' id='word_1_344' title='bbox 376 2876 502 2949; x_wconf 92' lang='lat' dir='ltr'>ipso</span> <span class='ocrx_word' id='word_1_345' title='bbox 548 2875 812 2948; x_wconf 90' lang='lat' dir='ltr'>impietas</span> <span class='ocrx_word' id='word_1_346' title='bbox 859 2874 1258 2933; x_wconf 89' lang='lat' dir='ltr'>crudelissima</span> <span class='ocrx_word' id='word_1_347' title='bbox 1307 2875 1645 2947; x_wconf 85' lang='lat' dir='ltr'>deputatur;</span> <span class='ocrx_word' id='word_1_348' title='bbox 1685 2880 1739 2930; x_wconf 91' lang='lat' dir='ltr'>et</span> <span class='ocrx_word' id='word_1_349' title='bbox 1779 2872 1828 2928; x_wconf 90' lang='lat' dir='ltr'>si</span> <span class='ocrx_word' id='word_1_350' title='bbox 1864 2870 1975 2928; x_wconf 89' lang='lat' dir='ltr'>tela</span> 
     </span>
    </p>
   </div>
   <div class='ocr_carea' id='block_1_45' title="bbox 263 2961 1974 3039">
    <p class='ocr_par' dir='ltr' id='par_1_45' title="bbox 263 2961 1974 3039">
     <span class='ocr_line' id='line_1_45' title="bbox 263 2961 1974 3039; baseline -0.004 -15"><span class='ocrx_word' id='word_1_351' title='bbox 263 2973 452 3024; x_wconf 89' lang='lat' dir='ltr'>vestra</span> <span class='ocrx_word' id='word_1_352' title='bbox 487 2966 556 3022; x_wconf 91' lang='lat' dir='ltr'>ad</span> <span class='ocrx_word' id='word_1_353' title='bbox 589 2967 714 3039; x_wconf 88' lang='lat' dir='ltr'>ejus</span> <span class='ocrx_word' id='word_1_354' title='bbox 740 2966 917 3023; x_wconf 90' lang='lat' dir='ltr'>vultis</span> <span class='ocrx_word' id='word_1_355' title='bbox 949 2964 1223 3022; x_wconf 92' lang='lat' dir='ltr'>interiora</span> <span class='ocrx_word' id='word_1_356' title='bbox 1260 2963 1604 3037; x_wconf 88' lang='lat' dir='ltr'>pertingere,</span> <span class='ocrx_word' id='word_1_357' title='bbox 1645 2963 1765 3020; x_wconf 93' lang='lat' dir='ltr'>sola</span> <span class='ocrx_word' id='word_1_358' title='bbox 1803 2961 1974 3018; x_wconf 92' lang='lat' dir='ltr'>illum</span> 
     </span>
    </p>
   </div>
   <div class='ocr_carea' id='block_1_46' title="bbox 260 3049 1974 3126">
    <p class='ocr_par' dir='ltr' id='par_1_46' title="bbox 260 3049 1974 3126">
     <span class='ocr_line' id='line_1_46' title="bbox 260 3049 1974 3126; baseline -0.002 -15"><span class='ocrx_word' id='word_1_359' title='bbox 260 3055 470 3126; x_wconf 88' lang='lat' dir='ltr'>pietate</span> <span class='ocrx_word' id='word_1_360' title='bbox 512 3054 693 3111; x_wconf 87' lang='lat' dir='ltr'>ferite.</span> <span class='ocrx_word' id='word_1_361' title='bbox 749 3053 916 3111; x_wconf 93' lang='lat' dir='ltr'>Tunc</span> <span class='ocrx_word' id='word_1_362' title='bbox 967 3053 1122 3110; x_wconf 91' lang='lat' dir='ltr'>enim</span> <span class='ocrx_word' id='word_1_363' title='bbox 1167 3052 1419 3126; x_wconf 78' lang='lat' dir='ltr'>graviter</span> <span class='ocrx_word' id='word_1_364' title='bbox 1471 3051 1880 3124; x_wconf 88' lang='lat' dir='ltr'>indignamini,</span> <span class='ocrx_word' id='word_1_365' title='bbox 1926 3049 1974 3107; x_wconf 89' lang='lat' dir='ltr'>si</span> 
     </span>
    </p>
   </div>
   <div class='ocr_carea' id='block_1_47' title="bbox 2054 2244 3534 2323">
    <p class='ocr_par' dir='ltr' id='par_1_47' title="bbox 2054 2244 3534 2323">
     <span class='ocr_line' id='line_1_47' title="bbox 2054 2244 3534 2323; baseline 0.001 -15"><span class='ocrx_word' id='word_1_366' title='bbox 2054 2247 2448 2323; x_wconf 91' lang='lat' dir='ltr'>depromitur;</span> <span class='ocrx_word' id='word_1_367' title='bbox 2481 2244 2585 2302; x_wconf 91' lang='lat' dir='ltr'>ubi</span> <span class='ocrx_word' id='word_1_368' title='bbox 2611 2244 2803 2316; x_wconf 90' lang='lat' dir='ltr'>justus</span> <span class='ocrx_word' id='word_1_369' title='bbox 2828 2244 3081 2316; x_wconf 90' lang='lat' dir='ltr'>vapulat,</span> <span class='ocrx_word' id='word_1_370' title='bbox 3116 2262 3247 2304; x_wconf 92' lang='lat' dir='ltr'>reus</span> <span class='ocrx_word' id='word_1_371' title='bbox 3277 2248 3534 2309; x_wconf 89' lang='lat' dir='ltr'>damnat.</span> 
     </span>
    </p>
   </div>
   <div class='ocr_carea' id='block_1_48' title="bbox 2128 2331 3768 2413">
    <p class='ocr_par' dir='ltr' id='par_1_48' title="bbox 2128 2331 3768 2413">
     <span class='ocr_line' id='line_1_48' title="bbox 2128 2331 3768 2413; baseline 0.002 -18"><span class='ocrx_word' id='word_1_372' title='bbox 2128 2335 2240 2395; x_wconf 91' lang='lat' dir='ltr'>Sed</span> <span class='ocrx_word' id='word_1_373' title='bbox 2277 2336 2429 2393; x_wconf 91' lang='lat' dir='ltr'>inter</span> <span class='ocrx_word' id='word_1_374' title='bbox 2469 2348 2670 2391; x_wconf 90' lang='lat' dir='ltr'>omnes</span> <span class='ocrx_word' id='word_1_375' title='bbox 2711 2331 2774 2389; x_wconf 92' lang='lat' dir='ltr'>B.</span> <span class='ocrx_word' id='word_1_376' title='bbox 2809 2333 3183 2404; x_wconf 90' lang='lat' dir='ltr'>Apollinaris,</span> <span class='ocrx_word' id='word_1_377' title='bbox 3223 2351 3337 2394; x_wconf 91' lang='lat' dir='ltr'>non</span> <span class='ocrx_word' id='word_1_378' title='bbox 3382 2337 3571 2397; x_wconf 90' lang='lat' dir='ltr'>dicam</span> <span class='ocrx_word' id='word_1_379' title='bbox 3607 2341 3768 2413; x_wconf 87' lang='lat' dir='ltr'>judi-</span> 
     </span>
    </p>
   </div>
   <div class='ocr_carea' id='block_1_49' title="bbox 2053 2421 3766 2501">
    <p class='ocr_par' dir='ltr' id='par_1_49' title="bbox 2053 2421 3766 2501">
     <span class='ocr_line' id='line_1_49' title="bbox 2053 2421 3766 2501; baseline 0.005 -19"><span class='ocrx_word' id='word_1_380' title='bbox 2053 2441 2166 2495; x_wconf 91' lang='lat' dir='ltr'>ces,</span> <span class='ocrx_word' id='word_1_381' title='bbox 2205 2424 2304 2482; x_wconf 90' lang='lat' dir='ltr'>sed</span> <span class='ocrx_word' id='word_1_382' title='bbox 2343 2421 2672 2490; x_wconf 79' lang='lat' dir='ltr'>carnifices,</span> <span class='ocrx_word' id='word_1_383' title='bbox 2703 2436 2816 2478; x_wconf 92' lang='lat' dir='ltr'>non</span> <span class='ocrx_word' id='word_1_384' title='bbox 2864 2422 3154 2494; x_wconf 67' lang='lat' dir='ltr'>prtesides,</span> <span class='ocrx_word' id='word_1_385' title='bbox 3189 2425 3287 2482; x_wconf 86' lang='lat' dir='ltr'>sed</span> <span class='ocrx_word' id='word_1_386' title='bbox 3339 2433 3597 2501; x_wconf 89' lang='lat' dir='ltr'>tortores,</span> <span class='ocrx_word' id='word_1_387' title='bbox 3647 2438 3766 2501; x_wconf 88' lang='lat' dir='ltr'>tua,</span> 
     </span>
    </p>
   </div>
   <div class='ocr_carea' id='block_1_50' title="bbox 2055 2509 3767 2585">
    <p class='ocr_par' dir='ltr' id='par_1_50' title="bbox 2055 2509 3767 2585">
     <span class='ocr_line' id='line_1_50' title="bbox 2055 2509 3767 2585; baseline 0.002 -13"><span class='ocrx_word' id='word_1_388' title='bbox 2055 2511 2376 2579; x_wconf 85' lang='lat' dir='ltr'>Messaline,</span> <span class='ocrx_word' id='word_1_389' title='bbox 2423 2509 2735 2567; x_wconf 91' lang='lat' dir='ltr'>crudelitas</span> <span class='ocrx_word' id='word_1_390' title='bbox 2784 2509 3057 2582; x_wconf 90' lang='lat' dir='ltr'>luporum</span> <span class='ocrx_word' id='word_1_391' title='bbox 3104 2513 3331 2570; x_wconf 83' lang='lat' dir='ltr'>excedit</span> <span class='ocrx_word' id='word_1_392' title='bbox 3366 2517 3602 2585; x_wconf 90' lang='lat' dir='ltr'>rabiem,</span> <span class='ocrx_word' id='word_1_393' title='bbox 3651 2519 3767 2576; x_wconf 90' lang='lat' dir='ltr'>leo-</span> 
     </span>
    </p>
   </div>
   <div class='ocr_carea' id='block_1_51' title="bbox 2054 2596 3768 2671">
    <p class='ocr_par' dir='ltr' id='par_1_51' title="bbox 2054 2596 3768 2671">
     <span class='ocr_line' id='line_1_51' title="bbox 2054 2596 3768 2671; baseline 0.002 -11"><span class='ocrx_word' id='word_1_394' title='bbox 2054 2619 2199 2661; x_wconf 89' lang='lat' dir='ltr'>num</span> <span class='ocrx_word' id='word_1_395' title='bbox 2223 2606 2533 2671; x_wconf 82' lang='lat' dir='ltr'>exsuperat</span> <span class='ocrx_word' id='word_1_396' title='bbox 2567 2596 2868 2654; x_wconf 82' lang='lat' dir='ltr'>Ieritatem.</span> <span class='ocrx_word' id='word_1_397' title='bbox 2907 2597 3049 2654; x_wconf 88' lang='lat' dir='ltr'>Nam</span> <span class='ocrx_word' id='word_1_398' title='bbox 3079 2606 3202 2671; x_wconf 86' lang='lat' dir='ltr'>post</span> <span class='ocrx_word' id='word_1_399' title='bbox 3231 2611 3606 2662; x_wconf 91' lang='lat' dir='ltr'>cruentorum</span> <span class='ocrx_word' id='word_1_400' title='bbox 3637 2621 3768 2662; x_wconf 90' lang='lat' dir='ltr'>ver-</span> 
     </span>
    </p>
   </div>
   <div class='ocr_carea' id='block_1_52' title="bbox 2052 2685 3770 2763">
    <p class='ocr_par' dir='ltr' id='par_1_52' title="bbox 2052 2685 3770 2763">
     <span class='ocr_line' id='line_1_52' title="bbox 2052 2685 3770 2763; baseline 0.001 -14"><span class='ocrx_word' id='word_1_401' title='bbox 2052 2691 2260 2749; x_wconf 91' lang='lat' dir='ltr'>berum</span> <span class='ocrx_word' id='word_1_402' title='bbox 2307 2687 2546 2756; x_wconf 69' lang='lat' dir='ltr'>caadem,</span> <span class='ocrx_word' id='word_1_403' title='bbox 2576 2693 2703 2756; x_wconf 91' lang='lat' dir='ltr'>post</span> <span class='ocrx_word' id='word_1_404' title='bbox 2753 2685 3071 2756; x_wconf 87' lang='lat' dir='ltr'>patentium</span> <span class='ocrx_word' id='word_1_405' title='bbox 3123 2689 3438 2763; x_wconf 89' lang='lat' dir='ltr'>vulnerum</span> <span class='ocrx_word' id='word_1_406' title='bbox 3497 2693 3770 2752; x_wconf 90' lang='lat' dir='ltr'>multitu-</span> 
     </span>
    </p>
   </div>
   <div class='ocr_carea' id='block_1_53' title="bbox 2054 2776 3767 2855">
    <p class='ocr_par' dir='ltr' id='par_1_53' title="bbox 2054 2776 3767 2855">
     <span class='ocr_line' id='line_1_53' title="bbox 2054 2776 3767 2855; baseline 0 -14"><span class='ocrx_word' id='word_1_407' title='bbox 2054 2784 2273 2852; x_wconf 91' lang='lat' dir='ltr'>dinem,</span> <span class='ocrx_word' id='word_1_408' title='bbox 2334 2786 2458 2853; x_wconf 90' lang='lat' dir='ltr'>post</span> <span class='ocrx_word' id='word_1_409' title='bbox 2519 2776 2755 2851; x_wconf 90' lang='lat' dir='ltr'>equulei</span> <span class='ocrx_word' id='word_1_410' title='bbox 2809 2779 3243 2850; x_wconf 90' lang='lat' dir='ltr'>appensionem,</span> <span class='ocrx_word' id='word_1_411' title='bbox 3308 2789 3432 2854; x_wconf 88' lang='lat' dir='ltr'>post</span> <span class='ocrx_word' id='word_1_412' title='bbox 3484 2799 3767 2855; x_wconf 88' lang='lat' dir='ltr'>aquarum</span> 
     </span>
    </p>
   </div>
   <div class='ocr_carea' id='block_1_54' title="bbox 2056 2865 3768 2944">
    <p class='ocr_par' dir='ltr' id='par_1_54' title="bbox 2056 2865 3768 2944">
     <span class='ocr_line' id='line_1_54' title="bbox 2056 2865 3768 2944; baseline 0 -16"><span class='ocrx_word' id='word_1_413' title='bbox 2056 2869 2501 2930; x_wconf 88' lang='lat' dir='ltr'>fervescentium</span> <span class='ocrx_word' id='word_1_414' title='bbox 2553 2865 2864 2936; x_wconf 83' lang='lat' dir='ltr'>ustionem,</span> <span class='ocrx_word' id='word_1_415' title='bbox 2894 2881 2956 2923; x_wconf 91' lang='lat' dir='ltr'>os</span> <span class='ocrx_word' id='word_1_416' title='bbox 2989 2866 3113 2938; x_wconf 85' lang='lat' dir='ltr'>ejus</span> <span class='ocrx_word' id='word_1_417' title='bbox 3141 2883 3282 2925; x_wconf 88' lang='lat' dir='ltr'>saxo</span> <span class='ocrx_word' id='word_1_418' title='bbox 3310 2869 3588 2928; x_wconf 87' lang='lat' dir='ltr'>contundi</span> <span class='ocrx_word' id='word_1_419' title='bbox 3618 2887 3768 2944; x_wconf 69' lang='lat' dir='ltr'>prae-</span> 
     </span>
    </p>
   </div>
   <div class='ocr_carea' id='block_1_55' title="bbox 2055 2955 3770 3035">
    <p class='ocr_par' dir='ltr' id='par_1_55' title="bbox 2055 2955 3770 3035">
     <span class='ocr_line' id='line_1_55' title="bbox 2055 2955 3770 3035; baseline -0.001 -15"><span class='ocrx_word' id='word_1_420' title='bbox 2055 2962 2198 3035; x_wconf 91' lang='lat' dir='ltr'>cipis</span> <span class='ocrx_word' id='word_1_421' title='bbox 2250 2968 2305 3017; x_wconf 90' lang='lat' dir='ltr'>et</span> <span class='ocrx_word' id='word_1_422' title='bbox 2355 2973 2505 3016; x_wconf 90' lang='lat' dir='ltr'>novo</span> <span class='ocrx_word' id='word_1_423' title='bbox 2581 2955 2848 3014; x_wconf 89' lang='lat' dir='ltr'>tormenti</span> <span class='ocrx_word' id='word_1_424' title='bbox 2915 2971 3121 3029; x_wconf 88' lang='lat' dir='ltr'>genere</span> <span class='ocrx_word' id='word_1_425' title='bbox 3179 2959 3355 3015; x_wconf 87' lang='lat' dir='ltr'>verba</span> <span class='ocrx_word' id='word_1_426' title='bbox 3431 2960 3770 3018; x_wconf 89' lang='lat' dir='ltr'>verberibus</span> 
     </span>
    </p>
   </div>
   <div class='ocr_carea' id='block_1_56' title="bbox 2055 3047 3770 3126">
    <p class='ocr_par' dir='ltr' id='par_1_56' title="bbox 2055 3047 3770 3126">
     <span class='ocr_line' id='line_1_56' title="bbox 2055 3047 3770 3126; baseline -0.002 -15"><span class='ocrx_word' id='word_1_427' title='bbox 2055 3053 2247 3126; x_wconf 90' lang='lat' dir='ltr'>punis.</span> <span class='ocrx_word' id='word_1_428' title='bbox 2282 3052 2425 3108; x_wconf 89' lang='lat' dir='ltr'>Ecce</span> <span class='ocrx_word' id='word_1_429' title='bbox 2475 3047 2685 3106; x_wconf 78' lang='lat' dir='ltr'>artifex</span> <span class='ocrx_word' id='word_1_430' title='bbox 2739 3047 2963 3106; x_wconf 64' lang='lat' dir='ltr'>saevitia</span> <span class='ocrx_word' id='word_1_431' title='bbox 3011 3053 3108 3105; x_wconf 90' lang='lat' dir='ltr'>tua</span> <span class='ocrx_word' id='word_1_432' title='bbox 3165 3063 3278 3120; x_wconf 87' lang='lat' dir='ltr'>per</span> <span class='ocrx_word' id='word_1_433' title='bbox 3315 3050 3560 3108; x_wconf 74' lang='lat' dir='ltr'>effusam</span> <span class='ocrx_word' id='word_1_434' title='bbox 3616 3050 3770 3108; x_wconf 89' lang='lat' dir='ltr'>fellis</span> 
     </span>
    </p>
   </div>
   <div class='ocr_carea' id='block_1_57' title="bbox 262 3137 3770 3239">
    <p class='ocr_par' dir='ltr' id='par_1_57' title="bbox 262 3137 3770 3239">
     <span class='ocr_line' id='line_1_57' title="bbox 262 3137 3770 3239; baseline -0.002 -38"><span class='ocrx_word' id='word_1_435' title='bbox 262 3143 622 3202; x_wconf 88' lang='lat' dir='ltr'>miseremini</span> <span class='ocrx_word' id='word_1_436' title='bbox 675 3163 687 3200; x_wconf 91' lang='lat'>:</span> <span class='ocrx_word' id='word_1_437' title='bbox 735 3149 875 3200; x_wconf 89' lang='lat' dir='ltr'>tunc</span> <span class='ocrx_word' id='word_1_438' title='bbox 923 3141 1256 3199; x_wconf 88' lang='lat' dir='ltr'>immaniter</span> <span class='ocrx_word' id='word_1_439' title='bbox 1299 3140 1579 3211; x_wconf 89' lang='lat' dir='ltr'>laceratis,</span> <span class='ocrx_word' id='word_1_440' title='bbox 1611 3141 1662 3198; x_wconf 91' lang='lat' dir='ltr'>si</span> <span class='ocrx_word' id='word_1_441' title='bbox 1699 3141 1966 3213; x_wconf 88' lang='lat' dir='ltr'>parcitis:</span> <span class='ocrx_word' id='word_1_442' title='bbox 1991 3139 2507 3239; x_wconf 78' lang='lat' dir='ltr'>Camaritudinem</span> <span class='ocrx_word' id='word_1_443' title='bbox 2558 3137 2694 3194; x_wconf 92' lang='lat' dir='ltr'>novi</span> <span class='ocrx_word' id='word_1_444' title='bbox 2748 3142 2798 3194; x_wconf 89' lang='lat' dir='ltr'>te</span> <span class='ocrx_word' id='word_1_445' title='bbox 2845 3137 3115 3209; x_wconf 87' lang='lat' dir='ltr'>supplicii</span> <span class='ocrx_word' id='word_1_446' title='bbox 3157 3137 3292 3195; x_wconf 90' lang='lat' dir='ltr'>fecit</span> <span class='ocrx_word' id='word_1_447' title='bbox 3336 3139 3770 3201; x_wconf 88' lang='lat' dir='ltr'>auctorem..Et</span> 
     </span>
    </p>
   </div>
   <div class='ocr_carea' id='block_1_58' title="bbox 259 3230 1968 3306">
    <p class='ocr_par' dir='ltr' id='par_1_58' title="bbox 259 3230 1968 3306">
     <span class='ocr_line' id='line_1_58' title="bbox 259 3230 1968 3306; baseline -0.001 -14"><span class='ocrx_word' id='word_1_448' title='bbox 259 3241 337 3306; x_wconf 90' lang='lat' dir='ltr'>et,</span> <span class='ocrx_word' id='word_1_449' title='bbox 370 3241 435 3292; x_wconf 92' lang='lat' dir='ltr'>ut</span> <span class='ocrx_word' id='word_1_450' title='bbox 459 3234 538 3291; x_wconf 91' lang='lat' dir='ltr'>ita</span> <span class='ocrx_word' id='word_1_451' title='bbox 565 3231 837 3302; x_wconf 88' lang='lat' dir='ltr'>dixerim,</span> <span class='ocrx_word' id='word_1_452' title='bbox 869 3237 1009 3288; x_wconf 90' lang='lat' dir='ltr'>tunc</span> <span class='ocrx_word' id='word_1_453' title='bbox 1034 3231 1275 3303; x_wconf 91' lang='lat' dir='ltr'>punitis,</span> <span class='ocrx_word' id='word_1_454' title='bbox 1309 3230 1358 3288; x_wconf 92' lang='lat' dir='ltr'>si</span> <span class='ocrx_word' id='word_1_455' title='bbox 1399 3236 1536 3288; x_wconf 90' lang='lat' dir='ltr'>tunc</span> <span class='ocrx_word' id='word_1_456' title='bbox 1573 3246 1689 3288; x_wconf 91' lang='lat' dir='ltr'>non</span> <span class='ocrx_word' id='word_1_457' title='bbox 1726 3231 1968 3302; x_wconf 89' lang='lat' dir='ltr'>punitis.</span> 
     </span>
    </p>
   </div>
   <div class='ocr_carea' id='block_1_59' title="bbox 348 3319 1971 3394">
    <p class='ocr_par' dir='ltr' id='par_1_59' title="bbox 348 3319 1971 3394">
     <span class='ocr_line' id='line_1_59' title="bbox 348 3319 1971 3394; baseline 0.002 -18"><span class='ocrx_word' id='word_1_458' title='bbox 348 3321 488 3378; x_wconf 88' lang='lat'>160</span> <span class='ocrx_word' id='word_1_459' title='bbox 514 3323 558 3382; x_wconf 89' lang='grc' dir='ltr'>Ο</span> <span class='ocrx_word' id='word_1_460' title='bbox 584 3319 1061 3381; x_wconf 82' lang='lat' dir='ltr'>robustissimum</span> <span class='ocrx_word' id='word_1_461' title='bbox 1091 3329 1310 3394; x_wconf 91' lang='lat' dir='ltr'>pectus,</span> <span class='ocrx_word' id='word_1_462' title='bbox 1352 3321 1505 3394; x_wconf 92' lang='lat' dir='ltr'>quod</span> <span class='ocrx_word' id='word_1_463' title='bbox 1545 3321 1710 3378; x_wconf 91' lang='lat' dir='ltr'>nulla</span> <span class='ocrx_word' id='word_1_464' title='bbox 1749 3329 1971 3393; x_wconf 91' lang='lat' dir='ltr'>queunt</span> 
     </span>
    </p>
   </div>
   <div class='ocr_carea' id='block_1_60' title="bbox 259 3411 1970 3486">
    <p class='ocr_par' dir='ltr' id='par_1_60' title="bbox 259 3411 1970 3486">
     <span class='ocr_line' id='line_1_60' title="bbox 259 3411 1970 3486; baseline -0.001 -16"><span class='ocrx_word' id='word_1_465' title='bbox 259 3411 374 3471; x_wconf 92' lang='lat' dir='ltr'>tela</span> <span class='ocrx_word' id='word_1_466' title='bbox 423 3413 740 3486; x_wconf 87' lang='lat' dir='ltr'>perfodere,</span> <span class='ocrx_word' id='word_1_467' title='bbox 785 3411 946 3470; x_wconf 91' lang='lat' dir='ltr'>nulla</span> <span class='ocrx_word' id='word_1_468' title='bbox 996 3418 1237 3483; x_wconf 91' lang='lat' dir='ltr'>possunt</span> <span class='ocrx_word' id='word_1_469' title='bbox 1285 3411 1503 3484; x_wconf 90' lang='lat' dir='ltr'>spicula</span> <span class='ocrx_word' id='word_1_470' title='bbox 1557 3415 1888 3484; x_wconf 90' lang='lat' dir='ltr'>penetrare!</span> <span class='ocrx_word' id='word_1_471' title='bbox 1925 3411 1970 3469; x_wconf 89' lang='grc' dir='ltr'><strong>Ο</strong></span> 
     </span>
    </p>
   </div>
   <div class='ocr_carea' id='block_1_61' title="bbox 259 3497 1966 3573">
    <p class='ocr_par' dir='ltr' id='par_1_61' title="bbox 259 3497 1966 3573">
     <span class='ocr_line' id='line_1_61' title="bbox 259 3497 1966 3573; baseline -0.002 -15"><span class='ocrx_word' id='word_1_472' title='bbox 259 3500 724 3559; x_wconf 91' lang='lat' dir='ltr'>munitissimum</span> <span class='ocrx_word' id='word_1_473' title='bbox 790 3499 1000 3557; x_wconf 89' lang='lat' dir='ltr'>Christi</span> <span class='ocrx_word' id='word_1_474' title='bbox 1066 3498 1306 3570; x_wconf 90' lang='lat' dir='ltr'>vallum,</span> <span class='ocrx_word' id='word_1_475' title='bbox 1359 3498 1508 3573; x_wconf 89' lang='lat' dir='ltr'>quod</span> <span class='ocrx_word' id='word_1_476' title='bbox 1566 3515 1678 3556; x_wconf 91' lang='lat' dir='ltr'>non</span> <span class='ocrx_word' id='word_1_477' title='bbox 1739 3497 1966 3570; x_wconf 88' lang='lat' dir='ltr'>impacti</span> 
     </span>
    </p>
   </div>
   <div class='ocr_carea' id='block_1_62' title="bbox 257 3587 1971 3662">
    <p class='ocr_par' dir='ltr' id='par_1_62' title="bbox 257 3587 1971 3662">
     <span class='ocr_line' id='line_1_62' title="bbox 257 3587 1971 3662; baseline -0.004 -14"><span class='ocrx_word' id='word_1_478' title='bbox 257 3591 464 3649; x_wconf 86' lang='lat' dir='ltr'>arietes</span> <span class='ocrx_word' id='word_1_479' title='bbox 487 3591 748 3662; x_wconf 92' lang='lat' dir='ltr'>diruunt,</span> <span class='ocrx_word' id='word_1_480' title='bbox 788 3589 947 3648; x_wconf 91' lang='lat' dir='ltr'>nulla</span> <span class='ocrx_word' id='word_1_481' title='bbox 987 3588 1390 3646; x_wconf 89' lang='lat' dir='ltr'>machinarum</span> <span class='ocrx_word' id='word_1_482' title='bbox 1435 3593 1698 3644; x_wconf 87' lang='lat' dir='ltr'>armenta</span> <span class='ocrx_word' id='word_1_483' title='bbox 1735 3587 1971 3648; x_wconf 82' lang='lat' dir='ltr'>convel-</span> 
     </span>
    </p>
   </div>
   <div class='ocr_carea' id='block_1_63' title="bbox 256 3673 1972 3749">
    <p class='ocr_par' dir='ltr' id='par_1_63' title="bbox 256 3673 1972 3749">
     <span class='ocr_line' id='line_1_63' title="bbox 256 3673 1972 3749; baseline -0.003 -13"><span class='ocrx_word' id='word_1_484' title='bbox 256 3678 415 3738; x_wconf 92' lang='lat' dir='ltr'>lunt!</span> <span class='ocrx_word' id='word_1_485' title='bbox 452 3679 676 3748; x_wconf 48' lang='lat' dir='ltr'>Qua‘nta</span> <span class='ocrx_word' id='word_1_486' title='bbox 705 3679 863 3736; x_wconf 92' lang='lat' dir='ltr'>hunc</span> <span class='ocrx_word' id='word_1_487' title='bbox 891 3676 1288 3736; x_wconf 88' lang='lat' dir='ltr'>retributionis</span> <span class='ocrx_word' id='word_1_488' title='bbox 1326 3675 1510 3749; x_wconf 90' lang='lat' dir='ltr'>gloria</span> <span class='ocrx_word' id='word_1_489' title='bbox 1552 3691 1713 3733; x_wconf 91' lang='lat' dir='ltr'>nunc</span> <span class='ocrx_word' id='word_1_490' title='bbox 1750 3673 1972 3733; x_wconf 86' lang='lat' dir='ltr'>extollit</span> 
     </span>
    </p>
   </div>
   <div class='ocr_carea' id='block_1_64' title="bbox 256 3765 1970 3841">
    <p class='ocr_par' dir='ltr' id='par_1_64' title="bbox 256 3765 1970 3841">
     <span class='ocr_line' id='line_1_64' title="bbox 256 3765 1970 3841; baseline -0.002 -17"><span class='ocrx_word' id='word_1_491' title='bbox 256 3767 321 3826; x_wconf 91' lang='lat' dir='ltr'>in</span> <span class='ocrx_word' id='word_1_492' title='bbox 355 3768 620 3836; x_wconf 86' lang='lat' dir='ltr'>summis,</span> <span class='ocrx_word' id='word_1_493' title='bbox 647 3783 820 3841; x_wconf 90' lang='lat' dir='ltr'>quem</span> <span class='ocrx_word' id='word_1_494' title='bbox 849 3773 1003 3824; x_wconf 89' lang='lat' dir='ltr'>tanta</span> <span class='ocrx_word' id='word_1_495' title='bbox 1030 3765 1420 3824; x_wconf 90' lang='lat' dir='ltr'>tribulationis</span> <span class='ocrx_word' id='word_1_496' title='bbox 1455 3765 1773 3822; x_wconf 89' lang='lat' dir='ltr'>adversitas</span> <span class='ocrx_word' id='word_1_497' title='bbox 1811 3779 1970 3836; x_wconf 91' lang='lat' dir='ltr'>pres-</span> 
     </span>
    </p>
   </div>
   <div class='ocr_carea' id='block_1_65' title="bbox 256 3853 1971 3925">
    <p class='ocr_par' dir='ltr' id='par_1_65' title="bbox 256 3853 1971 3925">
     <span class='ocr_line' id='line_1_65' title="bbox 256 3853 1971 3925; baseline -0.003 -12"><span class='ocrx_word' id='word_1_498' title='bbox 256 3857 331 3913; x_wconf 90' lang='lat' dir='ltr'>sit</span> <span class='ocrx_word' id='word_1_499' title='bbox 381 3857 441 3914; x_wconf 91' lang='lat' dir='ltr'>in</span> <span class='ocrx_word' id='word_1_500' title='bbox 478 3856 649 3914; x_wconf 90' lang='lat' dir='ltr'>imis!</span> <span class='ocrx_word' id='word_1_501' title='bbox 706 3857 971 3923; x_wconf 83' lang='lat' dir='ltr'>Econtra,</span> <span class='ocrx_word' id='word_1_502' title='bbox 1022 3870 1182 3912; x_wconf 91' lang='lat' dir='ltr'>nunc</span> <span class='ocrx_word' id='word_1_503' title='bbox 1223 3870 1358 3912; x_wconf 90' lang='lat' dir='ltr'>cum</span> <span class='ocrx_word' id='word_1_504' title='bbox 1418 3853 1615 3925; x_wconf 91' lang='lat' dir='ltr'>ignitis</span> <span class='ocrx_word' id='word_1_505' title='bbox 1673 3853 1971 3909; x_wconf 87' lang='lat' dir='ltr'>beatorum</span> 
     </span>
    </p>
   </div>
   <div class='ocr_carea' id='block_1_66' title="bbox 256 3941 1973 4019">
    <p class='ocr_par' dir='ltr' id='par_1_66' title="bbox 256 3941 1973 4019">
     <span class='ocr_line' id='line_1_66' title="bbox 256 3941 1973 4019; baseline -0.005 -15"><span class='ocrx_word' id='word_1_506' title='bbox 256 3945 574 4019; x_wconf 89' lang='lat' dir='ltr'>spirituum</span> <span class='ocrx_word' id='word_1_507' title='bbox 603 3945 848 4003; x_wconf 72' lang='lat' dir='ltr'>cmtibus</span> <span class='ocrx_word' id='word_1_508' title='bbox 882 3944 1108 4013; x_wconf 86' lang='lat' dir='ltr'>emicat,</span> <span class='ocrx_word' id='word_1_509' title='bbox 1136 3959 1268 4001; x_wconf 91' lang='lat' dir='ltr'>cum</span> <span class='ocrx_word' id='word_1_510' title='bbox 1313 3942 1579 4000; x_wconf 91' lang='lat' dir='ltr'>trabeatis</span> <span class='ocrx_word' id='word_1_511' title='bbox 1612 3941 1973 3998; x_wconf 87' lang='lat' dir='ltr'>senatoribus</span> 
     </span>
    </p>
   </div>
   <div class='ocr_carea' id='block_1_67' title="bbox 254 4030 1974 4106">
    <p class='ocr_par' dir='ltr' id='par_1_67' title="bbox 254 4030 1974 4106">
     <span class='ocr_line' id='line_1_67' title="bbox 254 4030 1974 4106; baseline -0.003 -14"><span class='ocrx_word' id='word_1_512' title='bbox 254 4035 436 4095; x_wconf 64' lang='lat' dir='ltr'>curia:</span> <span class='ocrx_word' id='word_1_513' title='bbox 477 4034 726 4093; x_wconf 79' lang='lat' dir='ltr'>caelestis</span> <span class='ocrx_word' id='word_1_514' title='bbox 771 4032 1043 4104; x_wconf 90' lang='lat' dir='ltr'>exsultat,</span> <span class='ocrx_word' id='word_1_515' title='bbox 1089 4049 1226 4090; x_wconf 89' lang='lat' dir='ltr'>cum</span> <span class='ocrx_word' id='word_1_516' title='bbox 1283 4030 1626 4106; x_wconf 89' lang='lat' dir='ltr'>patriarchis</span> <span class='ocrx_word' id='word_1_517' title='bbox 1680 4031 1742 4086; x_wconf 90' lang='lat' dir='ltr'>in</span> <span class='ocrx_word' id='word_1_518' title='bbox 1797 4044 1974 4086; x_wconf 89' lang='lat' dir='ltr'>aureo</span> 
     </span>
    </p>
   </div>
   <div class='ocr_carea' id='block_1_68' title="bbox 257 4119 1972 4193">
    <p class='ocr_par' dir='ltr' id='par_1_68' title="bbox 257 4119 1972 4193">
     <span class='ocr_line' id='line_1_68' title="bbox 257 4119 1972 4193; baseline -0.003 -11"><span class='ocrx_word' id='word_1_519' title='bbox 257 4125 590 4183; x_wconf 90' lang='lat' dir='ltr'>sublimiter</span> <span class='ocrx_word' id='word_1_520' title='bbox 617 4123 761 4182; x_wconf 92' lang='lat' dir='ltr'>solio</span> <span class='ocrx_word' id='word_1_521' title='bbox 805 4122 1250 4193; x_wconf 86' lang='lat' dir='ltr'>inthronizatus,</span> <span class='ocrx_word' id='word_1_522' title='bbox 1285 4137 1416 4179; x_wconf 91' lang='lat' dir='ltr'>cum</span> <span class='ocrx_word' id='word_1_523' title='bbox 1450 4119 1779 4192; x_wconf 90' lang='lat' dir='ltr'>purpuratis</span> <span class='ocrx_word' id='word_1_524' title='bbox 1820 4134 1972 4176; x_wconf 88' lang='lat' dir='ltr'>mar-</span> 
     </span>
    </p>
   </div>
   <div class='ocr_carea' id='block_1_69' title="bbox 257 4206 1976 4287">
    <p class='ocr_par' dir='ltr' id='par_1_69' title="bbox 257 4206 1976 4287">
     <span class='ocr_line' id='line_1_69' title="bbox 257 4206 1976 4287; baseline -0.003 -17"><span class='ocrx_word' id='word_1_525' title='bbox 257 4215 488 4287; x_wconf 82' lang='lat' dir='ltr'>tyribus</span> <span class='ocrx_word' id='word_1_526' title='bbox 553 4210 898 4268; x_wconf 90' lang='lat' dir='ltr'>mirabiliter</span> <span class='ocrx_word' id='word_1_527' title='bbox 958 4217 1282 4268; x_wconf 89' lang='lat' dir='ltr'>coronatus.</span> <span class='ocrx_word' id='word_1_528' title='bbox 1341 4210 1486 4267; x_wconf 87' lang='lat' dir='ltr'>Cum</span> <span class='ocrx_word' id='word_1_529' title='bbox 1552 4209 1645 4266; x_wconf 90' lang='lat' dir='ltr'>his</span> <span class='ocrx_word' id='word_1_530' title='bbox 1701 4206 1976 4266; x_wconf 91' lang='lat' dir='ltr'>omnibus</span> 
     </span>
    </p>
   </div>
   <div class='ocr_carea' id='block_1_70' title="bbox 257 4297 1972 4374">
    <p class='ocr_par' dir='ltr' id='par_1_70' title="bbox 257 4297 1972 4374">
     <span class='ocr_line' id='line_1_70' title="bbox 257 4297 1972 4374; baseline -0.003 -14"><span class='ocrx_word' id='word_1_531' title='bbox 257 4303 402 4360; x_wconf 88' lang='lat' dir='ltr'>stola</span> <span class='ocrx_word' id='word_1_532' title='bbox 427 4301 670 4360; x_wconf 91' lang='lat' dir='ltr'>indutus</span> <span class='ocrx_word' id='word_1_533' title='bbox 711 4301 916 4374; x_wconf 76' lang='lat' dir='ltr'>gloriae</span> <span class='ocrx_word' id='word_1_534' title='bbox 954 4299 1323 4357; x_wconf 78' lang='lat' dir='ltr'>ineli‘abiliter</span> <span class='ocrx_word' id='word_1_535' title='bbox 1360 4299 1586 4369; x_wconf 88' lang='lat' dir='ltr'>emicat,</span> <span class='ocrx_word' id='word_1_536' title='bbox 1616 4305 1671 4355; x_wconf 91' lang='lat' dir='ltr'>et</span> <span class='ocrx_word' id='word_1_537' title='bbox 1699 4305 1832 4355; x_wconf 91' lang='lat' dir='ltr'>ante</span> <span class='ocrx_word' id='word_1_538' title='bbox 1862 4297 1972 4354; x_wconf 91' lang='lat' dir='ltr'>im-</span> 
     </span>
    </p>
   </div>
   <div class='ocr_carea' id='block_1_71' title="bbox 258 4385 1971 4465">
    <p class='ocr_par' dir='ltr' id='par_1_71' title="bbox 258 4385 1971 4465">
     <span class='ocr_line' id='line_1_71' title="bbox 258 4385 1971 4465; baseline -0.005 -15"><span class='ocrx_word' id='word_1_539' title='bbox 258 4397 580 4465; x_wconf 90' lang='lat' dir='ltr'>peratorem</span> <span class='ocrx_word' id='word_1_540' title='bbox 604 4406 778 4449; x_wconf 90' lang='lat' dir='ltr'>suum</span> <span class='ocrx_word' id='word_1_541' title='bbox 808 4389 1102 4447; x_wconf 89' lang='lat' dir='ltr'>melodum</span> <span class='ocrx_word' id='word_1_542' title='bbox 1127 4388 1363 4445; x_wconf 90' lang='lat' dir='ltr'>alleluia</span> <span class='ocrx_word' id='word_1_543' title='bbox 1390 4389 1721 4461; x_wconf 90' lang='lat' dir='ltr'>perenniter</span> <span class='ocrx_word' id='word_1_544' title='bbox 1741 4385 1971 4461; x_wconf 91' lang='lat' dir='ltr'>jubilat.</span> 
     </span>
    </p>
   </div>
   <div class='ocr_carea' id='block_1_72' title="bbox 2057 3225 3774 3300">
    <p class='ocr_par' dir='ltr' id='par_1_72' title="bbox 2057 3225 3774 3300">
     <span class='ocr_line' id='line_1_72' title="bbox 2057 3225 3774 3300; baseline -0.001 -12"><span class='ocrx_word' id='word_1_545' title='bbox 2057 3236 2305 3288; x_wconf 75' lang='lat' dir='ltr'>caecatus</span> <span class='ocrx_word' id='word_1_546' title='bbox 2357 3225 2491 3282; x_wconf 88' lang='lat'>161</span> <span class='ocrx_word' id='word_1_547' title='bbox 2546 3244 2648 3300; x_wconf 90' lang='lat' dir='ltr'>per</span> <span class='ocrx_word' id='word_1_548' title='bbox 2696 3225 3059 3283; x_wconf 89' lang='lat' dir='ltr'>iracundiam</span> <span class='ocrx_word' id='word_1_549' title='bbox 3105 3227 3314 3285; x_wconf 89' lang='lat' dir='ltr'>mentis</span> <span class='ocrx_word' id='word_1_550' title='bbox 3366 3227 3570 3286; x_wconf 88' lang='lat' dir='ltr'>oculus</span> <span class='ocrx_word' id='word_1_551' title='bbox 3626 3227 3774 3287; x_wconf 91' lang='lat' dir='ltr'>illud</span> 
     </span>
    </p>
   </div>
   <div class='ocr_carea' id='block_1_73' title="bbox 2060 3314 3774 3391">
    <p class='ocr_par' dir='ltr' id='par_1_73' title="bbox 2060 3314 3774 3391">
     <span class='ocr_line' id='line_1_73' title="bbox 2060 3314 3774 3391; baseline -0.001 -13"><span class='ocrx_word' id='word_1_552' title='bbox 2060 3317 2438 3391; x_wconf 87' lang='lat' dir='ltr'>excogitando</span> <span class='ocrx_word' id='word_1_553' title='bbox 2493 3331 2646 3373; x_wconf 90' lang='lat' dir='ltr'>novo</span> <span class='ocrx_word' id='word_1_554' title='bbox 2702 3314 2983 3388; x_wconf 91' lang='lat' dir='ltr'>supplicio</span> <span class='ocrx_word' id='word_1_555' title='bbox 3067 3316 3360 3387; x_wconf 72' lang='lat' dir='ltr'>praevidet,</span> <span class='ocrx_word' id='word_1_556' title='bbox 3421 3318 3574 3390; x_wconf 87' lang='lat' dir='ltr'>quod</span> <span class='ocrx_word' id='word_1_557' title='bbox 3632 3333 3774 3376; x_wconf 92' lang='lat' dir='ltr'>sano</span> 
     </span>
    </p>
   </div>
   <div class='ocr_carea' id='block_1_74' title="bbox 2059 3404 3772 3479">
    <p class='ocr_par' dir='ltr' id='par_1_74' title="bbox 2059 3404 3772 3479">
     <span class='ocr_line' id='line_1_74' title="bbox 2059 3404 3772 3479; baseline -0.001 -13"><span class='ocrx_word' id='word_1_558' title='bbox 2059 3408 2302 3467; x_wconf 89' lang='lat' dir='ltr'>consilio</span> <span class='ocrx_word' id='word_1_559' title='bbox 2353 3405 2681 3477; x_wconf 91' lang='lat' dir='ltr'>conspicere</span> <span class='ocrx_word' id='word_1_560' title='bbox 2729 3407 2834 3462; x_wconf 84' lang='lat' dir='ltr'>vix</span> <span class='ocrx_word' id='word_1_561' title='bbox 2870 3404 3101 3462; x_wconf 87' lang='lat' dir='ltr'>valeret.</span> <span class='ocrx_word' id='word_1_562' title='bbox 3139 3407 3209 3462; x_wconf 89' lang='lat' dir='ltr'>Et</span> <span class='ocrx_word' id='word_1_563' title='bbox 3247 3422 3447 3464; x_wconf 89' lang='lat' dir='ltr'>revera</span> <span class='ocrx_word' id='word_1_564' title='bbox 3488 3409 3633 3479; x_wconf 92' lang='lat' dir='ltr'>quid</span> <span class='ocrx_word' id='word_1_565' title='bbox 3667 3407 3772 3465; x_wconf 89' lang='lat' dir='ltr'>tibi</span> 
     </span>
    </p>
   </div>
   <div class='ocr_carea' id='block_1_75' title="bbox 2060 3492 3770 3569">
    <p class='ocr_par' dir='ltr' id='par_1_75' title="bbox 2060 3492 3770 3569">
     <span class='ocr_line' id='line_1_75' title="bbox 2060 3492 3770 3569; baseline 0.001 -16"><span class='ocrx_word' id='word_1_566' title='bbox 2060 3495 2283 3569; x_wconf 87' lang='lat' dir='ltr'>reliqua</span> <span class='ocrx_word' id='word_1_567' title='bbox 2330 3492 2592 3550; x_wconf 88' lang='lat' dir='ltr'>membra</span> <span class='ocrx_word' id='word_1_568' title='bbox 2628 3493 2900 3563; x_wconf 89' lang='lat' dir='ltr'>fecerant,</span> <span class='ocrx_word' id='word_1_569' title='bbox 2949 3508 3084 3549; x_wconf 91' lang='lat' dir='ltr'>cum</span> <span class='ocrx_word' id='word_1_570' title='bbox 3129 3492 3407 3566; x_wconf 89' lang='lat' dir='ltr'>laniabas,</span> <span class='ocrx_word' id='word_1_571' title='bbox 3449 3511 3583 3554; x_wconf 91' lang='lat' dir='ltr'>cum</span> <span class='ocrx_word' id='word_1_572' title='bbox 3635 3513 3770 3555; x_wconf 90' lang='lat' dir='ltr'>cru-</span> 
     </span>
    </p>
   </div>
   <div class='ocr_carea' id='block_1_76' title="bbox 2058 3582 3773 3660">
    <p class='ocr_par' dir='ltr' id='par_1_76' title="bbox 2058 3582 3773 3660">
     <span class='ocr_line' id='line_1_76' title="bbox 2058 3582 3773 3660; baseline -0.001 -15"><span class='ocrx_word' id='word_1_573' title='bbox 2058 3586 2273 3655; x_wconf 84' lang='lat' dir='ltr'>ciabas,</span> <span class='ocrx_word' id='word_1_574' title='bbox 2311 3601 2446 3642; x_wconf 92' lang='lat' dir='ltr'>cum</span> <span class='ocrx_word' id='word_1_575' title='bbox 2487 3582 2813 3655; x_wconf 90' lang='lat' dir='ltr'>torquebas,</span> <span class='ocrx_word' id='word_1_576' title='bbox 2845 3599 2980 3642; x_wconf 89' lang='lat' dir='ltr'>cum</span> <span class='ocrx_word' id='word_1_577' title='bbox 3007 3584 3206 3642; x_wconf 90' lang='lat' dir='ltr'>omnia</span> <span class='ocrx_word' id='word_1_578' title='bbox 3240 3584 3573 3644; x_wconf 89' lang='lat' dir='ltr'>immaniter</span> <span class='ocrx_word' id='word_1_579' title='bbox 3618 3588 3773 3660; x_wconf 89' lang='lat' dir='ltr'>lupi-</span> 
     </span>
    </p>
   </div>
   <div class='ocr_carea' id='block_1_77' title="bbox 2060 3671 3773 3746">
    <p class='ocr_par' dir='ltr' id='par_1_77' title="bbox 2060 3671 3773 3746">
     <span class='ocr_line' id='line_1_77' title="bbox 2060 3671 3773 3746; baseline 0.001 -11"><span class='ocrx_word' id='word_1_580' title='bbox 2060 3677 2153 3736; x_wconf 91' lang='lat' dir='ltr'>nis</span> <span class='ocrx_word' id='word_1_581' title='bbox 2199 3674 2489 3734; x_wconf 88' lang='lat' dir='ltr'>morsibus</span> <span class='ocrx_word' id='word_1_582' title='bbox 2529 3671 2918 3745; x_wconf 82' lang='lat' dir='ltr'>depasccbas?</span> <span class='ocrx_word' id='word_1_583' title='bbox 2959 3674 3067 3731; x_wconf 85' lang='lat' dir='ltr'>Ore</span> <span class='ocrx_word' id='word_1_584' title='bbox 3106 3679 3157 3730; x_wconf 91' lang='lat' dir='ltr'>te</span> <span class='ocrx_word' id='word_1_585' title='bbox 3198 3674 3533 3746; x_wconf 80' lang='lat' dir='ltr'>offenderat,</span> <span class='ocrx_word' id='word_1_586' title='bbox 3573 3693 3670 3735; x_wconf 92' lang='lat' dir='ltr'>ore</span> <span class='ocrx_word' id='word_1_587' title='bbox 3721 3685 3773 3738; x_wconf 90' lang='lat' dir='ltr'>te</span> 
     </span>
    </p>
   </div>
   <div class='ocr_carea' id='block_1_78' title="bbox 2059 3759 3774 3838">
    <p class='ocr_par' dir='ltr' id='par_1_78' title="bbox 2059 3759 3774 3838">
     <span class='ocr_line' id='line_1_78' title="bbox 2059 3759 3774 3838; baseline -0.002 -16"><span class='ocrx_word' id='word_1_588' title='bbox 2059 3765 2484 3838; x_wconf 88' lang='lat' dir='ltr'>objurgaverat,</span> <span class='ocrx_word' id='word_1_589' title='bbox 2540 3776 2637 3816; x_wconf 91' lang='lat' dir='ltr'>ore</span> <span class='ocrx_word' id='word_1_590' title='bbox 2691 3759 2896 3817; x_wconf 91' lang='lat' dir='ltr'>frontis</span> <span class='ocrx_word' id='word_1_591' title='bbox 2946 3767 3057 3817; x_wconf 80' lang='lat' dir='ltr'>tuae</span> <span class='ocrx_word' id='word_1_592' title='bbox 3112 3760 3589 3827; x_wconf 84' lang='lat' dir='ltr'>inverecundiam</span> <span class='ocrx_word' id='word_1_593' title='bbox 3641 3780 3774 3827; x_wconf 54' lang='lat' dir='ltr'>con,</span> 
     </span>
    </p>
   </div>
   <div class='ocr_carea' id='block_1_79' title="bbox 2061 3847 3554 3914">
    <p class='ocr_par' dir='ltr' id='par_1_79' title="bbox 2061 3847 3554 3914">
     <span class='ocr_line' id='line_1_79' title="bbox 2061 3847 3554 3914; baseline -0.005 -1"><span class='ocrx_word' id='word_1_594' title='bbox 2061 3855 2301 3914; x_wconf 90' lang='lat' dir='ltr'>futabat.</span> <span class='ocrx_word' id='word_1_595' title='bbox 2335 3852 2495 3909; x_wconf 87' lang='lat' dir='ltr'>Muta</span> <span class='ocrx_word' id='word_1_596' title='bbox 2522 3848 2782 3907; x_wconf 89' lang='lat' dir='ltr'>membra</span> <span class='ocrx_word' id='word_1_597' title='bbox 2817 3848 2898 3907; x_wconf 92' lang='lat' dir='ltr'>nil</span> <span class='ocrx_word' id='word_1_598' title='bbox 2925 3849 3196 3908; x_wconf 87' lang='lat' dir='ltr'>fecerant.</span> <span class='ocrx_word' id='word_1_599' title='bbox 3551 3847 3554 3850; x_wconf 78' lang='grc'><strong>’</strong></span> 
     </span>
    </p>
   </div>
   <div class='ocr_carea' id='block_1_80' title="bbox 2131 3937 3771 4016">
    <p class='ocr_par' dir='ltr' id='par_1_80' title="bbox 2131 3937 3771 4016">
     <span class='ocr_line' id='line_1_80' title="bbox 2131 3937 3771 4016; baseline -0.001 -15"><span class='ocrx_word' id='word_1_600' title='bbox 2131 3943 2246 4002; x_wconf 85' lang='lat' dir='ltr'>Cur</span> <span class='ocrx_word' id='word_1_601' title='bbox 2271 3958 2425 4014; x_wconf 88' lang='lat' dir='ltr'>ergo,</span> <span class='ocrx_word' id='word_1_602' title='bbox 2455 3939 2610 4012; x_wconf 92' lang='lat' dir='ltr'>quod</span> <span class='ocrx_word' id='word_1_603' title='bbox 2637 3954 2755 3996; x_wconf 90' lang='lat' dir='ltr'>non</span> <span class='ocrx_word' id='word_1_604' title='bbox 2784 3937 3017 3996; x_wconf 89' lang='lat' dir='ltr'>admisit</span> <span class='ocrx_word' id='word_1_605' title='bbox 3064 3938 3316 4011; x_wconf 91' lang='lat' dir='ltr'>culpam,</span> <span class='ocrx_word' id='word_1_606' title='bbox 3361 3940 3608 4000; x_wconf 90' lang='lat' dir='ltr'>sustinet</span> <span class='ocrx_word' id='word_1_607' title='bbox 3651 3959 3771 4016; x_wconf 77' lang='lat' dir='ltr'>pm-</span> 
     </span>
    </p>
   </div>
   <div class='ocr_carea' id='block_1_81' title="bbox 2059 4026 3774 4099">
    <p class='ocr_par' dir='ltr' id='par_1_81' title="bbox 2059 4026 3774 4099">
     <span class='ocr_line' id='line_1_81' title="bbox 2059 4026 3774 4099; baseline 0 -9"><span class='ocrx_word' id='word_1_608' title='bbox 2059 4030 2240 4090; x_wconf 83' lang='lat' dir='ltr'>nam?</span> <span class='ocrx_word' id='word_1_609' title='bbox 2273 4030 2434 4099; x_wconf 87' lang='lat' dir='ltr'>Quod</span> <span class='ocrx_word' id='word_1_610' title='bbox 2473 4044 2586 4086; x_wconf 89' lang='lat' dir='ltr'>non</span> <span class='ocrx_word' id='word_1_611' title='bbox 2624 4026 2792 4094; x_wconf 70' lang='lat' dir='ltr'>laesit,</span> <span class='ocrx_word' id='word_1_612' title='bbox 2823 4041 2927 4083; x_wconf 88' lang='lat' dir='ltr'>cur</span> <span class='ocrx_word' id='word_1_613' title='bbox 2967 4026 3238 4086; x_wconf 69' lang='lat' dir='ltr'>lzeditur‘?</span> <span class='ocrx_word' id='word_1_614' title='bbox 3263 4028 3426 4098; x_wconf 88' lang='lat' dir='ltr'>Quod</span> <span class='ocrx_word' id='word_1_615' title='bbox 3467 4047 3584 4090; x_wconf 92' lang='lat' dir='ltr'>non</span> <span class='ocrx_word' id='word_1_616' title='bbox 3627 4031 3774 4090; x_wconf 87' lang='lat' dir='ltr'>deli-</span> 
     </span>
    </p>
   </div>
   <div class='ocr_carea' id='block_1_82' title="bbox 2059 4113 3776 4194">
    <p class='ocr_par' dir='ltr' id='par_1_82' title="bbox 2059 4113 3776 4194">
     <span class='ocr_line' id='line_1_82' title="bbox 2059 4113 3776 4194; baseline 0 -16"><span class='ocrx_word' id='word_1_617' title='bbox 2059 4120 2206 4194; x_wconf 91' lang='lat' dir='ltr'>quit,</span> <span class='ocrx_word' id='word_1_618' title='bbox 2246 4135 2350 4176; x_wconf 92' lang='lat' dir='ltr'>cur</span> <span class='ocrx_word' id='word_1_619' title='bbox 2395 4114 2777 4174; x_wconf 86' lang='lat' dir='ltr'>vindicatur?</span> <span class='ocrx_word' id='word_1_620' title='bbox 2805 4113 2866 4172; x_wconf 91' lang='lat' dir='ltr'>Si</span> <span class='ocrx_word' id='word_1_621' title='bbox 2895 4115 2980 4172; x_wconf 89' lang='lat' dir='ltr'>vis</span> <span class='ocrx_word' id='word_1_622' title='bbox 3014 4131 3148 4188; x_wconf 88' lang='lat' dir='ltr'>ergo</span> <span class='ocrx_word' id='word_1_623' title='bbox 3187 4117 3249 4174; x_wconf 94' lang='lat' dir='ltr'>in</span> <span class='ocrx_word' id='word_1_624' title='bbox 3294 4134 3459 4177; x_wconf 89' lang='lat' dir='ltr'>reum</span> <span class='ocrx_word' id='word_1_625' title='bbox 3500 4119 3776 4178; x_wconf 60' lang='lat' dir='ltr'>districta:</span> 
     </span>
    </p>
   </div>
   <div class='ocr_carea' id='block_1_83' title="bbox 2060 4203 3776 4278">
    <p class='ocr_par' dir='ltr' id='par_1_83' title="bbox 2060 4203 3776 4278">
     <span class='ocr_line' id='line_1_83' title="bbox 2060 4203 3776 4278; baseline -0.001 -10"><span class='ocrx_word' id='word_1_626' title='bbox 2060 4208 2362 4268; x_wconf 65' lang='lat' dir='ltr'>sententia:</span> <span class='ocrx_word' id='word_1_627' title='bbox 2394 4211 2560 4263; x_wconf 92' lang='lat' dir='ltr'>tuum</span> <span class='ocrx_word' id='word_1_628' title='bbox 2593 4205 2846 4278; x_wconf 88' lang='lat' dir='ltr'>proferre</span> <span class='ocrx_word' id='word_1_629' title='bbox 2877 4203 3155 4277; x_wconf 90' lang='lat' dir='ltr'>vigorem,</span> <span class='ocrx_word' id='word_1_630' title='bbox 3186 4206 3436 4265; x_wconf 85' lang='lat' dir='ltr'>verbum</span> <span class='ocrx_word' id='word_1_631' title='bbox 3471 4209 3776 4266; x_wconf 82' lang='lat' dir='ltr'>examine-</span> 
     </span>
    </p>
   </div>
   <div class='ocr_carea' id='block_1_84' title="bbox 2061 4295 3775 4372">
    <p class='ocr_par' dir='ltr' id='par_1_84' title="bbox 2061 4295 3775 4372">
     <span class='ocr_line' id='line_1_84' title="bbox 2061 4295 3775 4372; baseline -0.002 -13"><span class='ocrx_word' id='word_1_632' title='bbox 2061 4308 2176 4372; x_wconf 90' lang='lat' dir='ltr'>tur,</span> <span class='ocrx_word' id='word_1_633' title='bbox 2208 4299 2450 4358; x_wconf 90' lang='lat' dir='ltr'>verbum</span> <span class='ocrx_word' id='word_1_634' title='bbox 2487 4297 2799 4371; x_wconf 88' lang='lat' dir='ltr'>judicetur,</span> <span class='ocrx_word' id='word_1_635' title='bbox 2844 4295 3085 4353; x_wconf 89' lang='lat' dir='ltr'>verbum</span> <span class='ocrx_word' id='word_1_636' title='bbox 3127 4297 3466 4356; x_wconf 84' lang='lat' dir='ltr'>verberibus</span> <span class='ocrx_word' id='word_1_637' title='bbox 3505 4304 3775 4372; x_wconf 88' lang='lat' dir='ltr'>torquea-</span> 
     </span>
    </p>
   </div>
   <div class='ocr_carea' id='block_1_85' title="bbox 2062 4383 3776 4461">
    <p class='ocr_par' dir='ltr' id='par_1_85' title="bbox 2062 4383 3776 4461">
     <span class='ocr_line' id='line_1_85' title="bbox 2062 4383 3776 4461; baseline -0.003 -12"><span class='ocrx_word' id='word_1_638' title='bbox 2062 4397 2175 4449; x_wconf 88' lang='lat' dir='ltr'>tur.</span> <span class='ocrx_word' id='word_1_639' title='bbox 2208 4388 2276 4445; x_wconf 88' lang='lat' dir='ltr'>Et</span> <span class='ocrx_word' id='word_1_640' title='bbox 2305 4387 2445 4461; x_wconf 92' lang='lat' dir='ltr'>quid</span> <span class='ocrx_word' id='word_1_641' title='bbox 2473 4385 2605 4458; x_wconf 91' lang='lat' dir='ltr'>plus</span> <span class='ocrx_word' id='word_1_642' title='bbox 2634 4385 2867 4442; x_wconf 88' lang='lat' dir='ltr'>dicam?</span> <span class='ocrx_word' id='word_1_643' title='bbox 2895 4383 3109 4442; x_wconf 87' lang='lat' dir='ltr'>Anima</span> <span class='ocrx_word' id='word_1_644' title='bbox 3142 4383 3385 4458; x_wconf 63' lang='lat' dir='ltr'>linguai,</span> <span class='ocrx_word' id='word_1_645' title='bbox 3417 4402 3550 4460; x_wconf 62' lang='lat' dir='ltr'>qua</span> <span class='ocrx_word' id='word_1_646' title='bbox 3577 4403 3776 4460; x_wconf 85' lang='lat' dir='ltr'>pecca-</span> 
     </span>
    </p>
   </div>
   <div class='ocr_carea' id='block_1_86' title="bbox 259 4472 3778 4556">
    <p class='ocr_par' dir='ltr' id='par_1_86' title="bbox 259 4472 3778 4556">
     <span class='ocr_line' id='line_1_86' title="bbox 259 4472 3778 4556; baseline -0.003 -15"><span class='ocrx_word' id='word_1_647' title='bbox 259 4481 384 4552; x_wconf 87' lang='lat' dir='ltr'>Quo</span> <span class='ocrx_word' id='word_1_648' title='bbox 415 4489 467 4540; x_wconf 92' lang='lat' dir='ltr'>te</span> <span class='ocrx_word' id='word_1_649' title='bbox 503 4497 826 4556; x_wconf 87' lang='lat' dir='ltr'>precamur,</span> <span class='ocrx_word' id='word_1_650' title='bbox 871 4485 1092 4552; x_wconf 83' lang='lat' dir='ltr'>martyr</span> <span class='ocrx_word' id='word_1_651' title='bbox 1137 4478 1488 4547; x_wconf 89' lang='lat' dir='ltr'>beatissime,</span> <span class='ocrx_word' id='word_1_652' title='bbox 1520 4484 1584 4535; x_wconf 91' lang='lat' dir='ltr'>ut</span> <span class='ocrx_word' id='word_1_653' title='bbox 1623 4494 1728 4536; x_wconf 89' lang='lat' dir='ltr'>nos</span> <span class='ocrx_word' id='word_1_654' title='bbox 1767 4479 2226 4556; x_wconf 59' lang='lat' dir='ltr'>manusnverit,</span> <span class='ocrx_word' id='word_1_655' title='bbox 2260 4477 2382 4550; x_wconf 90' lang='lat' dir='ltr'>ipsa</span> <span class='ocrx_word' id='word_1_656' title='bbox 2436 4474 2734 4532; x_wconf 90' lang='lat' dir='ltr'>moriatur.</span> <span class='ocrx_word' id='word_1_657' title='bbox 2770 4472 2883 4531; x_wconf 93' lang='lat' dir='ltr'>Sed</span> <span class='ocrx_word' id='word_1_658' title='bbox 2939 4472 3080 4546; x_wconf 91' lang='lat' dir='ltr'>quid</span> <span class='ocrx_word' id='word_1_659' title='bbox 3135 4473 3382 4545; x_wconf 91' lang='lat' dir='ltr'>prodest,</span> <span class='ocrx_word' id='word_1_660' title='bbox 3414 4476 3461 4532; x_wconf 90' lang='lat' dir='ltr'>si</span> <span class='ocrx_word' id='word_1_661' title='bbox 3520 4474 3583 4531; x_wconf 92' lang='lat' dir='ltr'>in</span> <span class='ocrx_word' id='word_1_662' title='bbox 3639 4490 3778 4532; x_wconf 91' lang='lat' dir='ltr'>eum</span> 
     </span>
    </p>
   </div>
   <div class='ocr_carea' id='block_1_87' title="bbox 260 4535 3781 4644">
    <p class='ocr_par' dir='ltr' id='par_1_87' title="bbox 260 4535 3781 4644">
     <span class='ocr_line' id='line_1_87' title="bbox 260 4535 3781 4644; baseline -0.004 -13"><span class='ocrx_word' id='word_1_663' title='bbox 260 4579 377 4632; x_wconf 59' lang='lat' dir='ltr'>tua;</span> <span class='ocrx_word' id='word_1_664' title='bbox 427 4535 702 4632; x_wconf 68' lang='lat' dir='ltr'>orationis</span> <span class='ocrx_word' id='word_1_665' title='bbox 749 4571 947 4644; x_wconf 90' lang='lat' dir='ltr'>erigat,</span> <span class='ocrx_word' id='word_1_666' title='bbox 981 4585 1128 4643; x_wconf 92' lang='lat' dir='ltr'>quos</span> <span class='ocrx_word' id='word_1_667' title='bbox 1171 4577 1362 4627; x_wconf 89' lang='lat' dir='ltr'>reatus</span> <span class='ocrx_word' id='word_1_668' title='bbox 1396 4569 1578 4627; x_wconf 90' lang='lat' dir='ltr'>nostri</span> <span class='ocrx_word' id='word_1_669' title='bbox 1617 4568 1842 4641; x_wconf 90' lang='lat' dir='ltr'>pondus</span> <span class='ocrx_word' id='word_1_670' title='bbox 1883 4535 2330 4626; x_wconf 83' lang='lat' dir='ltr'>in—Dexerceas</span> <span class='ocrx_word' id='word_1_671' title='bbox 2379 4563 2716 4630; x_wconf 91' lang='lat' dir='ltr'>vindictam,</span> <span class='ocrx_word' id='word_1_672' title='bbox 2745 4562 2806 4619; x_wconf 92' lang='lat' dir='ltr'>in</span> <span class='ocrx_word' id='word_1_673' title='bbox 2857 4577 2972 4635; x_wconf 89' lang='lat' dir='ltr'>quo</span> <span class='ocrx_word' id='word_1_674' title='bbox 3013 4561 3284 4620; x_wconf 75' lang='lat' dir='ltr'>vindictae</span> <span class='ocrx_word' id='word_1_675' title='bbox 3332 4577 3584 4635; x_wconf 90' lang='lat' dir='ltr'>nequeas</span> <span class='ocrx_word' id='word_1_676' title='bbox 3628 4577 3781 4620; x_wconf 84' lang='lat' dir='ltr'>com-</span> 
     </span>
    </p>
   </div>
   <div class='ocr_carea' id='block_1_88' title="bbox 261 4651 3775 4735">
    <p class='ocr_par' dir='ltr' id='par_1_88' title="bbox 261 4651 3775 4735">
     <span class='ocr_line' id='line_1_88' title="bbox 261 4651 3775 4735; baseline -0.004 -16"><span class='ocrx_word' id='word_1_677' title='bbox 261 4661 448 4720; x_wconf 70' lang='lat' dir='ltr'>terius</span> <span class='ocrx_word' id='word_1_678' title='bbox 486 4668 722 4735; x_wconf 86' lang='lat' dir='ltr'>gravat;</span> <span class='ocrx_word' id='word_1_679' title='bbox 751 4665 1040 4734; x_wconf 86' lang='lat' dir='ltr'>quatenus</span> <span class='ocrx_word' id='word_1_680' title='bbox 1065 4657 1168 4731; x_wconf 92' lang='lat' dir='ltr'>qui</span> <span class='ocrx_word' id='word_1_681' title='bbox 1215 4657 1305 4714; x_wconf 91' lang='lat' dir='ltr'>hic</span> <span class='ocrx_word' id='word_1_682' title='bbox 1344 4665 1459 4715; x_wconf 66' lang='lat' dir='ltr'>tua)</span> <span class='ocrx_word' id='word_1_683' title='bbox 1491 4656 1723 4716; x_wconf 89' lang='lat' dir='ltr'>virtutis</span> <span class='ocrx_word' id='word_1_684' title='bbox 1761 4669 1980 4728; x_wconf 70' lang='lat' dir='ltr'>prmco-</span> <span class='ocrx_word' id='word_1_685' title='bbox 2061 4671 2290 4731; x_wconf 90' lang='lat' dir='ltr'>pescere</span> <span class='ocrx_word' id='word_1_686' title='bbox 2335 4656 2619 4713; x_wconf 87' lang='lat' dir='ltr'>causam?</span> <span class='ocrx_word' id='word_1_687' title='bbox 2654 4651 2715 4709; x_wconf 93' lang='lat' dir='ltr'>Si</span> <span class='ocrx_word' id='word_1_688' title='bbox 2760 4651 2918 4708; x_wconf 91' lang='lat' dir='ltr'>enim</span> <span class='ocrx_word' id='word_1_689' title='bbox 2966 4651 3336 4708; x_wconf 90' lang='lat' dir='ltr'>contunderis</span> <span class='ocrx_word' id='word_1_690' title='bbox 3364 4666 3427 4708; x_wconf 92' lang='lat' dir='ltr'>os</span> <span class='ocrx_word' id='word_1_691' title='bbox 3476 4664 3775 4721; x_wconf 89' lang='lat' dir='ltr'>carneum,</span> 
     </span>
    </p>
   </div>
   <div class='ocr_carea' id='block_1_89' title="bbox 263 4735 3779 4823">
    <p class='ocr_par' dir='ltr' id='par_1_89' title="bbox 263 4735 3779 4823">
     <span class='ocr_line' id='line_1_89' title="bbox 263 4735 3779 4823; baseline -0.004 -16"><span class='ocrx_word' id='word_1_692' title='bbox 263 4751 364 4808; x_wconf 89' lang='lat' dir='ltr'>nia</span> <span class='ocrx_word' id='word_1_693' title='bbox 405 4752 617 4808; x_wconf 83' lang='lat' dir='ltr'>referre</span> <span class='ocrx_word' id='word_1_694' title='bbox 659 4750 1002 4823; x_wconf 88' lang='lat' dir='ltr'>gaudemus,</span> <span class='ocrx_word' id='word_1_695' title='bbox 1025 4748 1146 4806; x_wconf 91' lang='lat' dir='ltr'>illic</span> <span class='ocrx_word' id='word_1_696' title='bbox 1191 4757 1308 4806; x_wconf 62' lang='lat' dir='ltr'>tua:</span> <span class='ocrx_word' id='word_1_697' title='bbox 1357 4747 1730 4806; x_wconf 90' lang='lat' dir='ltr'>beatitudinis</span> <span class='ocrx_word' id='word_1_698' title='bbox 1762 4752 1980 4820; x_wconf 90' lang='lat' dir='ltr'>partem</span> <span class='ocrx_word' id='word_1_699' title='bbox 2064 4751 2148 4802; x_wconf 90' lang='lat' dir='ltr'>est</span> <span class='ocrx_word' id='word_1_700' title='bbox 2197 4742 2298 4816; x_wconf 91' lang='lat' dir='ltr'>qui</span> <span class='ocrx_word' id='word_1_701' title='bbox 2340 4739 2585 4797; x_wconf 92' lang='lat' dir='ltr'>interius</span> <span class='ocrx_word' id='word_1_702' title='bbox 2626 4737 2863 4795; x_wconf 89' lang='lat' dir='ltr'>fabricet</span> <span class='ocrx_word' id='word_1_703' title='bbox 2907 4737 3087 4805; x_wconf 85' lang='lat' dir='ltr'>aliud,</span> <span class='ocrx_word' id='word_1_704' title='bbox 3116 4737 3272 4810; x_wconf 90' lang='lat' dir='ltr'>quod</span> <span class='ocrx_word' id='word_1_705' title='bbox 3321 4735 3555 4809; x_wconf 90' lang='lat' dir='ltr'>quidem</span> <span class='ocrx_word' id='word_1_706' title='bbox 3595 4737 3779 4809; x_wconf 90' lang='lat' dir='ltr'>possis</span> 
     </span>
    </p>
   </div>
   <div class='ocr_carea' id='block_1_90' title="bbox 265 4823 3780 4913">
    <p class='ocr_par' dir='ltr' id='par_1_90' title="bbox 265 4823 3780 4913">
     <span class='ocr_line' id='line_1_90' title="bbox 265 4823 3780 4913; baseline -0.005 -17"><span class='ocrx_word' id='word_1_707' title='bbox 265 4839 525 4913; x_wconf 88' lang='lat' dir='ltr'>aliquam</span> <span class='ocrx_word' id='word_1_708' title='bbox 581 4839 919 4896; x_wconf 89' lang='lat' dir='ltr'>sentiamus.</span> <span class='ocrx_word' id='word_1_709' title='bbox 950 4837 1058 4895; x_wconf 88' lang='lat' dir='ltr'>Per</span> <span class='ocrx_word' id='word_1_710' title='bbox 1103 4837 1416 4895; x_wconf 90' lang='lat' dir='ltr'>Dominum</span> <span class='ocrx_word' id='word_1_711' title='bbox 1463 4843 1727 4894; x_wconf 88' lang='lat' dir='ltr'>nostrum</span> <span class='ocrx_word' id='word_1_712' title='bbox 1781 4835 1982 4893; x_wconf 85' lang='lat' dir='ltr'>Jesum</span> <span class='ocrx_word' id='word_1_713' title='bbox 2066 4831 2288 4900; x_wconf 91' lang='lat' dir='ltr'>audire,</span> <span class='ocrx_word' id='word_1_714' title='bbox 2325 4827 2424 4886; x_wconf 91' lang='lat' dir='ltr'>sed</span> <span class='ocrx_word' id='word_1_715' title='bbox 2447 4827 2607 4885; x_wconf 90' lang='lat' dir='ltr'>nulla</span> <span class='ocrx_word' id='word_1_716' title='bbox 2633 4825 2826 4884; x_wconf 86' lang='lat' dir='ltr'>valeas</span> <span class='ocrx_word' id='word_1_717' title='bbox 2854 4823 3360 4913; x_wconf 88' lang='lat' dir='ltr'>animadversione</span> <span class='ocrx_word' id='word_1_718' title='bbox 3394 4824 3644 4895; x_wconf 90' lang='lat' dir='ltr'>punire;</span> <span class='ocrx_word' id='word_1_719' title='bbox 3679 4823 3780 4881; x_wconf 90' lang='lat' dir='ltr'>ille</span> 
     </span>
    </p>
   </div>
   <div class='ocr_carea' id='block_1_91' title="bbox 268 4912 3780 4999">
    <p class='ocr_par' dir='ltr' id='par_1_91' title="bbox 268 4912 3780 4999">
     <span class='ocr_line' id='line_1_91' title="bbox 268 4912 3780 4999; baseline -0.004 -15"><span class='ocrx_word' id='word_1_720' title='bbox 268 4912 585 4996; x_wconf 80' lang='lat' dir='ltr'>Christum,</span> <span class='ocrx_word' id='word_1_721' title='bbox 629 4926 731 4999; x_wconf 90' lang='lat' dir='ltr'>qui</span> <span class='ocrx_word' id='word_1_722' title='bbox 769 4941 903 4984; x_wconf 91' lang='lat' dir='ltr'>cum</span> <span class='ocrx_word' id='word_1_723' title='bbox 941 4924 1106 4982; x_wconf 90' lang='lat' dir='ltr'>Patre</span> <span class='ocrx_word' id='word_1_724' title='bbox 1149 4931 1206 4980; x_wconf 89' lang='lat' dir='ltr'>et</span> <span class='ocrx_word' id='word_1_725' title='bbox 1245 4924 1463 4998; x_wconf 91' lang='lat' dir='ltr'>Spiritu</span> <span class='ocrx_word' id='word_1_726' title='bbox 1505 4930 1700 4982; x_wconf 90' lang='lat' dir='ltr'>sancto</span> <span class='ocrx_word' id='word_1_727' title='bbox 1736 4922 1882 4981; x_wconf 91' lang='lat' dir='ltr'>vivit</span> <span class='ocrx_word' id='word_1_728' title='bbox 1929 4929 1984 4980; x_wconf 91' lang='lat' dir='ltr'>et</span> <span class='ocrx_word' id='word_1_729' title='bbox 2066 4921 2354 4989; x_wconf 87' lang='lat' dir='ltr'>videlicet,</span> <span class='ocrx_word' id='word_1_730' title='bbox 2385 4919 2486 4992; x_wconf 89' lang='lat' dir='ltr'>qui</span> <span class='ocrx_word' id='word_1_731' title='bbox 2518 4917 2819 4990; x_wconf 88' lang='lat' dir='ltr'>discipulis</span> <span class='ocrx_word' id='word_1_732' title='bbox 2853 4915 2977 4973; x_wconf 90' lang='lat' dir='ltr'>suis</span> <span class='ocrx_word' id='word_1_733' title='bbox 2992 4913 3172 4971; x_wconf 87' lang='lat' dir='ltr'>dicit:</span> <span class='ocrx_word' id='word_1_734' title='bbox 3211 4933 3238 4966; x_wconf 90' lang='lat'><strong>«</strong></span> <span class='ocrx_word' id='word_1_735' title='bbox 3272 4912 3392 4986; x_wconf 87' lang='lat' dir='ltr'>Ego</span> <span class='ocrx_word' id='word_1_736' title='bbox 3430 4913 3576 4971; x_wconf 90' lang='lat' dir='ltr'>dabo</span> <span class='ocrx_word' id='word_1_737' title='bbox 3614 4913 3780 4972; x_wconf 90' lang='lat' dir='ltr'>vobis</span> 
     </span>
    </p>
   </div>
   <div class='ocr_carea' id='block_1_92' title="bbox 269 5012 1705 5088">
    <p class='ocr_par' dir='ltr' id='par_1_92' title="bbox 269 5012 1705 5088">
     <span class='ocr_line' id='line_1_92' title="bbox 269 5012 1705 5088; baseline -0.001 -16"><span class='ocrx_word' id='word_1_738' title='bbox 269 5020 471 5087; x_wconf 88' lang='lat' dir='ltr'>regnat</span> <span class='ocrx_word' id='word_1_739' title='bbox 502 5031 600 5088; x_wconf 93' lang='lat' dir='ltr'>per</span> <span class='ocrx_word' id='word_1_740' title='bbox 624 5015 822 5073; x_wconf 90' lang='lat' dir='ltr'>omnia</span> <span class='ocrx_word' id='word_1_741' title='bbox 848 5013 1064 5073; x_wconf 66' lang='lat' dir='ltr'>saecula</span> <span class='ocrx_word' id='word_1_742' title='bbox 1099 5012 1466 5072; x_wconf 60' lang='lat' dir='ltr'>saeculorum.</span> <span class='ocrx_word' id='word_1_743' title='bbox 1496 5017 1705 5072; x_wconf 81' lang='lat' dir='ltr'>Amen.</span> 
     </span>
    </p>
   </div>
   <div class='ocr_carea' id='block_1_93' title="bbox 868 5119 1384 5179">
    <p class='ocr_par' dir='ltr' id='par_1_93' title="bbox 868 5119 1384 5179">
     <span class='ocr_line' id='line_1_93' title="bbox 868 5119 1384 5179; baseline -0.002 -1"><span class='ocrx_word' id='word_1_744' title='bbox 868 5120 1116 5179; x_wconf 81' lang='lat' dir='ltr'>SEBMO</span> <span class='ocrx_word' id='word_1_745' title='bbox 1147 5119 1384 5177; x_wconf 82' lang='lat' dir='ltr'>XXXII.</span> 
     </span>
    </p>
   </div>
   <div class='ocr_carea' id='block_1_94' title="bbox 346 5221 1913 5270">
    <p class='ocr_par' dir='ltr' id='par_1_94' title="bbox 346 5221 1913 5270">
     <span class='ocr_line' id='line_1_94' title="bbox 346 5221 1913 5270; baseline -0.001 0"><span class='ocrx_word' id='word_1_746' title='bbox 346 5223 429 5270; x_wconf 85' lang='lat' dir='ltr'>III.</span> <span class='ocrx_word' id='word_1_747' title='bbox 466 5222 539 5268; x_wconf 86' lang='lat' dir='ltr'><strong>DE</strong></span> <span class='ocrx_word' id='word_1_748' title='bbox 572 5222 794 5270; x_wconf 80' lang='lat' dir='ltr'>SANCTO</span> <span class='ocrx_word' id='word_1_749' title='bbox 842 5221 1208 5268; x_wconf 77' lang='lat' dir='ltr'>APOLLINARE</span> <span class='ocrx_word' id='word_1_750' title='bbox 1246 5221 1514 5267; x_wconf 84' lang='lat' dir='ltr'>EPISCOPO</span> <span class='ocrx_word' id='word_1_751' title='bbox 1548 5222 1913 5268; x_wconf 77' lang='lat' dir='ltr'>BAVENNATE</span> 
     </span>
    </p>
   </div>
   <div class='ocr_carea' id='block_1_95' title="bbox 737 5282 1520 5352">
    <p class='ocr_par' dir='ltr' id='par_1_95' title="bbox 737 5282 1520 5352">
     <span class='ocr_line' id='line_1_95' title="bbox 737 5282 1520 5352; baseline -0.001 -12"><span class='ocrx_word' id='word_1_752' title='bbox 737 5295 808 5340; x_wconf 85' lang='lat' dir='ltr'>ET</span> <span class='ocrx_word' id='word_1_753' title='bbox 838 5294 1140 5343; x_wconf 68' lang='lat' dir='ltr'>manus.</span> <span class='ocrx_word' id='word_1_754' title='bbox 1173 5283 1347 5352; x_wconf 82' lang='lat' dir='ltr'>(XXIII</span> <span class='ocrx_word' id='word_1_755' title='bbox 1375 5282 1520 5349; x_wconf 81' lang='lat' dir='ltr'><strong>JUL.)</strong></span> 
     </span>
    </p>
   </div>
   <div class='ocr_carea' id='block_1_96' title="bbox 347 5369 1984 5444">
    <p class='ocr_par' dir='ltr' id='par_1_96' title="bbox 347 5369 1984 5444">
     <span class='ocr_line' id='line_1_96' title="bbox 347 5369 1984 5444; baseline -0.001 -15"><span class='ocrx_word' id='word_1_756' title='bbox 347 5369 704 5430; x_wconf 83' lang='lat' dir='ltr'>Audivimus</span> <span class='ocrx_word' id='word_1_757' title='bbox 739 5369 928 5442; x_wconf 89' lang='lat' dir='ltr'>hodie,</span> <span class='ocrx_word' id='word_1_758' title='bbox 972 5369 1177 5427; x_wconf 89' lang='lat' dir='ltr'>fratres</span> <span class='ocrx_word' id='word_1_759' title='bbox 1225 5369 1573 5440; x_wconf 89' lang='lat' dir='ltr'>charissimi,</span> <span class='ocrx_word' id='word_1_760' title='bbox 1625 5369 1984 5444; x_wconf 91' lang='lat' dir='ltr'>insuperabi-</span> 
     </span>
    </p>
   </div>
   <div class='ocr_carea' id='block_1_97' title="bbox 274 5457 2074 5528">
    <p class='ocr_par' dir='ltr' id='par_1_97' title="bbox 274 5457 2074 5528">
     <span class='ocr_line' id='line_1_97' title="bbox 274 5457 2074 5528; baseline 0.002 -12"><span class='ocrx_word' id='word_1_761' title='bbox 274 5457 390 5518; x_wconf 89' lang='lat' dir='ltr'>lem</span> <span class='ocrx_word' id='word_1_762' title='bbox 439 5457 652 5516; x_wconf 82' lang='lat' dir='ltr'>Christi</span> <span class='ocrx_word' id='word_1_763' title='bbox 694 5458 896 5516; x_wconf 85' lang='lat' dir='ltr'>militis</span> <span class='ocrx_word' id='word_1_764' title='bbox 928 5457 1361 5528; x_wconf 84' lang='lat' dir='ltr'>fortitudinem,</span> <span class='ocrx_word' id='word_1_765' title='bbox 1403 5458 1740 5517; x_wconf 88' lang='lat' dir='ltr'>audivimus</span> <span class='ocrx_word' id='word_1_766' title='bbox 1779 5460 1984 5517; x_wconf 85' lang='lat' dir='ltr'>trium-</span> <span class='ocrx_word' id='word_1_767' title='bbox 2071 5517 2074 5520; x_wconf 83' lang='lat'>.</span> 
     </span>
    </p>
   </div>
   <div class='ocr_carea' id='block_1_98' title="bbox 271 5547 1987 5624">
    <p class='ocr_par' dir='ltr' id='par_1_98' title="bbox 271 5547 1987 5624">
     <span class='ocr_line' id='line_1_98' title="bbox 271 5547 1987 5624; baseline -0.001 -16"><span class='ocrx_word' id='word_1_768' title='bbox 271 5549 506 5624; x_wconf 90' lang='lat' dir='ltr'>phalem</span> <span class='ocrx_word' id='word_1_769' title='bbox 547 5549 845 5624; x_wconf 90' lang='lat' dir='ltr'>apostolici</span> <span class='ocrx_word' id='word_1_770' title='bbox 893 5548 1164 5623; x_wconf 80' lang='lat' dir='ltr'>martyris</span> <span class='ocrx_word' id='word_1_771' title='bbox 1211 5548 1556 5622; x_wconf 89' lang='lat' dir='ltr'>passionem.</span> <span class='ocrx_word' id='word_1_772' title='bbox 1600 5547 1882 5607; x_wconf 89' lang='lat' dir='ltr'>Mirabilis</span> <span class='ocrx_word' id='word_1_773' title='bbox 1925 5548 1987 5606; x_wconf 91' lang='lat' dir='ltr'>in</span> 
     </span>
    </p>
   </div>
   <div class='ocr_carea' id='block_1_99' title="bbox 272 5637 1987 5714">
    <p class='ocr_par' dir='ltr' id='par_1_99' title="bbox 272 5637 1987 5714">
     <span class='ocr_line' id='line_1_99' title="bbox 272 5637 1987 5714; baseline 0.001 -18"><span class='ocrx_word' id='word_1_774' title='bbox 272 5639 754 5712; x_wconf 87' lang='lat' dir='ltr'>persequentibus</span> <span class='ocrx_word' id='word_1_775' title='bbox 798 5653 1014 5714; x_wconf 88' lang='lat' dir='ltr'>pugna,</span> <span class='ocrx_word' id='word_1_776' title='bbox 1040 5638 1322 5704; x_wconf 86' lang='lat' dir='ltr'>mirabilis</span> <span class='ocrx_word' id='word_1_777' title='bbox 1367 5637 1430 5698; x_wconf 91' lang='lat' dir='ltr'>in</span> <span class='ocrx_word' id='word_1_778' title='bbox 1475 5644 1772 5713; x_wconf 84' lang='lat' dir='ltr'>persecute</span> <span class='ocrx_word' id='word_1_779' title='bbox 1808 5637 1987 5698; x_wconf 91' lang='lat' dir='ltr'>victo-</span> 
     </span>
    </p>
   </div>
   <div class='ocr_carea' id='block_1_100' title="bbox 2067 5003 3782 5084">
    <p class='ocr_par' dir='ltr' id='par_1_100' title="bbox 2067 5003 3782 5084">
     <span class='ocr_line' id='line_1_100' title="bbox 2067 5003 3782 5084; baseline -0.007 -14"><span class='ocrx_word' id='word_1_780' title='bbox 2067 5028 2131 5071; x_wconf 90' lang='lat' dir='ltr'>os</span> <span class='ocrx_word' id='word_1_781' title='bbox 2160 5019 2214 5069; x_wconf 93' lang='lat' dir='ltr'>et</span> <span class='ocrx_word' id='word_1_782' title='bbox 2243 5009 2608 5084; x_wconf 91' lang='lat' dir='ltr'>sapientiam,</span> <span class='ocrx_word' id='word_1_783' title='bbox 2647 5007 2882 5065; x_wconf 89' lang='lat' dir='ltr'>cuinon</span> <span class='ocrx_word' id='word_1_784' title='bbox 2926 5009 3194 5076; x_wconf 90' lang='lat' dir='ltr'>poterunt</span> <span class='ocrx_word' id='word_1_785' title='bbox 3232 5003 3513 5072; x_wconf 90' lang='lat' dir='ltr'>resistere,</span> <span class='ocrx_word' id='word_1_786' title='bbox 3543 5009 3599 5060; x_wconf 91' lang='lat' dir='ltr'>et</span> <span class='ocrx_word' id='word_1_787' title='bbox 3643 5017 3782 5059; x_wconf 89' lang='lat' dir='ltr'>con-</span> 
     </span>
    </p>
   </div>
   <div class='ocr_carea' id='block_1_101' title="bbox 2069 5089 3778 5162">
    <p class='ocr_par' dir='ltr' id='par_1_101' title="bbox 2069 5089 3778 5162">
     <span class='ocr_line' id='line_1_101' title="bbox 2069 5089 3778 5162; baseline -0.008 -2"><span class='ocrx_word' id='word_1_788' title='bbox 2069 5101 2347 5160; x_wconf 90' lang='lat' dir='ltr'>tradicere</span> <span class='ocrx_word' id='word_1_789' title='bbox 2393 5114 2596 5158; x_wconf 91' lang='lat' dir='ltr'>omnes</span> <span class='ocrx_word' id='word_1_790' title='bbox 2622 5093 2937 5154; x_wconf 88' lang='lat' dir='ltr'>adversarii</span> <span class='ocrx_word' id='word_1_791' title='bbox 2980 5091 3156 5150; x_wconf 91' lang='lat' dir='ltr'>vestri</span> <span class='ocrx_word' id='word_1_792' title='bbox 3194 5095 3347 5161; x_wconf 83' lang='lat' dir='ltr'>(Luc.</span> <span class='ocrx_word' id='word_1_793' title='bbox 3400 5097 3553 5161; x_wconf 85' lang='lat' dir='ltr'>XXI).</span> <span class='ocrx_word' id='word_1_794' title='bbox 3588 5116 3614 5140; x_wconf 83' lang='grc'>››</span> <span class='ocrx_word' id='word_1_795' title='bbox 3650 5089 3778 5162; x_wconf 93' lang='lat' dir='ltr'>Ille,</span> 
     </span>
    </p>
   </div>
   <div class='ocr_carea' id='block_1_102' title="bbox 2069 5177 3779 5263">
    <p class='ocr_par' dir='ltr' id='par_1_102' title="bbox 2069 5177 3779 5263">
     <span class='ocr_line' id='line_1_102' title="bbox 2069 5177 3779 5263; baseline -0.009 -15"><span class='ocrx_word' id='word_1_796' title='bbox 2069 5191 2333 5263; x_wconf 91' lang='lat' dir='ltr'>inquam,</span> <span class='ocrx_word' id='word_1_797' title='bbox 2363 5187 2462 5261; x_wconf 93' lang='lat' dir='ltr'>qui</span> <span class='ocrx_word' id='word_1_798' title='bbox 2509 5185 2648 5244; x_wconf 89' lang='lat' dir='ltr'>dicit</span> <span class='ocrx_word' id='word_1_799' title='bbox 2681 5202 2692 5240; x_wconf 95' lang='lat'>:</span> <span class='ocrx_word' id='word_1_800' title='bbox 2732 5206 2752 5232; x_wconf 71' lang='grc' dir='ltr'>ιι</span> <span class='ocrx_word' id='word_1_801' title='bbox 2787 5180 2915 5238; x_wconf 90' lang='lat' dir='ltr'>Non</span> <span class='ocrx_word' id='word_1_802' title='bbox 2965 5195 3067 5237; x_wconf 92' lang='lat' dir='ltr'>vos</span> <span class='ocrx_word' id='word_1_803' title='bbox 3093 5179 3249 5250; x_wconf 90' lang='lat' dir='ltr'>estis,</span> <span class='ocrx_word' id='word_1_804' title='bbox 3291 5179 3396 5254; x_wconf 89' lang='lat' dir='ltr'>qui</span> <span class='ocrx_word' id='word_1_805' title='bbox 3441 5177 3779 5254; x_wconf 90' lang='lat' dir='ltr'>loquimini,</span> 
     </span>
    </p>
   </div>
   <div class='ocr_carea' id='block_1_103' title="bbox 2071 5266 3782 5350">
    <p class='ocr_par' dir='ltr' id='par_1_103' title="bbox 2071 5266 3782 5350">
     <span class='ocr_line' id='line_1_103' title="bbox 2071 5266 3782 5350; baseline -0.008 -13"><span class='ocrx_word' id='word_1_806' title='bbox 2071 5279 2172 5337; x_wconf 93' lang='lat' dir='ltr'>sed</span> <span class='ocrx_word' id='word_1_807' title='bbox 2245 5278 2496 5350; x_wconf 90' lang='lat' dir='ltr'>Spiritus</span> <span class='ocrx_word' id='word_1_808' title='bbox 2545 5272 2730 5332; x_wconf 89' lang='lat' dir='ltr'>Patris</span> <span class='ocrx_word' id='word_1_809' title='bbox 2786 5268 2959 5328; x_wconf 88' lang='lat' dir='ltr'>vestri</span> <span class='ocrx_word' id='word_1_810' title='bbox 3015 5268 3118 5342; x_wconf 91' lang='lat' dir='ltr'>qui</span> <span class='ocrx_word' id='word_1_811' title='bbox 3167 5269 3432 5341; x_wconf 88' lang='lat' dir='ltr'>loquitur</span> <span class='ocrx_word' id='word_1_812' title='bbox 3483 5269 3546 5327; x_wconf 91' lang='lat' dir='ltr'>in</span> <span class='ocrx_word' id='word_1_813' title='bbox 3617 5266 3782 5325; x_wconf 90' lang='lat' dir='ltr'>vobis</span> 
     </span>
    </p>
   </div>
   <div class='ocr_carea' id='block_1_104' title="bbox 2073 5370 2484 5439">
    <p class='ocr_par' dir='ltr' id='par_1_104' title="bbox 2073 5370 2484 5439">
     <span class='ocr_line' id='line_1_104' title="bbox 2073 5370 2484 5439; baseline -0.01 -11"><span class='ocrx_word' id='word_1_814' title='bbox 2073 5371 2298 5439; x_wconf 82' lang='lat' dir='ltr'>(Matth.</span> <span class='ocrx_word' id='word_1_815' title='bbox 2331 5370 2415 5436; x_wconf 68' lang='grc' dir='ltr'>Χ).</span> <span class='ocrx_word' id='word_1_816' title='bbox 2457 5385 2484 5418; x_wconf 87' lang='grc'><strong>››</strong></span> 
     </span>
    </p>
   </div>
   <div class='ocr_carea' id='block_1_105' title="bbox 2148 5441 3782 5518">
    <p class='ocr_par' dir='ltr' id='par_1_105' title="bbox 2148 5441 3782 5518">
     <span class='ocr_line' id='line_1_105' title="bbox 2148 5441 3782 5518; baseline -0.012 -1"><span class='ocrx_word' id='word_1_817' title='bbox 2148 5458 2259 5518; x_wconf 88' lang='lat' dir='ltr'>Sed</span> <span class='ocrx_word' id='word_1_818' title='bbox 2285 5457 2498 5514; x_wconf 89' lang='lat' dir='ltr'>iterum</span> <span class='ocrx_word' id='word_1_819' title='bbox 2522 5451 2586 5510; x_wconf 92' lang='lat' dir='ltr'>in</span> <span class='ocrx_word' id='word_1_820' title='bbox 2613 5465 2840 5509; x_wconf 89' lang='lat' dir='ltr'>carcere</span> <span class='ocrx_word' id='word_1_821' title='bbox 2886 5446 3156 5506; x_wconf 84' lang='lat' dir='ltr'>horrifico</span> <span class='ocrx_word' id='word_1_822' title='bbox 3200 5444 3510 5516; x_wconf 90' lang='lat' dir='ltr'>clauditur,</span> <span class='ocrx_word' id='word_1_823' title='bbox 3557 5441 3782 5516; x_wconf 88' lang='lat' dir='ltr'>gravis-</span> 
     </span>
    </p>
   </div>
   <div class='ocr_carea' id='block_1_106' title="bbox 2073 5532 3786 5615">
    <p class='ocr_par' dir='ltr' id='par_1_106' title="bbox 2073 5532 3786 5615">
     <span class='ocr_line' id='line_1_106' title="bbox 2073 5532 3786 5615; baseline -0.011 -9"><span class='ocrx_word' id='word_1_824' title='bbox 2073 5548 2223 5606; x_wconf 87' lang='lat' dir='ltr'>simo</span> <span class='ocrx_word' id='word_1_825' title='bbox 2273 5551 2606 5605; x_wconf 88' lang='lat' dir='ltr'>catenarum</span> <span class='ocrx_word' id='word_1_826' title='bbox 2651 5541 2903 5615; x_wconf 92' lang='lat' dir='ltr'>pondere</span> <span class='ocrx_word' id='word_1_827' title='bbox 2931 5535 3264 5610; x_wconf 90' lang='lat' dir='ltr'>impeditur,</span> <span class='ocrx_word' id='word_1_828' title='bbox 3301 5533 3366 5592; x_wconf 92' lang='lat' dir='ltr'>in</span> <span class='ocrx_word' id='word_1_829' title='bbox 3393 5532 3553 5607; x_wconf 92' lang='lat' dir='ltr'>ligno</span> <span class='ocrx_word' id='word_1_830' title='bbox 3581 5538 3786 5590; x_wconf 87' lang='lat' dir='ltr'>exten-</span> 
     </span>
    </p>
   </div>
   <div class='ocr_carea' id='block_1_107' title="bbox 2074 5619 3786 5709">
    <p class='ocr_par' dir='ltr' id='par_1_107' title="bbox 2074 5619 3786 5709">
     <span class='ocr_line' id='line_1_107' title="bbox 2074 5619 3786 5709; baseline -0.009 -13"><span class='ocrx_word' id='word_1_831' title='bbox 2074 5637 2252 5709; x_wconf 91' lang='lat' dir='ltr'>ditur,</span> <span class='ocrx_word' id='word_1_832' title='bbox 2285 5633 2445 5696; x_wconf 91' lang='lat' dir='ltr'>omni</span> <span class='ocrx_word' id='word_1_833' title='bbox 2478 5632 2890 5694; x_wconf 89' lang='lat' dir='ltr'>alimentorum</span> <span class='ocrx_word' id='word_1_834' title='bbox 2933 5624 3346 5688; x_wconf 87' lang='lat' dir='ltr'>sustentatione</span> <span class='ocrx_word' id='word_1_835' title='bbox 3379 5623 3662 5698; x_wconf 87' lang='lat' dir='ltr'>privatur.</span> <span class='ocrx_word' id='word_1_836' title='bbox 3693 5619 3786 5680; x_wconf 85' lang='lat' dir='ltr'>Ad</span> 
     </span>
    </p>
   </div>
  </div>
