4184 6456
437 301 543 366 675

1053 305 1112 365 s.
1154 300 1377 363 perm
1416 296 1737 362 DAMIANI
1775 300 1932 361 ore.
1976 296 2170 360 PARS
2209 293 2350 360 seu
2386 260 2752 360 TOMUS'II.
2791 329 2861 343 —
2903 289 3329 359 SERMONES.

3846 297 3963 358 676

435 429 954 506 constringendam
1007 427 1243 500 quidem
1296 427 1536 486 omnino
1594 440 1784 483 carcer
1838 423 2558 496 sufiiceret,Abelluarum
2604 423 2834 482 excedit
2882 422 3186 481 saevitiam.
3248 419 3548 480 Stoliditas
3610 427 3708 480 tua
3763 423 3962 496 ipsam

434 521 662 579 etiamsi
710 527 910 578 catena
956 517 1215 587 deesset;
1246 516 1316 574 ad
1347 514 1711 589 puniendum
1758 521 1951 572 autem
1979 514 2144 572 sufﬁ-

435 617 588 669 ceret
614 610 767 682 ignis
797 623 987 682 pmna,
1030 605 1253 665 etiamsi
1286 605 1455 662 famis
1499 610 1744 662 cessaret
1782 603 1995 677 inopia.
2033 603 2143 662 Sed

439 700 533 758 cui
568 706 792 757 terrena
820 714 947 756 esca
975 697 1353 759 subtrahitur,
1409 695 1739 753 cmlestibus
1775 695 1962 768 epulis
1990 710 2142 752 enu-

432 790 624 848 tritur.
661 789 730 845 Et
773 787 962 845 victus
1006 801 1180 860 quem
1224 784 1438 857 judicis
1485 784 1750 857 impietas
1798 791 1984 856 negat,
2040 782 2144 840 Dei

427 876 666 950 .largitas
708 875 1092 932 administrat.
1150 874 1221 931 Et
1278 873 1432 946 quod
1486 888 1598 930 non
1651 870 1853 928 tribuit
1895 887 2146 928 carcera-

431 964 575 1035 rius,
629 964 891 1023 minister
936 962 1192 1021 hominis
1223 962 1403 1019 factus
1431 961 1667 1019 exhibet
1695 959 1957 1032 angelus.
2017 962 2142 1017 An-

430 1055 592 1128 gelus
639 1053 792 1111 enim
831 1051 1064 1109 Domini
1108 1058 1271 1108 nocte
1309 1051 1550 1107 veniens
1594 1049 1665 1106 ad
1699 1065 1859 1121 eum,
1891 1049 2142 1107 videnti-

428 1143 540 1200 bus
578 1141 915 1200 custodibus
957 1139 1116 1214 pavit
1144 1146 1198 1197 et
1227 1138 1590 1197 confortavi't.
1637 1137 1822 1206 Quam
1868 1138 2143 1196 deliciosa

433 1230 584 1288 fame
638 1229 934 1301 afﬂigitur,
991 1229 1091 1300 qui
1148 1226 1396 1284 cmlestis
1468 1226 1849 1299 promptuarii
1897 1227 2143 1299 dapibus

433 1319 694 1389 satiatur,
734 1318 830 1377 cui
871 1317 1083 1374 cretum
1127 1316 1191 1373 fit
1239 1315 1562 1384 cellarium,
1612 1315 1860 1374 cmlestis
1906 1331 2143 1389 promus

434 1409 672 1467 exhibet
721 1407 1131 1465 ministerium.
1173 1405 1358 1474 Quam
1406 1405 1644 1462 feliciter
1691 1406 1866 1463 miser
1906 1411 2010 1474 est,
2042 1406 2144 1480 qui

434 1498 578 1555 dum
622 1495 867 1553 terrenis
913 1502 1039 1568 eget
1074 1493 1405 1567 impendiis,
1439 1493 1716 1565 angelicis
1762 1494 2004 1552 fulcitur
2047 1495 2144 1554 ob.

434 1585 682 1658 sequiis;
743 1583 838 1642 cui
887 1583 1130 1641 xenium
1187 1582 1471 1640 divinitus
1522 1582 1789 1652 mittitur,
1844 1582 2142 1656 angelicus

437 1671 822 1730 ministratur.

2228 515 2661 572 insensibilium
2713 528 2906 571 rerum
2954 519 3264 585 exsuperat
3313 510 3722 583 ignorantiam.
3768 511 3964 570 Inter-

2228 618 2364 675 roga
2391 609 2596 660 nautas
2625 608 2776 672 tuos,
2813 601 2968 660 disce
2996 605 3223 660 furores
3261 604 3412 658 tuos.

2299 694 2462 766 Ecce,
2501 693 2600 752 ubi
2640 693 2750 766 ipsi
2790 693 2893 750 vix
2931 692 3161 750 tandem
3221 690 3535 749 laborando
3571 691 3781 750 solutis
3817 691 3962 749 bra-

2227 782 2373 838 chiis
2417 788 2678 854 pereunt,
2734 781 2914 838 nostri
2964 779 3123 851 ligati
3155 778 3413 853 .jacendo
3459 787 3515 837 et
3558 780 3778 854 absque
3829 779 3960 838 ulla

2228 870 2489 928 molestia
2539 870 2627 928 sui
2682 869 2896 927 laboris
2945 867 3216 926 evadunt.
3273 867 3485 926 Milites
3530 875 3747 938 autem,
3791 875 3850 926 et
3905 869 3960 927 si

2226 976 2344 1018 non
2376 967 2639 1033 pereunt,
2673 959 2775 1017 tibi
2810 967 3000 1016 tamen
3033 957 3299 1015 funditus
3330 965 3591 1030 pereunt.
3633 958 3781 1015 Nam
3815 959 3960 1030 jure

2225 1052 2454 1110 dicendi
2484 1050 2681 1108 fideles
2709 1051 3046 1122 transfuga),
3091 1053 3287 1120 utpote
3325 1049 3622 1105 venientes
3649 1047 3722 1106 ad
3751 1047 3956 1119 fidem,

2225 1142 2503 1214 abjuratis
2551 1140 2813 1214 praesidis
2859 1140 3056 1210 armis,
3085 1144 3414 1213 sequuntur
3461 1137 3726 1196 militiam
3768 1153 3958 1195 exsu-

2226 1229 2318 1288 lis.
2354 1231 2542 1289 Aiunt
2574 1230 2731 1288 enim
2760 1230 2830 1287 ad
2861 1245 2996 1287 eum
3027 1227 3244 1286 milites
3273 1247 3284 1284 :
3325 1226 3570 1285 Domine
3611 1227 3795 1293 Pater,
3834 1239 3958 1298 quo

2226 1319 2485 1376 ibimus?
2508 1317 2658 1387 Quid
2689 1318 3011 1375 faciemus?
3042 1314 3265 1385 Quibus
3303 1315 3383 1373 ait
3415 1339 3428 1372 :
3465 1314 3850 1390 Baptizamini
3888 1315 3953 1372 in

2226 1404 2463 1463 nomine
2515 1405 2674 1475 Jesu,
2732 1410 2788 1461 et
2839 1404 3065 1462 vivetis.
3122 1402 3232 1473 Qui
3290 1401 3484 1460 statim
3546 1403 3956 1462 renuntiantes

2225 1493 2416 1563 idolis,
2470 1493 2737 1567 baptizati
2782 1499 2921 1552 sunt
2962 1494 3024 1551 in
3076 1492 3317 1551 nomine
3361 1491 3568 1563 Patris,
3610 1499 3666 1551 et
3693 1492 3854 1564 Filii,
3893 1499 3955 1551 et

2231 1583 2486 1660 Spiritus
2515 1584 2716 1642 sancti.

2298 1673 2415 1732 Nos
2455 1681 2674 1746 autem,
2707 1673 2914 1732 fratres
2952 1671 3332 1744 dilectissimi,
3367 1672 3469 1746 qui
3505 1672 3806 1731 veritatem
3840 1673 3953 1732 ite-

512 1758 622 1817 Sed
675 1774 710 1816 ο
760 1773 936 1831 quam
994 1757 1308 1831 pulchrum
1359 1758 1769 1848 spectaculum,
1815 1766 1870 1817 et
1925 1766 2362 1848 quantaBrum
2398 1764 2515 1822 Deo
2536 1769 2787 1834 auctore,
2820 1762 3234 1837 cognovimus;
3269 1762 3371 1836 qui
3403 1768 3484 1820 tot
3507 1762 3795 1822 virtutum
3854 1764 3952 1821 in-

437 1849 822 1925 spectunlium
900 1848 1281 1926 admiratione
1317 1847 1780 1921 dignissimum!
1836 1864 1970 1907 cum
2027 1847 2202 1907 tamf
2232 1854 2421 1928 signia
2471 1868 2590 1926 prae
2633 1851 2818 1911 oculis
2860 1851 3063 1924 posita,
3095 1850 3168 1908 ad
3213 1850 3550 1924 exemplum
3607 1850 3953 1908 imitationis

435 1945 668 1998 strenue
715 1937 840 1996 dux
889 1937 1294 2010 imperatorem
1344 1938 1629 2012 sequitur,
1686 1944 1905 2012 martyr
1951 1953 2144 2010 regem

432 2027 710 2086 imitatur.
744 2026 882 2096 Quis
933 2025 1089 2083 enim
1138 2033 1326 2098 posset
1372 2024 1444 2082 ab
1491 2025 1656 2084 illius
1693 2027 2005 2100 spectaculi
2054 2029 2147 2086 vi-

437 2119 597 2178 sione
637 2120 878 2177 satiatus
918 2116 1244 2188 abscedere,
1278 2117 1326 2174 si
1357 2118 1428 2174 ad
1475 2116 1789 2175 vivendum
1833 2119 1988 2192 quod
2026 2135 2140 2177 non

435 2208 760 2276 videbatur,
809 2205 1030 2264 clarum
1073 2206 1286 2262 mentis
1327 2206 1564 2263 oculum
1602 2207 1876 2277 potuisset
1914 2207 2144 2278 habere,

435 2312 569 2354 cum
605 2301 865 2354 cerneret
909 2294 1360 2353 invictissimum
1413 2294 1746 2352 bellatorem
1793 2295 2028 2368 Christi,
2085 2297 2146 2353 in

439 2387 682 2446 carceris
728 2387 964 2444 horrore
989 2385 1352 2456 conclusum,
1385 2400 1556 2457 quem
1590 2393 1703 2442 tam
1740 2385 2004 2443 alacriter
2038 2403 2148 2444 ex-

436 2475 722 2548 spectabat
768 2473 1235 2546 splendidissima
1279 2473 1413 2530 aula
1447 2473 1612 2546 regni
1639 2472 1916 2532 caelorum
1944 2473 1971 2532 ?
2000 2473 2147 2533 Cum

434 2566 714 2639 aspiceret
758 2563 944 2621 civem
968 2563 1100 2620 coeli
1127 2578 1262 2620 cum
1309 2569 1466 2621 tanto
1518 2564 1811 2636 triumpho
1843 2563 1913 2621 de
1940 2564 2149 2624 exsilio

437 2655 508 2711 ad
551 2654 796 2727 patriam
838 2653 1130 2710 revocari?
1163 2651 1311 2709 Cum
1362 2651 1581 2709 videret
1627 2652 1840 2710 Christi
1879 2653 2148 2725 militem,

439 2749 552 2799 tam
606 2746 864 2814 potenter
917 2739 1141 2797 devicto
1192 2740 1434 2811 mundo,
1487 2755 1662 2813 regna
1716 2741 1936 2799 siderea
1981 2758 2153 2816 pene-

438 2834 728 2890 trantem?
759 2831 1174 2890 Verumtamen
1197 2830 1386 2888 adhuc
1411 2831 1694 2903 dili‘ertur,
1734 2832 1924 2890 adhuc
1952 2833 2014 2890 in
2043 2849 2150 2891 ex-

436 2921 568 2978 silio
609 2920 918 2988 retinetur;
973 2925 1038 2977 ut
1097 2919 1381 2977 redeundi
1433 2919 1505 2976 ad
1558 2920 1800 2992 patriam
1848 2922 2031 2994 magis
2085 2938 2152 2980 ac

436 3009 622 3081 magis
665 3007 1016 3066 desiderium
1058 3017 1352 3083 augeatur.
1402 3008 1531 3067 Non
1564 3010 1720 3067 enim
1752 3016 1933 3068 cessat
1962 3012 2153 3070 adhuc

2234 1942 2538 2013 habemus,
2587 1941 2923 1999 studeamus
2970 1939 3041 1997 ad
3097 1939 3261 1998 illam
3304 1938 3723 1997 beatitudinem
3785 1938 3952 1997 omni

2232 2030 2514 2090 desiderio
2569 2030 2819 2100 tendere,
2855 2031 2917 2087 in
2971 2045 3087 2102 qua
3124 2029 3244 2102 jam
3295 2028 3571 2088 novimus
3625 2027 3953 2101 triumpha-

2234 2125 2383 2177 tores
2419 2117 2622 2176 mundi
2655 2116 2725 2175 de
2753 2117 3017 2175 laborum
3048 2132 3289 2175 suorum
3321 2115 3789 2175 remuneratione
3813 2131 3954 2188 gau-

2234 2208 2388 2266 dere.
2423 2207 2639 2264 Eorum
2683 2205 2927 2278 vestigia
2971 2211 3273 2262 teneamus
3313 2205 3375 2262 in
3420 2204 3531 2275 via,
3567 2219 3817 2277 quorum
3858 2219 3953 2262 so-

2234 2296 2496 2354 cietatem
2558 2296 2773 2354 habere
2839 2294 3236 2353 desideramus
3293 2293 3359 2351 in
3420 2295 3632 2366 patria.
3693 2293 3954 2352 Profecto

2234 2384 2356 2442 illic
2389 2385 2609 2443 erimus
2630 2385 2784 2458 quod
2811 2389 2965 2455 sunt,
2999 2385 3046 2442 si
3077 2384 3172 2441 hic
3195 2383 3479 2442 fuerimus
3506 2383 3660 2458 quod
3690 2383 3950 2442 fuerunt.

2237 2475 2383 2534 Nam
2419 2475 2469 2532 si
2508 2474 2910 2547 compatimur,
2957 2481 3012 2532 et
3043 2474 3548 2548 conregnabimus,
3596 2473 3647 2531 si
3702 2489 3954 2532 commo-

2235 2563 2440 2633 rimur,
2471 2570 2527 2621 et
2559 2564 2940 2622 convivemus
2977 2567 3054 2631 (II
3093 2567 3230 2618 Tim.
3265 2567 3326 2632 1).
3373 2582 3401 2616 ι(
3441 2562 3512 2619 Et
3551 2562 3599 2620 si
3649 2563 3953 2636 complan-

2236 2652 2336 2710 tati
2369 2651 2502 2710 facti
2551 2667 2756 2710 sumus
2803 2650 3175 2710 similitudini
3227 2650 3430 2708 mortis
3466 2649 3724 2722 Domini,
3776 2651 3952 2710 simul

2235 2751 2291 2803 et
2320 2743 2758 2802 resurrectionis
2795 2743 3016 2801 erimus
3043 2745 3212 2814 (Rom.
3247 2745 3346 2814 v1).
3385 2763 3407 2793 ι

2308 2833 2435 2890 Non
2483 2848 2618 2904 ergo
2666 2831 3000 2890 dividamur
3024 2832 3082 2889 in
3114 2831 3342 2903 itinere,
3375 2831 3420 2889 si
3457 2832 3632 2906 jungi
3677 2831 3954 2891 volumus

2235 2923 2298 2981 in
2327 2923 2721 2995 perventione.
2756 2921 2882 2979 Non
2911 2922 3214 2981 abhorreat
3250 2930 3673 2981 momentanea)
3702 2922 3953 2996 potionis

2236 3011 2690 3070 amaritudinem
2722 3011 2938 3084 bibere,
2973 3011 3075 3086 qui
3103 3013 3175 3070 ad
3205 3019 3498 3085 perpetuae
3537 3011 3955 3070 incolumitatis

439 3098 705 3156 diabolus
727 3111 827 3169 per
847 3096 1150 3156 vasculum
1177 3113 1349 3155 suum
1378 3097 1715 3156 immaniter
1737 3100 2002 3173 tremere,
2031 3101 2608 3203 nonCdulcedinem
2663 3101 2949 3160 desiderat
3000 3101 3321 3175 pervenire.
3386 3101 3496 3170 Qui
3559 3101 3682 3160 vult
3738 3101 3952 3160 ascribi

437 3196 620 3247 cessat
645 3187 838 3246 adhuc
865 3194 1104 3245 cruenta
1130 3186 1312 3245 bestia
1342 3187 1472 3246 totis
1501 3187 1740 3247 malitiae
1772 3206 1894 3248 suae
1925 3191 2150 3248 viribus
2171 3186 2384 3249 “inter
2429 3190 2644 3248 milites
2690 3190 2920 3263 Christi,
2974 3207 3133 3250 nunc
3185 3206 3247 3248 se
3290 3191 3550 3266 accingat
3595 3191 3845 3250 viriliter
3879 3192 3952 3250 ad

437 3279 587 3337 circa
635 3278 848 3336 Christi
892 3283 1203 3350 martyrem
1257 3277 1533 3336 insanire.
1576 3279 1723 3337 Nam
1764 3295 1891 3338 ecce
1938 3280 2150 3339 iterum

439 3374 750 3444 catenatus,
780 3368 930 3426 sicut
982 3368 1053 3426 de
1090 3382 1314 3426 carcere
1364 3367 1628 3440 trahitur,
1683 3369 1745 3426 in
1791 3371 1928 3427 navi
1982 3370 2151 3443 poni-

439 3467 553 3531 tur,
614 3455 756 3513 162
816 3457 877 3515 in
932 3457 1209 3515 exsilium
1262 3457 1533 3530 mittitur,
1587 3459 1795 3517 deinde
1850 3464 2153 3533 tempestas

439 3550 644 3619 oritur,
678 3546 846 3605 navis
882 3546 1190 3618 frangitur,
1224 3553 1418 3604 nautae
1446 3563 1650 3607 omnes
1687 3549 1990 3624 naufragio
2025 3564 2154 3607 ino-

437 3638 716 3697 riuntur:
753 3637 954 3696 beatus
1008 3643 1229 3709 martyr
1270 3653 1404 3696 cum
1449 3639 1635 3697 tribus
1678 3639 1804 3698 suis
1842 3640 2063 3698 clericis
2100 3646 2155 3698 et

439 3728 670 3786 duobus
700 3726 988 3783 militibus
1015 3723 1309 3783 liberatur.

511 3814 659 3886 Quid
712 3821 795 3873 est
842 3815 970 3882 hoc,
1024 3812 1384 3872 Messaline?
1442 3815 1558 3874 Cur
1607 3815 1818 3874 iterum
1891 3816 2155 3876 insanis?

441 3903 560 3962 Cur
588 3904 801 3961 iterum
827 3901 1081 3975 desipis?
1110 3903 1180 3960 Et
1207 3904 1420 3963 amisso
1449 3905 1686 3964 rationis
1721 3905 1983 3976 consilio,
2012 3906 2154 3980 quid

441 3991 912 4050 irrationabiliter
956 3990 1153 4062 facias,
1180 4008 1299 4049 non
1351 3991 1644 4052 attendis?
1690 3995 1816 4068 Eia,
1865 4011 2019 4069 rogo,
2066 3997 2158 4055 dic

444 4080 612 4150 mihi,
645 4081 777 4151 quis
809 4085 993 4152 potest
1037 4079 1302 4138 exsulem
1337 4081 1399 4139 in
1429 4083 1705 4141 exsilium
1744 4085 1989 4158 mittere,
2023 4087 2158 4159 quis

2232 3283 2586 3353 conﬂictum,
2615 3289 2680 3341 ut
2718 3289 2845 3356 post
2882 3289 3167 3356 peractam
3208 3281 3479 3340 militiam
3518 3282 3701 3340 beatae
3737 3283 3953 3357 quietis

2233 3372 2472 3445 accipiat
2520 3372 2980 3445 municipatum;
3029 3387 3189 3430 nunc
3225 3388 3285 3431 se
3327 3377 3609 3446 praeparet
3657 3371 3953 3446 congredi,

2234 3469 2299 3521 ut
2347 3463 2551 3521 merito
2605 3461 2792 3521 valeat
2843 3467 2966 3535 post
3019 3461 3320 3520 victoriam
3379 3462 3643 3520 coronari
3690 3480 3703 3519 :
3754 3483 3776 3513 ς
3824 3461 3952 3520 Non

2234 3552 2392 3610 enim
2465 3550 2854 3620 coronabitur,
2935 3550 3052 3608 nisi
3135 3552 3235 3624 qui
3311 3551 3571 3623 legitime
3649 3549 3957 3610 certaverit

2235 3644 2273 3714 (1
2328 3646 2468 3700 Tim.
2517 3643 2599 3714 11).
2659 3663 2680 3692 ι
2746 3640 2890 3698 Nam
2946 3639 3228 3699 delicatus
3285 3639 3426 3695 163
3475 3648 3560 3699 est
3609 3642 3797 3714 miles,
3850 3643 3954 3714 qui

2238 3731 2398 3806 prius
2430 3731 2555 3790 vult
2584 3731 2836 3801 vincere,
2875 3745 3052 3803 quam
3079 3729 3317 3804 incipiat
3344 3730 3650 3801 dimicare;
3681 3733 3788 3805 qui
3827 3732 3956 3790 vult

2237 3821 2363 3879 sine
2405 3836 2602 3895 pugna
2648 3819 2967 3891 victoriam,
2992 3826 3092 3877 aut
3136 3819 3262 3877 sine
3311 3820 3549 3878 victoria
3597 3821 3833 3878 anhelat
3877 3821 3952 3878 ad

2237 3911 2510 3985 palmam.
2571 3910 2794 3969 Stultus
2843 3916 2928 3968 est
2978 3909 3273 3983 agricola,
3325 3911 3427 3984 qui
3477 3911 3603 3970 vult
3660 3918 3954 3986 turgentes

2238 4016 2486 4060 uvarum
2536 4000 2727 4058 botros
2772 4000 2843 4057 de
2877 3998 2995 4057 vite
3043 4000 3297 4058 suaviter
3333 4016 3585 4074 carpere,
3613 4008 3670 4059 et
3711 4002 3954 4076 negligit

2237 4089 2625 4164 propaginum
2670 4087 2935 4146 surculos
2984 4087 3266 4146 laboriose
3308 4089 3592 4162 plantare;
3636 4085 3952 4163 (111111ιὶ111-

443 4169 813 4242 peregrinum
861 4183 1098 4240 peregre
1142 4169 1478 4229 destinare?
1526 4173 1924 4233 Antiochenus
1979 4182 2160 4248 potest
2239 4181 2395 4253 plere
2425 4180 2694 4253 frugibus
2723 4180 3014 4249 horreum,
3045 4194 3161 4236 non
3194 4194 3402 4237 curans
3453 4181 3717 4238 excolere
3746 4181 3952 4240 inhor-

445 4258 516 4315 de
560 4257 839 4315 Ravenna
877 4257 940 4312 in
979 4256 1256 4313 exsilium
1293 4258 1506 4330 dirigi?
1548 4259 1854 4320 Orientalis
1898 4264 1968 4320 de
2009 4264 2159 4322 occi-
2240 4276 2556 4328 rescentem
2610 4269 2883 4343 vepribus
2909 4285 3134 4343 agrum.
3171 4269 3285 4342 Sic,
3319 4272 3522 4330 fratres
3551 4271 3665 4329 mei
3693 4273 3954 4332 dilectis-

445 4346 578 4435 duis
630 4345 849 4435 finibus
893 4343 1224 4435 deportari?
1266 4346 1376 4404 Sed
1416 4347 1556 4405 dum
1594 4350 1735 4408 facis
1772 4353 2056 4424 exsulem,
2090 4353 2160 4411 si-
2241 4359 2396 4429 simi,
2427 4365 2733 4433 angustam
2769 4358 2938 4417 nobis
2961 4358 3213 4433 expedit,
3244 4368 3300 4418 et
3337 4362 3524 4435 asperi
3556 4363 3768 4422 laboris
3793 4365 3950 4422 viam

441 4434 684 4509 gniﬁcas
742 4432 948 4491 civem.
1003 4432 1073 4488 Et
1128 4448 1260 4491 cum
1318 4436 1450 4509 jure
1499 4439 1840 4511 postliminii
1888 4457 2155 4500 reversus

344 4596 348 4601 _
444 4507 639 4594 fuerit,
673 4522 736 4579 in
775 4519 1013 4578 urbana
1051 4507 1396 4581 conditionis
1435 4507 1649 4599 titulos,
1691 4527 1907 4601 quibus
1943 4507 2219 4603 depor-D

443 4619 593 4671 tatus
640 4611 847 4682 fuerat,
898 4609 1123 4684 legibus
1167 4612 1464 4670 remeabit.
1492 4613 1562 4670 Et
1611 4624 1761 4673 certe
1803 4618 1850 4675 si
1891 4617 1978 4676 vir
2016 4633 2149 4675 san-

438 4707 567 4758 ctus
613 4699 887 4758 exsilium
941 4701 1247 4773 timuisset,
1302 4701 1639 4763 Ravennam
1687 4723 1873 4780 usque
1917 4708 1986 4765 de
2035 4708 2153 4764 An-

442 4789 652 4847 tiochia
711 4804 825 4847 non
875 4793 1144 4849 venisset.
1204 4790 1499 4852 Postremo
1553 4811 1728 4868 quem
1785 4796 2017 4869 longius
2067 4797 2152 4854 ire

438 4878 756 4953 eompellis,
777 4895 881 4938 cur
931 4888 1263 4940 catenarum
1308 4884 1558 4942 nexibus
1604 4901 1720 4942 non
1766 4885 2152 4944 absolvis?Si

437 4967 528 5025 vis
565 4975 779 5037 tenere,
816 4983 918 5025 cur
955 4969 1241 5029 mittitur?
1271 4971 1330 5029 Si
1359 4973 1446 5030 vis
1475 4972 1717 5044 mittere,
1752 4990 1856 5033 cur
1893 4972 2152 5048 ligatur?

436 5059 696 5118 maxime
731 5074 867 5117 cum
902 5066 1119 5119 catena:
1152 5057 1268 5120 tute
1295 5079 1413 5122 non
1439 5063 1624 5137 magis
1659 5065 1909 5124 nexibus
1951 5067 2149 5138 ligent,

437 5164 612 5225 quam
650 5149 1004 5224 ponderibus
1043 5155 1329 5225 gravent?
1368 5154 1632 5225 Econtra,
1666 5155 1766 5213 ubi
1798 5171 1955 5214 mare
1985 5156 2152 5215 detu-

437 5239 657 5310 mescit,
688 5246 749 5298 tu
788 5238 1044 5310 inﬂaris;
1071 5241 1172 5299 ubi
1204 5249 1415 5300 ventus
1453 5243 1573 5300 vim
1614 5251 1908 5318 temperat,
1939 5251 1999 5303 tu
2033 5247 2152 5319 spi-

439 5341 558 5397 ras;
582 5328 684 5386 ubi
722 5329 914 5386 Eurus
942 5337 1141 5400 cessat,
1177 5336 1238 5386 tu
1267 5331 1491 5402 sumas;
1532 5349 1705 5404 quem
1743 5335 1992 5408 procella
2029 5350 2152 5392 me-

442 5415 551 5471 tuit
594 5432 870 5490 mergere,
903 5423 964 5476 tu
1007 5433 1124 5476 non
1159 5418 1392 5476 dubitas
1426 5420 1488 5478 in
1527 5423 1772 5495 equuleo
1810 5423 2148 5494 sublevare;

441 5517 616 5576 quem
652 5505 860 5578 frigida
897 5507 998 5564 vix
1035 5509 1208 5567 audet
1241 5508 1398 5566 unda
1435 5511 1798 5584 pertundere,
1833 5520 1894 5572 tu
1926 5529 2040 5572 non
2077 5514 2152 5571 ti-

442 5603 566 5649 mes
608 5593 790 5665 aquisi
818 5595 1182 5656 ferventibus
1214 5597 1668 5660 6|iXBI‘6uFUI‘OI‘
1711 5609 1852 5663 tuus
1885 5605 2150 5666 omnium

2241 4463 2378 4506 cum
2426 4448 2638 4506 sanctis
2689 4449 2749 4506 in
2802 4449 2910 4506 hoc
2955 4447 3174 4507 saeculo
3207 4465 3460 4522 carpere,
3494 4451 3543 4510 si
3579 4455 3951 4525 postmodum

2240 4537 2509 4597 volumus
2538 4537 2608 4595 ad
2632 4553 2832 4596 eorum
2861 4537 3060 4610 gaudii
3089 4536 3451 4597 latitudinem
3484 4541 3802 4614 pervenire.
3839 4541 3950 4611 Qui

2237 4627 2395 4685 enim
2417 4625 2554 4683 dicit
2577 4641 2638 4683 se
2659 4625 2716 4682 in
2742 4625 2967 4683 Christo
2991 4627 3444 4700 manere,debet,
3465 4630 3612 4688 sicut
3634 4628 3732 4688 ille
3749 4630 3952 4689 ambu-

2235 4714 2395 4786 lavit,
2432 4721 2488 4772 et
2525 4714 2649 4787 ipse
2689 4713 2988 4772 ambulare
3043 4717 3219 4788 (Joan.
3257 4718 3339 4786 11.)
3381 4716 3585 4776 Procul
3623 4719 3804 4778 dubio
3841 4735 3949 4778 au-

2239 4809 2352 4862 tem
2389 4820 2421 4861 a
2478 4802 2733 4877 vestigiis
2775 4803 2986 4862 Christi
3032 4806 3333 4879 exorbitat,
3363 4807 3463 4881 qui
3513 4815 3815 4884 angustam
3859 4811 3950 4869 fu-

2236 4894 2419 4968 giens,
2463 4892 2784 4952 latitudinis
2835 4895 2989 4953 viam
3035 4896 3212 4955 calcat
3259 4921 3272 4956 :
3327 4921 3347 4951 α
3400 4899 3507 4957 Per
3546 4900 3754 4959 multas
3791 4902 3950 4960 enim

2237 4981 2636 5040 tribulationes
2695 4987 2914 5056 oportet
2969 4997 3074 5041 nos
3127 4984 3365 5044 introire
3416 4986 3478 5044 in
3532 5004 3777 5062 regnum
3845 4989 3950 5049 Dei

2237 5072 2376 5144 (Act.
2423 5072 2567 5144 XIV).
2622 5095 2648 5123 »
2690 5073 2850 5142 Ecce,
2903 5071 2970 5131 B.
3019 5073 3390 5147 Apollinaris,
3421 5077 3586 5150 cujus
3627 5077 3797 5136 hodie
3842 5095 3949 5138 nos

2239 5160 2443 5218 festiva
2473 5159 2597 5217 dies
2626 5159 2846 5231 illuxit,
2879 5176 2996 5219 non
3027 5166 3280 5222 terrenos
3314 5165 3557 5225 honores
3595 5167 3800 5238 voluit,
3831 5185 3948 5227 non

2237 5249 2468 5308 fallaces
2495 5249 2728 5307 divitias
2752 5251 3139 5323 congregavit,
3175 5267 3288 5309 non
3327 5255 3533 5312 mundi
3568 5255 3811 5329 gloriam
3848 5275 3949 5332 pe-

2238 5338 2345 5410 tiit,
2398 5354 2515 5396 non
2563 5338 2906 5396 transitoriae
2962 5340 3336 5413 possessionis
3382 5344 3601 5417 praedia
3645 5345 3946 5418 dilatavit;

2236 5424 2589 5500 propinquos
2631 5428 2864 5500 sprevit,
2918 5428 3166 5501 patriam
3207 5429 3539 5505 dereliquit,
3575 5433 3950 5508 semetipsum

2235 5529 2467 5588 quoque
2495 5515 2759 5599 funditus
2779 5515 3117 5590 abnegavit;
3147 5518 3217 5576 ad
3239 5525 3568 5579 extremum
3595 5539 3829 5597 quoque
3854 5539 3954 5595 per

2238 5607 2477 5683 ferrum,
2507 5627 2607 5684 per
2653 5611 2894 5686 gladios,
2925 5626 3029 5685 per
3078 5611 3212 5686 tela,
3259 5629 3361 5688 per
3407 5613 3589 5690 ignes,
3629 5632 3732 5692 per
3770 5632 3957 5677 moro-
