4184 6458
239 331 352 417 677

1734 336 1983 398 SERMO
2022 336 2258 399 XXXII.

3635 347 3740 410 678

238 478 333 521 sas
377 469 433 520 et
481 461 818 519 innumeras
866 469 1078 521 mortes
1123 479 1293 537 regna
1343 464 1562 523 siderea
1605 466 2118 538 penetravit.Ates
2157 467 2411 540 proprias
2451 467 2506 525 in
2545 469 2820 527 omnibus
2870 470 3150 544 frangere,
3179 478 3235 530 et
3278 473 3512 548 majoris
3548 477 3736 551 impe-

239 553 340 613 Sic
379 554 443 612 in
481 553 692 611 sanctis
744 554 875 613 luce
919 554 1132 615 clarius
1183 557 1601 627 manifestatur,
1649 559 1803 632 quod
1849 573 1953 631 per

237 644 553 703 Veritatem
579 645 642 703 in
672 645 990 718 Evangelio
1018 647 1233 705 dicitur
1267 667 1279 705 :
1320 671 1342 700 ε
1380 646 1529 717 Quia
1558 663 1802 720 regnum
1834 663 1952 706 cre-

237 739 430 797 lorum
501 739 622 796 vim
693 738 926 811 patitur,
1003 742 1058 796 et
1128 737 1367 798 violenti
1445 738 1730 812 diripiunt
1805 739 1950 796 illud

239 831 461 902 (Matth.
494 831 598 902 ΧΙ).
639 850 667 883 )›

303 917 502 992 Neque
535 923 727 976 tamen
767 918 878 975 hoc
906 916 1176 990 dicimus,
1217 922 1284 978 ut
1318 916 1408 977 illi
1438 915 1803 977 solummodo
1832 933 1949 976 cce-

236 1006 480 1066 lestibus
511 1007 671 1081 digni
711 1008 968 1082 praemiis
1000 1010 1342 1080 habeantur,
1385 1009 1488 1084 qui
1517 1017 1950 1083 persecutorem

234 1095 444 1168 gladiis
471 1097 783 1157 feriuntur.
827 1097 991 1171 Saepe
1023 1098 1179 1157 enim
1208 1099 1380 1158 multi
1419 1100 1688 1172 perfectae
1735 1106 1790 1157 et
1819 1099 1950 1157 lau-

234 1183 449 1244 dabilis
495 1187 633 1243 vita}
670 1187 781 1244 viri
836 1193 948 1246 toto
994 1189 1205 1246 mentis
1246 1188 1529 1246 desiderio
1574 1187 1644 1245 ad
1690 1185 1954 1260 martyrii

234 1274 552 1334 voluerunt
588 1275 821 1334 culmen
851 1277 1130 1350 attingere
1160 1300 1174 1348 ;
1211 1278 1308 1335 sed
1343 1277 1484 1350 quia
1521 1277 1720 1334 divina
1753 1276 1950 1350 provi-

235 1364 434 1422 dentia
469 1363 637 1423 aliter
675 1366 877 1438 sensit,
918 1368 977 1424 in
1016 1383 1121 1425 suo
1161 1365 1344 1439 gradu
1374 1367 1551 1424 coacti
1589 1373 1728 1423 sunt
1760 1381 1947 1424 rema-

236 1470 379 1512 nere
403 1472 418 1525 ;
448 1455 550 1528 qui
576 1455 801 1514 etiamsi
831 1471 1198 1530 nequaquam
1229 1455 1453 1515 fuerint
1476 1472 1579 1529 per
1603 1456 1949 1529 martyrium

235 1546 648 1616 consummati,
689 1563 722 1604 a
764 1547 1028 1622 martyrii
1068 1554 1259 1605 tamen
1303 1547 1485 1620 gloria
1525 1547 1768 1604 minime
1815 1555 1952 1607 sunt

235 1633 438 1691 alieni.
472 1633 619 1692 Nam
656 1642 708 1693 et
737 1637 918 1694 sancti
946 1636 1217 1710 discipuli
1247 1637 1310 1694 Β.
1345 1636 1720 1710 Apollinaris,
1756 1637 1947 1695 Adhe-

235 1723 388 1782 ritus
436 1724 705 1783 videlicet
761 1732 818 1784 et
879 1727 1207 1799 Calocerus,
1269 1726 1595 1786 Marcianus
1658 1733 1711 1785 et
1775 1728 1947 1798 Eleu-

2031 555 2118 612 rio
2161 555 2460 613 humiliter
2506 555 2759 614 obedire.
2804 557 3082 632 Quisquis
3125 567 3316 619 autem
3369 578 3471 636 per
3517 567 3737 639 proprii

2031 644 2250 701 arbitrii
2283 643 2648 703 latitudinem
2677 646 2899 716 defluit,
2947 649 3149 720 pedem
3183 651 3396 709 mentis
3423 653 3496 710 ab
3543 669 3736 728 angu-

2032 742 2135 792 sta-3
2167 733 2275 791 viae
2304 734 2508 792 semita
2537 735 2869 794 declinavit.
2906 735 3017 794 Sed
3051 745 3206 795 tanto
3241 754 3342 811 per
3375 740 3522 797 hanc
3561 757 3736 800 suum

2030 823 2140 880 iter
2165 822 2394 895 plenius
2419 822 2636 896 dirigit,
2673 831 2889 898 quanto
2923 842 2984 884 se
3013 827 3226 885 arctius
3254 829 3316 885 in
3349 829 3508 902 ligno
3544 830 3737 889 cordis

2029 913 2211 972 clavis
2238 912 2584 971 obedientize
2617 914 2926 988 cruciﬁgit.

2104 1001 2213 1060 Sed
2240 1002 2379 1076 quia
2419 1003 2491 1060 ad
2539 1004 2982 1062 mdiﬁcationem
3029 1012 3302 1076 nostram,
3345 1006 3730 1082 dilectissimi,

2027 1091 2207 1163 hujus
2234 1097 2347 1148 tam
2395 1092 2706 1165 praecipuae
2738 1093 2969 1151 virtutis
3010 1097 3343 1168 exemplum
3385 1113 3598 1170 ponere
3627 1114 3729 1156 vo-

2029 1179 2246 1250 lumus,
2291 1181 2429 1252 quia
2478 1181 2550 1236 de
2598 1180 2760 1238 nullo
2805 1181 2978 1240 citius
3024 1185 3292 1255 occurrit,
3340 1185 3478 1244 hinc
3521 1187 3589 1243 de
3617 1202 3732 1260 quo

2027 1267 2237 1337 agitur,
2285 1267 2349 1325 Β.
2395 1268 2791 1341 Apollinarem
2835 1271 2906 1328 ad
2941 1273 3198 1330 medium
3240 1273 3613 1333 deducamus.
3660 1275 3758 1333 Ut'

2029 1355 2186 1413 enim
2214 1356 2334 1428 jam
2385 1356 2647 1425 audistis,
2679 1358 2741 1414 in
2786 1358 2909 1431 ipso
2945 1368 3236 1430 gestorum
3271 1362 3432 1420 illius
3463 1369 3733 1422 narratur

2030 1448 2288 1518 exordio,
2321 1447 2459 1520 quia
2495 1447 2559 1504 B.
2602 1447 2805 1506 Petrus
2835 1452 3130 1523 apostolus
3167 1453 3249 1510 ait
3289 1454 3616 1526 Apollinari
3644 1455 3734 1513 di-

2029 1538 2249 1611 scipulo
2279 1553 2384 1596 suo
2419 1557 2430 1595 :
2462 1537 2611 1607 Quid
2635 1538 2800 1596 sedes
2828 1540 3174 1600 nobiscum?
3203 1542 3346 1600 Ecce
3385 1544 3646 1602 eruditus
3672 1560 3734 1603 es

2029 1627 2100 1686 de
2125 1627 2400 1686 omnibus
2425 1642 2559 1702 quae
2583 1628 2716 1686 fecit
2750 1629 2938 1687 Jesus.
2976 1629 3178 1703 Surge,
3217 1632 3409 1704 accipe
3450 1631 3734 1706 Spiritum

2029 1723 2316 1787 sanctum,
2356 1716 2649 1791 simulque
2677 1717 3094 1790 pontificatum,
3128 1728 3184 1778 et
3218 1736 3388 1794 perge
3417 1722 3490 1779 ad
3529 1723 3731 1782 urbem

236 1811 502 1884 chadius,
570 1814 701 1872 licet
750 1829 1122 1891 nequaquam
1175 1816 1518 1876 carniﬁcum
1585 1816 1776 1891 gladio
1831 1817 1946 1875 sint
1961 1824 2009 1885 Β
2029 1821 2162 1879 quae
2199 1811 2434 1864 vocatur
2470 1806 2768 1864 Ravenna.
2813 1806 3120 1866 Multitudo
3157 1809 3315 1866 enim
3371 1809 3568 1883 populi
3614 1811 3735 1869 illic

237 1903 519 1977 percussi,
579 1920 614 1961 a
669 1905 932 1980 martyrii
996 1912 1190 1965 tamen
1257 1906 1541 1965 desiderio
1616 1907 1950 1968 nullatenus
2035 1902 2311 1966 moratur,
2343 1895 2588 1970 Ρΐὶθάίσθ
2627 1895 2710 1953 Eis
2746 1895 2817 1952 de
2859 1897 3094 1954 nomine
3138 1897 3298 1966 193“:
3328 1905 3384 1955 θί
3423 1913 3494 1954 ηε
3531 1899 3737 1958 formi'

237 1992 557 2051 creduntur
585 1992 764 2051 fuisse
789 1995 1074 2066 extranei,
1105 1995 1202 2053 sed
1231 1997 1598 2070 omnipotens
1635 1996 1810 2069 Deus,
1844 1998 1950 2072 qui
2033 1984 2280 2043 davel‘is-
2343 1985 2408 2042 El
2465 1985 2639 2058 P511110
2689 1991 2817 2059 P05t
2867 1985 3241 2059 SUblungitUP
3275 2006 3286 2043 ε
3348 1987 3420 2044 Εἴ
3465 1989 3738 2047 086111308

235 2096 338 2138 eos
373 2089 504 2140 ante
535 2082 752 2140 saecula
787 2081 1102 2141 clementer
1139 2084 1329 2157 elegit,
1375 2085 1437 2142 in
1476 2101 1594 2158 quo
1633 2085 1817 2144 voluit
1854 2101 1949 2144 or-
2034 2089 2195 2144 eum,
2249 2073 2440 2132 emiSit
2488 2091 2520 2132 ἃ
2576 2089 2656 2132 εθο
2719 2073 3079 2148 Ρθΐρθηάἱῖθ›
3133 2075 3339 2132 fratres
3387 2076 3522 2146 mei,
3561 2092 3737 2149 cillam

235 2170 395 2240 dine,
441 2172 722 2244 profunda
754 2173 983 2231 consilii
1013 2174 1104 2232 sui
1143 2174 1572 2248 dispensatione
1605 2174 1903 2233 constituit
1933 2196 1947 2250 ;

235 2275 373 2334 quae.
405 2261 674 2334 quamvis
711 2262 784 2318 sit
828 2261 995 2319 nobis
1032 2263 1276 2332 occulta,
1320 2263 1483 2320 nullo
1525 2265 1694 2322 modo
1754 2270 1948 2322 tamen

236 2348 396 2406 credi
423 2349 590 2408 debet
615 2350 828 2424 injusta
855 2369 870 2421 ;
905 2351 1173 2426 quamvis
1209 2353 1282 2409 sit
1322 2351 1946 2426 incomprehensibilis,

238 2435 410 2494 nullo
437 2437 606 2494 modo
639 2444 830 2496 tamen
860 2440 1143 2497 censenda
1183 2440 1680 2513 reprehensibilis.
1723 2440 1819 2500 Sic
1855 2457 1949 2499 ar-

237 2527 521 2586 chitectus
568 2544 703 2587 cum
749 2529 1027 2602 parietem
1088 2530 1300 2588 domus
1348 2531 1614 2599 aediﬁcat,
1666 2531 1812 2588 alios
1865 2533 1948 2590 la—

236 2617 403 2691 pides
440 2617 502 2674 in
557 2615 691 2674 imis
729 2617 1029 2690 aequaliter
1065 2618 1361 2686 construit,
1404 2618 1548 2675 alios
1603 2617 1664 2675 in
1705 2621 1951 2678 summis

239 2705 552 2764 artiﬁciosa
579 2706 936 2766 sublimitate
965 2707 1279 2779 componit.
1316 2706 1427 2764 Sed
1468 2707 1610 2766 dum
1647 2707 1735 2764 illi
1777 2724 1949 2782 supe-

240 2795 366 2852 rius
409 2796 688 2868 eminent,
734 2797 828 2854 isti
876 2797 1122 2855 inferius
1155 2797 1368 2870 jacent,
1401 2798 1669 2856 concordi
1701 2797 1949 2856 diversi-

241 2889 354 2941 tate
406 2899 593 2942 unum
647 2885 824 2943 simul
879 2886 1154 2960 parietem
1209 2886 1515 2959 complent.
1579 2886 1674 2945 Sic
1733 2889 1950 2960 peritus

237 2975 448 3032 artifex
505 2990 637 3033 cum
690 2991 886 3044 aurea,
953 2974 1047 3032 vel
1105 2981 1374 3046 argentea
1435 2991 1572 3034 vasa
1635 2979 1946 3050 componit,

2035 2161 2215 2220 libera
2250 2162 2312 2220 in
2357 2163 2630 2236 magistro
2659 2162 3034 2236 praecipiendi
3078 2163 3408 2235 auctoritas,
3439 2180 3616 2238 quam
3643 2165 3742 2223 de-

2035 2268 2165 2319 vota
2194 2261 2257 2318 in
2285 2260 2572 2334 discipulo
2597 2260 2902 2319 obediendi
2955 2260 3255 2319 humilitas
3284 2281 3296 2319 :
3339 2277 3514 2333 quam
3542 2279 3742 2337 prom-

2033 2355 2166 2424 ptus
2206 2349 2306 2406 ille
2335 2350 2446 2407 fuit
2475 2351 2546 2407 ad
2575 2349 2996 2423 imponendum
3025 2351 3253 2424 imperii
3295 2352 3528 2426 jugum,
3561 2369 3741 2429 quam

2035 2438 2142 2495 iste
2193 2445 2425 2511 paratus
2478 2438 2699 2496 exstitit
2754 2437 2826 2494 ad
2885 2438 3346 2498 submittendum
3395 2441 3740 2500 obedientiaa

2035 2528 2275 2586 collum.
2326 2527 2430 2585 Ille
2474 2528 2756 2600 jussionis
2807 2544 2930 2586 sum
2977 2531 3342 2588 severitatem
3391 2531 3739 2591 blandiendo

2035 2632 2153 2674 non
2185 2623 2477 2690 temperat,
2513 2617 2613 2674 ille
2645 2617 2784 2674 tanti
2834 2617 3043 2674 laboris
3075 2619 3272 2676 subire
3302 2620 3587 2678 sarcinam
3619 2635 3737 2678 non

2034 2713 2280 2763 recusat.

2110 2796 2308 2855 Solent
2374 2795 2670 2854 mundana
2717 2795 3052 2869 eloquentia
3109 2796 3322 2855 eruditi
3387 2797 3734 2857 locutionem

2036 2901 2202 2944 suam
2274 2884 2545 2943 rhetorici
2621 2884 2824 2942 coloris
2893 2888 3175 2943 suavitate
3247 2900 3606 2959 componere,
3683 2894 3740 2946 et

2035 2989 2282 3048 quaeque
2313 2974 2588 3044 difﬁcilia,
2631 2990 2764 3032 cum
2804 2975 3030 3044 volunt,
3069 2973 3298 3031 blandis
3346 2979 3403 3031 et
3432 2973 3742 3048 exquisitis

236 3063 371 3121 aliis
415 3063 670 3121 diversas
711 3063 1035 3136 sculpturas
1076 3069 1134 3118 et
1173 3063 1459 3134 imagines
1497 3064 1799 3136 imprimit,
1838 3066 1950 3123 alia
2036 3065 2230 3122 verbis
2260 3065 2408 3122 levia
2436 3065 2848 3134 demonstrare,
2883 3071 2946 3123 ut
2975 3064 3023 3122 si
3053 3063 3288 3138 quando
3314 3080 3492 3137 grave
3517 3064 3740 3138 aliquid

237 3167 377 3209 vero
425 3151 788 3209 solummodo
848 3151 1019 3224 polita
1071 3165 1145 3208 ex
1195 3151 1385 3208 studio
1436 3152 1830 3226 derelinquit;
1887 3154 2344 3243 utGimperant,
2381 3155 2701 3213 auditorem
2744 3154 2814 3212 ad
2855 3170 2958 3212 sua
2987 3162 3119 3213 vota
3145 3161 3504 3214 convertant.
3530 3154 3743 3213 Beatus

236 3239 383 3296 dum
407 3240 470 3296 in
507 3239 617 3310 his,
654 3240 761 3298 hoc
785 3245 869 3297 est
897 3239 1279 3312 simplicibus,
1323 3241 1608 3299 naturalis
1637 3243 1793 3300 color
1831 3243 1948 3300 cla-
1983 3239 2014 3243 w
2035 3260 2172 3302 vero
2199 3244 2492 3317 apostolus
2535 3260 2652 3302 non
2681 3243 2895 3301 blanda
2925 3244 3098 3303 verba
3132 3244 3479 3316 composuit,
3511 3260 3631 3303 non
3658 3243 3744 3303 rei

236 3329 361 3388 rius
398 3330 642 3400 rutilat;
691 3331 753 3387 in
799 3329 920 3388 illis
965 3344 1120 3400 vero,
1163 3328 1220 3386 id
1261 3337 1366 3402 est,
1408 3331 1773 3405 anaglyphis,
1808 3347 1948 3389 ana-
2031 3343 2309 3392 eventum
2357 3350 2698 3408 prosperum
2739 3335 3086 3406 repromisit,
3137 3335 3234 3391 sed
3280 3350 3404 3392 rem
3444 3335 3741 3395 difﬁcilem

236 3421 440 3494 glyphi
481 3421 784 3494 sculptoris
822 3420 1126 3493 ingenium
1158 3436 1251 3476 ars
1281 3420 1536 3478 studiosa
1561 3422 1946 3494 commendat,
2030 3422 2370 3494 simpliciter
2400 3422 2722 3494 imperavit.
2754 3421 2912 3478 Inter
2942 3423 3067 3478 hinc
3091 3421 3242 3479 illud
3268 3421 3441 3479 etiam
3469 3423 3542 3479 ad
3572 3439 3742 3482 men-

237 3512 621 3584 spectantium
668 3509 865 3568 oculos
917 3509 1162 3583 pulchra
1203 3509 1274 3566 ad
1336 3525 1394 3566 se
1452 3525 1647 3567 rerum
1703 3511 1950 3568 varietas
2032 3518 2146 3568 tem
2188 3511 2353 3579 redit,
2382 3511 2537 3585 quod
2569 3510 2851 3568 Dominus
2877 3509 3126 3567 Abrahae
3167 3509 3449 3568 dissimile
3478 3511 3739 3584 quidem,

235 3601 443 3658 trahat.
487 3600 973 3658 Indumentorum
1015 3614 1246 3674 quoque
1285 3598 1569 3671 regalium
1598 3599 1710 3657 alia
1745 3600 1948 3658 viden-
2029 3604 2129 3661 sed
2176 3617 2294 3660 non
2346 3600 2706 3659 dissimiliter
2748 3601 2921 3674 jussit
2955 3625 2968 3658 :
3008 3624 3030 3651 «ι
3065 3599 3246 3673 Tolle,
3291 3600 3502 3674 inquit,
3551 3603 3742 3663 ﬁlium

235 3696 330 3750 tur
357 3691 670 3764 conchylii,
699 3689 793 3748 vel
826 3690 1065 3749 muricis
1095 3689 1416 3761 sanguineo
1442 3691 1654 3749 rubore
1690 3693 1942 3765 perfusa,
2031 3697 2218 3762 tuum,
2249 3706 2426 3764 quem
2453 3690 2651 3763 diligis
2689 3689 2868 3759 Isaac,
2907 3698 2962 3746 et
2989 3689 3130 3747 oii‘er
3163 3689 3334 3748 illum
3369 3691 3515 3748 mihi
3544 3692 3604 3749 in
3630 3693 3742 3750 ho-

233 3780 345 3838 alia
376 3796 509 3838 vero
536 3781 694 3838 nivei
727 3779 934 3838 coloris
964 3780 1148 3837 nitore
1178 3779 1500 3838 candentia.
2029 3781 2353 3840 locaustum
2401 3782 2554 3850 (Gen.
2606 3786 2760 3848 XXI).
2803 3801 2824 3830 ι
2863 3778 3160 3838 Suﬂieeret
3201 3795 3454 3853 namque
3493 3779 3746 3840 Domino

306 3869 418 3928 Sed
447 3870 588 3928 dum
627 3886 700 3927 ex
736 3871 966 3943 propria
1020 3869 1293 3942 qualitate
1336 3870 1488 3927 inter
1535 3887 1596 3930 se
1631 3875 1943 3932 admodum
2028 3870 2218 3929 dicere
2251 3890 2264 3928 :
2303 3894 2328 3922 α
2355 3869 2519 3927 Tolle
2550 3869 2738 3927 ﬁlium
2772 3875 2936 3926 tuum
2967 3886 3025 3940 u;
3057 3868 3157 3926 sed
3181 3868 3446 3940 adjungit
3472 3892 3484 3926 :
3515 3894 3542 3918 ‹‹
3565 3886 3742 3942 quem

233 3956 536 4030 diti‘erunt,
564 3975 744 4017 unam
786 3965 977 4016 tamen
1005 3959 1345 4034 dignitatem
1384 3963 1454 4019 de
1485 3979 1574 4035 eo,
1612 3961 1756 4018 164
1792 3963 1946 4039 quod
2028 3959 2224 4032 diligis
2264 3959 2443 4028 Isaac,
2471 3984 2496 4007 κ
2529 3966 2592 4016 ut
2640 3958 2871 4016 reducta
2921 3958 3068 4031 patri
3111 3957 3182 4014 ad
3229 3973 3397 4016 aures
3440 3957 3748 4017 dilectione

231 4048 621 4106 communiter
667 4054 997 4121 contegunt,
1045 4064 1278 4121 corpore
1334 4051 1484 4124 regis
1541 4052 1797 4110 trahunt.
1853 4051 1949 4110 Sic
2030 4049 2172 4119 ﬁlii,
2232 4047 2569 4120 probaretur
2624 4047 2685 4104 in
2738 4047 2934 4104 animo
2990 4053 3243 4120 quantus
3307 4046 3532 4106 viveret
3585 4063 3748 4106 amor

232 4137 535 4207 nimirum,
570 4137 652 4195 sic
687 4137 1052 4210 omnipotens
1091 4137 1248 4197 Deus
1278 4139 1418 4197 dum
1459 4139 1669 4198 electos
1714 4156 1848 4198 suos
1873 4141 1947 4198 ad
2028 4138 2171 4210 Dei;
2213 4144 2504 4211 quatenus
2539 4135 2735 4194 audita
2767 4133 2998 4193 dilectio
3034 4134 3142 4191 ﬁlii
3188 4141 3494 4208 paternum
3545 4143 3746 4208 pectus

236 4226 414 4283 unius
445 4226 735 4283 felicitatis
763 4227 1009 4299 gradum
1037 4229 1321 4300 provehit,
1364 4228 1638 4286 Ecclesiae
1667 4245 1790 4287 sum
1819 4246 1947 4288 cor-
2027 4227 2392 4297 accenderet;
2443 4226 2542 4284 sed
2598 4239 2801 4284 rursus
2853 4232 3238 4299 exsuperante
3287 4223 3477 4282 divini
3533 4228 3749 4285 amoris

236 4331 346 4390 pus
392 4335 495 4391 per
546 4319 705 4376 varia
757 4319 1156 4378 membrorum
1219 4320 1567 4379 lineamenta
1619 4315 1944 4394 distinguit.
2033 4315 2175 4372 165
2227 4317 2495 4387 ﬂamina,
2554 4315 2928 4387 semetipsum
2977 4314 3326 4373 obedientien
3382 4313 3574 4388 gladio
3625 4330 3750 4372 ma-

235 4406 392 4464 Hinc
417 4415 499 4464 est
529 4407 708 4478 enim,
740 4409 893 4482 quod
933 4425 1034 4481 per
1071 4411 1415 4482 Apostoluin
1454 4411 1712 4469 dicitur:
1761 4411 1949 4484 «Ipse
2027 4415 2206 4476 etans,
2236 4406 2297 4464 in
2353 4423 2452 4464 ara
2507 4405 2696 4463 cordis
2751 4406 2948 4463 verius
2998 4405 3346 4464 immolaret.
3388 4404 3512 4463 Hoc
3574 4406 3750 4462 etiam

237 4495 398 4553 dedit
443 4497 724 4570 quosdam
772 4498 1010 4571 quidem
1062 4499 1367 4572 apostolos,
1420 4501 1701 4573 quosdam
1753 4496 2208 4598 autemDmodo
2246 4497 2456 4598 beatus
2500 4495 2792 4594 apostolus
2838 4509 2971 4553 cum
3018 4495 3304 4598 discipulo
3336 4510 3442 4598 suo
3476 4495 3748 4594 diceret:

238 4586 572 4659 prophetas,
609 4587 753 4644 alios
805 4603 941 4646 vero
990 4588 1394 4661 evangelistas,
1446 4590 1590 4648 alios
1619 4596 1813 4648 autem
1860 4583 2014 4662 ρει-⁸³
2041 4586 2219 4658 Perge
2246 4585 2608 4656 Ravennam,
2637 4601 2703 4642 ac
2725 4583 2774 4641 si
2803 4590 3078 4643 terrorem
3107 4585 3220 4642 sibi
3259 4583 3432 4642 vellet
3471 4583 3753 4655 incutere,

239 4681 426 4733 stores
454 4681 514 4733 et
546 4676 823 4746 doctores,
868 4677 938 4733 ad
984 4679 1545 4736 consummationem
1598 4683 1950 4748 sanctorum,
2040 4675 2304 4748 protinus
2352 4673 2572 4731 addidit
2604 4672 2954 4732 :Multitudo
3002 4673 3161 4731 enim
3206 4671 3405 4745 populi
3453 4669 3576 4729 illic
3619 4685 3750 4729 mo-

239 4763 303 4822 in
343 4779 488 4836 opus
528 4763 858 4834 ministerii,
908 4767 970 4822 in
1016 4767 1462 4824 mdiiicationem
1508 4766 1765 4840 corporis
1797 4765 1956 4823 Chri-

239 4851 314 4911 sti
351 4855 571 4924 (Ephes.
614 4858 718 4923 1V).
753 4879 778 4902 ››
819 4853 928 4912 Sed
959 4853 1092 4912 licet
1119 4854 1280 4911 varia
1325 4855 1398 4912 sit
1429 4854 1732 4912 diversitas
1769 4859 1956 4912 trans-

241 4941 534 5014 euntium,
583 4957 702 4999 una
744 4949 936 5000 tamen
981 4951 1066 5000 est
1117 4943 1230 5012 via,
1275 4960 1377 5016 per
1417 4959 1593 5017 quam
1631 4945 1952 5002 transitur:

241 5031 347 5090 illa
385 5031 691 5098 nimirum,
739 5047 914 5104 quam
953 5031 1177 5089 Veritas
1216 5048 1276 5090 se
1315 5033 1695 5105 sequentibus
1735 5039 1957 5090 sterne-

241 5119 362 5189 bat,
407 5135 541 5178 cum
573 5120 786 5177 diceret
818 5139 830 5178 :
887 5143 912 5170 α
942 5121 1210 5191 Angusta
1240 5126 1325 5176 est
1358 5119 1470 5191 via,
1511 5136 1646 5193 quae
1688 5121 1849 5179 ducit
1886 5121 1958 5178 ad

244 5207 467 5277 vitam;
540 5214 594 5264 et
640 5208 812 5280 pauci
861 5213 1016 5276 sunt,
1072 5206 1175 5280 qui
1223 5205 1630 5280 ingrediantur
1683 5223 1785 5281 per
1829 5223 1956 5266 eam

245 5300 469 5364 (Matth.
507 5303 635 5366 vn).
670 5320 696 5348 ι»
727 5297 892 5355 Hanc
927 5297 1083 5356 viam
1123 5297 1246 5370 ipse
1277 5295 1564 5356 Dominus
1593 5299 1777 5356 tenuit
1811 5317 1825 5369 ;
1860 5314 1960 5371 per

247 5391 397 5448 hanc
425 5388 765 5464 quicunque
797 5404 931 5448 eum
959 5387 1129 5462 sequi
1161 5387 1433 5459 voluerit,
1472 5387 1739 5446 incedere
1763 5390 1958 5464 jussit.

247 5477 410 5535 Hanc
441 5479 595 5536 viam
640 5477 826 5536 sancti
859 5484 1143 5550 martyres
1189 5476 1349 5535 omni
1387 5475 1577 5534 studio
1625 5483 1958 5552 tenuerunt,

246 5574 563 5642 antequam
625 5567 698 5624 ad
780 5567 1130 5642 martyrium
1204 5567 1531 5641 pertingere
1589 5567 1960 5626 meruissent.

249 5657 570 5730 Angustam
609 5656 824 5731 quippe
869 5657 1022 5718 viam
1059 5660 1310 5733 perfecte
1345 5664 1540 5719 tenere
1572 5663 1662 5717 est
1688 5658 1961 5718 volunta-

2044 4772 2227 4822 ratur.

2116 4854 2341 4912 Poterat
2381 4859 2574 4911 autem
2625 4850 2690 4911 B.
2727 4851 3078 4926 Apollinaris
3125 4850 3398 4922 magistro
3445 4863 3551 4907 suo
3591 4849 3754 4906 verbi

2043 4943 2385 5018 hujusmodi
2421 4945 2767 5018 respondere
2807 4963 2818 5000 :
2863 4940 3296 4998 Multitudinem
3343 4938 3547 5013 populi
3587 4937 3757 5009 dicis,

2042 5040 2100 5091 et
2151 5049 2340 5092 unum
2395 5041 2591 5092 contra
2647 5031 3080 5091 multitudinem
3130 5029 3352 5102 dirigis.
3397 5029 3578 5088 Multa
3630 5042 3756 5086 esse

2044 5125 2298 5184 hostium
2338 5124 2571 5196 agmina
2609 5123 2730 5196 ipse
2764 5137 2882 5179 non
2921 5136 3133 5194 negas;
3174 5125 3228 5178 et
3258 5135 3446 5178 unum
3473 5119 3757 5176 inermem

2045 5213 2341 5271 hominem
2399 5219 2594 5269 contra
2643 5225 2740 5268 eos
2797 5211 3023 5267 mittere
3071 5223 3186 5266 non
3237 5205 3564 5266 formidas?
3602 5206 3759 5274 Quo-

2044 5302 2216 5360 modo
2247 5301 2524 5374 pugnabit
2555 5298 2710 5357 nuda
2742 5297 2938 5372 lingua
2962 5298 3141 5357 unius
3179 5298 3436 5356 hominis
3475 5295 3758 5355 adversus

2044 5397 2295 5447 armatas
2323 5403 2534 5446 manus
2558 5387 2907 5446 adversariae
2943 5383 3386 5446 multitudinis?
3413 5384 3566 5455 Quid
3596 5391 3759 5458 pote-

2046 5480 2122 5538 rit
2168 5479 2422 5537 imbellis
2467 5478 2754 5551 peregrini
2791 5489 3036 5553 persona
3081 5479 3361 5536 adversus
3398 5483 3478 5538 tot
3515 5477 3761 5535 fremen-

2047 5568 2195 5626 tium
2233 5567 2454 5627 civium
2490 5565 2768 5640 agmina?
2805 5567 2936 5626 Non
2973 5567 3120 5625 bene
3157 5571 3495 5641 coaequatur
3538 5580 3756 5640 pugna,

2044 5657 2150 5716 ubi
2185 5673 2261 5718 ex
2297 5673 2419 5719 una
2454 5656 2656 5730 lingua
2686 5655 2986 5731 iaciuntur
3011 5655 3212 5729 verba,
3239 5660 3300 5714 et
3329 5669 3404 5715 ex
3431 5653 3762 5717 innumeris
