4184 6492
455 319 564 384 679

1075 315 1133 375 S.
1172 313 1394 374 PETRI
1433 308 1755 371 DAMIANI
1793 309 1951 370 OPP.
1995 308 2186 370 PARS
2228 301 2367 367 SEU
2407 305 2658 367 TOMUS
2697 305 2774 365 ΙΙ.
2817 335 2882 348 -
2923 295 3339 364 SERMONES.

3850 301 3964 366 680

460 449 731 511 manibus
773 442 1139 504 incutiuntur
1183 438 1419 496 verbera
1451 453 1462 491 ε
1497 435 1597 495 ubi
1647 435 1781 491 hinc
1817 433 2162 492 emittuntur
2178 433 2451 496 Ahabere
2478 448 2612 491 cum
2639 432 2742 490 Dei
2771 430 3056 503 adjutorio
3094 443 3426 503 possumus.
3463 429 3661 502 Neque
3697 429 3860 486 enim
3889 429 3963 488 de

458 552 774 606 sermones,
803 533 939 591 inde
983 528 1214 587 evolant
1255 533 1462 584 vectes.
1521 525 1739 582 Saltem
1789 539 1978 581 unum
2017 524 2163 581 mihi
2237 519 2802 578 abrenuntiatoribus
2854 517 2995 576 Saul
3052 517 3256 585 fuerat,
3299 517 3400 590 qui
3445 516 3518 575 ab
3569 517 3714 573 irato
3760 523 3964 574 contra

459 630 678 690 socium
725 604 909 690 dares,
936 618 1206 678 solatium
1249 625 1361 674 tam
1405 613 1789 672 irremeabilis
1841 613 2165 686 peregrina-
2240 625 2376 668 eum
2415 608 2683 667 Samuele
2725 607 2996 666 audiebat
3037 630 3049 663 :
3105 627 3132 658 (ί
3174 605 3451 678 Nunquid
3489 604 3616 662 vult
3671 605 3963 662 Dominus

457 721 650 791 tionis,
681 719 774 776 vel
804 717 977 774 etiam
1012 711 1196 785 ipsius
1239 707 1664 784 praedicationis
1693 706 2015 778 adjutorem
2046 705 2156 762 im-

455 812 750 884 penderes.
801 806 945 862 Nam
973 809 1030 860 et
1053 803 1175 874 ipse
1205 799 1473 871 magister
1503 805 1638 854 tuus
1670 795 1955 852 Dominus
1992 794 2160 851 Jesus

454 899 716 958 Christus
752 911 886 954 cum
925 908 1024 951 vos
1051 891 1120 948 ad
1159 887 1594 963 praadicandum
1635 885 1882 942 mitteret
1912 899 2157 957 semper,

405 1021 412 1038 κ
454 997 623 1062 prout
660 1002 804 1059 opus
842 991 981 1049 erat,
1014 979 1178 1037 vobis
1217 977 1489 1034 solatium
1525 974 1849 1032 adhibebat.
1894 972 2157 1045 Evange-

455 1061 584 1134 lista
622 1090 870 1148 quoque,
911 1070 1016 1144 qui
1047 1069 1219 1126 illum
1267 1064 1626 1138 septuaginta
1663 1062 1809 1120 duos
1847 1061 2160 1118 destinasse

451 1167 525 1224 ad
576 1161 1006 1237 praedicandum
1061 1164 1270 1225 narrat,
1301 1171 1416 1213 non
1474 1169 1642 1222 unos,
1675 1153 1773 1209 sed
1819 1152 1987 1210 binos
2026 1158 2160 1208 ante

451 1253 652 1311 faciem
681 1266 848 1308 suam
879 1248 1104 1304 misisse
1135 1242 1469 1317 pronuntiat
1503 1245 1652 1309 (Luc.
1689 1252 1778 1310 X).
1812 1266 1822 1290 ι

525 1343 686 1412 llaec,
719 1349 774 1397 et
801 1338 985 1396 multa
1015 1334 1353 1407 huiusmodi
1399 1329 1790 1388 excusationis
1821 1329 1992 1386 verba
2020 1329 2157 1386 bea-

452 1438 546 1489 tus
587 1436 803 1500 martyr
838 1425 1114 1498 potuisset
1150 1418 1478 1488 obtendere,
1518 1417 1566 1473 si
1605 1414 1888 1472 indomita
1939 1415 2158 1471 cervice

453 1517 667 1577 mentis
713 1518 919 1588 jugum
965 1511 1237 1570 voluisset
1280 1506 1625 1566 obedientize
1672 1505 2000 1562 detrectare.
2047 1503 2156 1560 Ve-

453 1612 783 1664 rumtamen
828 1616 946 1658 non
997 1597 1222 1668 restitit,
1261 1613 1372 1654 non
1427 1592 1810 1662 contradixit;
1856 1592 1954 1649 sed
1995 1607 2153 1664 mox,

452 1701 520 1753 ut
559 1692 818 1765 jubentis
864 1688 1080 1761 accepit
1123 1686 1454 1759 imperium,
1487 1682 1727 1740 omnino
1770 1681 2012 1738 credidit
2049 1697 2154 1739 ne-

2243 699 2570 755 holocausta
2617 703 2674 752 et
2720 695 3001 765 victimas,
3036 701 3091 751 et
3134 709 3250 750 non
3294 692 3506 766 potius,
3545 699 3611 750 ut
3651 692 3963 750 obediatur

2243 788 2368 845 voci
2427 785 2703 842 Domini?
2763 785 2964 843 Melior
3020 791 3103 842 est
3150 782 3307 841 enim
3369 781 3714 854 obedientia,
3780 799 3960 854 quam

2241 875 2496 934 victima:
2522 877 2600 947 (II
2630 879 2760 944 Reg.
2802 878 2926 946 XV).
2964 895 2990 926 »

2313 964 2591 1038 Quisquis
2627 979 2761 1036 ergo
2802 963 3048 1036 perfecte
3087 962 3175 1019 vis
3215 961 3364 1018 hanc
3402 958 3615 1017 habere
3657 960 3958 1031 virtutem,

2242 1061 2361 1110 esto
2401 1053 2675 1110 obediens
2716 1052 2850 1122 Deo,
2901 1049 3006 1109 nec
3037 1059 3228 1109 tamen
3265 1050 3346 1107 sis
3376 1048 3716 1107 inobediens
3755 1051 3960 1123 proxi-

2245 1160 2360 1200 mo.
2393 1143 2494 1200 Vis
2543 1142 2744 1200 audire
2797 1143 3045 1216 qualiter
3092 1140 3328 1200 obedias
3379 1139 3542 1197 DeO?
3601 1138 3749 1196 Cave
3798 1141 3958 1213 quod

2244 1231 2554 1305 prohibet,
2584 1232 2761 1304 imple
2795 1230 2949 1304 quod
2973 1229 3159 1302 jubet.
3191 1228 3391 1302 Neque
3423 1228 3580 1285 enim
3612 1245 3801 1287 unum
3829 1229 3961 1287 sine

2241 1323 2420 1380 altero
2472 1323 2619 1380 valet
2658 1338 2780 1380 esse
2823 1321 3161 1395 perfectum.
3195 1319 3301 1377 Vis
3347 1319 3521 1377 etiam
3568 1320 3772 1378 audire
3808 1336 3960 1393 qua-

2241 1411 2371 1470 liter
2412 1413 2646 1470 obedias
2685 1411 3000 1485 proximo?
3040 1410 3185 1468 Cum
3227 1415 3278 1466 te
3317 1409 3489 1465 frater
3525 1414 3661 1466 tuus
3699 1408 3859 1466 videt
3897 1409 3962 1466 in

2239 1501 2475 1574 aliquod
2524 1501 2732 1558 vitium
2782 1498 3162 1566 delabentem,
3190 1506 3244 1555 et
3300 1496 3534 1569 corripit
3585 1504 3636 1555 te
3689 1497 3750 1553 in
3807 1497 3963 1556 bono

2239 1606 2410 1662 opere
2447 1590 2726 1664 tepidum,
2761 1596 2818 1648 et
2844 1591 2917 1648 ad
2947 1588 3234 1648 fervorem
3274 1594 3328 1645 te
3364 1587 3559 1645 verbis
3596 1586 3961 1646 charitativze

2240 1683 2661 1740 exhortationis
2707 1681 2988 1750 accendit,
3029 1680 3078 1738 si
3129 1695 3246 1738 non
3295 1678 3534 1748 resistis,
3564 1678 3612 1736 si
3660 1693 3778 1736 non
3817 1695 3960 1737 con-

451 1782 788 1850 cessarium,
823 1780 975 1852 quod
1009 1777 1118 1835 sibi
1147 1793 1250 1849 per
1276 1791 1340 1833 os
1366 1773 1624 1844 magistri
1649 1772 1722 1830 ab
1753 1771 1877 1843 ipso
1909 1771 2220 1856 DominoB
2245 1772 2494 1840 tradicis,
2536 1771 2632 1828 sed
2676 1770 2976 1828 humiliter
3013 1770 3203 1839 audis,
3231 1775 3286 1826 et
3315 1777 3368 1825 te
3400 1769 3471 1827 ad
3503 1768 3561 1826 id
3592 1768 3746 1843 quod
3785 1784 3958 1827 voca-

451 1876 720 1948 cognovit
753 1874 1102 1945 injunctum.
1138 1868 1207 1925 Et
1239 1875 1297 1925 ut
1326 1883 1426 1940 per
1457 1866 1650 1923 omnia
1683 1865 1744 1921 in
1772 1864 1984 1922 virtute
2019 1864 2157 1921 obe-

449 1965 685 2023 dientize
712 1961 778 2019 B.
809 1957 1163 2029 Apollinaris
1190 1957 1439 2013 Abrahae
1467 1953 1679 2011 similis
1703 1953 1986 2023 videatur,
2010 1953 2162 2011 sicut

449 2053 536 2111 illi
576 2052 732 2110 Deus
772 2047 1062 2123 praecepit,
1109 2045 1349 2102 dicens:
1391 2065 1412 2094 ι
1445 2043 1557 2100 Exi
1585 2044 1656 2101 de
1684 2050 1832 2099 terra
1863 2051 1976 2109 tua,
2006 2047 2062 2097 et
2089 2041 2161 2098 de

445 2142 786 2213 cognatione
839 2145 958 2205 tua,
990 2142 1047 2190 et
1103 2135 1174 2190 de
1221 2133 1394 2190 domo
1444 2131 1620 2204 patris
1670 2131 1776 2198 tui,
1825 2138 1880 2187 et
1915 2130 2051 2188 veni
2097 2132 2159 2189 in

447 2237 680 2297 terram,
736 2241 914 2299 quam
973 2230 1366 2280 monstravero
1420 2221 1524 2276 tibi
1569 2221 1722 2290 (Gen.
1781 2222 1912 2290 xu),
1971 2240 1998 2273 »
2056 2221 2159 2292 qui

447 2317 597 2375 nihil
658 2316 936 2372 haesitans
988 2318 1214 2384 paruit;
1263 2310 1344 2367 sic
1402 2314 1457 2364 et
1514 2308 1620 2365 iste
1670 2324 1830 2376 mox,
1864 2316 1928 2367 ut
1989 2313 2159 2366 verba

449 2406 776 2482 apostoliete
824 2401 1105 2477 jussionis
1151 2400 1388 2472 accepit,
1446 2398 1708 2470 protinus
1759 2398 1831 2454 ad
1883 2398 2156 2456 obedien-

449 2499 590 2557 dum
624 2514 722 2570 spe
761 2503 914 2552 certa
951 2494 1214 2551 animum
1255 2489 1562 2546 roboravit.
1597 2487 1665 2545 Et
1691 2488 1844 2561 quod
1881 2488 2159 2546 docturus

445 2595 565 2645 erat
618 2586 807 2653 verbo,
836 2582 1026 2656 operis
1072 2577 1534 2654 praemonstravit
1579 2575 1865 2649 exemplo.
1894 2577 2016 2634 Hoc
2055 2577 2158 2634 de-

445 2678 626 2751 nique
683 2674 905 2733 studuit
958 2670 1259 2729 humiliter
1317 2667 1596 2726 exhibere
1657 2666 1944 2737 subjectis,
2002 2668 2156 2740 quod

440 2769 593 2842 juste
635 2775 972 2839 accepturus
1016 2769 1156 2830 erat,
1184 2769 1240 2834 et
1285 2760 1407 2832 ipse
1450 2759 1744 2832 praelatus.
1772 2758 1858 2826 Et,
1901 2759 2050 2816 sicut
2086 2758 2158 2814 de

442 2858 690 2916 Domino
719 2857 975 2927 legitur:
1021 2877 1044 2904 ι
1081 2851 1251 2908 Prius
1301 2849 1474 2921 ccepit
1525 2850 1705 2904 facere
1749 2854 1804 2904 et
1842 2855 2033 2919 postea
2062 2846 2159 2904 do-

443 2965 571 3007 cere
619 2951 765 3017 (Act.
808 2951 890 3016 1);
932 2965 960 2997 ››
1000 2951 1067 3001 ut
1114 2941 1177 2998 in
1228 2939 1533 3011 semetipso
1575 2947 1849 3011 expertus
1892 2938 2154 3008 disceret,

444 3039 694 3113 qualiter
749 3041 978 3108 accepta
1030 3032 1322 3106 potestatis
1370 3028 1726 3097 auctoritate,
1786 3026 1920 3084 aliis
1972 3028 2156 3100 impe-

444 3133 615 3186 raret.
695 3177 700 3181 .

2241 1860 2340 1930 ris,
2381 1859 2652 1932 accingis,
2695 1875 2829 1917 mox
2871 1857 3125 1917 reditum
3163 1864 3330 1916 tuum
3374 1859 3447 1916 ad
3485 1857 3750 1930 patriam,
3797 1857 3956 1916 unde

2242 1949 2580 2008 inobediens
2620 1949 2874 2022 dejectus
2913 1950 3126 2019 fueras,
3158 1965 3260 2022 per
3297 1949 3572 2006 virtutem
3608 1947 3954 2006 obedientize

2240 2041 2600 2100 reformabis.
2654 2042 2774 2099 Hoc
2801 2040 2996 2115 itaque
3025 2041 3195 2098 modo
3222 2040 3393 2097 etiam
3421 2039 3468 2096 si
3501 2055 3616 2097 non
3656 2039 3814 2096 vales
3854 2055 3956 2112 pro

2240 2133 2359 2190 Deo
2409 2140 2652 2190 mortem
2705 2131 2925 2201 subire,
2963 2131 3116 2189 vales
3159 2138 3348 2189 tamen
3394 2131 3571 2188 vitam
3614 2131 3728 2189 Deo
3772 2131 3954 2203 placa-

2239 2219 2415 2278 bilem
2455 2220 2684 2278 ducere.
2723 2219 2999 2291 Magnum
3029 2219 3241 2293 quippe
3271 2225 3358 2276 est
3383 2219 3531 2278 mori
3562 2234 3664 2292 pro
3702 2218 3954 2287 Christo,

2240 2310 2338 2368 sed
2365 2326 2482 2368 non
2511 2316 2596 2368 est
2627 2310 2872 2368 inferius
2903 2311 3101 2368 vivere
3140 2308 3386 2368 Christo.
3433 2310 3758 2384 Utrumque
3795 2309 3954 2368 enim

2239 2408 2445 2458 statera
2496 2401 2713 2478 Paulus
2757 2417 2926 2474 aequa
2968 2400 3130 2458 lance
3159 2401 3464 2474 pendebat,
3508 2417 3644 2459 cum
3688 2400 3950 2458 diceret:

2243 2518 2268 2545 α
2302 2492 2438 2552 Sive
2475 2493 2634 2549 enim
2674 2493 2952 2564 vivimus,
2991 2492 3238 2550 Domino
3278 2492 3570 2562 vivimus;
3614 2491 3737 2549 sive
3772 2491 3953 2548 mori-

2239 2599 2392 2652 mur,
2428 2574 2668 2640 Domino
2703 2584 3002 2640 morimur.
3041 2581 3174 2639 Sive
3202 2598 3337 2655 ergo
3367 2582 3644 2651 vivimus,
3671 2581 3794 2638 sive
3823 2597 3952 2639 mo-

2236 2673 2444 2743 rimur,
2479 2672 2711 2731 Domini
2741 2687 2944 2730 sumus
2975 2676 3150 2740 (Rom.
3187 2674 3335 2741 XIV).
3366 2696 3392 2719 »ι
3421 2670 3576 2728 Dicis
3613 2671 3779 2741 mihi,
3812 2670 3955 2743 quia

2238 2779 2351 2822 non
2383 2777 2616 2835 possum
2642 2762 2905 2820 invenire
2936 2762 3278 2834 martyrium
3305 2781 3320 2833 ;
3345 2762 3560 2820 exhibe
3588 2769 3640 2820 te
3670 2761 3952 2835 martyrio

2238 2855 2503 2925 dignum,
2538 2863 2592 2912 et
2633 2855 2897 2926 martyrii
2937 2854 3308 2927 consequeris
3345 2853 3546 2926 procul
3579 2853 3758 2911 dubio
3797 2869 3950 2926 prae-

2238 2943 2446 3002 mium.
2491 2942 2619 2999 Non
2659 2949 2815 3014 potes
2848 2941 3195 3012 sanguinem
3235 2941 3496 3011 fundere,
3537 2948 3696 3014 potes
3744 2947 3950 2999 temet-

2237 3033 2432 3105 ipsum
2475 3031 2831 3104 ptenitentize
2870 3030 2982 3088 telo
3029 3035 3343 3102 percutere,
3393 3037 3449 3086 et
3485 3029 3546 3087 in
3587 3029 3775 3087 cordis
3817 3045 3953 3088 con-

2177 3120 2470 3206 Ctritione
2518 3125 2785 3177 mactare.
2827 3119 3186 3206 Praeparetur
3211 3117 3282 3174 ad
3323 3117 3646 3176 feriendum
3679 3118 3949 3191 jugulus,

515 3216 627 3274 Sed
657 3228 834 3288 quam
873 3209 1112 3285 pulcher
1150 3207 1369 3266 divinze
1407 3203 1854 3280 dispensationis
1895 3205 2033 3264 ordo
2057 3221 2153 3264 co-
2191 3203 2356 3266 “non
2401 3208 2581 3266 deerit
2634 3213 3053 3277 remunerator,
3117 3205 3340 3264 etiamsi
3391 3206 3639 3265 defuerit
3694 3206 3946 3279 gladius.

441 3305 752 3379 gnoscitur,
793 3301 841 3358 si
898 3301 1074 3372 hujus
1113 3298 1195 3356 rei
1232 3296 1482 3370 dignitas
1521 3311 1622 3368 pro
1659 3296 1751 3353 sui
1795 3295 1998 3354 merito
2037 3303 2158 3354 stu-

444 3395 605 3452 diose
642 3391 946 3466 pensetur!
985 3389 1150 3458 Nam,
1192 3387 1292 3461 qui
1339 3386 1412 3444 ab
1453 3386 1638 3444 Adam
1672 3386 1927 3458 primum
1956 3385 2158 3443 inobe-

437 3486 674 3544 dientize
735 3483 942 3540 vitium
995 3480 1146 3538 male
1203 3478 1470 3538 instructi
1523 3477 1859 3550 didicimus,
1909 3479 2158 3552 primam

437 3575 780 3635 obedientize
843 3572 1116 3629 virtutem
1197 3569 1270 3626 ab
1340 3569 1449 3626 hoc
1509 3568 1839 3627 beatissimo
1906 3575 2157 3643 martyre

438 3665 621 3723 edocti
683 3677 909 3722 sumus.
963 3661 1030 3718 Et
1078 3661 1224 3718 sicut
1282 3657 1380 3716 ille
1429 3658 1581 3715 inter
1630 3667 1834 3715 czetera
1882 3658 2156 3717 vitiorum

436 3755 697 3828 germina
735 3751 982 3825 primam
1029 3747 1501 3818 inobedientiam,
1543 3762 1662 3804 non
1699 3747 2006 3820 loquendo,
2056 3747 2156 3806 sed

436 3840 887 3916 praevaricando,
946 3837 1237 3894 carnalem
1299 3836 1557 3894 sobolem
1613 3835 1843 3905 docuit;
1909 3835 1987 3891 ita
2049 3835 2156 3893 iste

2233 3297 2404 3355 Deest
2450 3295 2730 3367 carnifex,
2784 3294 2888 3368 qui
2940 3295 3190 3352 cervices
3245 3296 3504 3354 exterius
3553 3296 3749 3367 feriat;
3788 3297 3953 3354 adest

2234 3385 2449 3455 Judex,
2477 3385 2581 3458 qui
2613 3384 2781 3442 bona:
2811 3383 3095 3442 voluntati
3123 3383 3433 3457 praemium
3459 3384 3674 3442 reddat.
3706 3406 3732 3437 ‹‹
3752 3384 3952 3443 Gloria

2235 3475 2394 3532 enim
2452 3475 2512 3530 in
2565 3473 2812 3531 excelsis
2860 3473 2998 3542 Deo,
3033 3479 3088 3529 et
3128 3471 3187 3528 in
3245 3479 3392 3530 terra
3441 3489 3549 3546 pax
3609 3471 3952 3530 hominibus

2235 3565 2406 3623 bonas
2437 3564 2753 3623 voluntatis
2781 3567 2932 3634 (Luc.
2957 3565 3038 3634 11).
3073 3585 3093 3614 ι
3132 3563 3344 3619 Amen.

2820 3669 3068 3730 SERMO
3101 3669 3365 3728 XXXIII.

2426 3757 2499 3802 nn
2524 3758 2570 3802 s.
2603 3755 3044 3802 cnmsroenono
3089 3754 3370 3800 MABTYRE
3396 3746 3550 3813 (xxv
3578 3742 3754 3813 JUL.).

2307 3835 2457 3893 Dum
2490 3835 2781 3908 cupimus,
2811 3832 3193 3903 dilectissimi,
3226 3833 3297 3890 de
3324 3833 3664 3906 triumphali
3689 3831 3753 3889 B.
3785 3832 3968 3890 Chri-.

439 3930 591 3987 inter
635 3927 749 3985 alia
787 3927 1130 3984 documenta
1193 3923 1497 3991 virtutum,
1558 3922 1825 3995 inprimis
1878 3921 2156 3979 obedien-
2236 3923 2491 3996 stophori
2549 3922 2825 3996 martyris
2880 3922 3119 3980 victoria
3170 3921 3482 3995 disputare,
3544 3921 3730 3995 primo
3778 3921 3950 3979 nobis

440 4021 600 4088 tiam,
630 4033 745 4074 non
799 4015 1108 4088 loquendo,
1148 4013 1245 4071 sed
1298 4013 1579 4082 faciendo,
1629 4012 1780 4070 filios
1827 4012 2154 4085 spirituales
2234 4011 2362 4086 ejus
2390 4028 2602 4070 nomen
2633 4010 2880 4069 occurrit
2911 4029 2925 4066 :
2957 4010 3111 4084 quod
3144 4010 3193 4068 si
3219 4010 3484 4081 sollicita,
3508 4017 3674 4084 prout
3700 4009 3948 4083 dignum

438 4107 738 4164 instruxit.
781 4105 892 4173 Qui
950 4121 1084 4176 ergo
1139 4103 1522 4162 inobediendo
1567 4119 1600 4159 a
1649 4118 1916 4175 superum
1953 4101 2154 4175 patriae
2235 4109 2339 4173 est,
2373 4101 2736 4176 indagatione
2783 4102 3148 4170 discutimus,
3187 4117 3300 4158 non
3347 4102 3409 4158 in
3442 4100 3556 4158 fine
3597 4100 3784 4158 divini
3824 4100 3943 4157 dis-

438 4193 793 4252 sublimitate
838 4194 1174 4262 cecidimus,
1201 4191 1275 4249 ad
1329 4193 1478 4249 hanc
1529 4190 1712 4248 versis
1761 4190 2015 4262 vestigiis
2056 4206 2155 4262 per
2233 4193 2572 4266 pensatione
2622 4191 2886 4266 praesagii
2942 4191 3054 4249 sibi
3109 4198 3247 4249 tunc
3300 4191 3552 4249 inditum
3602 4190 3942 4263 reperimus.

437 4283 823 4342 obedientiam
861 4282 932 4337 de
970 4281 1163 4338 exsilii
1203 4280 1520 4352 dejectione
1553 4280 1829 4336 redimus.
1880 4278 2032 4336 Hinc
2070 4287 2154 4336 est
2233 4281 2285 4336 A
2327 4279 2552 4336 Christo
2589 4279 2874 4337 nimirum
2923 4279 3370 4352 Christophorus
3413 4279 3730 4338 derivatur.
3783 4278 3950 4337 Unde

439 4371 616 4438 enim,
653 4369 808 4440 quod
861 4384 959 4441 per
1010 4368 1316 4426 Veritatem
1361 4369 1573 4426 dicitur
1629 4391 1643 4424 :
1693 4389 1719 4420 «
1766 4367 1968 4436 Omne,
1999 4369 2152 4440 quod
2234 4385 2443 4442 sponsa
2489 4370 2695 4427 dilecto
2744 4385 2849 4427 suo
2889 4369 3028 4427 dicit
3079 4369 3140 4426 in
3188 4369 3472 4426 Canticis:
3507 4369 3763 4427 «Oleum
3801 4369 3947 4427 eﬂ‘u-

437 4460 534 4519 dat
576 4457 722 4516 mihi
755 4457 936 4525 Pater,
971 4457 1040 4513 ad
1074 4472 1167 4514 me
1196 4455 1425 4526 veniet;
1460 4464 1515 4515 et
1543 4472 1700 4527 eum,
1739 4457 1840 4529 qui
1882 4456 2042 4513 venit
2076 4457 2148 4513 ad
2171 4473 2366 4529 “sum
2393 4472 2602 4518 nomen
2638 4465 2802 4516 tuum
2833 4460 3008 4529 (Cant.
3043 4459 3119 4528 1);
3157 4477 3184 4508 »
3213 4457 3476 4515 Chrisma
3513 4459 3750 4529 scilicet,
3793 4457 3948 4516 unde

437 4565 551 4618 me,
611 4562 727 4605 non
778 4545 1003 4618 ejiciam
1057 4545 1209 4602 foras
1255 4549 1432 4612 (Joan.
1485 4550 1589 4613 v1).
1637 4566 1664 4597 »
1712 4544 1821 4614 Qui
1870 4546 2026 4603 enim
2075 4511 2500 4605 adDChristus
2530 4548 2726 4605 unctio
2754 4546 2983 4602 dicitur.
3023 4545 3129 4601 Per
3158 4543 3351 4601 oleum
3384 4561 3520 4603 vero
3549 4511 3780 4607 sanctus
3813 4547 3943 4622 Spi-

434 4637 692 4712 primum
731 4636 916 4693 Adam
956 4634 1221 4706 veniunt,
1251 4635 1324 4691 ab
1353 4635 1576 4692 intimis
1603 4634 1766 4693 exire
1804 4652 1904 4709 per
1943 4636 2147 4694 inobe-
2234 4636 2378 4693 ritus
2436 4635 2677 4707 mystice
2724 4633 3080 4704 designatur.
3121 4631 3247 4688 Hoc
3279 4633 3405 4691 oleo
3448 4633 3712 4704 Salvator
3755 4643 3946 4696 noster

433 4726 711 4783 dientiam
767 4721 907 4779 166
946 4725 1196 4782 discunt.
1252 4723 1553 4782 Secundus
1593 4741 1728 4783 vero
1764 4725 1950 4783 Adam
1988 4746 2018 4778 ‹‹
2062 4726 2144 4782 ia-

433 4823 560 4872 ctus
610 4814 884 4872 obediens
938 4829 1125 4888 usque
1171 4814 1243 4871 ad
1296 4820 1560 4882 mortem,
1630 4820 1873 4872 mortem
1950 4821 2144 4871 autem

432 4903 620 4962 crucis
673 4905 897 4975 (Philip.
956 4905 1030 4975 11),
1057 4924 1085 4955 ››
1143 4904 1204 4960 in
1255 4918 1341 4968 eo,
1372 4902 1526 4976 quod
1561 4903 1633 4959 ad
1678 4919 1739 4960 se
1777 4901 2146 4961 venientibus

431 4994 768 5066 exemplum
799 4992 1144 5050 obedientiaa
1186 4991 1406 5063 tribuit,
1435 5007 1532 5049 eos
1556 5007 1589 5048 a
1620 4991 1867 5064 paradisi
1915 4991 2145 5064 gaudiis

429 5097 548 5140 non
580 5081 837 5154 expellit.

500 5174 590 5230 Ad
642 5173 766 5230 haec
820 5169 1054 5244 gaudia,
1108 5171 1490 5244 dilectissimi,
1544 5171 1730 5230 redire
1777 5169 2139 5240 festinemus,

430 5278 548 5320 non
587 5262 852 5335 passibus
887 5260 1120 5333 pedum,
1152 5261 1246 5318 sed
1289 5261 1572 5321 bonorum
1611 5259 1961 5336 profectibus
2003 5274 2140 5331 ope-

2231 4722 2626 4795 principaliter
2679 4725 2890 4778 unctus
2942 4727 3046 4790 est,
3095 4735 3228 4778 cum
3280 4720 3549 4796 baptismi
3587 4730 3944 4783 sacramenta

2231 4809 2500 4882 suscepit,
2535 4809 2679 4867 167
2733 4816 2790 4868 et
2841 4827 2977 4870 mox
3019 4828 3193 4887 super
3242 4829 3378 4872 eum
3418 4814 3664 4888 Spiritus
3708 4821 3943 4873 sanctus

2229 4900 2288 4957 in
2326 4899 2614 4958 columbze
2654 4903 2841 4975 ﬁgura
2905 4901 3200 4962 descendit
3241 4907 3458 4975 (Matth.
3499 4904 3595 4974 Ill).
3643 4900 3802 4958 Unde
3834 4917 3940 4974 per

2229 4988 2574 5062 Prophetam
2611 4993 2824 5049 dicitur
2859 5011 2871 5050 :
2908 5017 2934 5041 α
2969 4993 3150 5052 Unxit
3178 4993 3432 5062 te'Deus,
3474 4992 3629 5048 Deus
3668 4996 3828 5063 tuus,
3869 4992 3934 5051 in

2225 5080 2351 5138 oleo
2376 5081 2593 5139 lmtitiaa
2617 5085 2782 5154 (Psal.
2804 5083 2983 5155 XLIV).
3015 5104 3043 5136 »
3067 5083 3187 5142 Hoc
3209 5083 3400 5140 oleum
3420 5079 3670 5136 effusum
3691 5087 3775 5138 est
3794 5097 3934 5139 cum

2224 5169 2406 5239 gratia
2458 5170 2638 5227 sancti
2699 5170 2972 5244 Spiritus,
3025 5187 3201 5246 quam
3249 5167 3616 5239 singulariter
3668 5166 3936 5228 Christus

2223 5257 2457 5330 accepit,
2486 5259 2682 5318 electis
2727 5261 3001 5319 omnibus
3042 5259 3430 5333 dispensativa
3482 5258 3575 5316 sui
3622 5259 3932 5332 participa-

430 5367 582 5410 rum.
610 5352 879 5410 Nondum
907 5350 1190 5408 saeculum
1223 5352 1461 5410 fortasse
1491 5352 1857 5424 reliquimus,
1877 5349 2138 5408 nondum
2225 5347 2380 5405 tione
2417 5350 2717 5407 concessit.
2761 5348 3142 5418 Quamobrem
3172 5347 3312 5405 dicit
3335 5347 3645 5420 Apostolus
3677 5373 3688 5406 :
3725 5375 3750 5398 «ι
3790 5349 3930 5408 Uni-

430 5439 968 5498 abrenuntiatorum
1009 5453 1186 5508 more,
1223 5453 1407 5496 unum
1441 5456 1563 5513 prae
1599 5441 1845 5510 cunctis,
1877 5439 1970 5498 cui
2009 5438 2140 5497 obe-
2221 5437 2430 5510 cuique
2459 5445 2722 5498 nostrum
2750 5439 2880 5498 data
2908 5446 2993 5497 est
3023 5438 3206 5511 gratia
3236 5439 3556 5498 secundum
3592 5455 3928 5499 mensuram

427 5525 553 5583 dire
579 5526 910 5598 debeamus,
936 5526 1219 5600 elegimus
1251 5550 1262 5584 :
1295 5527 1444 5584 hanc
1473 5535 1661 5586 tamen
1701 5529 1993 5598 virtutem,
2039 5542 2138 5599 per
2218 5527 2548 5586 donationis
2599 5527 2812 5587 Christi
2853 5529 3073 5598 (Ephes.
3120 5533 3227 5596 IV).
3271 5548 3298 5580 ››
3339 5527 3501 5585 Unde
3539 5533 3592 5584 et
3629 5543 3664 5586 a
3701 5527 3928 5585 Christo

426 5627 606 5687 quam
625 5615 916 5689 praecipue
937 5617 1010 5676 ad
1037 5617 1250 5676 cretum
1278 5617 1520 5691 reditur,
1551 5617 1938 5678 obedientiam
1982 5617 2134 5691 dico,
2217 5616 2469 5679 dicimur
2517 5617 2850 5690 Christiani,
2911 5617 3193 5691 quoniam
3245 5618 3445 5679 eodem
3508 5616 3636 5678 oleo
3694 5632 3920 5689 sumus,
