  <div class='ocr_page' id='page_1' title='image "/cluster/home/n/w/nwhite01/storage/ocr_20150623/144/umn.31951002477437p/366.png"; bbox 0 0 4184 6466; ppageno 0'>
   <div class='ocr_carea' id='block_1_1' title="bbox 466 387 560 442">
    <p class='ocr_par' dir='ltr' id='par_1_1' title="bbox 466 387 560 442">
     <span class='ocr_line' id='line_1_1' title="bbox 466 387 560 442; baseline -0.021 0"><span class='ocrx_word' id='word_1_1' title='bbox 466 387 560 442; x_wconf 78' lang='grc'><strong>681</strong></span> 
     </span>
    </p>
   </div>
   <div class='ocr_carea' id='block_1_2' title="bbox 1828 386 2331 443">
    <p class='ocr_par' dir='ltr' id='par_1_2' title="bbox 1828 386 2331 443">
     <span class='ocr_line' id='line_1_2' title="bbox 1828 386 2331 443; baseline -0.006 -1"><span class='ocrx_word' id='word_1_2' title='bbox 1828 387 2058 443; x_wconf 72' lang='lat' dir='ltr'><strong>SERMO</strong></span> <span class='ocrx_word' id='word_1_3' title='bbox 2099 386 2331 442; x_wconf 75' lang='lat' dir='ltr'><strong>XXXIII.</strong></span> 
     </span>
    </p>
   </div>
   <div class='ocr_carea' id='block_1_3' title="bbox 3631 389 3737 444">
    <p class='ocr_par' dir='ltr' id='par_1_3' title="bbox 3631 389 3737 444">
     <span class='ocr_line' id='line_1_3' title="bbox 3631 389 3737 444; baseline -0.009 0"><span class='ocrx_word' id='word_1_4' title='bbox 3631 389 3737 444; x_wconf 73' lang='lat'><strong>682</strong></span> 
     </span>
    </p>
   </div>
   <div class='ocr_carea' id='block_1_4' title="bbox 462 492 3736 570">
    <p class='ocr_par' dir='ltr' id='par_1_4' title="bbox 462 492 3736 570">
     <span class='ocr_line' id='line_1_4' title="bbox 462 492 3736 570; baseline 0.001 -20"><span class='ocrx_word' id='word_1_5' title='bbox 462 500 582 566; x_wconf 83' lang='lat' dir='ltr'><strong>ipso</strong></span> <span class='ocrx_word' id='word_1_6' title='bbox 630 496 911 566; x_wconf 80' lang='lat' dir='ltr'><strong>largiente,</strong></span> <span class='ocrx_word' id='word_1_7' title='bbox 935 493 1214 566; x_wconf 78' lang='lat' dir='ltr'><strong>peruncti.</strong></span> <span class='ocrx_word' id='word_1_8' title='bbox 1245 492 1370 555; x_wconf 74' lang='lat' dir='ltr'><strong>&#39;lloc</strong></span> <span class='ocrx_word' id='word_1_9' title='bbox 1410 507 1744 570; x_wconf 79' lang='lat' dir='ltr'><strong>unguentum</strong></span> <span class='ocrx_word' id='word_1_10' title='bbox 1775 509 1835 555; x_wconf 89' lang='lat' dir='ltr'><strong>et</strong></span> <span class='ocrx_word' id='word_1_11' title='bbox 1879 501 2049 555; x_wconf 84' lang='lat' dir='ltr'><strong>David</strong></span> <span class='ocrx_word' id='word_1_12' title='bbox 2078 504 2130 562; x_wconf 71' lang='grc' dir='ltr'><strong>Α</strong></span> <span class='ocrx_word' id='word_1_13' title='bbox 2157 510 2330 568; x_wconf 85' lang='lat' dir='ltr'><strong>aquas</strong></span> <span class='ocrx_word' id='word_1_14' title='bbox 2367 512 2434 553; x_wconf 89' lang='lat' dir='ltr'><strong>ex</strong></span> <span class='ocrx_word' id='word_1_15' title='bbox 2464 497 2673 568; x_wconf 87' lang='lat' dir='ltr'><strong>puteis;</strong></span> <span class='ocrx_word' id='word_1_16' title='bbox 2703 497 2791 551; x_wconf 87' lang='lat' dir='ltr'><strong>via</strong></span> <span class='ocrx_word' id='word_1_17' title='bbox 2827 498 2972 568; x_wconf 78' lang='lat' dir='ltr'><strong>regia</strong></span> <span class='ocrx_word' id='word_1_18' title='bbox 2996 497 3323 567; x_wconf 79' lang='lat' dir='ltr'><strong>gradiemur,</strong></span> <span class='ocrx_word' id='word_1_19' title='bbox 3352 498 3525 555; x_wconf 85' lang='lat' dir='ltr'><strong>donec</strong></span> <span class='ocrx_word' id='word_1_20' title='bbox 3559 512 3736 558; x_wconf 79' lang='lat' dir='ltr'><strong>trans-</strong></span> 
     </span>
    </p>
   </div>
   <div class='ocr_carea' id='block_1_5' title="bbox 470 583 2052 659">
    <p class='ocr_par' dir='ltr' id='par_1_5' title="bbox 470 583 2052 659">
     <span class='ocr_line' id='line_1_5' title="bbox 470 583 2052 659; baseline 0.004 -20"><span class='ocrx_word' id='word_1_21' title='bbox 470 585 844 656; x_wconf 81' lang='lat' dir='ltr'><strong>promittebat,</strong></span> <span class='ocrx_word' id='word_1_22' title='bbox 883 600 1006 640; x_wconf 89' lang='lat' dir='ltr'><strong>cum</strong></span> <span class='ocrx_word' id='word_1_23' title='bbox 1049 583 1302 644; x_wconf 82' lang='lat' dir='ltr'><strong>dico-ret:</strong></span> <span class='ocrx_word' id='word_1_24' title='bbox 1355 608 1374 641; x_wconf 74' lang='grc' dir='ltr'>ι</span> <span class='ocrx_word' id='word_1_25' title='bbox 1412 588 1566 644; x_wconf 89' lang='lat' dir='ltr'><strong>Sicut</strong></span> <span class='ocrx_word' id='word_1_26' title='bbox 1612 599 1946 659; x_wconf 74' lang='lat' dir='ltr'><strong>unguentum</strong></span> <span class='ocrx_word' id='word_1_27' title='bbox 1998 591 2052 645; x_wconf 92' lang='lat' dir='ltr'><strong>in</strong></span> 
     </span>
    </p>
   </div>
   <div class='ocr_carea' id='block_1_6' title="bbox 464 677 2050 747">
    <p class='ocr_par' dir='ltr' id='par_1_6' title="bbox 464 677 2050 747">
     <span class='ocr_line' id='line_1_6' title="bbox 464 677 2050 747; baseline 0.001 -14"><span class='ocrx_word' id='word_1_28' title='bbox 464 679 667 747; x_wconf 86' lang='lat' dir='ltr'><strong>capite,</strong></span> <span class='ocrx_word' id='word_1_29' title='bbox 717 678 860 747; x_wconf 86' lang='lat' dir='ltr'><strong>quod</strong></span> <span class='ocrx_word' id='word_1_30' title='bbox 889 677 1160 734; x_wconf 74' lang='lat' dir='ltr'><strong>descendit</strong></span> <span class='ocrx_word' id='word_1_31' title='bbox 1203 681 1260 736; x_wconf 83' lang='lat' dir='ltr'><strong>in</strong></span> <span class='ocrx_word' id='word_1_32' title='bbox 1289 680 1539 744; x_wconf 81' lang='lat' dir='ltr'><strong>barbam,</strong></span> <span class='ocrx_word' id='word_1_33' title='bbox 1583 681 1807 735; x_wconf 80' lang='lat' dir='ltr'><strong>barbam</strong></span> <span class='ocrx_word' id='word_1_34' title='bbox 1837 682 2050 746; x_wconf 83' lang='lat' dir='ltr'><strong>Aaron;</strong></span> 
     </span>
    </p>
   </div>
   <div class='ocr_carea' id='block_1_7' title="bbox 464 767 2048 841">
    <p class='ocr_par' dir='ltr' id='par_1_7' title="bbox 464 767 2048 841">
     <span class='ocr_line' id='line_1_7' title="bbox 464 767 2048 841; baseline 0.004 -24"><span class='ocrx_word' id='word_1_35' title='bbox 464 769 555 837; x_wconf 86' lang='lat' dir='ltr'><strong>qui</strong></span> <span class='ocrx_word' id='word_1_36' title='bbox 578 767 857 822; x_wconf 89' lang='lat' dir='ltr'><strong>descendit</strong></span> <span class='ocrx_word' id='word_1_37' title='bbox 877 767 927 820; x_wconf 92' lang='lat' dir='ltr'><strong>in</strong></span> <span class='ocrx_word' id='word_1_38' title='bbox 943 781 1103 824; x_wconf 83' lang='lat' dir='ltr'><strong>oram</strong></span> <span class='ocrx_word' id='word_1_39' title='bbox 1117 771 1426 824; x_wconf 82' lang='lat' dir='ltr'><strong>vestimenti</strong></span> <span class='ocrx_word' id='word_1_40' title='bbox 1450 771 1565 840; x_wconf 86' lang='lat' dir='ltr'><strong>ejus</strong></span> <span class='ocrx_word' id='word_1_41' title='bbox 1590 769 1761 841; x_wconf 79' lang='lat' dir='ltr'><strong>(Psal.</strong></span> <span class='ocrx_word' id='word_1_42' title='bbox 1781 773 2010 840; x_wconf 82' lang='lat' dir='ltr'><strong>cxxxn).</strong></span> <span class='ocrx_word' id='word_1_43' title='bbox 2031 789 2048 822; x_wconf 71' lang='grc' dir='ltr'><strong>ι</strong></span> 
     </span>
    </p>
   </div>
   <div class='ocr_carea' id='block_1_8' title="bbox 467 855 2053 928">
    <p class='ocr_par' dir='ltr' id='par_1_8' title="bbox 467 855 2053 928">
     <span class='ocr_line' id='line_1_8' title="bbox 467 855 2053 928; baseline 0.002 -18"><span class='ocrx_word' id='word_1_44' title='bbox 467 855 812 926; x_wconf 72' lang='lat' dir='ltr'><strong>Unguentum</strong></span> <span class='ocrx_word' id='word_1_45' title='bbox 846 855 1060 913; x_wconf 77' lang='lat' dir='ltr'><strong>scilicet</strong></span> <span class='ocrx_word' id='word_1_46' title='bbox 1091 861 1145 914; x_wconf 90' lang='lat' dir='ltr'><strong>in</strong></span> <span class='ocrx_word' id='word_1_47' title='bbox 1176 859 1354 928; x_wconf 88' lang='lat' dir='ltr'><strong>capite</strong></span> <span class='ocrx_word' id='word_1_48' title='bbox 1383 860 1620 928; x_wconf 62' lang='lat' dir='ltr'><strong>Spiritus</strong></span> <span class='ocrx_word' id='word_1_49' title='bbox 1647 868 1869 914; x_wconf 84' lang='lat' dir='ltr'><strong>sanctus</strong></span> <span class='ocrx_word' id='word_1_50' title='bbox 1889 870 1974 915; x_wconf 89' lang='lat' dir='ltr'><strong>est</strong></span> <span class='ocrx_word' id='word_1_51' title='bbox 2001 861 2053 914; x_wconf 89' lang='lat' dir='ltr'><strong>in</strong></span> 
     </span>
    </p>
   </div>
   <div class='ocr_carea' id='block_1_9' title="bbox 467 946 2056 1021">
    <p class='ocr_par' dir='ltr' id='par_1_9' title="bbox 467 946 2056 1021">
     <span class='ocr_line' id='line_1_9' title="bbox 467 946 2056 1021; baseline 0.001 -19"><span class='ocrx_word' id='word_1_52' title='bbox 467 946 772 1011; x_wconf 84' lang='lat' dir='ltr'><strong>Salvatorc,</strong></span> <span class='ocrx_word' id='word_1_53' title='bbox 795 946 888 1015; x_wconf 86' lang='lat' dir='ltr'><strong>qui</strong></span> <span class='ocrx_word' id='word_1_54' title='bbox 917 947 1182 1004; x_wconf 76' lang='lat' dir='ltr'><strong>nimirum</strong></span> <span class='ocrx_word' id='word_1_55' title='bbox 1214 963 1311 1020; x_wconf 83' lang='lat' dir='ltr'><strong>per</strong></span> <span class='ocrx_word' id='word_1_56' title='bbox 1333 949 1518 1004; x_wconf 69' lang='lat' dir='ltr'><strong>Aaron</strong></span> <span class='ocrx_word' id='word_1_57' title='bbox 1537 951 1774 1021; x_wconf 70' lang='lat' dir='ltr'><strong>mystice</strong></span> <span class='ocrx_word' id='word_1_58' title='bbox 1805 951 2056 1020; x_wconf 82' lang='lat' dir='ltr'><strong>designa—</strong></span> 
     </span>
    </p>
   </div>
   <div class='ocr_carea' id='block_1_10' title="bbox 424 1035 2053 1108">
    <p class='ocr_par' dir='ltr' id='par_1_10' title="bbox 424 1035 2053 1108">
     <span class='ocr_line' id='line_1_10' title="bbox 424 1035 2053 1108; baseline 0.001 -16"><span class='ocrx_word' id='word_1_59' title='bbox 424 1063 434 1071; x_wconf 55' lang='grc' dir='ltr'><strong><em>ί</em></strong></span> <span class='ocrx_word' id='word_1_60' title='bbox 466 1047 574 1102; x_wconf 90' lang='lat' dir='ltr'><strong>tur,</strong></span> <span class='ocrx_word' id='word_1_61' title='bbox 596 1037 686 1106; x_wconf 85' lang='lat' dir='ltr'><strong>qui</strong></span> <span class='ocrx_word' id='word_1_62' title='bbox 713 1051 866 1090; x_wconf 90' lang='lat' dir='ltr'><strong>mons</strong></span> <span class='ocrx_word' id='word_1_63' title='bbox 912 1035 1247 1104; x_wconf 72' lang='lat' dir='ltr'><strong>fortitudinis</strong></span> <span class='ocrx_word' id='word_1_64' title='bbox 1276 1039 1498 1094; x_wconf 84' lang='lat' dir='ltr'><strong>dicitur.</strong></span> <span class='ocrx_word' id='word_1_65' title='bbox 1519 1039 1655 1094; x_wconf 79' lang='lat' dir='ltr'><strong>Cum</strong></span> <span class='ocrx_word' id='word_1_66' title='bbox 1686 1039 1852 1108; x_wconf 79' lang='lat' dir='ltr'><strong>igitur</strong></span> <span class='ocrx_word' id='word_1_67' title='bbox 1873 1041 2053 1093; x_wconf 81' lang='lat' dir='ltr'><strong>Aaron</strong></span> 
     </span>
    </p>
   </div>
   <div class='ocr_carea' id='block_1_11' title="bbox 466 1129 2056 1204">
    <p class='ocr_par' dir='ltr' id='par_1_11' title="bbox 466 1129 2056 1204">
     <span class='ocr_line' id='line_1_11' title="bbox 466 1129 2056 1204; baseline 0 -18"><span class='ocrx_word' id='word_1_68' title='bbox 466 1146 622 1186; x_wconf 82' lang='lat' dir='ltr'><strong>mons</strong></span> <span class='ocrx_word' id='word_1_69' title='bbox 650 1131 723 1186; x_wconf 91' lang='lat' dir='ltr'><strong>sit</strong></span> <span class='ocrx_word' id='word_1_70' title='bbox 762 1129 1125 1197; x_wconf 84' lang='lat' dir='ltr'><strong>fortitudinis.</strong></span> <span class='ocrx_word' id='word_1_71' title='bbox 1144 1133 1320 1190; x_wconf 88' lang='lat' dir='ltr'><strong>barba</strong></span> <span class='ocrx_word' id='word_1_72' title='bbox 1341 1143 1560 1204; x_wconf 76' lang='lat' dir='ltr'><strong>quoque</strong></span> <span class='ocrx_word' id='word_1_73' title='bbox 1583 1134 1793 1204; x_wconf 79' lang='lat' dir='ltr'><strong>signum</strong></span> <span class='ocrx_word' id='word_1_74' title='bbox 1822 1143 1905 1188; x_wconf 87' lang='lat' dir='ltr'><strong>est</strong></span> <span class='ocrx_word' id='word_1_75' title='bbox 1927 1135 2056 1186; x_wconf 84' lang='lat' dir='ltr'><strong>viri-</strong></span> 
     </span>
    </p>
   </div>
   <div class='ocr_carea' id='block_1_12' title="bbox 466 1220 2053 1294">
    <p class='ocr_par' dir='ltr' id='par_1_12' title="bbox 466 1220 2053 1294">
     <span class='ocr_line' id='line_1_12' title="bbox 466 1220 2053 1294; baseline 0.002 -19"><span class='ocrx_word' id='word_1_76' title='bbox 466 1221 653 1276; x_wconf 79' lang='lat' dir='ltr'><strong>litatis.</strong></span> <span class='ocrx_word' id='word_1_77' title='bbox 682 1220 857 1288; x_wconf 73' lang='lat' dir='ltr'><strong>liujuts</strong></span> <span class='ocrx_word' id='word_1_78' title='bbox 883 1240 1014 1294; x_wconf 83' lang='lat' dir='ltr'><strong>ergo</strong></span> <span class='ocrx_word' id='word_1_79' title='bbox 1051 1225 1228 1280; x_wconf 75' lang='lat' dir='ltr'><strong>Aaron</strong></span> <span class='ocrx_word' id='word_1_80' title='bbox 1256 1226 1424 1281; x_wconf 89' lang='lat' dir='ltr'><strong>barba</strong></span> <span class='ocrx_word' id='word_1_81' title='bbox 1454 1226 1625 1280; x_wconf 84' lang='lat' dir='ltr'><strong>sancti</strong></span> <span class='ocrx_word' id='word_1_82' title='bbox 1659 1225 1881 1293; x_wconf 87' lang='lat' dir='ltr'><strong>apostoli</strong></span> <span class='ocrx_word' id='word_1_83' title='bbox 1910 1233 2053 1288; x_wconf 85' lang='lat' dir='ltr'><strong>sunt,</strong></span> 
     </span>
    </p>
   </div>
   <div class='ocr_carea' id='block_1_13' title="bbox 466 1314 2058 1387">
    <p class='ocr_par' dir='ltr' id='par_1_13' title="bbox 466 1314 2058 1387">
     <span class='ocr_line' id='line_1_13' title="bbox 466 1314 2058 1387; baseline 0.003 -21"><span class='ocrx_word' id='word_1_84' title='bbox 466 1315 556 1383; x_wconf 88' lang='lat' dir='ltr'><strong>qni</strong></span> <span class='ocrx_word' id='word_1_85' title='bbox 593 1314 875 1371; x_wconf 79' lang='lat' dir='ltr'><strong>virilitatis</strong></span> <span class='ocrx_word' id='word_1_86' title='bbox 911 1331 1026 1372; x_wconf 64' lang='lat' dir='ltr'><strong>sua:</strong></span> <span class='ocrx_word' id='word_1_87' title='bbox 1064 1318 1290 1382; x_wconf 67' lang='lat' dir='ltr'><strong>robore,</strong></span> <span class='ocrx_word' id='word_1_88' title='bbox 1327 1317 1474 1387; x_wconf 65' lang='lat' dir='ltr'><strong>Quod</strong></span> <span class='ocrx_word' id='word_1_89' title='bbox 1515 1318 1583 1373; x_wconf 90' lang='lat' dir='ltr'><strong>de</strong></span> <span class='ocrx_word' id='word_1_90' title='bbox 1609 1318 1786 1372; x_wconf 79' lang='lat' dir='ltr'><strong>sancti</strong></span> <span class='ocrx_word' id='word_1_91' title='bbox 1825 1316 2058 1386; x_wconf 88' lang='lat' dir='ltr'><strong>Spiritus</strong></span> 
     </span>
    </p>
   </div>
   <div class='ocr_carea' id='block_1_14' title="bbox 469 1404 2057 1476">
    <p class='ocr_par' dir='ltr' id='par_1_14' title="bbox 469 1404 2057 1476">
     <span class='ocr_line' id='line_1_14' title="bbox 469 1404 2057 1476; baseline 0 -21"><span class='ocrx_word' id='word_1_92' title='bbox 469 1404 1148 1476; x_wconf 79' lang='lat' dir='ltr'><strong>unctione-conceperant,</strong></span> <span class='ocrx_word' id='word_1_93' title='bbox 1197 1407 1379 1462; x_wconf 86' lang='lat' dir='ltr'><strong>omnia</strong></span> <span class='ocrx_word' id='word_1_94' title='bbox 1423 1404 1712 1460; x_wconf 83' lang='lat' dir='ltr'><strong>furentium</strong></span> <span class='ocrx_word' id='word_1_95' title='bbox 1739 1413 2057 1473; x_wconf 76' lang='lat' dir='ltr'><strong>persecuto-</strong></span> 
     </span>
    </p>
   </div>
   <div class='ocr_carea' id='block_1_15' title="bbox 468 1481 2059 1564">
    <p class='ocr_par' dir='ltr' id='par_1_15' title="bbox 468 1481 2059 1564">
     <span class='ocr_line' id='line_1_15' title="bbox 468 1481 2059 1564; baseline 0.001 -20"><span class='ocrx_word' id='word_1_96' title='bbox 468 1507 587 1545; x_wconf 82' lang='lat' dir='ltr'><strong>rum</strong></span> <span class='ocrx_word' id='word_1_97' title='bbox 611 1481 756 1550; x_wconf 76' lang='lat' dir='ltr'><strong>betla</strong></span> <span class='ocrx_word' id='word_1_98' title='bbox 777 1496 1041 1558; x_wconf 77' lang='lat' dir='ltr'><strong>vicerunt,</strong></span> <span class='ocrx_word' id='word_1_99' title='bbox 1063 1503 1120 1547; x_wconf 87' lang='lat' dir='ltr'><strong>et</strong></span> <span class='ocrx_word' id='word_1_100' title='bbox 1143 1495 1324 1548; x_wconf 83' lang='lat' dir='ltr'><strong>tnundi</strong></span> <span class='ocrx_word' id='word_1_101' title='bbox 1339 1495 1643 1564; x_wconf 77' lang='lat' dir='ltr'><strong>principem</strong></span> <span class='ocrx_word' id='word_1_102' title='bbox 1667 1503 1922 1562; x_wconf 89' lang='lat' dir='ltr'><strong>tanquam</strong></span> <span class='ocrx_word' id='word_1_103' title='bbox 1951 1493 2059 1546; x_wconf 87' lang='lat' dir='ltr'><strong>leo-</strong></span> 
     </span>
    </p>
   </div>
   <div class='ocr_carea' id='block_1_16' title="bbox 468 1585 2051 1654">
    <p class='ocr_par' dir='ltr' id='par_1_16' title="bbox 468 1585 2051 1654">
     <span class='ocr_line' id='line_1_16' title="bbox 468 1585 2051 1654; baseline 0.001 -17"><span class='ocrx_word' id='word_1_104' title='bbox 468 1599 598 1640; x_wconf 81' lang='lat' dir='ltr'><strong>nem</strong></span> <span class='ocrx_word' id='word_1_105' title='bbox 642 1587 899 1640; x_wconf 84' lang='lat' dir='ltr'><strong>adversus</strong></span> <span class='ocrx_word' id='word_1_106' title='bbox 941 1600 1074 1639; x_wconf 82' lang='lat' dir='ltr'><strong>&#39;oves</strong></span> <span class='ocrx_word' id='word_1_107' title='bbox 1113 1586 1322 1640; x_wconf 85' lang='lat' dir='ltr'><strong>&#39;Christi</strong></span> <span class='ocrx_word' id='word_1_108' title='bbox 1373 1586 1684 1639; x_wconf 86' lang='lat' dir='ltr'><strong>immaniter</strong></span> <span class='ocrx_word' id='word_1_109' title='bbox 1721 1585 2051 1654; x_wconf 73' lang='lat' dir='ltr'><strong>rugientem,</strong></span> 
     </span>
    </p>
   </div>
   <div class='ocr_carea' id='block_1_17' title="bbox 471 1673 2059 1746">
    <p class='ocr_par' dir='ltr' id='par_1_17' title="bbox 471 1673 2059 1746">
     <span class='ocr_line' id='line_1_17' title="bbox 471 1673 2059 1746; baseline -0.001 -17"><span class='ocrx_word' id='word_1_110' title='bbox 471 1687 596 1730; x_wconf 80' lang='lat' dir='ltr'><strong>etnn</strong></span> <span class='ocrx_word' id='word_1_111' title='bbox 628 1676 800 1746; x_wconf 78' lang='lat' dir='ltr'><strong>gloria</strong></span> <span class='ocrx_word' id='word_1_112' title='bbox 843 1675 1261 1744; x_wconf 76' lang='lat' dir='ltr'><strong>triumpharunt.</strong></span> <span class='ocrx_word' id='word_1_113' title='bbox 1300 1675 1451 1730; x_wconf 89' lang='lat' dir='ltr'><strong>Unde</strong></span> <span class='ocrx_word' id='word_1_114' title='bbox 1495 1675 1729 1728; x_wconf 83' lang='lat' dir='ltr'><strong>Petrus:</strong></span> <span class='ocrx_word' id='word_1_115' title='bbox 1771 1693 1796 1723; x_wconf 82' lang='grc'><strong>-‹</strong></span> <span class='ocrx_word' id='word_1_116' title='bbox 1825 1673 1926 1729; x_wconf 81' lang='lat' dir='ltr'><strong>Cui</strong></span> <span class='ocrx_word' id='word_1_117' title='bbox 1972 1690 2059 1728; x_wconf 86' lang='lat' dir='ltr'><strong>re-</strong></span> 
     </span>
    </p>
   </div>
   <div class='ocr_carea' id='block_1_18' title="bbox 461 1763 2058 1835">
    <p class='ocr_par' dir='ltr' id='par_1_18' title="bbox 461 1763 2058 1835">
     <span class='ocr_line' id='line_1_18' title="bbox 461 1763 2058 1835; baseline -0.001 -15"><span class='ocrx_word' id='word_1_118' title='bbox 461 1768 673 1828; x_wconf 72' lang='lat' dir='ltr'><strong>sistite,</strong></span> <span class='ocrx_word' id='word_1_119' title='bbox 721 1766 918 1835; x_wconf 80' lang='lat' dir='ltr'><strong>inquit,</strong></span> <span class='ocrx_word' id='word_1_120' title='bbox 959 1765 1126 1820; x_wconf 89' lang='lat' dir='ltr'><strong>fortes</strong></span> <span class='ocrx_word' id='word_1_121' title='bbox 1174 1766 1226 1821; x_wconf 90' lang='lat' dir='ltr'><strong>in</strong></span> <span class='ocrx_word' id='word_1_122' title='bbox 1269 1765 1370 1818; x_wconf 81' lang='lat' dir='ltr'><strong>ﬁde</strong></span> <span class='ocrx_word' id='word_1_123' title='bbox 1415 1764 1468 1834; x_wconf 85' lang='grc' dir='ltr'><strong>(Ι</strong></span> <span class='ocrx_word' id='word_1_124' title='bbox 1497 1763 1640 1819; x_wconf 85' lang='lat' dir='ltr'><strong>Pelr.</strong></span> <span class='ocrx_word' id='word_1_125' title='bbox 1686 1763 1760 1832; x_wconf 74' lang='grc' dir='ltr'><strong>ν).</strong></span> <span class='ocrx_word' id='word_1_126' title='bbox 1790 1783 1815 1814; x_wconf 76' lang='grc' dir='ltr'><strong>,ι</strong></span> <span class='ocrx_word' id='word_1_127' title='bbox 1860 1763 2058 1818; x_wconf 83' lang='lat' dir='ltr'><strong>Paulus</strong></span> 
     </span>
    </p>
   </div>
   <div class='ocr_carea' id='block_1_19' title="bbox 2153 588 3730 660">
    <p class='ocr_par' dir='ltr' id='par_1_19' title="bbox 2153 588 3730 660">
     <span class='ocr_line' id='line_1_19' title="bbox 2153 588 3730 660; baseline 0.002 -15"><span class='ocrx_word' id='word_1_128' title='bbox 2153 605 2340 645; x_wconf 88' lang='lat' dir='ltr'><strong>eamus</strong></span> <span class='ocrx_word' id='word_1_129' title='bbox 2381 589 2641 644; x_wconf 82' lang='lat' dir='ltr'><strong>terminos</strong></span> <span class='ocrx_word' id='word_1_130' title='bbox 2668 597 2788 644; x_wconf 89' lang='lat' dir='ltr'><strong>tuos</strong></span> <span class='ocrx_word' id='word_1_131' title='bbox 2826 588 3015 660; x_wconf 85' lang='lat' dir='ltr'><strong>(Num.</strong></span> <span class='ocrx_word' id='word_1_132' title='bbox 3045 590 3184 659; x_wconf 78' lang='lat' dir='ltr'><strong>xxi).</strong></span> <span class='ocrx_word' id='word_1_133' title='bbox 3217 609 3234 640; x_wconf 76' lang='grc' dir='ltr'><strong><em>ι</em></strong></span> <span class='ocrx_word' id='word_1_134' title='bbox 3285 589 3386 656; x_wconf 86' lang='lat' dir='ltr'><strong>Qui</strong></span> <span class='ocrx_word' id='word_1_135' title='bbox 3434 593 3730 650; x_wconf 80' lang='lat' dir='ltr'><strong>concedere</strong></span> 
     </span>
    </p>
   </div>
   <div class='ocr_carea' id='block_1_20' title="bbox 2153 665 3730 752">
    <p class='ocr_par' dir='ltr' id='par_1_20' title="bbox 2153 665 3730 752">
     <span class='ocr_line' id='line_1_20' title="bbox 2153 665 3730 752; baseline 0.002 -18"><span class='ocrx_word' id='word_1_136' title='bbox 2153 679 2325 734; x_wconf 90' lang='lat' dir='ltr'><strong>noluit</strong></span> <span class='ocrx_word' id='word_1_137' title='bbox 2351 687 2411 732; x_wconf 90' lang='lat' dir='ltr'><strong>ut</strong></span> <span class='ocrx_word' id='word_1_138' title='bbox 2441 679 2698 734; x_wconf 87' lang='lat' dir='ltr'><strong>transiret</strong></span> <span class='ocrx_word' id='word_1_139' title='bbox 2722 679 2886 735; x_wconf 87' lang='lat' dir='ltr'><strong>lsrael</strong></span> <span class='ocrx_word' id='word_1_140' title='bbox 2909 695 3005 749; x_wconf 90' lang='lat' dir='ltr'><strong>per</strong></span> <span class='ocrx_word' id='word_1_141' title='bbox 3035 680 3168 737; x_wconf 76' lang='lat' dir='ltr'><strong>lines</strong></span> <span class='ocrx_word' id='word_1_142' title='bbox 3193 665 3500 750; x_wconf 35' lang='lat' dir='ltr'><strong>suos,&#39;quin</strong></span> <span class='ocrx_word' id='word_1_143' title='bbox 3523 684 3730 752; x_wconf 80' lang='lat' dir='ltr'><strong>potius,</strong></span> 
     </span>
    </p>
   </div>
   <div class='ocr_carea' id='block_1_21' title="bbox 2154 767 3736 841">
    <p class='ocr_par' dir='ltr' id='par_1_21' title="bbox 2154 767 3736 841">
     <span class='ocr_line' id='line_1_21' title="bbox 2154 767 3736 841; baseline 0.004 -20"><span class='ocrx_word' id='word_1_144' title='bbox 2154 776 2216 821; x_wconf 86' lang='lat' dir='ltr'><strong>ut</strong></span> <span class='ocrx_word' id='word_1_145' title='bbox 2237 767 2426 821; x_wconf 84' lang='lat' dir='ltr'><strong>eadem</strong></span> <span class='ocrx_word' id='word_1_146' title='bbox 2454 781 2612 822; x_wconf 82' lang='lat' dir='ltr'><strong>saera</strong></span> <span class='ocrx_word' id='word_1_147' title='bbox 2642 775 2874 822; x_wconf 79' lang='lat' dir='ltr'><strong>testatur</strong></span> <span class='ocrx_word' id='word_1_148' title='bbox 2903 768 3152 831; x_wconf 80' lang='lat' dir='ltr'><strong>historia,</strong></span> <span class='ocrx_word' id='word_1_149' title='bbox 3181 787 3206 820; x_wconf 64' lang='grc' dir='ltr'><strong>η(</strong></span> <span class='ocrx_word' id='word_1_150' title='bbox 3239 770 3480 826; x_wconf 84' lang='lat' dir='ltr'><strong>exercitu</strong></span> <span class='ocrx_word' id='word_1_151' title='bbox 3507 787 3736 841; x_wconf 75' lang='lat' dir='ltr'><strong>congre-</strong></span> 
     </span>
    </p>
   </div>
   <div class='ocr_carea' id='block_1_22' title="bbox 2153 856 3735 929">
    <p class='ocr_par' dir='ltr' id='par_1_22' title="bbox 2153 856 3735 929">
     <span class='ocr_line' id='line_1_22' title="bbox 2153 856 3735 929; baseline 0.006 -20"><span class='ocrx_word' id='word_1_152' title='bbox 2153 866 2302 926; x_wconf 85' lang='lat' dir='ltr'><strong>gato,</strong></span> <span class='ocrx_word' id='word_1_153' title='bbox 2333 856 2475 912; x_wconf 90' lang='lat' dir='ltr'><strong>Scon</strong></span> <span class='ocrx_word' id='word_1_154' title='bbox 2500 865 2748 929; x_wconf 73' lang='lat' dir='ltr'><strong>egressus</strong></span> <span class='ocrx_word' id='word_1_155' title='bbox 2769 867 2853 914; x_wconf 90' lang='lat' dir='ltr'><strong>est</strong></span> <span class='ocrx_word' id='word_1_156' title='bbox 2875 859 3089 913; x_wconf 82' lang='lat' dir='ltr'><strong>obviam</strong></span> <span class='ocrx_word' id='word_1_157' title='bbox 3117 861 3168 915; x_wconf 92' lang='lat' dir='ltr'><strong>in</strong></span> <span class='ocrx_word' id='word_1_158' title='bbox 3195 861 3490 926; x_wconf 86' lang='lat' dir='ltr'><strong>desertum,</strong></span> <span class='ocrx_word' id='word_1_159' title='bbox 3514 872 3568 917; x_wconf 91' lang='lat' dir='ltr'><strong>ct</strong></span> <span class='ocrx_word' id='word_1_160' title='bbox 3587 867 3735 920; x_wconf 83' lang='lat' dir='ltr'><strong>venit</strong></span> 
     </span>
    </p>
   </div>
   <div class='ocr_carea' id='block_1_23' title="bbox 2163 945 3732 1023">
    <p class='ocr_par' dir='ltr' id='par_1_23' title="bbox 2163 945 3732 1023">
     <span class='ocr_line' id='line_1_23' title="bbox 2163 945 3732 1023; baseline 0.003 -24"><span class='ocrx_word' id='word_1_161' title='bbox 2163 946 2218 999; x_wconf 91' lang='lat' dir='ltr'><strong>in</strong></span> <span class='ocrx_word' id='word_1_162' title='bbox 2258 945 2413 1000; x_wconf 78' lang='lat' dir='ltr'><strong>lsaa-r</strong></span> <span class='ocrx_word' id='word_1_163' title='bbox 2458 945 2650 1019; x_wconf 81' lang='lat' dir='ltr'><strong>[Jasa],</strong></span> <span class='ocrx_word' id='word_1_164' title='bbox 2697 948 3058 1018; x_wconf 69' lang='lat' dir='ltr'><strong>pugnavitque</strong></span> <span class='ocrx_word' id='word_1_165' title='bbox 3098 959 3286 1004; x_wconf 83' lang='lat' dir='ltr'><strong>contra</strong></span> <span class='ocrx_word' id='word_1_166' title='bbox 3329 950 3516 1015; x_wconf 86' lang='lat' dir='ltr'><strong>lsrael,</strong></span> <span class='ocrx_word' id='word_1_167' title='bbox 3555 968 3584 1006; x_wconf 88' lang='lat' dir='ltr'><strong>a</strong></span> <span class='ocrx_word' id='word_1_168' title='bbox 3625 969 3732 1023; x_wconf 87' lang='lat' dir='ltr'><strong>quo</strong></span> 
     </span>
    </p>
   </div>
   <div class='ocr_carea' id='block_1_24' title="bbox 2154 1037 3733 1108">
    <p class='ocr_par' dir='ltr' id='par_1_24' title="bbox 2154 1037 3733 1108">
     <span class='ocr_line' id='line_1_24' title="bbox 2154 1037 3733 1108; baseline 0.006 -21"><span class='ocrx_word' id='word_1_169' title='bbox 2154 1044 2448 1103; x_wconf 87' lang='lat' dir='ltr'><strong>percussus</strong></span> <span class='ocrx_word' id='word_1_170' title='bbox 2479 1044 2564 1090; x_wconf 89' lang='lat' dir='ltr'><strong>est</strong></span> <span class='ocrx_word' id='word_1_171' title='bbox 2606 1037 2660 1090; x_wconf 90' lang='lat' dir='ltr'><strong>in</strong></span> <span class='ocrx_word' id='word_1_172' title='bbox 2703 1053 2804 1092; x_wconf 88' lang='lat' dir='ltr'><strong>ore</strong></span> <span class='ocrx_word' id='word_1_173' title='bbox 2841 1037 3026 1106; x_wconf 81' lang='lat' dir='ltr'><strong>gladii,</strong></span> <span class='ocrx_word' id='word_1_174' title='bbox 3068 1048 3126 1092; x_wconf 88' lang='lat' dir='ltr'><strong>et</strong></span> <span class='ocrx_word' id='word_1_175' title='bbox 3160 1053 3415 1108; x_wconf 76' lang='lat' dir='ltr'><strong>possessa</strong></span> <span class='ocrx_word' id='word_1_176' title='bbox 3459 1053 3546 1096; x_wconf 90' lang='lat' dir='ltr'><strong>est</strong></span> <span class='ocrx_word' id='word_1_177' title='bbox 3588 1052 3733 1097; x_wconf 90' lang='lat' dir='ltr'><strong>terra</strong></span> 
     </span>
    </p>
   </div>
   <div class='ocr_carea' id='block_1_25' title="bbox 2155 1123 3731 1200">
    <p class='ocr_par' dir='ltr' id='par_1_25' title="bbox 2155 1123 3731 1200">
     <span class='ocr_line' id='line_1_25' title="bbox 2155 1123 3731 1200; baseline 0.008 -25"><span class='ocrx_word' id='word_1_178' title='bbox 2155 1123 2274 1192; x_wconf 84' lang='lat' dir='ltr'><strong>ejus</strong></span> <span class='ocrx_word' id='word_1_179' title='bbox 2298 1125 2367 1179; x_wconf 85' lang='lat' dir='ltr'><strong>ab</strong></span> <span class='ocrx_word' id='word_1_180' title='bbox 2391 1125 2578 1180; x_wconf 85' lang='lat' dir='ltr'><strong>lsrael.</strong></span> <span class='ocrx_word' id='word_1_181' title='bbox 2600 1145 2618 1176; x_wconf 69' lang='grc' dir='ltr'><strong><em>ι</em></strong></span> <span class='ocrx_word' id='word_1_182' title='bbox 2645 1126 2754 1181; x_wconf 88' lang='lat' dir='ltr'><strong>Sed</strong></span> <span class='ocrx_word' id='word_1_183' title='bbox 2783 1128 2924 1195; x_wconf 87' lang='lat' dir='ltr'><strong>quod</strong></span> <span class='ocrx_word' id='word_1_184' title='bbox 2950 1136 3079 1183; x_wconf 84' lang='lat' dir='ltr'><strong>tunc</strong></span> <span class='ocrx_word' id='word_1_185' title='bbox 3104 1131 3202 1184; x_wconf 84' lang='lat' dir='ltr'><strong>sub</strong></span> <span class='ocrx_word' id='word_1_186' title='bbox 3225 1129 3405 1200; x_wconf 80' lang='lat' dir='ltr'><strong>Moyse</strong></span> <span class='ocrx_word' id='word_1_187' title='bbox 3434 1130 3534 1186; x_wconf 89' lang='lat' dir='ltr'><strong>fuit</strong></span> <span class='ocrx_word' id='word_1_188' title='bbox 3561 1132 3731 1187; x_wconf 85' lang='lat' dir='ltr'><strong>histo-</strong></span> 
     </span>
    </p>
   </div>
   <div class='ocr_carea' id='block_1_26' title="bbox 2157 1215 3732 1292">
    <p class='ocr_par' dir='ltr' id='par_1_26' title="bbox 2157 1215 3732 1292">
     <span class='ocr_line' id='line_1_26' title="bbox 2157 1215 3732 1292; baseline 0.005 -24"><span class='ocrx_word' id='word_1_189' title='bbox 2157 1215 2368 1269; x_wconf 78' lang='lat' dir='ltr'><strong>rialiucr</strong></span> <span class='ocrx_word' id='word_1_190' title='bbox 2413 1216 2637 1282; x_wconf 82' lang='lat' dir='ltr'><strong>factum,</strong></span> <span class='ocrx_word' id='word_1_191' title='bbox 2675 1218 2775 1271; x_wconf 89' lang='lat' dir='ltr'><strong>sub</strong></span> <span class='ocrx_word' id='word_1_192' title='bbox 2805 1217 3028 1273; x_wconf 79' lang='lat' dir='ltr'><strong>Christo</strong></span> <span class='ocrx_word' id='word_1_193' title='bbox 3068 1221 3308 1287; x_wconf 72' lang='lat' dir='ltr'><strong>quotidie</strong></span> <span class='ocrx_word' id='word_1_194' title='bbox 3350 1222 3407 1274; x_wconf 79' lang='lat' dir='ltr'><strong>fit</strong></span> <span class='ocrx_word' id='word_1_195' title='bbox 3434 1237 3530 1291; x_wconf 89' lang='lat' dir='ltr'><strong>per</strong></span> <span class='ocrx_word' id='word_1_196' title='bbox 3567 1224 3732 1292; x_wconf 78' lang='lat' dir='ltr'><strong>spiri-</strong></span> 
     </span>
    </p>
   </div>
   <div class='ocr_carea' id='block_1_27' title="bbox 2159 1304 3786 1382">
    <p class='ocr_par' dir='ltr' id='par_1_27' title="bbox 2159 1304 3786 1382">
     <span class='ocr_line' id='line_1_27' title="bbox 2159 1304 3786 1382; baseline 0.007 -26"><span class='ocrx_word' id='word_1_197' title='bbox 2159 1304 2316 1358; x_wconf 88' lang='lat' dir='ltr'><strong>tualis</strong></span> <span class='ocrx_word' id='word_1_198' title='bbox 2340 1305 2546 1358; x_wconf 70' lang='lat' dir='ltr'><strong>militia:</strong></span> <span class='ocrx_word' id='word_1_199' title='bbox 2576 1316 2998 1361; x_wconf 81' lang='lat' dir='ltr'><strong>sacramentum.</strong></span> <span class='ocrx_word' id='word_1_200' title='bbox 3031 1307 3181 1363; x_wconf 87' lang='lat' dir='ltr'><strong>Hanc</strong></span> <span class='ocrx_word' id='word_1_201' title='bbox 3209 1311 3351 1364; x_wconf 86' lang='lat' dir='ltr'><strong>enim</strong></span> <span class='ocrx_word' id='word_1_202' title='bbox 3377 1327 3612 1382; x_wconf 80' lang='lat' dir='ltr'><strong>pugnam</strong></span> <span class='ocrx_word' id='word_1_203' title='bbox 3643 1314 3733 1368; x_wconf 89' lang='lat' dir='ltr'><strong>ille</strong></span> <span class='ocrx_word' id='word_1_204' title='bbox 3779 1315 3786 1324; x_wconf 81' lang='grc'><em>’</em></span> 
     </span>
    </p>
   </div>
   <div class='ocr_carea' id='block_1_28' title="bbox 2161 1396 3734 1468">
    <p class='ocr_par' dir='ltr' id='par_1_28' title="bbox 2161 1396 3734 1468">
     <span class='ocr_line' id='line_1_28' title="bbox 2161 1396 3734 1468; baseline 0.008 -21"><span class='ocrx_word' id='word_1_205' title='bbox 2161 1404 2272 1448; x_wconf 90' lang='lat' dir='ltr'><strong>tum</strong></span> <span class='ocrx_word' id='word_1_206' title='bbox 2304 1396 2530 1465; x_wconf 78' lang='lat' dir='ltr'><strong>populus</strong></span> <span class='ocrx_word' id='word_1_207' title='bbox 2557 1399 2935 1464; x_wconf 83' lang='lat' dir='ltr'><strong>adumbrabat,</strong></span> <span class='ocrx_word' id='word_1_208' title='bbox 2977 1416 3081 1468; x_wconf 83' lang='lat' dir='ltr'><strong>qua</strong></span> <span class='ocrx_word' id='word_1_209' title='bbox 3110 1418 3252 1456; x_wconf 91' lang='lat' dir='ltr'><strong>nunc</strong></span> <span class='ocrx_word' id='word_1_210' title='bbox 3280 1415 3464 1460; x_wconf 88' lang='lat' dir='ltr'><strong>sancta</strong></span> <span class='ocrx_word' id='word_1_211' title='bbox 3496 1406 3734 1462; x_wconf 86' lang='lat' dir='ltr'><strong>Ecclesia</strong></span> 
     </span>
    </p>
   </div>
   <div class='ocr_carea' id='block_1_29' title="bbox 2151 1485 3732 1568">
    <p class='ocr_par' dir='ltr' id='par_1_29' title="bbox 2151 1485 3732 1568">
     <span class='ocr_line' id='line_1_29' title="bbox 2151 1485 3732 1568; baseline 0.011 -31"><span class='ocrx_word' id='word_1_212' title='bbox 2151 1485 2358 1557; x_wconf 86' lang='lat' dir='ltr'><strong>jngitcr</strong></span> <span class='ocrx_word' id='word_1_213' title='bbox 2386 1497 2572 1543; x_wconf 85' lang='lat' dir='ltr'><strong>contra</strong></span> <span class='ocrx_word' id='word_1_214' title='bbox 2616 1489 2886 1544; x_wconf 91' lang='lat' dir='ltr'><strong>diabolum</strong></span> <span class='ocrx_word' id='word_1_215' title='bbox 2933 1492 3173 1548; x_wconf 87' lang='lat' dir='ltr'><strong>dimicat.</strong></span> <span class='ocrx_word' id='word_1_216' title='bbox 3213 1493 3355 1549; x_wconf 89' lang='lat' dir='ltr'><strong>Seon</strong></span> <span class='ocrx_word' id='word_1_217' title='bbox 3390 1498 3586 1568; x_wconf 84' lang='lat' dir='ltr'><strong>quippe</strong></span> <span class='ocrx_word' id='word_1_218' title='bbox 3629 1501 3732 1553; x_wconf 80' lang='lat' dir='ltr'><strong>du-</strong></span> 
     </span>
    </p>
   </div>
   <div class='ocr_carea' id='block_1_30' title="bbox 2159 1579 3737 1650">
    <p class='ocr_par' dir='ltr' id='par_1_30' title="bbox 2159 1579 3737 1650">
     <span class='ocr_line' id='line_1_30' title="bbox 2159 1579 3737 1650; baseline 0.007 -19"><span class='ocrx_word' id='word_1_219' title='bbox 2159 1579 2353 1647; x_wconf 89' lang='lat' dir='ltr'><strong>plicem</strong></span> <span class='ocrx_word' id='word_1_220' title='bbox 2402 1581 2564 1635; x_wconf 86' lang='lat' dir='ltr'><strong>habet</strong></span> <span class='ocrx_word' id='word_1_221' title='bbox 2599 1581 3127 1650; x_wconf 84' lang='lat' dir='ltr'><strong>interpretationem.</strong></span> <span class='ocrx_word' id='word_1_222' title='bbox 3163 1583 3372 1639; x_wconf 82' lang='lat' dir='ltr'><strong>Dicitur</strong></span> <span class='ocrx_word' id='word_1_223' title='bbox 3398 1589 3542 1642; x_wconf 90' lang='lat' dir='ltr'><strong>enim</strong></span> <span class='ocrx_word' id='word_1_224' title='bbox 3579 1590 3737 1645; x_wconf 84' lang='lat' dir='ltr'><strong>arbor</strong></span> 
     </span>
    </p>
   </div>
   <div class='ocr_carea' id='block_1_31' title="bbox 2157 1671 3739 1742">
    <p class='ocr_par' dir='ltr' id='par_1_31' title="bbox 2157 1671 3739 1742">
     <span class='ocr_line' id='line_1_31' title="bbox 2157 1671 3739 1742; baseline 0.009 -20"><span class='ocrx_word' id='word_1_225' title='bbox 2157 1671 2522 1739; x_wconf 75' lang='lat' dir='ltr'><strong>infructuosa,</strong></span> <span class='ocrx_word' id='word_1_226' title='bbox 2575 1673 2776 1727; x_wconf 87' lang='lat' dir='ltr'><strong>dicitur</strong></span> <span class='ocrx_word' id='word_1_227' title='bbox 2819 1684 2874 1728; x_wconf 88' lang='lat' dir='ltr'><strong>et</strong></span> <span class='ocrx_word' id='word_1_228' title='bbox 2919 1674 3108 1729; x_wconf 76' lang='lat' dir='ltr'><strong>elatus.</strong></span> <span class='ocrx_word' id='word_1_229' title='bbox 3156 1675 3289 1742; x_wconf 83' lang='lat' dir='ltr'><strong>Quis</strong></span> <span class='ocrx_word' id='word_1_230' title='bbox 3333 1679 3477 1732; x_wconf 86' lang='lat' dir='ltr'><strong>enim</strong></span> <span class='ocrx_word' id='word_1_231' title='bbox 3515 1688 3598 1734; x_wconf 88' lang='lat' dir='ltr'><strong>est</strong></span> <span class='ocrx_word' id='word_1_232' title='bbox 3637 1681 3739 1736; x_wconf 87' lang='lat' dir='ltr'><strong>iste</strong></span> 
     </span>
    </p>
   </div>
   <div class='ocr_carea' id='block_1_32' title="bbox 2163 1759 3743 1838">
    <p class='ocr_par' dir='ltr' id='par_1_32' title="bbox 2163 1759 3743 1838">
     <span class='ocr_line' id='line_1_32' title="bbox 2163 1759 3743 1838; baseline 0.008 -26"><span class='ocrx_word' id='word_1_233' title='bbox 2163 1759 2354 1821; x_wconf 90' lang='lat' dir='ltr'><strong>elatus,</strong></span> <span class='ocrx_word' id='word_1_234' title='bbox 2403 1760 2528 1830; x_wconf 85' lang='lat' dir='ltr'><strong>quis</strong></span> <span class='ocrx_word' id='word_1_235' title='bbox 2575 1771 2658 1815; x_wconf 91' lang='lat' dir='ltr'><strong>est</strong></span> <span class='ocrx_word' id='word_1_236' title='bbox 2703 1763 2804 1816; x_wconf 89' lang='lat' dir='ltr'><strong>iste</strong></span> <span class='ocrx_word' id='word_1_237' title='bbox 2849 1764 3144 1832; x_wconf 85' lang='lat' dir='ltr'><strong>superbus,</strong></span> <span class='ocrx_word' id='word_1_238' title='bbox 3187 1766 3292 1821; x_wconf 89' lang='lat' dir='ltr'><strong>nisi</strong></span> <span class='ocrx_word' id='word_1_239' title='bbox 3344 1769 3605 1838; x_wconf 83' lang='lat' dir='ltr'><strong>reprobus</strong></span> <span class='ocrx_word' id='word_1_240' title='bbox 3653 1772 3743 1826; x_wconf 90' lang='lat' dir='ltr'><strong>ille</strong></span> 
     </span>
    </p>
   </div>
   <div class='ocr_carea' id='block_1_33' title="bbox 477 1842 3742 1936">
    <p class='ocr_par' dir='ltr' id='par_1_33' title="bbox 477 1842 3742 1936">
     <span class='ocr_line' id='line_1_33' title="bbox 477 1842 3742 1936; baseline 0.001 -26"><span class='ocrx_word' id='word_1_241' title='bbox 477 1857 640 1910; x_wconf 87' lang='lat' dir='ltr'><strong>etiam</strong></span> <span class='ocrx_word' id='word_1_242' title='bbox 679 1857 851 1910; x_wconf 88' lang='lat' dir='ltr'><strong>dicit:</strong></span> <span class='ocrx_word' id='word_1_243' title='bbox 902 1874 921 1907; x_wconf 77' lang='grc' dir='ltr'>ι</span> <span class='ocrx_word' id='word_1_244' title='bbox 951 1857 1115 1909; x_wconf 86' lang='lat' dir='ltr'><strong>Arma</strong></span> <span class='ocrx_word' id='word_1_245' title='bbox 1161 1856 1368 1910; x_wconf 74' lang='lat' dir='ltr'><strong>militia:</strong></span> <span class='ocrx_word' id='word_1_246' title='bbox 1400 1865 1599 1910; x_wconf 78' lang='lat' dir='ltr'><strong>nostra:</strong></span> <span class='ocrx_word' id='word_1_247' title='bbox 1638 1872 1744 1911; x_wconf 91' lang='lat' dir='ltr'><strong>non</strong></span> <span class='ocrx_word' id='word_1_248' title='bbox 1791 1856 2054 1922; x_wconf 76' lang='lat' dir='ltr'><strong>carnalia,</strong></span> <span class='ocrx_word' id='word_1_249' title='bbox 2085 1842 2132 1901; x_wconf 84' lang='grc' dir='ltr'>Β</span> <span class='ocrx_word' id='word_1_250' title='bbox 2159 1850 2405 1919; x_wconf 79' lang='lat' dir='ltr'><strong>spiritus,</strong></span> <span class='ocrx_word' id='word_1_251' title='bbox 2439 1852 2530 1919; x_wconf 88' lang='lat' dir='ltr'><strong>qui</strong></span> <span class='ocrx_word' id='word_1_252' title='bbox 2576 1853 2737 1907; x_wconf 85' lang='lat' dir='ltr'><strong>dicit:</strong></span> <span class='ocrx_word' id='word_1_253' title='bbox 2779 1871 2797 1902; x_wconf 74' lang='grc' dir='ltr'>ι</span> <span class='ocrx_word' id='word_1_254' title='bbox 2827 1853 2886 1906; x_wconf 77' lang='lat' dir='ltr'><strong>in</strong></span> <span class='ocrx_word' id='word_1_255' title='bbox 2920 1854 3115 1909; x_wconf 62' lang='lat' dir='ltr'><strong>caelum</strong></span> <span class='ocrx_word' id='word_1_256' title='bbox 3156 1859 3542 1936; x_wconf 73' lang='lat' dir='ltr'><strong>conscendam,</strong></span> <span class='ocrx_word' id='word_1_257' title='bbox 3579 1876 3742 1930; x_wconf 83' lang='lat' dir='ltr'><strong>super</strong></span> 
     </span>
    </p>
   </div>
   <div class='ocr_carea' id='block_1_34' title="bbox 476 1945 2052 2015">
    <p class='ocr_par' dir='ltr' id='par_1_34' title="bbox 476 1945 2052 2015">
     <span class='ocr_line' id='line_1_34' title="bbox 476 1945 2052 2015; baseline -0.001 -14"><span class='ocrx_word' id='word_1_258' title='bbox 476 1947 576 2001; x_wconf 88' lang='lat' dir='ltr'><strong>sed</strong></span> <span class='ocrx_word' id='word_1_259' title='bbox 598 1945 839 2015; x_wconf 88' lang='lat' dir='ltr'><strong>potentia</strong></span> <span class='ocrx_word' id='word_1_260' title='bbox 864 1945 976 2000; x_wconf 91' lang='lat' dir='ltr'><strong>Deo</strong></span> <span class='ocrx_word' id='word_1_261' title='bbox 995 1955 1122 2000; x_wconf 87' lang='lat' dir='ltr'><strong>sunt</strong></span> <span class='ocrx_word' id='word_1_262' title='bbox 1142 1947 1207 2000; x_wconf 89' lang='lat' dir='ltr'><strong>ad</strong></span> <span class='ocrx_word' id='word_1_263' title='bbox 1231 1947 1652 2001; x_wconf 84' lang='lat' dir='ltr'><strong>destructionem</strong></span> <span class='ocrx_word' id='word_1_264' title='bbox 1675 1947 2052 2012; x_wconf 86' lang='lat' dir='ltr'><strong>munitionum,</strong></span> 
     </span>
    </p>
   </div>
   <div class='ocr_carea' id='block_1_35' title="bbox 475 2037 2053 2106">
    <p class='ocr_par' dir='ltr' id='par_1_35' title="bbox 475 2037 2053 2106">
     <span class='ocr_line' id='line_1_35' title="bbox 475 2037 2053 2106; baseline -0.002 -13"><span class='ocrx_word' id='word_1_265' title='bbox 475 2038 701 2094; x_wconf 88' lang='lat' dir='ltr'><strong>consilia</strong></span> <span class='ocrx_word' id='word_1_266' title='bbox 729 2037 976 2106; x_wconf 75' lang='lat' dir='ltr'><strong>corporis</strong></span> <span class='ocrx_word' id='word_1_267' title='bbox 1005 2039 1368 2099; x_wconf 86' lang='lat' dir='ltr'><strong>destrucntes,</strong></span> <span class='ocrx_word' id='word_1_268' title='bbox 1399 2045 1453 2091; x_wconf 90' lang='lat' dir='ltr'><strong>et</strong></span> <span class='ocrx_word' id='word_1_269' title='bbox 1475 2050 1691 2091; x_wconf 89' lang='lat' dir='ltr'><strong>omnem</strong></span> <span class='ocrx_word' id='word_1_270' title='bbox 1717 2037 2053 2096; x_wconf 85' lang='lat' dir='ltr'><strong>altitudinem</strong></span> 
     </span>
    </p>
   </div>
   <div class='ocr_carea' id='block_1_36' title="bbox 475 2130 2058 2198">
    <p class='ocr_par' dir='ltr' id='par_1_36' title="bbox 475 2130 2058 2198">
     <span class='ocr_line' id='line_1_36' title="bbox 475 2130 2058 2198; baseline -0.001 -12"><span class='ocrx_word' id='word_1_271' title='bbox 475 2130 824 2186; x_wconf 79' lang='lat' dir='ltr'><strong>extollentem</strong></span> <span class='ocrx_word' id='word_1_272' title='bbox 853 2143 914 2185; x_wconf 87' lang='lat' dir='ltr'><strong>se</strong></span> <span class='ocrx_word' id='word_1_273' title='bbox 942 2130 1204 2185; x_wconf 80' lang='lat' dir='ltr'><strong>adversus</strong></span> <span class='ocrx_word' id='word_1_274' title='bbox 1248 2130 1534 2184; x_wconf 83' lang='lat' dir='ltr'><strong>scientiam</strong></span> <span class='ocrx_word' id='word_1_275' title='bbox 1572 2130 1688 2195; x_wconf 87' lang='lat' dir='ltr'><strong>Dei,</strong></span> <span class='ocrx_word' id='word_1_276' title='bbox 1718 2140 1772 2184; x_wconf 89' lang='lat' dir='ltr'><strong>et</strong></span> <span class='ocrx_word' id='word_1_277' title='bbox 1802 2130 1856 2184; x_wconf 92' lang='lat' dir='ltr'><strong>in</strong></span> <span class='ocrx_word' id='word_1_278' title='bbox 1885 2131 2058 2198; x_wconf 82' lang='lat' dir='ltr'><strong>capti-</strong></span> 
     </span>
    </p>
   </div>
   <div class='ocr_carea' id='block_1_37' title="bbox 475 2219 2055 2290">
    <p class='ocr_par' dir='ltr' id='par_1_37' title="bbox 475 2219 2055 2290">
     <span class='ocr_line' id='line_1_37' title="bbox 475 2219 2055 2290; baseline 0 -16"><span class='ocrx_word' id='word_1_279' title='bbox 475 2220 697 2275; x_wconf 84' lang='lat' dir='ltr'><strong>vitatem</strong></span> <span class='ocrx_word' id='word_1_280' title='bbox 720 2220 1031 2290; x_wconf 82' lang='lat' dir='ltr'><strong>redigentes</strong></span> <span class='ocrx_word' id='word_1_281' title='bbox 1053 2234 1269 2274; x_wconf 80' lang='lat' dir='ltr'><strong>omnem</strong></span> <span class='ocrx_word' id='word_1_282' title='bbox 1293 2219 1626 2289; x_wconf 85' lang='lat' dir='ltr'><strong>intellectum</strong></span> <span class='ocrx_word' id='word_1_283' title='bbox 1654 2220 1707 2272; x_wconf 89' lang='lat' dir='ltr'><strong>in</strong></span> <span class='ocrx_word' id='word_1_284' title='bbox 1734 2219 2055 2288; x_wconf 87' lang='lat' dir='ltr'><strong>obsequium</strong></span> 
     </span>
    </p>
   </div>
   <div class='ocr_carea' id='block_1_38' title="bbox 475 2309 1103 2382">
    <p class='ocr_par' dir='ltr' id='par_1_38' title="bbox 475 2309 1103 2382">
     <span class='ocr_line' id='line_1_38' title="bbox 475 2309 1103 2382; baseline -0.005 -17"><span class='ocrx_word' id='word_1_285' title='bbox 475 2309 792 2382; x_wconf 58' lang='lat' dir='ltr'><strong>Christi“!</strong></span> <span class='ocrx_word' id='word_1_286' title='bbox 816 2310 939 2364; x_wconf 83' lang='lat' dir='ltr'><strong>Cor.</strong></span> <span class='ocrx_word' id='word_1_287' title='bbox 968 2310 1050 2381; x_wconf 66' lang='grc' dir='ltr'><strong>ι).</strong></span> <span class='ocrx_word' id='word_1_288' title='bbox 1084 2331 1103 2362; x_wconf 76' lang='grc' dir='ltr'><strong>ι</strong></span> 
     </span>
    </p>
   </div>
   <div class='ocr_carea' id='block_1_39' title="bbox 543 2401 2060 2472">
    <p class='ocr_par' dir='ltr' id='par_1_39' title="bbox 543 2401 2060 2472">
     <span class='ocr_line' id='line_1_39' title="bbox 543 2401 2060 2472; baseline -0.001 -16"><span class='ocrx_word' id='word_1_289' title='bbox 543 2401 631 2456; x_wconf 72' lang='lat' dir='ltr'><strong>-Ab</strong></span> <span class='ocrx_word' id='word_1_290' title='bbox 657 2403 764 2456; x_wconf 77' lang='lat' dir='ltr'><strong>hac</strong></span> <span class='ocrx_word' id='word_1_291' title='bbox 805 2415 935 2472; x_wconf 86' lang='lat' dir='ltr'><strong>ergo</strong></span> <span class='ocrx_word' id='word_1_292' title='bbox 976 2402 1142 2456; x_wconf 85' lang='lat' dir='ltr'><strong>barba</strong></span> <span class='ocrx_word' id='word_1_293' title='bbox 1181 2402 1378 2456; x_wconf 87' lang='lat' dir='ltr'><strong>summi</strong></span> <span class='ocrx_word' id='word_1_294' title='bbox 1419 2401 1696 2470; x_wconf 83' lang='lat' dir='ltr'><strong>pontiﬁcis</strong></span> <span class='ocrx_word' id='word_1_295' title='bbox 1738 2404 1922 2455; x_wconf 80' lang='lat' dir='ltr'><strong>Aaron</strong></span> <span class='ocrx_word' id='word_1_296' title='bbox 1956 2417 2060 2454; x_wconf 91' lang='lat' dir='ltr'><strong>un-</strong></span> 
     </span>
    </p>
   </div>
   <div class='ocr_carea' id='block_1_40' title="bbox 479 2493 2060 2564">
    <p class='ocr_par' dir='ltr' id='par_1_40' title="bbox 479 2493 2060 2564">
     <span class='ocr_line' id='line_1_40' title="bbox 479 2493 2060 2564; baseline 0 -18"><span class='ocrx_word' id='word_1_297' title='bbox 479 2503 735 2564; x_wconf 70' lang='lat' dir='ltr'><strong>guemum</strong></span> <span class='ocrx_word' id='word_1_298' title='bbox 759 2493 812 2546; x_wconf 89' lang='lat' dir='ltr'><strong>in</strong></span> <span class='ocrx_word' id='word_1_299' title='bbox 841 2508 994 2546; x_wconf 88' lang='lat' dir='ltr'><strong>oram</strong></span> <span class='ocrx_word' id='word_1_300' title='bbox 1021 2493 1330 2548; x_wconf 81' lang='lat' dir='ltr'><strong>vestimenti</strong></span> <span class='ocrx_word' id='word_1_301' title='bbox 1354 2493 1472 2562; x_wconf 90' lang='lat' dir='ltr'><strong>ejus</strong></span> <span class='ocrx_word' id='word_1_302' title='bbox 1499 2493 1754 2559; x_wconf 87' lang='lat' dir='ltr'><strong>instillat;</strong></span> <span class='ocrx_word' id='word_1_303' title='bbox 1776 2495 1908 2562; x_wconf 76' lang='lat' dir='ltr'><strong>quia</strong></span> <span class='ocrx_word' id='word_1_304' title='bbox 1937 2500 2060 2562; x_wconf 85' lang='lat' dir='ltr'><strong>post</strong></span> 
     </span>
    </p>
   </div>
   <div class='ocr_carea' id='block_1_41' title="bbox 480 2584 2054 2654">
    <p class='ocr_par' dir='ltr' id='par_1_41' title="bbox 480 2584 2054 2654">
     <span class='ocr_line' id='line_1_41' title="bbox 480 2584 2054 2654; baseline 0 -16"><span class='ocrx_word' id='word_1_305' title='bbox 480 2584 667 2639; x_wconf 83' lang='lat' dir='ltr'><strong>beatos</strong></span> <span class='ocrx_word' id='word_1_306' title='bbox 689 2585 985 2654; x_wconf 70' lang='lat' dir='ltr'><strong>apostolos,</strong></span> <span class='ocrx_word' id='word_1_307' title='bbox 1012 2593 1411 2653; x_wconf 89' lang='lat' dir='ltr'><strong>consequenter</strong></span> <span class='ocrx_word' id='word_1_308' title='bbox 1437 2593 1492 2638; x_wconf 87' lang='lat' dir='ltr'><strong>et</strong></span> <span class='ocrx_word' id='word_1_309' title='bbox 1521 2593 2054 2654; x_wconf 78' lang='lat' dir='ltr'><strong>sanctosmartyrcs,</strong></span> 
     </span>
    </p>
   </div>
   <div class='ocr_carea' id='block_1_42' title="bbox 482 2673 2058 2744">
    <p class='ocr_par' dir='ltr' id='par_1_42' title="bbox 482 2673 2058 2744">
     <span class='ocr_line' id='line_1_42' title="bbox 482 2673 2058 2744; baseline 0 -16"><span class='ocrx_word' id='word_1_310' title='bbox 482 2690 548 2729; x_wconf 88' lang='lat' dir='ltr'><strong>ac</strong></span> <span class='ocrx_word' id='word_1_311' title='bbox 579 2674 830 2744; x_wconf 81' lang='lat' dir='ltr'><strong>deinceps</strong></span> <span class='ocrx_word' id='word_1_312' title='bbox 866 2683 1036 2729; x_wconf 86' lang='lat' dir='ltr'><strong>totam</strong></span> <span class='ocrx_word' id='word_1_313' title='bbox 1084 2674 1245 2728; x_wconf 90' lang='lat' dir='ltr'><strong>simul</strong></span> <span class='ocrx_word' id='word_1_314' title='bbox 1277 2674 1606 2737; x_wconf 45' lang='lat' dir='ltr'><strong>&#39;Ecclesiam,</strong></span> <span class='ocrx_word' id='word_1_315' title='bbox 1637 2673 1839 2729; x_wconf 86' lang='lat' dir='ltr'><strong>ﬂuento</strong></span> <span class='ocrx_word' id='word_1_316' title='bbox 1882 2675 2058 2728; x_wconf 84' lang='lat' dir='ltr'><strong>sancti</strong></span> 
     </span>
    </p>
   </div>
   <div class='ocr_carea' id='block_1_43' title="bbox 487 2764 2060 2835">
    <p class='ocr_par' dir='ltr' id='par_1_43' title="bbox 487 2764 2060 2835">
     <span class='ocr_line' id='line_1_43' title="bbox 487 2764 2060 2835; baseline -0.003 -14"><span class='ocrx_word' id='word_1_317' title='bbox 487 2764 723 2835; x_wconf 85' lang='lat' dir='ltr'><strong>Spiritus</strong></span> <span class='ocrx_word' id='word_1_318' title='bbox 771 2765 979 2834; x_wconf 80' lang='lat' dir='ltr'><strong>irrigat.</strong></span> <span class='ocrx_word' id='word_1_319' title='bbox 1026 2764 1083 2818; x_wconf 88' lang='lat' dir='ltr'><strong>ln</strong></span> <span class='ocrx_word' id='word_1_320' title='bbox 1135 2779 1242 2833; x_wconf 87' lang='lat' dir='ltr'><strong>qua</strong></span> <span class='ocrx_word' id='word_1_321' title='bbox 1286 2765 1540 2818; x_wconf 88' lang='lat' dir='ltr'><strong>nimirum</strong></span> <span class='ocrx_word' id='word_1_322' title='bbox 1586 2780 1683 2818; x_wconf 83' lang='lat' dir='ltr'><strong>ora</strong></span> <span class='ocrx_word' id='word_1_323' title='bbox 1733 2765 1943 2834; x_wconf 84' lang='lat' dir='ltr'><strong>mystici</strong></span> <span class='ocrx_word' id='word_1_324' title='bbox 1994 2779 2060 2817; x_wconf 80' lang='lat' dir='ltr'><strong>ac.</strong></span> 
     </span>
    </p>
   </div>
   <div class='ocr_carea' id='block_1_44' title="bbox 480 2853 2056 2928">
    <p class='ocr_par' dir='ltr' id='par_1_44' title="bbox 480 2853 2056 2928">
     <span class='ocr_line' id='line_1_44' title="bbox 480 2853 2056 2928; baseline -0.003 -19"><span class='ocrx_word' id='word_1_325' title='bbox 480 2853 833 2910; x_wconf 83' lang='lat' dir='ltr'><strong>sacerdotalis</strong></span> <span class='ocrx_word' id='word_1_326' title='bbox 877 2855 1180 2928; x_wconf 89' lang='lat' dir='ltr'><strong>indumenti</strong></span> <span class='ocrx_word' id='word_1_327' title='bbox 1224 2854 1285 2907; x_wconf 88' lang='grc' dir='ltr'><strong>Β.</strong></span> <span class='ocrx_word' id='word_1_328' title='bbox 1321 2853 1766 2922; x_wconf 77' lang='lat' dir='ltr'><strong>Ghristophorns,</strong></span> <span class='ocrx_word' id='word_1_329' title='bbox 1810 2853 1911 2906; x_wconf 90' lang='lat' dir='ltr'><strong>hoc</strong></span> <span class='ocrx_word' id='word_1_330' title='bbox 1953 2861 2056 2917; x_wconf 87' lang='lat' dir='ltr'><strong>est,</strong></span> 
     </span>
    </p>
   </div>
   <div class='ocr_carea' id='block_1_45' title="bbox 478 2941 2058 3016">
    <p class='ocr_par' dir='ltr' id='par_1_45' title="bbox 478 2941 2058 3016">
     <span class='ocr_line' id='line_1_45' title="bbox 478 2941 2058 3016; baseline -0.003 -16"><span class='ocrx_word' id='word_1_331' title='bbox 478 2944 757 3000; x_wconf 86' lang='lat' dir='ltr'><strong>Christum</strong></span> <span class='ocrx_word' id='word_1_332' title='bbox 799 2942 999 3010; x_wconf 83' lang='lat' dir='ltr'><strong>ferens,</strong></span> <span class='ocrx_word' id='word_1_333' title='bbox 1045 2945 1246 3016; x_wconf 80' lang='lat' dir='ltr'><strong>meruit</strong></span> <span class='ocrx_word' id='word_1_334' title='bbox 1278 2945 1597 3014; x_wconf 80' lang='lat' dir='ltr'><strong>nuncupari.</strong></span> <span class='ocrx_word' id='word_1_335' title='bbox 1629 2943 1905 2998; x_wconf 83' lang='lat' dir='ltr'><strong>Christum</strong></span> <span class='ocrx_word' id='word_1_336' title='bbox 1943 2941 2058 2997; x_wconf 83' lang='lat' dir='ltr'><strong>sei-</strong></span> 
     </span>
    </p>
   </div>
   <div class='ocr_carea' id='block_1_46' title="bbox 488 3031 2054 3101">
    <p class='ocr_par' dir='ltr' id='par_1_46' title="bbox 488 3031 2054 3101">
     <span class='ocr_line' id='line_1_46' title="bbox 488 3031 2054 3101; baseline -0.001 -13"><span class='ocrx_word' id='word_1_337' title='bbox 488 3034 614 3089; x_wconf 86' lang='lat' dir='ltr'><strong>licet</strong></span> <span class='ocrx_word' id='word_1_338' title='bbox 643 3033 854 3089; x_wconf 81' lang='lat' dir='ltr'><strong>l‘ercbat</strong></span> <span class='ocrx_word' id='word_1_339' title='bbox 879 3035 932 3088; x_wconf 91' lang='lat' dir='ltr'><strong>in</strong></span> <span class='ocrx_word' id='word_1_340' title='bbox 961 3034 1145 3098; x_wconf 89' lang='lat' dir='ltr'><strong>corde,</strong></span> <span class='ocrx_word' id='word_1_341' title='bbox 1175 3033 1450 3088; x_wconf 84' lang='lat' dir='ltr'><strong>Christum</strong></span> <span class='ocrx_word' id='word_1_342' title='bbox 1479 3031 1792 3101; x_wconf 87' lang='lat' dir='ltr'><strong>proferebat</strong></span> <span class='ocrx_word' id='word_1_343' title='bbox 1819 3032 1869 3086; x_wconf 92' lang='lat' dir='ltr'><strong>in</strong></span> <span class='ocrx_word' id='word_1_344' title='bbox 1903 3046 2054 3087; x_wconf 82' lang='lat' dir='ltr'><strong>voce.</strong></span> 
     </span>
    </p>
   </div>
   <div class='ocr_carea' id='block_1_47' title="bbox 2159 1940 3743 2022">
    <p class='ocr_par' dir='ltr' id='par_1_47' title="bbox 2159 1940 3743 2022">
     <span class='ocr_line' id='line_1_47' title="bbox 2159 1940 3743 2022; baseline 0.009 -29"><span class='ocrx_word' id='word_1_345' title='bbox 2159 1947 2305 1993; x_wconf 85' lang='lat' dir='ltr'><strong>astra</strong></span> <span class='ocrx_word' id='word_1_346' title='bbox 2350 1940 2472 1996; x_wconf 86' lang='lat' dir='ltr'><strong>coeli</strong></span> <span class='ocrx_word' id='word_1_347' title='bbox 2526 1943 2779 1997; x_wconf 83' lang='lat' dir='ltr'><strong>exaltabo</strong></span> <span class='ocrx_word' id='word_1_348' title='bbox 2822 1944 3016 1998; x_wconf 85' lang='lat' dir='ltr'><strong>solium</strong></span> <span class='ocrx_word' id='word_1_349' title='bbox 3065 1960 3277 2012; x_wconf 89' lang='lat' dir='ltr'><strong>meum;</strong></span> <span class='ocrx_word' id='word_1_350' title='bbox 3321 1951 3609 2006; x_wconf 85' lang='lat' dir='ltr'><strong>ascendam</strong></span> <span class='ocrx_word' id='word_1_351' title='bbox 3645 1968 3743 2022; x_wconf 86' lang='lat' dir='ltr'><strong>per</strong></span> 
     </span>
    </p>
   </div>
   <div class='ocr_carea' id='block_1_48' title="bbox 2155 2027 3743 2099">
    <p class='ocr_par' dir='ltr' id='par_1_48' title="bbox 2155 2027 3743 2099">
     <span class='ocr_line' id='line_1_48' title="bbox 2155 2027 3743 2099; baseline 0.01 -18"><span class='ocrx_word' id='word_1_352' title='bbox 2155 2027 2498 2084; x_wconf 86' lang='lat' dir='ltr'><strong>altitudinem</strong></span> <span class='ocrx_word' id='word_1_353' title='bbox 2565 2033 2824 2097; x_wconf 88' lang='lat' dir='ltr'><strong>nubium,</strong></span> <span class='ocrx_word' id='word_1_354' title='bbox 2889 2043 2946 2088; x_wconf 90' lang='lat' dir='ltr'><strong>et</strong></span> <span class='ocrx_word' id='word_1_355' title='bbox 3002 2035 3197 2091; x_wconf 91' lang='lat' dir='ltr'><strong>similis</strong></span> <span class='ocrx_word' id='word_1_356' title='bbox 3257 2051 3354 2092; x_wconf 90' lang='lat' dir='ltr'><strong>ero</strong></span> <span class='ocrx_word' id='word_1_357' title='bbox 3417 2039 3743 2099; x_wconf 79' lang='lat' dir='ltr'><strong>Altissimo?</strong></span> 
     </span>
    </p>
   </div>
   <div class='ocr_carea' id='block_1_49' title="bbox 2117 2117 3741 2196">
    <p class='ocr_par' dir='ltr' id='par_1_49' title="bbox 2117 2117 3741 2196">
     <span class='ocr_line' id='line_1_49' title="bbox 2117 2117 3741 2196; baseline 0.012 -26"><span class='ocrx_word' id='word_1_358' title='bbox 2117 2157 2121 2159; x_wconf 86' lang='grc'><strong><em>-</em></strong></span> <span class='ocrx_word' id='word_1_359' title='bbox 2159 2117 2294 2188; x_wconf 62' lang='lat' dir='ltr'><strong>(Ira.</strong></span> <span class='ocrx_word' id='word_1_360' title='bbox 2337 2121 2470 2191; x_wconf 68' lang='lat' dir='ltr'><strong>xlv.)</strong></span> <span class='ocrx_word' id='word_1_361' title='bbox 2502 2141 2520 2172; x_wconf 73' lang='grc' dir='ltr'><strong>ι</strong></span> <span class='ocrx_word' id='word_1_362' title='bbox 2557 2121 2710 2187; x_wconf 84' lang='lat' dir='ltr'><strong>Quis,</strong></span> <span class='ocrx_word' id='word_1_363' title='bbox 2763 2125 3006 2194; x_wconf 85' lang='lat' dir='ltr'><strong>inquam,</strong></span> <span class='ocrx_word' id='word_1_364' title='bbox 3037 2126 3138 2180; x_wconf 85' lang='lat' dir='ltr'><strong>iste</strong></span> <span class='ocrx_word' id='word_1_365' title='bbox 3171 2127 3348 2186; x_wconf 86' lang='lat' dir='ltr'><strong>elatus</strong></span> <span class='ocrx_word' id='word_1_366' title='bbox 3381 2138 3484 2196; x_wconf 85' lang='lat' dir='ltr'><strong>est,</strong></span> <span class='ocrx_word' id='word_1_367' title='bbox 3513 2133 3618 2188; x_wconf 78' lang='lat' dir='ltr'><strong>nisi</strong></span> <span class='ocrx_word' id='word_1_368' title='bbox 3651 2133 3741 2189; x_wconf 88' lang='lat' dir='ltr'><strong>ille</strong></span> 
     </span>
    </p>
   </div>
   <div class='ocr_carea' id='block_1_50' title="bbox 2159 2207 3738 2290">
    <p class='ocr_par' dir='ltr' id='par_1_50' title="bbox 2159 2207 3738 2290">
     <span class='ocr_line' id='line_1_50' title="bbox 2159 2207 3738 2290; baseline 0.012 -30"><span class='ocrx_word' id='word_1_369' title='bbox 2159 2207 2224 2261; x_wconf 91' lang='lat' dir='ltr'><strong>de</strong></span> <span class='ocrx_word' id='word_1_370' title='bbox 2250 2222 2360 2276; x_wconf 89' lang='lat' dir='ltr'><strong>quo</strong></span> <span class='ocrx_word' id='word_1_371' title='bbox 2388 2208 2668 2279; x_wconf 83' lang='lat' dir='ltr'><strong>Scriptura</strong></span> <span class='ocrx_word' id='word_1_372' title='bbox 2700 2213 2869 2267; x_wconf 86' lang='lat' dir='ltr'><strong>dicit:</strong></span> <span class='ocrx_word' id='word_1_373' title='bbox 2904 2216 3030 2283; x_wconf 89' lang='lat' dir='ltr'><strong>quia</strong></span> <span class='ocrx_word' id='word_1_374' title='bbox 3058 2215 3174 2284; x_wconf 88' lang='lat' dir='ltr'><strong>ipse</strong></span> <span class='ocrx_word' id='word_1_375' title='bbox 3200 2225 3289 2279; x_wconf 86' lang='lat' dir='ltr'><strong>est</strong></span> <span class='ocrx_word' id='word_1_376' title='bbox 3313 2233 3405 2274; x_wconf 88' lang='lat' dir='ltr'><strong>rex</strong></span> <span class='ocrx_word' id='word_1_377' title='bbox 3429 2235 3594 2290; x_wconf 86' lang='lat' dir='ltr'><strong>super</strong></span> <span class='ocrx_word' id='word_1_378' title='bbox 3617 2237 3738 2279; x_wconf 89' lang='lat' dir='ltr'><strong>om-</strong></span> 
     </span>
    </p>
   </div>
   <div class='ocr_carea' id='block_1_51' title="bbox 2156 2298 3731 2382">
    <p class='ocr_par' dir='ltr' id='par_1_51' title="bbox 2156 2298 3731 2382">
     <span class='ocr_line' id='line_1_51' title="bbox 2156 2298 3731 2382; baseline 0.01 -31"><span class='ocrx_word' id='word_1_379' title='bbox 2156 2313 2256 2352; x_wconf 89' lang='lat' dir='ltr'><strong>nes</strong></span> <span class='ocrx_word' id='word_1_380' title='bbox 2278 2298 2740 2369; x_wconf 77' lang='lat' dir='ltr'><strong>liliossupcrbiae?</strong></span> <span class='ocrx_word' id='word_1_381' title='bbox 2767 2301 2888 2374; x_wconf 77' lang='lat' dir='ltr'><strong>(Job</strong></span> <span class='ocrx_word' id='word_1_382' title='bbox 2910 2303 3042 2376; x_wconf 78' lang='lat' dir='ltr'><strong>xu.)</strong></span> <span class='ocrx_word' id='word_1_383' title='bbox 3076 2305 3244 2373; x_wconf 81' lang='lat' dir='ltr'><strong>Adeo,</strong></span> <span class='ocrx_word' id='word_1_384' title='bbox 3289 2316 3350 2362; x_wconf 89' lang='lat' dir='ltr'><strong>ut</strong></span> <span class='ocrx_word' id='word_1_385' title='bbox 3381 2307 3538 2377; x_wconf 86' lang='lat' dir='ltr'><strong>juxta</strong></span> <span class='ocrx_word' id='word_1_386' title='bbox 3578 2312 3731 2382; x_wconf 87' lang='lat' dir='ltr'><strong>Apo-</strong></span> 
     </span>
    </p>
   </div>
   <div class='ocr_carea' id='block_1_52' title="bbox 2142 2390 3743 2465">
    <p class='ocr_par' dir='ltr' id='par_1_52' title="bbox 2142 2390 3743 2465">
     <span class='ocr_line' id='line_1_52' title="bbox 2142 2390 3743 2465; baseline 0.008 -21"><span class='ocrx_word' id='word_1_387' title='bbox 2142 2390 2356 2446; x_wconf 76' lang='lat' dir='ltr'><strong>stolum</strong></span> <span class='ocrx_word' id='word_1_388' title='bbox 2387 2409 2401 2446; x_wconf 93' lang='lat'><strong>:</strong></span> <span class='ocrx_word' id='word_1_389' title='bbox 2433 2393 2491 2448; x_wconf 78' lang='lat' dir='ltr'><strong>la</strong></span> <span class='ocrx_word' id='word_1_390' title='bbox 2527 2393 2729 2462; x_wconf 85' lang='lat' dir='ltr'><strong>templo</strong></span> <span class='ocrx_word' id='word_1_391' title='bbox 2757 2394 2851 2448; x_wconf 85' lang='lat' dir='ltr'><strong>Dei</strong></span> <span class='ocrx_word' id='word_1_392' title='bbox 2895 2394 3188 2465; x_wconf 86' lang='lat' dir='ltr'><strong>aliquando</strong></span> <span class='ocrx_word' id='word_1_393' title='bbox 3214 2398 3423 2465; x_wconf 83' lang='lat' dir='ltr'><strong>sedeat,</strong></span> <span class='ocrx_word' id='word_1_394' title='bbox 3451 2402 3743 2459; x_wconf 82' lang='lat' dir='ltr'><strong>ostendens</strong></span> 
     </span>
    </p>
   </div>
   <div class='ocr_carea' id='block_1_53' title="bbox 2155 2483 3212 2556">
    <p class='ocr_par' dir='ltr' id='par_1_53' title="bbox 2155 2483 3212 2556">
     <span class='ocr_line' id='line_1_53' title="bbox 2155 2483 3212 2556; baseline 0.004 -20"><span class='ocrx_word' id='word_1_395' title='bbox 2155 2495 2216 2536; x_wconf 81' lang='lat' dir='ltr'><strong>se</strong></span> <span class='ocrx_word' id='word_1_396' title='bbox 2247 2489 2507 2551; x_wconf 85' lang='lat' dir='ltr'><strong>tanquam</strong></span> <span class='ocrx_word' id='word_1_397' title='bbox 2537 2483 2610 2538; x_wconf 91' lang='lat' dir='ltr'><strong>sit</strong></span> <span class='ocrx_word' id='word_1_398' title='bbox 2633 2483 2774 2538; x_wconf 87' lang='lat' dir='ltr'><strong>Deus</strong></span> <span class='ocrx_word' id='word_1_399' title='bbox 2805 2483 2893 2554; x_wconf 88' lang='grc'><strong>(11</strong></span> <span class='ocrx_word' id='word_1_400' title='bbox 2915 2483 3095 2540; x_wconf 77' lang='lat' dir='ltr'><strong>Thess.</strong></span> <span class='ocrx_word' id='word_1_401' title='bbox 3127 2485 3212 2556; x_wconf 83' lang='grc' dir='ltr'><strong>ιι).</strong></span> 
     </span>
    </p>
   </div>
   <div class='ocr_carea' id='block_1_54' title="bbox 2226 2571 3740 2652">
    <p class='ocr_par' dir='ltr' id='par_1_54' title="bbox 2226 2571 3740 2652">
     <span class='ocr_line' id='line_1_54' title="bbox 2226 2571 3740 2652; baseline 0.01 -28"><span class='ocrx_word' id='word_1_402' title='bbox 2226 2571 2381 2638; x_wconf 84' lang='lat' dir='ltr'><strong>Quod</strong></span> <span class='ocrx_word' id='word_1_403' title='bbox 2407 2583 2587 2627; x_wconf 88' lang='lat' dir='ltr'><strong>autem</strong></span> <span class='ocrx_word' id='word_1_404' title='bbox 2636 2574 2776 2628; x_wconf 90' lang='lat' dir='ltr'><strong>idem</strong></span> <span class='ocrx_word' id='word_1_405' title='bbox 2805 2575 2879 2628; x_wconf 88' lang='lat' dir='ltr'><strong>sit</strong></span> <span class='ocrx_word' id='word_1_406' title='bbox 2921 2575 3086 2630; x_wconf 88' lang='lat' dir='ltr'><strong>arbor</strong></span> <span class='ocrx_word' id='word_1_407' title='bbox 3124 2577 3484 2647; x_wconf 88' lang='lat' dir='ltr'><strong>infructuosa,</strong></span> <span class='ocrx_word' id='word_1_408' title='bbox 3525 2584 3740 2652; x_wconf 87' lang='lat' dir='ltr'><strong>exposi-</strong></span> 
     </span>
    </p>
   </div>
   <div class='ocr_carea' id='block_1_55' title="bbox 2159 2661 3740 2737">
    <p class='ocr_par' dir='ltr' id='par_1_55' title="bbox 2159 2661 3740 2737">
     <span class='ocr_line' id='line_1_55' title="bbox 2159 2661 3740 2737; baseline 0.009 -23"><span class='ocrx_word' id='word_1_409' title='bbox 2159 2661 2307 2718; x_wconf 87' lang='lat' dir='ltr'><strong>tione</strong></span> <span class='ocrx_word' id='word_1_410' title='bbox 2333 2677 2438 2716; x_wconf 90' lang='lat' dir='ltr'><strong>non</strong></span> <span class='ocrx_word' id='word_1_411' title='bbox 2463 2661 2693 2732; x_wconf 84' lang='lat' dir='ltr'><strong>indiget,</strong></span> <span class='ocrx_word' id='word_1_412' title='bbox 2720 2665 2844 2718; x_wconf 90' lang='lat' dir='ltr'><strong>dum</strong></span> <span class='ocrx_word' id='word_1_413' title='bbox 2871 2665 2986 2734; x_wconf 88' lang='lat' dir='ltr'><strong>ipse</strong></span> <span class='ocrx_word' id='word_1_414' title='bbox 3010 2673 3266 2736; x_wconf 90' lang='lat' dir='ltr'><strong>tanquam</strong></span> <span class='ocrx_word' id='word_1_415' title='bbox 3297 2668 3500 2737; x_wconf 91' lang='lat' dir='ltr'><strong>lignum</strong></span> <span class='ocrx_word' id='word_1_416' title='bbox 3527 2673 3740 2728; x_wconf 88' lang='lat' dir='ltr'><strong>aridum</strong></span> 
     </span>
    </p>
   </div>
   <div class='ocr_carea' id='block_1_56' title="bbox 2157 2751 3739 2828">
    <p class='ocr_par' dir='ltr' id='par_1_56' title="bbox 2157 2751 3739 2828">
     <span class='ocr_line' id='line_1_56' title="bbox 2157 2751 3739 2828; baseline 0.008 -22"><span class='ocrx_word' id='word_1_417' title='bbox 2157 2751 2377 2807; x_wconf 73' lang='lat' dir='ltr'><strong>teternis</strong></span> <span class='ocrx_word' id='word_1_418' title='bbox 2409 2752 2478 2806; x_wconf 88' lang='lat' dir='ltr'><strong>sit</strong></span> <span class='ocrx_word' id='word_1_419' title='bbox 2520 2752 2734 2822; x_wconf 76' lang='lat' dir='ltr'><strong>ignibus</strong></span> <span class='ocrx_word' id='word_1_420' title='bbox 2764 2755 3076 2822; x_wconf 86' lang='lat' dir='ltr'><strong>deputatus.</strong></span> <span class='ocrx_word' id='word_1_421' title='bbox 3109 2755 3206 2810; x_wconf 88' lang='lat' dir='ltr'><strong>Hic</strong></span> <span class='ocrx_word' id='word_1_422' title='bbox 3243 2757 3432 2828; x_wconf 89' lang='lat' dir='ltr'><strong>itaque</strong></span> <span class='ocrx_word' id='word_1_423' title='bbox 3461 2759 3602 2815; x_wconf 88' lang='lat' dir='ltr'><strong>Seon</strong></span> <span class='ocrx_word' id='word_1_424' title='bbox 3643 2778 3739 2818; x_wconf 88' lang='lat' dir='ltr'><strong>rex</strong></span> 
     </span>
    </p>
   </div>
   <div class='ocr_carea' id='block_1_57' title="bbox 2157 2841 3742 2920">
    <p class='ocr_par' dir='ltr' id='par_1_57' title="bbox 2157 2841 3742 2920">
     <span class='ocr_line' id='line_1_57' title="bbox 2157 2841 3742 2920; baseline 0.007 -24"><span class='ocrx_word' id='word_1_425' title='bbox 2157 2848 2243 2896; x_wconf 80' lang='lat' dir='ltr'><strong>est</strong></span> <span class='ocrx_word' id='word_1_426' title='bbox 2290 2841 2752 2910; x_wconf 78' lang='lat' dir='ltr'><strong>Amorrhaeorum,</strong></span> <span class='ocrx_word' id='word_1_427' title='bbox 2801 2845 2895 2912; x_wconf 88' lang='lat' dir='ltr'><strong>qui</strong></span> <span class='ocrx_word' id='word_1_428' title='bbox 2940 2854 3012 2916; x_wconf 84' lang='lat' dir='ltr'><strong>et</strong></span> <span class='ocrx_word' id='word_1_429' title='bbox 3046 2847 3148 2917; x_wconf 85' lang='lat' dir='ltr'><strong>ipsi</strong></span> <span class='ocrx_word' id='word_1_430' title='bbox 3195 2848 3621 2920; x_wconf 89' lang='lat' dir='ltr'><strong>interpretantur</strong></span> <span class='ocrx_word' id='word_1_431' title='bbox 3661 2854 3742 2907; x_wconf 77' lang='lat' dir='ltr'><strong>lo-</strong></span> 
     </span>
    </p>
   </div>
   <div class='ocr_carea' id='block_1_58' title="bbox 2157 2933 3733 3002">
    <p class='ocr_par' dir='ltr' id='par_1_58' title="bbox 2157 2933 3733 3002">
     <span class='ocr_line' id='line_1_58' title="bbox 2157 2933 3733 3002; baseline 0.008 -17"><span class='ocrx_word' id='word_1_432' title='bbox 2157 2941 2401 3002; x_wconf 80' lang='lat' dir='ltr'><strong>quentes,</strong></span> <span class='ocrx_word' id='word_1_433' title='bbox 2459 2933 2546 2988; x_wconf 86' lang='lat' dir='ltr'><strong>vel</strong></span> <span class='ocrx_word' id='word_1_434' title='bbox 2604 2935 2661 2988; x_wconf 84' lang='lat' dir='ltr'><strong>in</strong></span> <span class='ocrx_word' id='word_1_435' title='bbox 2725 2937 3133 2992; x_wconf 76' lang='lat' dir='ltr'><strong>amaritudinem</strong></span> <span class='ocrx_word' id='word_1_436' title='bbox 3203 2941 3540 2996; x_wconf 74' lang='lat' dir='ltr'><strong>adducentes.</strong></span> <span class='ocrx_word' id='word_1_437' title='bbox 3597 2943 3733 2998; x_wconf 87' lang='lat' dir='ltr'><strong>Nam</strong></span> 
     </span>
    </p>
   </div>
   <div class='ocr_carea' id='block_1_59' title="bbox 2159 3025 3742 3102">
    <p class='ocr_par' dir='ltr' id='par_1_59' title="bbox 2159 3025 3742 3102">
     <span class='ocr_line' id='line_1_59' title="bbox 2159 3025 3742 3102; baseline 0.008 -23"><span class='ocrx_word' id='word_1_438' title='bbox 2159 3025 2468 3095; x_wconf 85' lang='lat' dir='ltr'><strong>quicunque</strong></span> <span class='ocrx_word' id='word_1_439' title='bbox 2493 3026 2729 3098; x_wconf 83' lang='lat' dir='ltr'><strong>maligno</strong></span> <span class='ocrx_word' id='word_1_440' title='bbox 2757 3029 2970 3098; x_wconf 87' lang='lat' dir='ltr'><strong>spiritui</strong></span> <span class='ocrx_word' id='word_1_441' title='bbox 2995 3044 3094 3100; x_wconf 89' lang='lat' dir='ltr'><strong>per</strong></span> <span class='ocrx_word' id='word_1_442' title='bbox 3115 3033 3398 3102; x_wconf 90' lang='lat' dir='ltr'><strong>reprobam</strong></span> <span class='ocrx_word' id='word_1_443' title='bbox 3422 3034 3584 3088; x_wconf 87' lang='lat' dir='ltr'><strong>vitam</strong></span> <span class='ocrx_word' id='word_1_444' title='bbox 3613 3037 3742 3090; x_wconf 85' lang='lat' dir='ltr'><strong>sub-</strong></span> 
     </span>
    </p>
   </div>
   <div class='ocr_carea' id='block_1_60' title="bbox 479 3112 3739 3195">
    <p class='ocr_par' dir='ltr' id='par_1_60' title="bbox 479 3112 3739 3195">
     <span class='ocr_line' id='line_1_60' title="bbox 479 3112 3739 3195; baseline 0 -15"><span class='ocrx_word' id='word_1_445' title='bbox 479 3125 680 3181; x_wconf 76' lang='lat' dir='ltr'><strong>Gratia:</strong></span> <span class='ocrx_word' id='word_1_446' title='bbox 707 3125 972 3194; x_wconf 89' lang='lat' dir='ltr'><strong>siquidem</strong></span> <span class='ocrx_word' id='word_1_447' title='bbox 1000 3124 1241 3179; x_wconf 83' lang='lat' dir='ltr'><strong>caelestis</strong></span> <span class='ocrx_word' id='word_1_448' title='bbox 1271 3124 1392 3180; x_wconf 90' lang='lat' dir='ltr'><strong>oleo</strong></span> <span class='ocrx_word' id='word_1_449' title='bbox 1419 3125 1708 3189; x_wconf 81' lang='lat' dir='ltr'><strong>delibutus,</strong></span> <span class='ocrx_word' id='word_1_450' title='bbox 1740 3132 1796 3179; x_wconf 89' lang='lat' dir='ltr'><strong>et</strong></span> <span class='ocrx_word' id='word_1_451' title='bbox 1823 3132 2055 3180; x_wconf 84' lang='lat' dir='ltr'><strong>onerosa</strong></span> <span class='ocrx_word' id='word_1_452' title='bbox 2103 3192 2127 3195; x_wconf 31' lang='grc' dir='ltr'><strong>ι</strong></span> <span class='ocrx_word' id='word_1_453' title='bbox 2154 3112 2361 3182; x_wconf 65' lang='lat' dir='ltr'><strong>lacent.</strong></span> <span class='ocrx_word' id='word_1_454' title='bbox 2400 3117 2624 3187; x_wconf 82' lang='lat' dir='ltr'><strong>eiusque</strong></span> <span class='ocrx_word' id='word_1_455' title='bbox 2665 3119 2888 3174; x_wconf 71' lang='lat' dir='ltr'><strong>ditionis</strong></span> <span class='ocrx_word' id='word_1_456' title='bbox 2937 3120 3144 3192; x_wconf 79' lang='lat' dir='ltr'><strong>legibus</strong></span> <span class='ocrx_word' id='word_1_457' title='bbox 3179 3133 3404 3193; x_wconf 85' lang='lat' dir='ltr'><strong>parent,</strong></span> <span class='ocrx_word' id='word_1_458' title='bbox 3455 3125 3739 3195; x_wconf 89' lang='lat' dir='ltr'><strong>loquentes</strong></span> 
     </span>
    </p>
   </div>
   <div class='ocr_carea' id='block_1_61' title="bbox 482 3192 3743 3288">
    <p class='ocr_par' dir='ltr' id='par_1_61' title="bbox 482 3192 3743 3288">
     <span class='ocr_line' id='line_1_61' title="bbox 482 3192 3743 3288; baseline 0.001 -20"><span class='ocrx_word' id='word_1_459' title='bbox 482 3223 708 3269; x_wconf 78' lang='lat' dir='ltr'><strong>terrena:</strong></span> <span class='ocrx_word' id='word_1_460' title='bbox 738 3192 1187 3283; x_wconf 72' lang='lat' dir='ltr'><strong>concupiscentiae</strong></span> <span class='ocrx_word' id='word_1_461' title='bbox 1213 3221 1361 3267; x_wconf 82' lang='lat' dir='ltr'><strong>veste</strong></span> <span class='ocrx_word' id='word_1_462' title='bbox 1390 3213 1644 3276; x_wconf 90' lang='lat' dir='ltr'><strong>nudatus,</strong></span> <span class='ocrx_word' id='word_1_463' title='bbox 1682 3221 1938 3284; x_wconf 85' lang='lat' dir='ltr'><strong>tanquam</strong></span> <span class='ocrx_word' id='word_1_464' title='bbox 1961 3229 2058 3282; x_wconf 87' lang='lat' dir='ltr'><strong>pa-</strong></span> <span class='ocrx_word' id='word_1_465' title='bbox 2081 3192 2130 3254; x_wconf 65' lang='grc' dir='ltr'><strong>Ο</strong></span> <span class='ocrx_word' id='word_1_466' title='bbox 2160 3206 2378 3275; x_wconf 81' lang='lat' dir='ltr'><strong>quidem</strong></span> <span class='ocrx_word' id='word_1_467' title='bbox 2416 3215 2564 3272; x_wconf 68' lang='lat' dir='ltr'><strong>sunt.</strong></span> <span class='ocrx_word' id='word_1_468' title='bbox 2609 3209 2707 3268; x_wconf 68' lang='grc' dir='ltr'>θεά</span> <span class='ocrx_word' id='word_1_469' title='bbox 2751 3224 2860 3288; x_wconf 71' lang='lat' dir='ltr'><strong>non</strong></span> <span class='ocrx_word' id='word_1_470' title='bbox 2902 3192 3196 3280; x_wconf 37' lang='lat' dir='ltr'><strong>sapientes;</strong></span> <span class='ocrx_word' id='word_1_471' title='bbox 3238 3211 3488 3284; x_wconf 81' lang='lat' dir='ltr'><strong>Plerique</strong></span> <span class='ocrx_word' id='word_1_472' title='bbox 3527 3192 3743 3271; x_wconf 72' lang='lat' dir='ltr'><strong>scilicet</strong></span> 
     </span>
    </p>
   </div>
   <div class='ocr_carea' id='block_1_62' title="bbox 478 3303 2054 3374">
    <p class='ocr_par' dir='ltr' id='par_1_62' title="bbox 478 3303 2054 3374">
     <span class='ocr_line' id='line_1_62' title="bbox 478 3303 2054 3374; baseline 0.002 -16"><span class='ocrx_word' id='word_1_473' title='bbox 478 3304 700 3360; x_wconf 71' lang='lat' dir='ltr'><strong>laestrita</strong></span> <span class='ocrx_word' id='word_1_474' title='bbox 731 3303 996 3360; x_wconf 88' lang='lat' dir='ltr'><strong>mirabilis</strong></span> <span class='ocrx_word' id='word_1_475' title='bbox 1023 3304 1238 3374; x_wconf 89' lang='lat' dir='ltr'><strong>prosilit</strong></span> <span class='ocrx_word' id='word_1_476' title='bbox 1273 3304 1327 3359; x_wconf 92' lang='lat' dir='ltr'><strong>in</strong></span> <span class='ocrx_word' id='word_1_477' title='bbox 1360 3319 1602 3370; x_wconf 88' lang='lat' dir='ltr'><strong>arenam,</strong></span> <span class='ocrx_word' id='word_1_478' title='bbox 1629 3314 1685 3359; x_wconf 91' lang='lat' dir='ltr'><strong>et</strong></span> <span class='ocrx_word' id='word_1_479' title='bbox 1709 3307 1904 3374; x_wconf 88' lang='lat' dir='ltr'><strong>arripit</strong></span> <span class='ocrx_word' id='word_1_480' title='bbox 1933 3320 2054 3361; x_wconf 90' lang='lat' dir='ltr'><strong>cer-</strong></span> 
     </span>
    </p>
   </div>
   <div class='ocr_carea' id='block_1_63' title="bbox 482 3393 2054 3466">
    <p class='ocr_par' dir='ltr' id='par_1_63' title="bbox 482 3393 2054 3466">
     <span class='ocr_line' id='line_1_63' title="bbox 482 3393 2054 3466; baseline 0.001 -18"><span class='ocrx_word' id='word_1_481' title='bbox 482 3393 700 3448; x_wconf 87' lang='lat' dir='ltr'><strong>taminis</strong></span> <span class='ocrx_word' id='word_1_482' title='bbox 729 3393 952 3448; x_wconf 88' lang='lat' dir='ltr'><strong>luctam.</strong></span> <span class='ocrx_word' id='word_1_483' title='bbox 982 3393 1162 3448; x_wconf 69' lang='lat' dir='ltr'><strong>Novus</strong></span> <span class='ocrx_word' id='word_1_484' title='bbox 1187 3394 1365 3449; x_wconf 89' lang='lat' dir='ltr'><strong>adhuc</strong></span> <span class='ocrx_word' id='word_1_485' title='bbox 1387 3395 1540 3450; x_wconf 89' lang='lat' dir='ltr'><strong>miles</strong></span> <span class='ocrx_word' id='word_1_486' title='bbox 1567 3395 1796 3464; x_wconf 86' lang='lat' dir='ltr'><strong>corripit</strong></span> <span class='ocrx_word' id='word_1_487' title='bbox 1821 3395 2054 3466; x_wconf 77' lang='lat' dir='ltr'><strong>gladium</strong></span> 
     </span>
    </p>
   </div>
   <div class='ocr_carea' id='block_1_64' title="bbox 478 3468 2055 3557">
    <p class='ocr_par' dir='ltr' id='par_1_64' title="bbox 478 3468 2055 3557">
     <span class='ocr_line' id='line_1_64' title="bbox 478 3468 2055 3557; baseline 0 -17"><span class='ocrx_word' id='word_1_488' title='bbox 478 3486 723 3556; x_wconf 83' lang='lat' dir='ltr'><strong>spiritus,</strong></span> <span class='ocrx_word' id='word_1_489' title='bbox 756 3485 899 3556; x_wconf 89' lang='lat' dir='ltr'><strong>quod</strong></span> <span class='ocrx_word' id='word_1_490' title='bbox 935 3493 1019 3540; x_wconf 87' lang='lat' dir='ltr'><strong>est</strong></span> <span class='ocrx_word' id='word_1_491' title='bbox 1042 3484 1268 3539; x_wconf 84' lang='lat' dir='ltr'><strong>verbum</strong></span> <span class='ocrx_word' id='word_1_492' title='bbox 1303 3485 1400 3539; x_wconf 88' lang='lat' dir='ltr'><strong>Dei‘</strong></span> <span class='ocrx_word' id='word_1_493' title='bbox 1429 3468 1646 3556; x_wconf 78' lang='lat' dir='ltr'><strong>(-Ephes:</strong></span> <span class='ocrx_word' id='word_1_494' title='bbox 1678 3486 1777 3555; x_wconf 80' lang='lat' dir='ltr'><strong>vi),</strong></span> <span class='ocrx_word' id='word_1_495' title='bbox 1805 3495 1860 3540; x_wconf 90' lang='lat' dir='ltr'><strong>et</strong></span> <span class='ocrx_word' id='word_1_496' title='bbox 1886 3487 2055 3557; x_wconf 88' lang='lat' dir='ltr'><strong>proti-</strong></span> 
     </span>
    </p>
   </div>
   <div class='ocr_carea' id='block_1_65' title="bbox 479 3575 2056 3649">
    <p class='ocr_par' dir='ltr' id='par_1_65' title="bbox 479 3575 2056 3649">
     <span class='ocr_line' id='line_1_65' title="bbox 479 3575 2056 3649; baseline 0.001 -19"><span class='ocrx_word' id='word_1_497' title='bbox 479 3577 680 3632; x_wconf 89' lang='lat' dir='ltr'><strong>nus-in</strong></span> <span class='ocrx_word' id='word_1_498' title='bbox 727 3575 869 3649; x_wconf 87' lang='lat' dir='ltr'><strong>bella</strong></span> <span class='ocrx_word' id='word_1_499' title='bbox 897 3576 1271 3647; x_wconf 84' lang='lat' dir='ltr'><strong>congreditur,</strong></span> <span class='ocrx_word' id='word_1_500' title='bbox 1303 3585 1359 3631; x_wconf 93' lang='lat' dir='ltr'><strong>et</strong></span> <span class='ocrx_word' id='word_1_501' title='bbox 1404 3577 1484 3631; x_wconf 92' lang='lat' dir='ltr'><strong>sic</strong></span> <span class='ocrx_word' id='word_1_502' title='bbox 1528 3577 1786 3636; x_wconf 89' lang='lat' dir='ltr'><strong>adversus</strong></span> <span class='ocrx_word' id='word_1_503' title='bbox 1836 3577 2056 3631; x_wconf 86' lang='lat' dir='ltr'><strong>humani</strong></span> 
     </span>
    </p>
   </div>
   <div class='ocr_carea' id='block_1_66' title="bbox 479 3663 2058 3738">
    <p class='ocr_par' dir='ltr' id='par_1_66' title="bbox 479 3663 2058 3738">
     <span class='ocr_line' id='line_1_66' title="bbox 479 3663 2058 3738; baseline 0.001 -18"><span class='ocrx_word' id='word_1_504' title='bbox 479 3668 699 3738; x_wconf 86' lang='lat' dir='ltr'><strong>generis</strong></span> <span class='ocrx_word' id='word_1_505' title='bbox 743 3667 1023 3722; x_wconf 91' lang='lat' dir='ltr'><strong>inimicum</strong></span> <span class='ocrx_word' id='word_1_506' title='bbox 1064 3663 1422 3722; x_wconf 85' lang='lat' dir='ltr'><strong>infoederabili</strong></span> <span class='ocrx_word' id='word_1_507' title='bbox 1460 3668 1757 3722; x_wconf 89' lang='lat' dir='ltr'><strong>certamine</strong></span> <span class='ocrx_word' id='word_1_508' title='bbox 1801 3668 2058 3722; x_wconf 86' lang='lat' dir='ltr'><strong>collucta-</strong></span> 
     </span>
    </p>
   </div>
   <div class='ocr_carea' id='block_1_67' title="bbox 483 3757 2058 3828">
    <p class='ocr_par' dir='ltr' id='par_1_67' title="bbox 483 3757 2058 3828">
     <span class='ocr_line' id='line_1_67' title="bbox 483 3757 2058 3828; baseline 0.001 -16"><span class='ocrx_word' id='word_1_509' title='bbox 483 3767 589 3812; x_wconf 89' lang='lat' dir='ltr'><strong>tur.</strong></span> <span class='ocrx_word' id='word_1_510' title='bbox 641 3757 832 3813; x_wconf 83' lang='lat' dir='ltr'><strong>Vibrat</strong></span> <span class='ocrx_word' id='word_1_511' title='bbox 873 3757 1162 3827; x_wconf 88' lang='lat' dir='ltr'><strong>ancipitem</strong></span> <span class='ocrx_word' id='word_1_512' title='bbox 1208 3757 1468 3828; x_wconf 81' lang='lat' dir='ltr'><strong>gladium,</strong></span> <span class='ocrx_word' id='word_1_513' title='bbox 1513 3758 1603 3827; x_wconf 91' lang='lat' dir='ltr'><strong>qui</strong></span> <span class='ocrx_word' id='word_1_514' title='bbox 1645 3759 1710 3812; x_wconf 88' lang='lat' dir='ltr'><strong>de</strong></span> <span class='ocrx_word' id='word_1_515' title='bbox 1761 3758 2058 3814; x_wconf 88' lang='lat' dir='ltr'><strong>Salvatoris</strong></span> 
     </span>
    </p>
   </div>
   <div class='ocr_carea' id='block_1_68' title="bbox 478 3849 2054 3919">
    <p class='ocr_par' dir='ltr' id='par_1_68' title="bbox 478 3849 2054 3919">
     <span class='ocr_line' id='line_1_68' title="bbox 478 3849 2054 3919; baseline 0.001 -16"><span class='ocrx_word' id='word_1_516' title='bbox 478 3865 574 3904; x_wconf 89' lang='lat' dir='ltr'><strong>ore</strong></span> <span class='ocrx_word' id='word_1_517' title='bbox 612 3849 875 3919; x_wconf 87' lang='lat' dir='ltr'><strong>procedit,</strong></span> <span class='ocrx_word' id='word_1_518' title='bbox 916 3858 969 3903; x_wconf 91' lang='lat' dir='ltr'><strong>et</strong></span> <span class='ocrx_word' id='word_1_519' title='bbox 1015 3849 1253 3904; x_wconf 88' lang='lat' dir='ltr'><strong>fervidus</strong></span> <span class='ocrx_word' id='word_1_520' title='bbox 1302 3849 1529 3904; x_wconf 88' lang='lat' dir='ltr'><strong>bellator</strong></span> <span class='ocrx_word' id='word_1_521' title='bbox 1555 3865 1674 3904; x_wconf 90' lang='lat' dir='ltr'><strong>cum</strong></span> <span class='ocrx_word' id='word_1_522' title='bbox 1707 3851 1862 3905; x_wconf 89' lang='lat' dir='ltr'><strong>hoste</strong></span> <span class='ocrx_word' id='word_1_523' title='bbox 1903 3867 2054 3905; x_wconf 88' lang='lat' dir='ltr'><strong>com-</strong></span> 
     </span>
    </p>
   </div>
   <div class='ocr_carea' id='block_1_69' title="bbox 409 3940 2054 4006">
    <p class='ocr_par' dir='ltr' id='par_1_69' title="bbox 409 3940 2054 4006">
     <span class='ocr_line' id='line_1_69' title="bbox 409 3940 2054 4006; baseline -0.002 -8"><span class='ocrx_word' id='word_1_524' title='bbox 409 3992 416 3998; x_wconf 92' lang='lat'><strong>.</strong></span> <span class='ocrx_word' id='word_1_525' title='bbox 479 3941 670 4006; x_wconf 88' lang='lat' dir='ltr'><strong>mittit,</strong></span> <span class='ocrx_word' id='word_1_526' title='bbox 711 3940 980 3996; x_wconf 87' lang='lat' dir='ltr'><strong>consertis</strong></span> <span class='ocrx_word' id='word_1_527' title='bbox 1022 3941 1192 3994; x_wconf 87' lang='lat' dir='ltr'><strong>armis</strong></span> <span class='ocrx_word' id='word_1_528' title='bbox 1239 3941 1484 3995; x_wconf 90' lang='lat' dir='ltr'><strong>cominus</strong></span> <span class='ocrx_word' id='word_1_529' title='bbox 1531 3941 1774 4002; x_wconf 89' lang='lat' dir='ltr'><strong>dimicat.</strong></span> <span class='ocrx_word' id='word_1_530' title='bbox 1813 3951 1872 3996; x_wconf 87' lang='lat' dir='ltr'><strong>ct</strong></span> <span class='ocrx_word' id='word_1_531' title='bbox 1900 3943 2054 3997; x_wconf 87' lang='lat' dir='ltr'><strong>obvia</strong></span> 
     </span>
    </p>
   </div>
   <div class='ocr_carea' id='block_1_70' title="bbox 478 4031 2055 4103">
    <p class='ocr_par' dir='ltr' id='par_1_70' title="bbox 478 4031 2055 4103">
     <span class='ocr_line' id='line_1_70' title="bbox 478 4031 2055 4103; baseline 0.001 -17"><span class='ocrx_word' id='word_1_532' title='bbox 478 4047 706 4103; x_wconf 73' lang='lat' dir='ltr'><strong>quteque</strong></span> <span class='ocrx_word' id='word_1_533' title='bbox 734 4047 887 4087; x_wconf 89' lang='lat' dir='ltr'><strong>mens</strong></span> <span class='ocrx_word' id='word_1_534' title='bbox 919 4031 1184 4101; x_wconf 87' lang='lat' dir='ltr'><strong>superbas</strong></span> <span class='ocrx_word' id='word_1_535' title='bbox 1233 4032 1634 4086; x_wconf 88' lang='lat' dir='ltr'><strong>adversantium</strong></span> <span class='ocrx_word' id='word_1_536' title='bbox 1667 4031 1902 4086; x_wconf 85' lang='lat' dir='ltr'><strong>hostium</strong></span> <span class='ocrx_word' id='word_1_537' title='bbox 1933 4048 2055 4087; x_wconf 89' lang='lat' dir='ltr'><strong>cer-</strong></span> 
     </span>
    </p>
   </div>
   <div class='ocr_carea' id='block_1_71' title="bbox 477 4120 2058 4190">
    <p class='ocr_par' dir='ltr' id='par_1_71' title="bbox 477 4120 2058 4190">
     <span class='ocr_line' id='line_1_71' title="bbox 477 4120 2058 4190; baseline 0 -16"><span class='ocrx_word' id='word_1_538' title='bbox 477 4123 625 4177; x_wconf 90' lang='lat' dir='ltr'><strong>vices</strong></span> <span class='ocrx_word' id='word_1_539' title='bbox 653 4122 958 4176; x_wconf 87' lang='lat' dir='ltr'><strong>obtruncat.</strong></span> <span class='ocrx_word' id='word_1_540' title='bbox 988 4120 1138 4174; x_wconf 91' lang='lat' dir='ltr'><strong>Fidei</strong></span> <span class='ocrx_word' id='word_1_541' title='bbox 1168 4120 1366 4190; x_wconf 89' lang='lat' dir='ltr'><strong>quippe</strong></span> <span class='ocrx_word' id='word_1_542' title='bbox 1395 4120 1562 4174; x_wconf 88' lang='lat' dir='ltr'><strong>lorica</strong></span> <span class='ocrx_word' id='word_1_543' title='bbox 1595 4121 1852 4184; x_wconf 80' lang='lat' dir='ltr'><strong>inunitns,</strong></span> <span class='ocrx_word' id='word_1_544' title='bbox 1883 4129 1939 4175; x_wconf 90' lang='lat' dir='ltr'><strong>et</strong></span> <span class='ocrx_word' id='word_1_545' title='bbox 1963 4136 2058 4176; x_wconf 81' lang='lat' dir='ltr'><strong>ex-</strong></span> 
     </span>
    </p>
   </div>
   <div class='ocr_carea' id='block_1_72' title="bbox 479 4208 2057 4274">
    <p class='ocr_par' dir='ltr' id='par_1_72' title="bbox 479 4208 2057 4274">
     <span class='ocr_line' id='line_1_72' title="bbox 479 4208 2057 4274; baseline -0.001 -9"><span class='ocrx_word' id='word_1_546' title='bbox 479 4210 623 4267; x_wconf 89' lang='lat' dir='ltr'><strong>celsa</strong></span> <span class='ocrx_word' id='word_1_547' title='bbox 665 4224 773 4265; x_wconf 91' lang='lat' dir='ltr'><strong>non</strong></span> <span class='ocrx_word' id='word_1_548' title='bbox 812 4209 1012 4264; x_wconf 86' lang='lat' dir='ltr'><strong>montis</strong></span> <span class='ocrx_word' id='word_1_549' title='bbox 1050 4210 1144 4262; x_wconf 90' lang='lat' dir='ltr'><strong>sed</strong></span> <span class='ocrx_word' id='word_1_550' title='bbox 1190 4208 1388 4262; x_wconf 86' lang='lat' dir='ltr'><strong>mentis</strong></span> <span class='ocrx_word' id='word_1_551' title='bbox 1422 4223 1549 4262; x_wconf 89' lang='lat' dir='ltr'><strong>arce</strong></span> <span class='ocrx_word' id='word_1_552' title='bbox 1594 4210 1879 4274; x_wconf 81' lang='lat' dir='ltr'><strong>subnixus,</strong></span> <span class='ocrx_word' id='word_1_553' title='bbox 1930 4209 2057 4264; x_wconf 89' lang='lat' dir='ltr'><strong>licet</strong></span> 
     </span>
    </p>
   </div>
   <div class='ocr_carea' id='block_1_73' title="bbox 477 4300 2056 4370">
    <p class='ocr_par' dir='ltr' id='par_1_73' title="bbox 477 4300 2056 4370">
     <span class='ocr_line' id='line_1_73' title="bbox 477 4300 2056 4370; baseline 0.001 -14"><span class='ocrx_word' id='word_1_554' title='bbox 477 4302 716 4370; x_wconf 89' lang='lat' dir='ltr'><strong>undique</strong></span> <span class='ocrx_word' id='word_1_555' title='bbox 754 4300 948 4356; x_wconf 86' lang='lat' dir='ltr'><strong>fremat</strong></span> <span class='ocrx_word' id='word_1_556' title='bbox 983 4316 1047 4356; x_wconf 91' lang='lat' dir='ltr'><strong>ac</strong></span> <span class='ocrx_word' id='word_1_557' title='bbox 1090 4300 1336 4355; x_wconf 85' lang='lat' dir='ltr'><strong>frcndeat</strong></span> <span class='ocrx_word' id='word_1_558' title='bbox 1372 4301 1520 4356; x_wconf 89' lang='lat' dir='ltr'><strong>acies</strong></span> <span class='ocrx_word' id='word_1_559' title='bbox 1566 4301 1832 4366; x_wconf 88' lang='lat' dir='ltr'><strong>hostium,</strong></span> <span class='ocrx_word' id='word_1_560' title='bbox 1884 4302 2056 4357; x_wconf 87' lang='lat' dir='ltr'><strong>nescit</strong></span> 
     </span>
    </p>
   </div>
   <div class='ocr_carea' id='block_1_74' title="bbox 477 4389 2056 4461">
    <p class='ocr_par' dir='ltr' id='par_1_74' title="bbox 477 4389 2056 4461">
     <span class='ocr_line' id='line_1_74' title="bbox 477 4389 2056 4461; baseline 0.001 -16"><span class='ocrx_word' id='word_1_561' title='bbox 477 4391 678 4446; x_wconf 84' lang='lat' dir='ltr'><strong>athleta</strong></span> <span class='ocrx_word' id='word_1_562' title='bbox 701 4389 1033 4446; x_wconf 80' lang='lat' dir='ltr'><strong>fortissimus</strong></span> <span class='ocrx_word' id='word_1_563' title='bbox 1066 4393 1322 4461; x_wconf 88' lang='lat' dir='ltr'><strong>impetum</strong></span> <span class='ocrx_word' id='word_1_564' title='bbox 1349 4389 1644 4446; x_wconf 86' lang='lat' dir='ltr'><strong>formidare</strong></span> <span class='ocrx_word' id='word_1_565' title='bbox 1673 4393 1966 4459; x_wconf 91' lang='lat' dir='ltr'><strong>bellorum;</strong></span> <span class='ocrx_word' id='word_1_566' title='bbox 2001 4403 2056 4448; x_wconf 87' lang='lat' dir='ltr'><strong>et</strong></span> 
     </span>
    </p>
   </div>
   <div class='ocr_carea' id='block_1_75' title="bbox 477 4481 2052 4552">
    <p class='ocr_par' dir='ltr' id='par_1_75' title="bbox 477 4481 2052 4552">
     <span class='ocr_line' id='line_1_75' title="bbox 477 4481 2052 4552; baseline 0.001 -16"><span class='ocrx_word' id='word_1_567' title='bbox 477 4481 839 4538; x_wconf 82' lang='lat' dir='ltr'><strong>exterioribus</strong></span> <span class='ocrx_word' id='word_1_568' title='bbox 864 4484 1082 4552; x_wconf 87' lang='lat' dir='ltr'><strong>quidem</strong></span> <span class='ocrx_word' id='word_1_569' title='bbox 1130 4481 1408 4550; x_wconf 88' lang='lat' dir='ltr'><strong>suppliciis</strong></span> <span class='ocrx_word' id='word_1_570' title='bbox 1443 4497 1641 4550; x_wconf 89' lang='lat' dir='ltr'><strong>corpus</strong></span> <span class='ocrx_word' id='word_1_571' title='bbox 1673 4485 1913 4552; x_wconf 72' lang='lat' dir='ltr'><strong>exponit,</strong></span> <span class='ocrx_word' id='word_1_572' title='bbox 1959 4485 2052 4538; x_wconf 87' lang='lat' dir='ltr'><strong>sed</strong></span> 
     </span>
    </p>
   </div>
   <div class='ocr_carea' id='block_1_76' title="bbox 477 4571 2052 4643">
    <p class='ocr_par' dir='ltr' id='par_1_76' title="bbox 477 4571 2052 4643">
     <span class='ocr_line' id='line_1_76' title="bbox 477 4571 2052 4643; baseline 0.001 -16"><span class='ocrx_word' id='word_1_573' title='bbox 477 4573 660 4637; x_wconf 87' lang='lat' dir='ltr'><strong>homo,</strong></span> <span class='ocrx_word' id='word_1_574' title='bbox 686 4573 774 4641; x_wconf 93' lang='lat' dir='ltr'><strong>qui</strong></span> <span class='ocrx_word' id='word_1_575' title='bbox 801 4571 931 4626; x_wconf 88' lang='lat' dir='ltr'><strong>latet</strong></span> <span class='ocrx_word' id='word_1_576' title='bbox 953 4573 1201 4636; x_wconf 73' lang='lat' dir='ltr'><strong>interior,</strong></span> <span class='ocrx_word' id='word_1_577' title='bbox 1223 4572 1386 4627; x_wconf 73' lang='lat' dir='ltr'><strong>illatae</strong></span> <span class='ocrx_word' id='word_1_578' title='bbox 1411 4575 1799 4643; x_wconf 88' lang='lat' dir='ltr'><strong>persecutionis</strong></span> <span class='ocrx_word' id='word_1_579' title='bbox 1814 4574 2052 4643; x_wconf 87' lang='lat' dir='ltr'><strong>jaculntn</strong></span> 
     </span>
    </p>
   </div>
   <div class='ocr_carea' id='block_1_77' title="bbox 477 4662 2056 4735">
    <p class='ocr_par' dir='ltr' id='par_1_77' title="bbox 477 4662 2056 4735">
     <span class='ocr_line' id='line_1_77' title="bbox 477 4662 2056 4735; baseline 0.003 -19"><span class='ocrx_word' id='word_1_580' title='bbox 477 4678 584 4716; x_wconf 90' lang='lat' dir='ltr'><strong>non</strong></span> <span class='ocrx_word' id='word_1_581' title='bbox 621 4663 879 4716; x_wconf 86' lang='lat' dir='ltr'><strong>admittit.</strong></span> <span class='ocrx_word' id='word_1_582' title='bbox 907 4662 1127 4717; x_wconf 87' lang='lat' dir='ltr'><strong>Terram</strong></span> <span class='ocrx_word' id='word_1_583' title='bbox 1174 4663 1608 4732; x_wconf 82' lang='lat' dir='ltr'><strong>repromissionis</strong></span> <span class='ocrx_word' id='word_1_584' title='bbox 1632 4665 1834 4734; x_wconf 86' lang='lat' dir='ltr'><strong>ingredi</strong></span> <span class='ocrx_word' id='word_1_585' title='bbox 1868 4681 2056 4735; x_wconf 88' lang='lat' dir='ltr'><strong>prope-</strong></span> 
     </span>
    </p>
   </div>
   <div class='ocr_carea' id='block_1_78' title="bbox 477 4751 2058 4823">
    <p class='ocr_par' dir='ltr' id='par_1_78' title="bbox 477 4751 2058 4823">
     <span class='ocr_line' id='line_1_78' title="bbox 477 4751 2058 4823; baseline 0.002 -17"><span class='ocrx_word' id='word_1_586' title='bbox 477 4759 581 4816; x_wconf 88' lang='lat' dir='ltr'><strong>rat,</strong></span> <span class='ocrx_word' id='word_1_587' title='bbox 605 4753 700 4808; x_wconf 90' lang='lat' dir='ltr'><strong>sed</strong></span> <span class='ocrx_word' id='word_1_588' title='bbox 723 4752 849 4806; x_wconf 82' lang='lat' dir='ltr'><strong>huic</strong></span> <span class='ocrx_word' id='word_1_589' title='bbox 877 4751 929 4805; x_wconf 91' lang='lat' dir='ltr'><strong>in</strong></span> <span class='ocrx_word' id='word_1_590' title='bbox 959 4753 1397 4823; x_wconf 82' lang='lat' dir='ltr'><strong>persequentium</strong></span> <span class='ocrx_word' id='word_1_591' title='bbox 1424 4754 1572 4809; x_wconf 86' lang='lat' dir='ltr'><strong>rabie</strong></span> <span class='ocrx_word' id='word_1_592' title='bbox 1595 4756 1861 4810; x_wconf 88' lang='lat' dir='ltr'><strong>veternosi</strong></span> <span class='ocrx_word' id='word_1_593' title='bbox 1887 4755 2058 4809; x_wconf 86' lang='lat' dir='ltr'><strong>hostis</strong></span> 
     </span>
    </p>
   </div>
   <div class='ocr_carea' id='block_1_79' title="bbox 477 4843 2055 4917">
    <p class='ocr_par' dir='ltr' id='par_1_79' title="bbox 477 4843 2055 4917">
     <span class='ocr_line' id='line_1_79' title="bbox 477 4843 2055 4917; baseline 0.002 -19"><span class='ocrx_word' id='word_1_594' title='bbox 477 4843 770 4915; x_wconf 87' lang='lat' dir='ltr'><strong>phalanges</strong></span> <span class='ocrx_word' id='word_1_595' title='bbox 797 4852 1108 4909; x_wconf 90' lang='lat' dir='ltr'><strong>occurrunt,</strong></span> <span class='ocrx_word' id='word_1_596' title='bbox 1135 4846 1224 4914; x_wconf 92' lang='lat' dir='ltr'><strong>qui</strong></span> <span class='ocrx_word' id='word_1_597' title='bbox 1254 4855 1430 4900; x_wconf 88' lang='lat' dir='ltr'><strong>tamen</strong></span> <span class='ocrx_word' id='word_1_598' title='bbox 1453 4847 1570 4915; x_wconf 87' lang='lat' dir='ltr'><strong>ejus</strong></span> <span class='ocrx_word' id='word_1_599' title='bbox 1597 4848 1702 4902; x_wconf 88' lang='lat' dir='ltr'><strong>iter</strong></span> <span class='ocrx_word' id='word_1_600' title='bbox 1728 4849 1854 4903; x_wconf 90' lang='lat' dir='ltr'><strong>dum</strong></span> <span class='ocrx_word' id='word_1_601' title='bbox 1881 4848 2055 4917; x_wconf 90' lang='lat' dir='ltr'><strong>impe-</strong></span> 
     </span>
    </p>
   </div>
   <div class='ocr_carea' id='block_1_80' title="bbox 477 4931 2053 5006">
    <p class='ocr_par' dir='ltr' id='par_1_80' title="bbox 477 4931 2053 5006">
     <span class='ocr_line' id='line_1_80' title="bbox 477 4931 2053 5006; baseline 0.003 -20"><span class='ocrx_word' id='word_1_602' title='bbox 477 4933 595 4987; x_wconf 88' lang='lat' dir='ltr'><strong>dire</strong></span> <span class='ocrx_word' id='word_1_603' title='bbox 619 4931 884 4997; x_wconf 89' lang='lat' dir='ltr'><strong>nituntur,</strong></span> <span class='ocrx_word' id='word_1_604' title='bbox 910 4933 1220 5002; x_wconf 82' lang='lat' dir='ltr'><strong>expediunt.</strong></span> <span class='ocrx_word' id='word_1_605' title='bbox 1246 4934 1405 5000; x_wconf 88' lang='lat' dir='ltr'><strong>Nam,</strong></span> <span class='ocrx_word' id='word_1_606' title='bbox 1430 4935 1556 4990; x_wconf 90' lang='lat' dir='ltr'><strong>dum</strong></span> <span class='ocrx_word' id='word_1_607' title='bbox 1585 4947 1778 5006; x_wconf 88' lang='lat' dir='ltr'><strong>parant</strong></span> <span class='ocrx_word' id='word_1_608' title='bbox 1802 4938 2053 5003; x_wconf 82' lang='lat' dir='ltr'><strong>obruere,</strong></span> 
     </span>
    </p>
   </div>
   <div class='ocr_carea' id='block_1_81' title="bbox 479 5021 2054 5091">
    <p class='ocr_par' dir='ltr' id='par_1_81' title="bbox 479 5021 2054 5091">
     <span class='ocr_line' id='line_1_81' title="bbox 479 5021 2054 5091; baseline 0.004 -16"><span class='ocrx_word' id='word_1_609' title='bbox 479 5030 764 5086; x_wconf 86' lang='lat' dir='ltr'><strong>corruunt;</strong></span> <span class='ocrx_word' id='word_1_610' title='bbox 805 5021 930 5076; x_wconf 89' lang='lat' dir='ltr'><strong>dum</strong></span> <span class='ocrx_word' id='word_1_611' title='bbox 971 5021 1219 5076; x_wconf 87' lang='lat' dir='ltr'><strong>occidere</strong></span> <span class='ocrx_word' id='word_1_612' title='bbox 1263 5031 1550 5089; x_wconf 88' lang='lat' dir='ltr'><strong>conantur,</strong></span> <span class='ocrx_word' id='word_1_613' title='bbox 1586 5026 1886 5091; x_wconf 87' lang='lat' dir='ltr'><strong>intereunt;</strong></span> <span class='ocrx_word' id='word_1_614' title='bbox 1929 5027 2054 5082; x_wconf 92' lang='lat' dir='ltr'><strong>dum</strong></span> 
     </span>
    </p>
   </div>
   <div class='ocr_carea' id='block_1_82' title="bbox 479 5108 1981 5185">
    <p class='ocr_par' dir='ltr' id='par_1_82' title="bbox 479 5108 1981 5185">
     <span class='ocr_line' id='line_1_82' title="bbox 479 5108 1981 5185; baseline 0.005 -23"><span class='ocrx_word' id='word_1_615' title='bbox 479 5109 789 5178; x_wconf 89' lang='lat' dir='ltr'><strong>intorquent</strong></span> <span class='ocrx_word' id='word_1_616' title='bbox 805 5108 1006 5178; x_wconf 86' lang='lat' dir='ltr'><strong>jacula,</strong></span> <span class='ocrx_word' id='word_1_617' title='bbox 1029 5108 1224 5178; x_wconf 84' lang='lat' dir='ltr'><strong>jaculis</strong></span> <span class='ocrx_word' id='word_1_618' title='bbox 1252 5112 1551 5168; x_wconf 91' lang='lat' dir='ltr'><strong>acrioribus</strong></span> <span class='ocrx_word' id='word_1_619' title='bbox 1578 5117 1981 5185; x_wconf 77' lang='lat' dir='ltr'><strong>transfiguntur.</strong></span> 
     </span>
    </p>
   </div>
   <div class='ocr_carea' id='block_1_83' title="bbox 549 5197 2054 5272">
    <p class='ocr_par' dir='ltr' id='par_1_83' title="bbox 549 5197 2054 5272">
     <span class='ocr_line' id='line_1_83' title="bbox 549 5197 2054 5272; baseline 0.007 -20"><span class='ocrx_word' id='word_1_620' title='bbox 549 5197 721 5269; x_wconf 86' lang='lat' dir='ltr'><strong>llujns</strong></span> <span class='ocrx_word' id='word_1_621' title='bbox 775 5199 1073 5269; x_wconf 85' lang='lat' dir='ltr'><strong>spiritualis</strong></span> <span class='ocrx_word' id='word_1_622' title='bbox 1105 5201 1423 5256; x_wconf 87' lang='lat' dir='ltr'><strong>certaminis</strong></span> <span class='ocrx_word' id='word_1_623' title='bbox 1454 5202 1681 5272; x_wconf 83' lang='lat' dir='ltr'><strong>ﬁguram</strong></span> <span class='ocrx_word' id='word_1_624' title='bbox 1721 5205 2054 5262; x_wconf 88' lang='lat' dir='ltr'><strong>lsraeliticus</strong></span> 
     </span>
    </p>
   </div>
   <div class='ocr_carea' id='block_1_84' title="bbox 485 5289 2054 5362">
    <p class='ocr_par' dir='ltr' id='par_1_84' title="bbox 485 5289 2054 5362">
     <span class='ocr_line' id='line_1_84' title="bbox 485 5289 2054 5362; baseline 0.006 -20"><span class='ocrx_word' id='word_1_625' title='bbox 485 5290 646 5361; x_wconf 71' lang='lat'><strong>168</strong></span> <span class='ocrx_word' id='word_1_626' title='bbox 687 5291 776 5346; x_wconf 91' lang='lat' dir='ltr'><strong>ille</strong></span> <span class='ocrx_word' id='word_1_627' title='bbox 817 5289 1048 5360; x_wconf 90' lang='lat' dir='ltr'><strong>populus</strong></span> <span class='ocrx_word' id='word_1_628' title='bbox 1088 5291 1280 5356; x_wconf 87' lang='lat' dir='ltr'><strong>tenuit,</strong></span> <span class='ocrx_word' id='word_1_629' title='bbox 1317 5293 1401 5346; x_wconf 94' lang='lat' dir='ltr'><strong>cui</strong></span> <span class='ocrx_word' id='word_1_630' title='bbox 1446 5295 1647 5362; x_wconf 87' lang='lat' dir='ltr'><strong>petenti</strong></span> <span class='ocrx_word' id='word_1_631' title='bbox 1676 5306 1732 5348; x_wconf 88' lang='lat' dir='ltr'><strong>et</strong></span> <span class='ocrx_word' id='word_1_632' title='bbox 1776 5296 2054 5353; x_wconf 87' lang='lat' dir='ltr'><strong>humiliter</strong></span> 
     </span>
    </p>
   </div>
   <div class='ocr_carea' id='block_1_85' title="bbox 479 5383 2052 5459">
    <p class='ocr_par' dir='ltr' id='par_1_85' title="bbox 479 5383 2052 5459">
     <span class='ocr_line' id='line_1_85' title="bbox 479 5383 2052 5459; baseline 0.003 -21"><span class='ocrx_word' id='word_1_633' title='bbox 479 5383 770 5454; x_wconf 87' lang='lat' dir='ltr'><strong>postulanti</strong></span> <span class='ocrx_word' id='word_1_634' title='bbox 835 5383 976 5440; x_wconf 86' lang='lat' dir='ltr'><strong>Seon</strong></span> <span class='ocrx_word' id='word_1_635' title='bbox 1029 5400 1127 5440; x_wconf 85' lang='lat' dir='ltr'><strong>rex</strong></span> <span class='ocrx_word' id='word_1_636' title='bbox 1175 5385 1613 5440; x_wconf 83' lang='lat' dir='ltr'><strong>Amorrhacorum</strong></span> <span class='ocrx_word' id='word_1_637' title='bbox 1667 5389 1901 5442; x_wconf 88' lang='lat' dir='ltr'><strong>transire</strong></span> <span class='ocrx_word' id='word_1_638' title='bbox 1955 5405 2052 5459; x_wconf 87' lang='lat' dir='ltr'><strong>per</strong></span> 
     </span>
    </p>
   </div>
   <div class='ocr_carea' id='block_1_86' title="bbox 481 5474 2054 5547">
    <p class='ocr_par' dir='ltr' id='par_1_86' title="bbox 481 5474 2054 5547">
     <span class='ocr_line' id='line_1_86' title="bbox 481 5474 2054 5547; baseline 0.004 -19"><span class='ocrx_word' id='word_1_639' title='bbox 481 5489 608 5531; x_wconf 85' lang='lat' dir='ltr'><strong>suos</strong></span> <span class='ocrx_word' id='word_1_640' title='bbox 650 5477 910 5531; x_wconf 87' lang='lat' dir='ltr'><strong>terminos</strong></span> <span class='ocrx_word' id='word_1_641' title='bbox 958 5493 1067 5531; x_wconf 91' lang='lat' dir='ltr'><strong>non</strong></span> <span class='ocrx_word' id='word_1_642' title='bbox 1117 5476 1383 5546; x_wconf 89' lang='lat' dir='ltr'><strong>permisit.</strong></span> <span class='ocrx_word' id='word_1_643' title='bbox 1429 5474 1585 5540; x_wconf 90' lang='lat' dir='ltr'><strong>Nam,</strong></span> <span class='ocrx_word' id='word_1_644' title='bbox 1643 5477 1924 5547; x_wconf 84' lang='lat' dir='ltr'><strong>Scriptura</strong></span> <span class='ocrx_word' id='word_1_645' title='bbox 1974 5489 2054 5536; x_wconf 90' lang='lat' dir='ltr'><strong>te-</strong></span> 
     </span>
    </p>
   </div>
   <div class='ocr_carea' id='block_1_87' title="bbox 481 5572 2052 5638">
    <p class='ocr_par' dir='ltr' id='par_1_87' title="bbox 481 5572 2052 5638">
     <span class='ocr_line' id='line_1_87' title="bbox 481 5572 2052 5638; baseline 0.003 -12"><span class='ocrx_word' id='word_1_646' title='bbox 481 5580 696 5626; x_wconf 85' lang='lat' dir='ltr'><strong>stante:</strong></span> <span class='ocrx_word' id='word_1_647' title='bbox 734 5590 752 5624; x_wconf 75' lang='lat' dir='ltr'><strong>t</strong></span> <span class='ocrx_word' id='word_1_648' title='bbox 789 5572 1114 5628; x_wconf 71' lang='lat' dir='ltr'><strong>lilisitlsrael</strong></span> <span class='ocrx_word' id='word_1_649' title='bbox 1146 5573 1363 5627; x_wconf 90' lang='lat' dir='ltr'><strong>nuntios</strong></span> <span class='ocrx_word' id='word_1_650' title='bbox 1389 5573 1456 5626; x_wconf 90' lang='lat' dir='ltr'><strong>ad</strong></span> <span class='ocrx_word' id='word_1_651' title='bbox 1488 5572 1650 5638; x_wconf 88' lang='lat' dir='ltr'><strong>Seon,</strong></span> <span class='ocrx_word' id='word_1_652' title='bbox 1687 5573 1910 5629; x_wconf 90' lang='lat' dir='ltr'><strong>dicens:</strong></span> <span class='ocrx_word' id='word_1_653' title='bbox 1945 5575 2052 5631; x_wconf 87' lang='lat' dir='ltr'><strong>Ob-</strong></span> 
     </span>
    </p>
   </div>
   <div class='ocr_carea' id='block_1_88' title="bbox 483 5664 2052 5733">
    <p class='ocr_par' dir='ltr' id='par_1_88' title="bbox 483 5664 2052 5733">
     <span class='ocr_line' id='line_1_88' title="bbox 483 5664 2052 5733; baseline 0.002 -17"><span class='ocrx_word' id='word_1_654' title='bbox 483 5676 637 5717; x_wconf 88' lang='lat' dir='ltr'><strong>secro</strong></span> <span class='ocrx_word' id='word_1_655' title='bbox 666 5673 726 5716; x_wconf 91' lang='lat' dir='ltr'><strong>ut</strong></span> <span class='ocrx_word' id='word_1_656' title='bbox 758 5664 989 5718; x_wconf 88' lang='lat' dir='ltr'><strong>transire</strong></span> <span class='ocrx_word' id='word_1_657' title='bbox 1017 5665 1147 5718; x_wconf 92' lang='lat' dir='ltr'><strong>mihi</strong></span> <span class='ocrx_word' id='word_1_658' title='bbox 1185 5665 1344 5720; x_wconf 85' lang='lat' dir='ltr'><strong>liccat</strong></span> <span class='ocrx_word' id='word_1_659' title='bbox 1370 5679 1468 5733; x_wconf 89' lang='lat' dir='ltr'><strong>per</strong></span> <span class='ocrx_word' id='word_1_660' title='bbox 1505 5672 1705 5720; x_wconf 88' lang='lat' dir='ltr'><strong>terram</strong></span> <span class='ocrx_word' id='word_1_661' title='bbox 1740 5675 1912 5728; x_wconf 85' lang='lat' dir='ltr'><strong>tuam;</strong></span> <span class='ocrx_word' id='word_1_662' title='bbox 1946 5681 2052 5720; x_wconf 91' lang='lat' dir='ltr'><strong>non</strong></span> 
     </span>
    </p>
   </div>
   <div class='ocr_carea' id='block_1_89' title="bbox 484 5753 2053 5820">
    <p class='ocr_par' dir='ltr' id='par_1_89' title="bbox 484 5753 2053 5820">
     <span class='ocr_line' id='line_1_89' title="bbox 484 5753 2053 5820; baseline -0.001 -12"><span class='ocrx_word' id='word_1_663' title='bbox 484 5753 877 5810; x_wconf 73' lang='lat' dir='ltr'><strong>iletlinabimus</strong></span> <span class='ocrx_word' id='word_1_664' title='bbox 908 5755 960 5808; x_wconf 93' lang='lat' dir='ltr'><strong>in</strong></span> <span class='ocrx_word' id='word_1_665' title='bbox 1007 5770 1166 5818; x_wconf 78' lang='lat' dir='ltr'><strong>agros</strong></span> <span class='ocrx_word' id='word_1_666' title='bbox 1203 5765 1258 5807; x_wconf 83' lang='lat' dir='ltr'><strong>et</strong></span> <span class='ocrx_word' id='word_1_667' title='bbox 1301 5755 1354 5808; x_wconf 90' lang='lat' dir='ltr'><strong>in</strong></span> <span class='ocrx_word' id='word_1_668' title='bbox 1399 5755 1603 5820; x_wconf 87' lang='lat' dir='ltr'><strong>vineas,</strong></span> <span class='ocrx_word' id='word_1_669' title='bbox 1650 5770 1757 5809; x_wconf 90' lang='lat' dir='ltr'><strong>non</strong></span> <span class='ocrx_word' id='word_1_670' title='bbox 1807 5755 2053 5810; x_wconf 86' lang='lat' dir='ltr'><strong>bibemus</strong></span> 
     </span>
    </p>
   </div>
   <div class='ocr_carea' id='block_1_90' title="bbox 731 5848 1308 5918">
    <p class='ocr_par' dir='ltr' id='par_1_90' title="bbox 731 5848 1308 5918">
     <span class='ocr_line' id='line_1_90' title="bbox 731 5848 1308 5918; baseline 0 -12"><span class='ocrx_word' id='word_1_671' title='bbox 731 5848 1000 5906; x_wconf 76' lang='grc' dir='ltr'><strong>ΡΑτιιοι..</strong></span> <span class='ocrx_word' id='word_1_672' title='bbox 1040 5855 1308 5918; x_wconf 64' lang='grc' dir='ltr'><strong>(ζχιιν,</strong></span> 
     </span>
    </p>
   </div>
   <div class='ocr_carea' id='block_1_91' title="bbox 2161 3299 3739 3376">
    <p class='ocr_par' dir='ltr' id='par_1_91' title="bbox 2161 3299 3739 3376">
     <span class='ocr_line' id='line_1_91' title="bbox 2161 3299 3739 3376; baseline 0.007 -25"><span class='ocrx_word' id='word_1_673' title='bbox 2161 3305 2464 3352; x_wconf 88' lang='lat' dir='ltr'><strong>amatorum</strong></span> <span class='ocrx_word' id='word_1_674' title='bbox 2507 3299 2718 3363; x_wconf 90' lang='lat' dir='ltr'><strong>mundi,</strong></span> <span class='ocrx_word' id='word_1_675' title='bbox 2759 3300 2886 3354; x_wconf 90' lang='lat' dir='ltr'><strong>dum</strong></span> <span class='ocrx_word' id='word_1_676' title='bbox 2936 3301 2989 3354; x_wconf 91' lang='lat' dir='ltr'><strong>in</strong></span> <span class='ocrx_word' id='word_1_677' title='bbox 3038 3311 3250 3358; x_wconf 88' lang='lat' dir='ltr'><strong>terrena</strong></span> <span class='ocrx_word' id='word_1_678' title='bbox 3293 3314 3426 3359; x_wconf 86' lang='lat' dir='ltr'><strong>sunt</strong></span> <span class='ocrx_word' id='word_1_679' title='bbox 3473 3307 3739 3376; x_wconf 84' lang='lat' dir='ltr'><strong>sapientia</strong></span> 
     </span>
    </p>
   </div>
   <div class='ocr_carea' id='block_1_92' title="bbox 2159 3388 3736 3462">
    <p class='ocr_par' dir='ltr' id='par_1_92' title="bbox 2159 3388 3736 3462">
     <span class='ocr_line' id='line_1_92' title="bbox 2159 3388 3736 3462; baseline 0.008 -22"><span class='ocrx_word' id='word_1_680' title='bbox 2159 3388 2337 3454; x_wconf 80' lang='lat' dir='ltr'><strong>vacui,</strong></span> <span class='ocrx_word' id='word_1_681' title='bbox 2353 3403 2451 3458; x_wconf 86' lang='lat' dir='ltr'><strong>per</strong></span> <span class='ocrx_word' id='word_1_682' title='bbox 2468 3388 2707 3457; x_wconf 87' lang='lat' dir='ltr'><strong>leporem</strong></span> <span class='ocrx_word' id='word_1_683' title='bbox 2723 3392 3018 3446; x_wconf 82' lang='lat' dir='ltr'><strong>exterioris</strong></span> <span class='ocrx_word' id='word_1_684' title='bbox 3041 3393 3362 3462; x_wconf 81' lang='lat' dir='ltr'><strong>eloquentiae</strong></span> <span class='ocrx_word' id='word_1_685' title='bbox 3373 3407 3502 3450; x_wconf 86' lang='lat' dir='ltr'><strong>sunt</strong></span> <span class='ocrx_word' id='word_1_686' title='bbox 3522 3391 3736 3454; x_wconf 85' lang='lat' dir='ltr'><strong>diserti.</strong></span> 
     </span>
    </p>
   </div>
   <div class='ocr_carea' id='block_1_93' title="bbox 2159 3479 3741 3549">
    <p class='ocr_par' dir='ltr' id='par_1_93' title="bbox 2159 3479 3741 3549">
     <span class='ocr_line' id='line_1_93' title="bbox 2159 3479 3741 3549; baseline 0.008 -17"><span class='ocrx_word' id='word_1_687' title='bbox 2159 3479 2237 3535; x_wconf 92' lang='lat' dir='ltr'><strong>Dc</strong></span> <span class='ocrx_word' id='word_1_688' title='bbox 2273 3481 2470 3549; x_wconf 90' lang='lat' dir='ltr'><strong>quibus</strong></span> <span class='ocrx_word' id='word_1_689' title='bbox 2503 3493 2601 3549; x_wconf 88' lang='lat' dir='ltr'><strong>per</strong></span> <span class='ocrx_word' id='word_1_690' title='bbox 2635 3481 2980 3538; x_wconf 85' lang='lat' dir='ltr'><strong>Salomonem</strong></span> <span class='ocrx_word' id='word_1_691' title='bbox 3020 3484 3258 3539; x_wconf 89' lang='lat' dir='ltr'><strong>dicitur:</strong></span> <span class='ocrx_word' id='word_1_692' title='bbox 3304 3503 3323 3536; x_wconf 72' lang='grc' dir='ltr'>ι</span> <span class='ocrx_word' id='word_1_693' title='bbox 3359 3485 3548 3542; x_wconf 91' lang='lat' dir='ltr'><strong>Omnis</strong></span> <span class='ocrx_word' id='word_1_694' title='bbox 3587 3487 3741 3544; x_wconf 89' lang='lat' dir='ltr'><strong>labor</strong></span> 
     </span>
    </p>
   </div>
   <div class='ocr_carea' id='block_1_94' title="bbox 2159 3571 3740 3648">
    <p class='ocr_par' dir='ltr' id='par_1_94' title="bbox 2159 3571 3740 3648">
     <span class='ocr_line' id='line_1_94' title="bbox 2159 3571 3740 3648; baseline 0.006 -23"><span class='ocrx_word' id='word_1_695' title='bbox 2159 3571 2212 3626; x_wconf 89' lang='lat' dir='ltr'><strong>in</strong></span> <span class='ocrx_word' id='word_1_696' title='bbox 2261 3583 2357 3626; x_wconf 87' lang='lat' dir='ltr'><strong>ore</strong></span> <span class='ocrx_word' id='word_1_697' title='bbox 2407 3571 2663 3637; x_wconf 88' lang='lat' dir='ltr'><strong>hominis,</strong></span> <span class='ocrx_word' id='word_1_698' title='bbox 2717 3574 2812 3628; x_wconf 91' lang='lat' dir='ltr'><strong>sed</strong></span> <span class='ocrx_word' id='word_1_699' title='bbox 2863 3574 3044 3630; x_wconf 85' lang='lat' dir='ltr'><strong>anima</strong></span> <span class='ocrx_word' id='word_1_700' title='bbox 3100 3575 3217 3645; x_wconf 87' lang='lat' dir='ltr'><strong>ejus</strong></span> <span class='ocrx_word' id='word_1_701' title='bbox 3272 3590 3380 3631; x_wconf 91' lang='lat' dir='ltr'><strong>non</strong></span> <span class='ocrx_word' id='word_1_702' title='bbox 3427 3578 3740 3648; x_wconf 89' lang='lat' dir='ltr'><strong>implebitur</strong></span> 
     </span>
    </p>
   </div>
   <div class='ocr_carea' id='block_1_95' title="bbox 2160 3661 3736 3738">
    <p class='ocr_par' dir='ltr' id='par_1_95' title="bbox 2160 3661 3736 3738">
     <span class='ocr_line' id='line_1_95' title="bbox 2160 3661 3736 3738; baseline 0.007 -24"><span class='ocrx_word' id='word_1_703' title='bbox 2160 3661 2360 3731; x_wconf 75' lang='lat' dir='ltr'><strong>(Eccle.</strong></span> <span class='ocrx_word' id='word_1_704' title='bbox 2395 3662 2494 3734; x_wconf 79' lang='lat' dir='ltr'><strong>vi).</strong></span> <span class='ocrx_word' id='word_1_705' title='bbox 2525 3681 2545 3714; x_wconf 65' lang='grc' dir='ltr'><strong>ι</strong></span> <span class='ocrx_word' id='word_1_706' title='bbox 2585 3662 2905 3719; x_wconf 88' lang='lat' dir='ltr'><strong>Sanctorum</strong></span> <span class='ocrx_word' id='word_1_707' title='bbox 2945 3675 3124 3720; x_wconf 87' lang='lat' dir='ltr'><strong>autem</strong></span> <span class='ocrx_word' id='word_1_708' title='bbox 3166 3682 3388 3738; x_wconf 82' lang='lat' dir='ltr'><strong>regnum</strong></span> <span class='ocrx_word' id='word_1_709' title='bbox 3428 3684 3536 3724; x_wconf 89' lang='lat' dir='ltr'><strong>non</strong></span> <span class='ocrx_word' id='word_1_710' title='bbox 3567 3672 3736 3726; x_wconf 88' lang='lat' dir='ltr'><strong>estin</strong></span> 
     </span>
    </p>
   </div>
   <div class='ocr_carea' id='block_1_96' title="bbox 2159 3756 2892 3820">
    <p class='ocr_par' dir='ltr' id='par_1_96' title="bbox 2159 3756 2892 3820">
     <span class='ocr_line' id='line_1_96' title="bbox 2159 3756 2892 3820; baseline 0.001 -12"><span class='ocrx_word' id='word_1_711' title='bbox 2159 3769 2430 3820; x_wconf 85' lang='lat' dir='ltr'><strong>sermone,</strong></span> <span class='ocrx_word' id='word_1_712' title='bbox 2459 3756 2551 3810; x_wconf 91' lang='lat' dir='ltr'><strong>sed</strong></span> <span class='ocrx_word' id='word_1_713' title='bbox 2585 3756 2638 3810; x_wconf 92' lang='lat' dir='ltr'><strong>in</strong></span> <span class='ocrx_word' id='word_1_714' title='bbox 2675 3757 2892 3811; x_wconf 88' lang='lat' dir='ltr'><strong>virtute.</strong></span> 
     </span>
    </p>
   </div>
   <div class='ocr_carea' id='block_1_97' title="bbox 2232 3846 3736 3916">
    <p class='ocr_par' dir='ltr' id='par_1_97' title="bbox 2232 3846 3736 3916">
     <span class='ocr_line' id='line_1_97' title="bbox 2232 3846 3736 3916; baseline 0.004 -16"><span class='ocrx_word' id='word_1_715' title='bbox 2232 3846 2336 3900; x_wconf 87' lang='lat' dir='ltr'><strong>Sed</strong></span> <span class='ocrx_word' id='word_1_716' title='bbox 2369 3847 2461 3915; x_wconf 91' lang='lat' dir='ltr'><strong>qui</strong></span> <span class='ocrx_word' id='word_1_717' title='bbox 2499 3857 2626 3900; x_wconf 88' lang='lat' dir='ltr'><strong>sunt</strong></span> <span class='ocrx_word' id='word_1_718' title='bbox 2653 3847 2956 3916; x_wconf 88' lang='lat' dir='ltr'><strong>loquentes,</strong></span> <span class='ocrx_word' id='word_1_719' title='bbox 2996 3849 3158 3904; x_wconf 90' lang='lat' dir='ltr'><strong>iidem</strong></span> <span class='ocrx_word' id='word_1_720' title='bbox 3205 3859 3331 3906; x_wconf 89' lang='lat' dir='ltr'><strong>sunt</strong></span> <span class='ocrx_word' id='word_1_721' title='bbox 3364 3861 3421 3906; x_wconf 91' lang='lat' dir='ltr'><strong>et</strong></span> <span class='ocrx_word' id='word_1_722' title='bbox 3450 3852 3504 3906; x_wconf 90' lang='lat' dir='ltr'><strong>in</strong></span> <span class='ocrx_word' id='word_1_723' title='bbox 3532 3853 3736 3906; x_wconf 90' lang='lat' dir='ltr'><strong>amari-</strong></span> 
     </span>
    </p>
   </div>
   <div class='ocr_carea' id='block_1_98' title="bbox 2159 3937 3740 4012">
    <p class='ocr_par' dir='ltr' id='par_1_98' title="bbox 2159 3937 3740 4012">
     <span class='ocr_line' id='line_1_98' title="bbox 2159 3937 3740 4012; baseline 0.007 -24"><span class='ocrx_word' id='word_1_724' title='bbox 2159 3937 2397 3989; x_wconf 89' lang='lat' dir='ltr'><strong>tudinem</strong></span> <span class='ocrx_word' id='word_1_725' title='bbox 2444 3937 2794 3992; x_wconf 88' lang='lat' dir='ltr'><strong>adducentes.</strong></span> <span class='ocrx_word' id='word_1_726' title='bbox 2829 3938 2964 4004; x_wconf 85' lang='lat' dir='ltr'><strong>Quia</strong></span> <span class='ocrx_word' id='word_1_727' title='bbox 3003 3939 3144 3998; x_wconf 83' lang='lat' dir='ltr'><strong>sicut</strong></span> <span class='ocrx_word' id='word_1_728' title='bbox 3193 3941 3369 3995; x_wconf 83' lang='lat' dir='ltr'><strong>sancti</strong></span> <span class='ocrx_word' id='word_1_729' title='bbox 3399 3943 3598 4012; x_wconf 87' lang='lat' dir='ltr'><strong>quique</strong></span> <span class='ocrx_word' id='word_1_730' title='bbox 3624 3958 3740 3998; x_wconf 74' lang='lat' dir='ltr'><strong>cm-</strong></span> 
     </span>
    </p>
   </div>
   <div class='ocr_carea' id='block_1_99' title="bbox 2158 4027 3735 4102">
    <p class='ocr_par' dir='ltr' id='par_1_99' title="bbox 2158 4027 3735 4102">
     <span class='ocr_line' id='line_1_99' title="bbox 2158 4027 3735 4102; baseline 0.006 -24"><span class='ocrx_word' id='word_1_731' title='bbox 2158 4027 2309 4080; x_wconf 89' lang='lat' dir='ltr'><strong>lcstis</strong></span> <span class='ocrx_word' id='word_1_732' title='bbox 2345 4027 2545 4096; x_wconf 91' lang='lat' dir='ltr'><strong>eloquii</strong></span> <span class='ocrx_word' id='word_1_733' title='bbox 2591 4027 2749 4082; x_wconf 83' lang='lat' dir='ltr'><strong>mella</strong></span> <span class='ocrx_word' id='word_1_734' title='bbox 2798 4029 3092 4096; x_wconf 86' lang='lat' dir='ltr'><strong>distillant,</strong></span> <span class='ocrx_word' id='word_1_735' title='bbox 3133 4032 3214 4086; x_wconf 90' lang='lat' dir='ltr'><strong>sic</strong></span> <span class='ocrx_word' id='word_1_736' title='bbox 3254 4033 3473 4102; x_wconf 87' lang='lat' dir='ltr'><strong>reprobi</strong></span> <span class='ocrx_word' id='word_1_737' title='bbox 3510 4033 3735 4102; x_wconf 87' lang='lat' dir='ltr'><strong>quilibet</strong></span> 
     </span>
    </p>
   </div>
   <div class='ocr_carea' id='block_1_100' title="bbox 2157 4117 3736 4185">
    <p class='ocr_par' dir='ltr' id='par_1_100' title="bbox 2157 4117 3736 4185">
     <span class='ocr_line' id='line_1_100' title="bbox 2157 4117 3736 4185; baseline 0.004 -15"><span class='ocrx_word' id='word_1_738' title='bbox 2157 4117 2268 4170; x_wconf 89' lang='lat' dir='ltr'><strong>suis</strong></span> <span class='ocrx_word' id='word_1_739' title='bbox 2295 4117 2636 4170; x_wconf 86' lang='lat' dir='ltr'><strong>auditoribus</strong></span> <span class='ocrx_word' id='word_1_740' title='bbox 2664 4119 2815 4172; x_wconf 90' lang='lat' dir='ltr'><strong>virus</strong></span> <span class='ocrx_word' id='word_1_741' title='bbox 2860 4129 3089 4174; x_wconf 82' lang='lat' dir='ltr'><strong>terrenae</strong></span> <span class='ocrx_word' id='word_1_742' title='bbox 3129 4123 3382 4185; x_wconf 64' lang='lat' dir='ltr'><strong>versutia:</strong></span> <span class='ocrx_word' id='word_1_743' title='bbox 3417 4122 3736 4177; x_wconf 89' lang='lat' dir='ltr'><strong>amaritudi-</strong></span> 
     </span>
    </p>
   </div>
   <div class='ocr_carea' id='block_1_101' title="bbox 2137 4196 3741 4284">
    <p class='ocr_par' dir='ltr' id='par_1_101' title="bbox 2137 4196 3741 4284">
     <span class='ocr_line' id='line_1_101' title="bbox 2137 4196 3741 4284; baseline 0.007 -24"><span class='ocrx_word' id='word_1_744' title='bbox 2137 4196 2388 4276; x_wconf 52' lang='lat' dir='ltr'><strong>&#39;nemquc</strong></span> <span class='ocrx_word' id='word_1_745' title='bbox 2434 4211 2741 4279; x_wconf 85' lang='lat' dir='ltr'><strong>propinant.</strong></span> <span class='ocrx_word' id='word_1_746' title='bbox 2791 4210 2914 4265; x_wconf 89' lang='lat' dir='ltr'><strong>Istis</strong></span> <span class='ocrx_word' id='word_1_747' title='bbox 2961 4213 3106 4265; x_wconf 87' lang='lat' dir='ltr'><strong>enim</strong></span> <span class='ocrx_word' id='word_1_748' title='bbox 3165 4215 3217 4268; x_wconf 90' lang='lat' dir='ltr'><strong>in</strong></span> <span class='ocrx_word' id='word_1_749' title='bbox 3264 4229 3496 4284; x_wconf 87' lang='lat' dir='ltr'><strong>persona</strong></span> <span class='ocrx_word' id='word_1_750' title='bbox 3539 4225 3741 4272; x_wconf 75' lang='lat' dir='ltr'><strong>sanctae</strong></span> 
     </span>
    </p>
   </div>
   <div class='ocr_carea' id='block_1_102' title="bbox 2157 4298 3736 4377">
    <p class='ocr_par' dir='ltr' id='par_1_102' title="bbox 2157 4298 3736 4377">
     <span class='ocr_line' id='line_1_102' title="bbox 2157 4298 3736 4377; baseline 0.006 -25"><span class='ocrx_word' id='word_1_751' title='bbox 2157 4298 2411 4353; x_wconf 67' lang='lat' dir='ltr'><strong>Ecclesiae</strong></span> <span class='ocrx_word' id='word_1_752' title='bbox 2435 4301 2632 4354; x_wconf 90' lang='lat' dir='ltr'><strong>dicitur</strong></span> <span class='ocrx_word' id='word_1_753' title='bbox 2656 4320 2668 4354; x_wconf 74' lang='grc' dir='ltr'><em>τ</em></span> <span class='ocrx_word' id='word_1_754' title='bbox 2699 4322 2717 4353; x_wconf 77' lang='grc' dir='ltr'>ι</span> <span class='ocrx_word' id='word_1_755' title='bbox 2748 4301 2927 4357; x_wconf 88' lang='lat' dir='ltr'><strong>Favus</strong></span> <span class='ocrx_word' id='word_1_756' title='bbox 2950 4302 3218 4359; x_wconf 88' lang='lat' dir='ltr'><strong>distillans</strong></span> <span class='ocrx_word' id='word_1_757' title='bbox 3237 4305 3378 4360; x_wconf 89' lang='lat' dir='ltr'><strong>labia</strong></span> <span class='ocrx_word' id='word_1_758' title='bbox 3403 4315 3512 4372; x_wconf 87' lang='lat' dir='ltr'><strong>tua,</strong></span> <span class='ocrx_word' id='word_1_759' title='bbox 3539 4322 3736 4377; x_wconf 86' lang='lat' dir='ltr'><strong>sponsa</strong></span> 
     </span>
    </p>
   </div>
   <div class='ocr_carea' id='block_1_103' title="bbox 2137 4390 3741 4466">
    <p class='ocr_par' dir='ltr' id='par_1_103' title="bbox 2137 4390 3741 4466">
     <span class='ocr_line' id='line_1_103' title="bbox 2137 4390 3741 4466; baseline 0.006 -22"><span class='ocrx_word' id='word_1_760' title='bbox 2137 4390 2334 4459; x_wconf 32' lang='lat' dir='ltr'><strong>*(Cant.</strong></span> <span class='ocrx_word' id='word_1_761' title='bbox 2361 4400 2463 4462; x_wconf 83' lang='lat' dir='ltr'><strong>Iv).</strong></span> <span class='ocrx_word' id='word_1_762' title='bbox 2501 4411 2518 4442; x_wconf 82' lang='grc'>›</span> <span class='ocrx_word' id='word_1_763' title='bbox 2554 4392 2656 4458; x_wconf 86' lang='lat' dir='ltr'><strong>Qui</strong></span> <span class='ocrx_word' id='word_1_764' title='bbox 2700 4395 2862 4447; x_wconf 88' lang='lat' dir='ltr'><strong>etiam</strong></span> <span class='ocrx_word' id='word_1_765' title='bbox 2897 4395 2948 4447; x_wconf 92' lang='lat' dir='ltr'><strong>in</strong></span> <span class='ocrx_word' id='word_1_766' title='bbox 2995 4394 3166 4466; x_wconf 84' lang='lat' dir='ltr'><strong>ﬁgura</strong></span> <span class='ocrx_word' id='word_1_767' title='bbox 3211 4398 3450 4465; x_wconf 86' lang='lat' dir='ltr'><strong>ejusdem</strong></span> <span class='ocrx_word' id='word_1_768' title='bbox 3487 4399 3741 4455; x_wconf 72' lang='lat' dir='ltr'><strong>Ecclesiae</strong></span> 
     </span>
    </p>
   </div>
   <div class='ocr_carea' id='block_1_104' title="bbox 2160 4482 3740 4558">
    <p class='ocr_par' dir='ltr' id='par_1_104' title="bbox 2160 4482 3740 4558">
     <span class='ocr_line' id='line_1_104' title="bbox 2160 4482 3740 4558; baseline 0.007 -26"><span class='ocrx_word' id='word_1_769' title='bbox 2160 4482 2500 4536; x_wconf 83' lang='lat' dir='ltr'><strong>concinnat:</strong></span> <span class='ocrx_word' id='word_1_770' title='bbox 2541 4501 2568 4534; x_wconf 39' lang='grc' dir='ltr'><strong>λ(</strong></span> <span class='ocrx_word' id='word_1_771' title='bbox 2609 4484 2782 4550; x_wconf 82' lang='lat' dir='ltr'><strong>Quam</strong></span> <span class='ocrx_word' id='word_1_772' title='bbox 2823 4487 3001 4538; x_wconf 91' lang='lat' dir='ltr'><strong>dulcia</strong></span> <span class='ocrx_word' id='word_1_773' title='bbox 3057 4485 3304 4542; x_wconf 88' lang='lat' dir='ltr'><strong>faucibus</strong></span> <span class='ocrx_word' id='word_1_774' title='bbox 3349 4491 3484 4544; x_wconf 90' lang='lat' dir='ltr'><strong>meis</strong></span> <span class='ocrx_word' id='word_1_775' title='bbox 3524 4489 3740 4558; x_wconf 86' lang='lat' dir='ltr'><strong>eloquia</strong></span> 
     </span>
    </p>
   </div>
   <div class='ocr_carea' id='block_1_105' title="bbox 2166 4575 3732 4652">
    <p class='ocr_par' dir='ltr' id='par_1_105' title="bbox 2166 4575 3732 4652">
     <span class='ocr_line' id='line_1_105' title="bbox 2166 4575 3732 4652; baseline 0.006 -29"><span class='ocrx_word' id='word_1_776' title='bbox 2166 4580 2276 4635; x_wconf 87' lang='lat' dir='ltr'><strong>tua,</strong></span> <span class='ocrx_word' id='word_1_777' title='bbox 2317 4588 2480 4641; x_wconf 87' lang='lat' dir='ltr'><strong>super</strong></span> <span class='ocrx_word' id='word_1_778' title='bbox 2518 4575 2624 4629; x_wconf 88' lang='lat' dir='ltr'><strong>mel</strong></span> <span class='ocrx_word' id='word_1_779' title='bbox 2662 4585 2715 4628; x_wconf 92' lang='lat' dir='ltr'><strong>et</strong></span> <span class='ocrx_word' id='word_1_780' title='bbox 2751 4576 2934 4630; x_wconf 85' lang='lat' dir='ltr'><strong>favum</strong></span> <span class='ocrx_word' id='word_1_781' title='bbox 2971 4578 3053 4631; x_wconf 90' lang='lat' dir='ltr'><strong>ori</strong></span> <span class='ocrx_word' id='word_1_782' title='bbox 3097 4594 3218 4633; x_wconf 86' lang='lat' dir='ltr'><strong>meo</strong></span> <span class='ocrx_word' id='word_1_783' title='bbox 3267 4580 3436 4651; x_wconf 74' lang='lat' dir='ltr'><strong>(Psal.</strong></span> <span class='ocrx_word' id='word_1_784' title='bbox 3466 4583 3675 4652; x_wconf 82' lang='lat' dir='ltr'><strong>cxvm).</strong></span> <span class='ocrx_word' id='word_1_785' title='bbox 3712 4601 3732 4633; x_wconf 77' lang='grc' dir='ltr'><strong><em>ι</em></strong></span> 
     </span>
    </p>
   </div>
   <div class='ocr_carea' id='block_1_106' title="bbox 2164 4660 3734 4736">
    <p class='ocr_par' dir='ltr' id='par_1_106' title="bbox 2164 4660 3734 4736">
     <span class='ocr_line' id='line_1_106' title="bbox 2164 4660 3734 4736; baseline 0.009 -24"><span class='ocrx_word' id='word_1_786' title='bbox 2164 4660 2238 4715; x_wconf 88' lang='lat' dir='ltr'><strong>De</strong></span> <span class='ocrx_word' id='word_1_787' title='bbox 2264 4677 2490 4729; x_wconf 87' lang='lat' dir='ltr'><strong>quorum</strong></span> <span class='ocrx_word' id='word_1_788' title='bbox 2528 4664 2692 4718; x_wconf 87' lang='lat' dir='ltr'><strong>etiam</strong></span> <span class='ocrx_word' id='word_1_789' title='bbox 2730 4666 2952 4725; x_wconf 86' lang='lat' dir='ltr'><strong>doctore</strong></span> <span class='ocrx_word' id='word_1_790' title='bbox 2983 4682 3181 4736; x_wconf 83' lang='lat' dir='ltr'><strong>sponsa</strong></span> <span class='ocrx_word' id='word_1_791' title='bbox 3212 4669 3344 4722; x_wconf 88' lang='lat' dir='ltr'><strong>dicit</strong></span> <span class='ocrx_word' id='word_1_792' title='bbox 3377 4671 3429 4722; x_wconf 91' lang='lat' dir='ltr'><strong>in</strong></span> <span class='ocrx_word' id='word_1_793' title='bbox 3455 4669 3693 4726; x_wconf 87' lang='lat' dir='ltr'><strong>Canticis</strong></span> <span class='ocrx_word' id='word_1_794' title='bbox 3719 4689 3734 4726; x_wconf 89' lang='lat'><strong>:</strong></span> 
     </span>
    </p>
   </div>
   <div class='ocr_carea' id='block_1_107' title="bbox 2168 4752 3736 4829">
    <p class='ocr_par' dir='ltr' id='par_1_107' title="bbox 2168 4752 3736 4829">
     <span class='ocr_line' id='line_1_107' title="bbox 2168 4752 3736 4829; baseline 0.008 -26"><span class='ocrx_word' id='word_1_795' title='bbox 2168 4773 2187 4803; x_wconf 73' lang='grc' dir='ltr'>ι</span> <span class='ocrx_word' id='word_1_796' title='bbox 2218 4752 2416 4808; x_wconf 88' lang='lat' dir='ltr'><strong>Guttur</strong></span> <span class='ocrx_word' id='word_1_797' title='bbox 2452 4753 2569 4822; x_wconf 86' lang='lat' dir='ltr'><strong>ejus</strong></span> <span class='ocrx_word' id='word_1_798' title='bbox 2613 4756 2945 4823; x_wconf 88' lang='lat' dir='ltr'><strong>dulcedines,</strong></span> <span class='ocrx_word' id='word_1_799' title='bbox 2996 4767 3052 4813; x_wconf 91' lang='lat' dir='ltr'><strong>et</strong></span> <span class='ocrx_word' id='word_1_800' title='bbox 3104 4767 3248 4813; x_wconf 91' lang='lat' dir='ltr'><strong>totus</strong></span> <span class='ocrx_word' id='word_1_801' title='bbox 3293 4761 3736 4829; x_wconf 85' lang='lat' dir='ltr'><strong>concupiscentia</strong></span> 
     </span>
    </p>
   </div>
   <div class='ocr_carea' id='block_1_108' title="bbox 2163 4843 3736 4918">
    <p class='ocr_par' dir='ltr' id='par_1_108' title="bbox 2163 4843 3736 4918">
     <span class='ocr_line' id='line_1_108' title="bbox 2163 4843 3736 4918; baseline 0.006 -22"><span class='ocrx_word' id='word_1_802' title='bbox 2163 4843 2339 4913; x_wconf 79' lang='lat' dir='ltr'><strong>(Cant.</strong></span> <span class='ocrx_word' id='word_1_803' title='bbox 2367 4844 2443 4911; x_wconf 84' lang='lat' dir='ltr'><strong>v).</strong></span> <span class='ocrx_word' id='word_1_804' title='bbox 2465 4865 2484 4896; x_wconf 77' lang='grc' dir='ltr'><strong>ι</strong></span> <span class='ocrx_word' id='word_1_805' title='bbox 2515 4845 2589 4900; x_wconf 90' lang='lat' dir='ltr'><strong>De</strong></span> <span class='ocrx_word' id='word_1_806' title='bbox 2611 4846 2716 4901; x_wconf 90' lang='lat' dir='ltr'><strong>illis</strong></span> <span class='ocrx_word' id='word_1_807' title='bbox 2744 4858 2924 4901; x_wconf 89' lang='lat' dir='ltr'><strong>autem</strong></span> <span class='ocrx_word' id='word_1_808' title='bbox 2949 4864 2980 4902; x_wconf 91' lang='lat' dir='ltr'><strong>c</strong></span> <span class='ocrx_word' id='word_1_809' title='bbox 2999 4847 3275 4902; x_wconf 86' lang='lat' dir='ltr'><strong>contrario</strong></span> <span class='ocrx_word' id='word_1_810' title='bbox 3302 4849 3526 4904; x_wconf 89' lang='lat' dir='ltr'><strong>dicitur:</strong></span> <span class='ocrx_word' id='word_1_811' title='bbox 3555 4868 3574 4900; x_wconf 74' lang='grc' dir='ltr'><strong><em>ι</em></strong></span> <span class='ocrx_word' id='word_1_812' title='bbox 3596 4849 3736 4918; x_wconf 84' lang='lat' dir='ltr'><strong>Quia</strong></span> 
     </span>
    </p>
   </div>
   <div class='ocr_carea' id='block_1_109' title="bbox 2162 4935 3735 5011">
    <p class='ocr_par' dir='ltr' id='par_1_109' title="bbox 2162 4935 3735 5011">
     <span class='ocr_line' id='line_1_109' title="bbox 2162 4935 3735 5011; baseline 0.009 -24"><span class='ocrx_word' id='word_1_813' title='bbox 2162 4935 2360 5004; x_wconf 79' lang='lat' dir='ltr'><strong>linguis</strong></span> <span class='ocrx_word' id='word_1_814' title='bbox 2389 4937 2501 4991; x_wconf 89' lang='lat' dir='ltr'><strong>suis</strong></span> <span class='ocrx_word' id='word_1_815' title='bbox 2537 4938 2722 4994; x_wconf 87' lang='lat' dir='ltr'><strong>dolose</strong></span> <span class='ocrx_word' id='word_1_816' title='bbox 2755 4941 3010 5008; x_wconf 83' lang='lat' dir='ltr'><strong>agebant,</strong></span> <span class='ocrx_word' id='word_1_817' title='bbox 3041 4955 3310 4996; x_wconf 86' lang='lat' dir='ltr'><strong>venenum</strong></span> <span class='ocrx_word' id='word_1_818' title='bbox 3351 4943 3600 5011; x_wconf 88' lang='lat' dir='ltr'><strong>aspidum</strong></span> <span class='ocrx_word' id='word_1_819' title='bbox 3633 4945 3735 5001; x_wconf 88' lang='lat' dir='ltr'><strong>sub</strong></span> 
     </span>
    </p>
   </div>
   <div class='ocr_carea' id='block_1_110' title="bbox 2162 5026 3735 5104">
    <p class='ocr_par' dir='ltr' id='par_1_110' title="bbox 2162 5026 3735 5104">
     <span class='ocr_line' id='line_1_110' title="bbox 2162 5026 3735 5104; baseline 0.006 -25"><span class='ocrx_word' id='word_1_820' title='bbox 2162 5026 2321 5082; x_wconf 87' lang='lat' dir='ltr'><strong>labiis</strong></span> <span class='ocrx_word' id='word_1_821' title='bbox 2339 5044 2527 5083; x_wconf 91' lang='lat' dir='ltr'><strong>eorum</strong></span> <span class='ocrx_word' id='word_1_822' title='bbox 2553 5029 2725 5100; x_wconf 79' lang='lat' dir='ltr'><strong>(Psal.</strong></span> <span class='ocrx_word' id='word_1_823' title='bbox 2750 5030 2892 5100; x_wconf 85' lang='lat' dir='ltr'><strong>xm).</strong></span> <span class='ocrx_word' id='word_1_824' title='bbox 2919 5049 2938 5080; x_wconf 74' lang='grc' dir='ltr'><strong><em>ι</em></strong></span> <span class='ocrx_word' id='word_1_825' title='bbox 2969 5030 3069 5086; x_wconf 89' lang='lat' dir='ltr'><strong>Ubi</strong></span> <span class='ocrx_word' id='word_1_826' title='bbox 3093 5047 3217 5086; x_wconf 84' lang='lat' dir='ltr'><strong>mox</strong></span> <span class='ocrx_word' id='word_1_827' title='bbox 3244 5035 3515 5104; x_wconf 83' lang='lat' dir='ltr'><strong>sequitur:</strong></span> <span class='ocrx_word' id='word_1_828' title='bbox 3544 5053 3563 5086; x_wconf 74' lang='grc' dir='ltr'>ι</span> <span class='ocrx_word' id='word_1_829' title='bbox 3591 5034 3735 5102; x_wconf 85' lang='lat' dir='ltr'><strong>Quo-</strong></span> 
     </span>
    </p>
   </div>
   <div class='ocr_carea' id='block_1_111' title="bbox 2160 5120 3733 5196">
    <p class='ocr_par' dir='ltr' id='par_1_111' title="bbox 2160 5120 3733 5196">
     <span class='ocr_line' id='line_1_111' title="bbox 2160 5120 3733 5196; baseline 0.004 -23"><span class='ocrx_word' id='word_1_830' title='bbox 2160 5135 2281 5173; x_wconf 88' lang='lat' dir='ltr'><strong>rum</strong></span> <span class='ocrx_word' id='word_1_831' title='bbox 2324 5135 2388 5174; x_wconf 91' lang='lat' dir='ltr'><strong>os</strong></span> <span class='ocrx_word' id='word_1_832' title='bbox 2440 5120 2817 5174; x_wconf 87' lang='lat' dir='ltr'><strong>maledictione</strong></span> <span class='ocrx_word' id='word_1_833' title='bbox 2870 5131 2926 5175; x_wconf 91' lang='lat' dir='ltr'><strong>et</strong></span> <span class='ocrx_word' id='word_1_834' title='bbox 2971 5125 3332 5180; x_wconf 88' lang='lat' dir='ltr'><strong>amaritudine</strong></span> <span class='ocrx_word' id='word_1_835' title='bbox 3381 5127 3598 5196; x_wconf 89' lang='lat' dir='ltr'><strong>plenum</strong></span> <span class='ocrx_word' id='word_1_836' title='bbox 3647 5137 3733 5183; x_wconf 86' lang='lat' dir='ltr'><strong>est</strong></span> 
     </span>
    </p>
   </div>
   <div class='ocr_carea' id='block_1_112' title="bbox 2158 5209 3727 5288">
    <p class='ocr_par' dir='ltr' id='par_1_112' title="bbox 2158 5209 3727 5288">
     <span class='ocr_line' id='line_1_112' title="bbox 2158 5209 3727 5288; baseline 0.006 -23"><span class='ocrx_word' id='word_1_837' title='bbox 2158 5212 2177 5283; x_wconf 85' lang='lat'><strong>(</strong></span> <span class='ocrx_word' id='word_1_838' title='bbox 2211 5209 2401 5282; x_wconf 84' lang='lat' dir='ltr'><strong>lbid.).</strong></span> <span class='ocrx_word' id='word_1_839' title='bbox 2441 5231 2460 5263; x_wconf 73' lang='grc' dir='ltr'>ι</span> <span class='ocrx_word' id='word_1_840' title='bbox 2499 5210 2648 5265; x_wconf 89' lang='lat' dir='ltr'><strong>Unde</strong></span> <span class='ocrx_word' id='word_1_841' title='bbox 2672 5218 2727 5264; x_wconf 92' lang='lat' dir='ltr'><strong>et</strong></span> <span class='ocrx_word' id='word_1_842' title='bbox 2755 5212 2970 5267; x_wconf 87' lang='lat' dir='ltr'><strong>vineam</strong></span> <span class='ocrx_word' id='word_1_843' title='bbox 3008 5214 3154 5268; x_wconf 88' lang='lat' dir='ltr'><strong>illam</strong></span> <span class='ocrx_word' id='word_1_844' title='bbox 3188 5217 3450 5272; x_wconf 90' lang='lat' dir='ltr'><strong>Dominus</strong></span> <span class='ocrx_word' id='word_1_845' title='bbox 3478 5234 3576 5287; x_wconf 88' lang='lat' dir='ltr'><strong>per</strong></span> <span class='ocrx_word' id='word_1_846' title='bbox 3603 5235 3727 5288; x_wconf 89' lang='lat' dir='ltr'><strong>pro-</strong></span> 
     </span>
    </p>
   </div>
   <div class='ocr_carea' id='block_1_113' title="bbox 2156 5302 3734 5370">
    <p class='ocr_par' dir='ltr' id='par_1_113' title="bbox 2156 5302 3734 5370">
     <span class='ocr_line' id='line_1_113' title="bbox 2156 5302 3734 5370; baseline 0.004 -13"><span class='ocrx_word' id='word_1_847' title='bbox 2156 5304 2373 5370; x_wconf 88' lang='lat' dir='ltr'><strong>phetam</strong></span> <span class='ocrx_word' id='word_1_848' title='bbox 2418 5302 2770 5370; x_wconf 82' lang='lat' dir='ltr'><strong>conqueritur</strong></span> <span class='ocrx_word' id='word_1_849' title='bbox 2803 5303 2858 5357; x_wconf 92' lang='lat' dir='ltr'><strong>in</strong></span> <span class='ocrx_word' id='word_1_850' title='bbox 2898 5306 3318 5362; x_wconf 84' lang='lat' dir='ltr'><strong>amaritudinem</strong></span> <span class='ocrx_word' id='word_1_851' title='bbox 3353 5323 3475 5363; x_wconf 87' lang='lat' dir='ltr'><strong>esse</strong></span> <span class='ocrx_word' id='word_1_852' title='bbox 3506 5324 3734 5364; x_wconf 89' lang='lat' dir='ltr'><strong>conver-</strong></span> 
     </span>
    </p>
   </div>
   <div class='ocr_carea' id='block_1_114' title="bbox 2157 5393 3728 5470">
    <p class='ocr_par' dir='ltr' id='par_1_114' title="bbox 2157 5393 3728 5470">
     <span class='ocr_line' id='line_1_114' title="bbox 2157 5393 3728 5470; baseline 0.004 -20"><span class='ocrx_word' id='word_1_853' title='bbox 2157 5409 2292 5456; x_wconf 87' lang='lat' dir='ltr'><strong>sam,</strong></span> <span class='ocrx_word' id='word_1_854' title='bbox 2332 5408 2452 5463; x_wconf 83' lang='lat' dir='ltr'><strong>quae</strong></span> <span class='ocrx_word' id='word_1_855' title='bbox 2497 5393 2779 5447; x_wconf 79' lang='lat' dir='ltr'><strong>nimirum“</strong></span> <span class='ocrx_word' id='word_1_856' title='bbox 2810 5395 2884 5449; x_wconf 92' lang='lat' dir='ltr'><strong>illi</strong></span> <span class='ocrx_word' id='word_1_857' title='bbox 2921 5412 2954 5450; x_wconf 85' lang='lat' dir='ltr'><strong>a</strong></span> <span class='ocrx_word' id='word_1_858' title='bbox 2998 5413 3106 5467; x_wconf 85' lang='lat' dir='ltr'><strong>quo</strong></span> <span class='ocrx_word' id='word_1_859' title='bbox 3162 5399 3362 5454; x_wconf 86' lang='lat' dir='ltr'><strong>dudum</strong></span> <span class='ocrx_word' id='word_1_860' title='bbox 3409 5409 3728 5470; x_wconf 85' lang='lat' dir='ltr'><strong>perceperat</strong></span> 
     </span>
    </p>
   </div>
   <div class='ocr_carea' id='block_1_115' title="bbox 2155 5483 3728 5556">
    <p class='ocr_par' dir='ltr' id='par_1_115' title="bbox 2155 5483 3728 5556">
     <span class='ocr_line' id='line_1_115' title="bbox 2155 5483 3728 5556; baseline 0.005 -17"><span class='ocrx_word' id='word_1_861' title='bbox 2155 5493 2357 5540; x_wconf 87' lang='lat' dir='ltr'><strong>terram</strong></span> <span class='ocrx_word' id='word_1_862' title='bbox 2389 5483 2543 5538; x_wconf 89' lang='lat' dir='ltr'><strong>lactis</strong></span> <span class='ocrx_word' id='word_1_863' title='bbox 2573 5492 2628 5537; x_wconf 91' lang='lat' dir='ltr'><strong>et</strong></span> <span class='ocrx_word' id='word_1_864' title='bbox 2664 5484 2859 5552; x_wconf 87' lang='lat' dir='ltr'><strong>mellis,</strong></span> <span class='ocrx_word' id='word_1_865' title='bbox 2909 5489 3251 5556; x_wconf 87' lang='lat' dir='ltr'><strong>postmodum</strong></span> <span class='ocrx_word' id='word_1_866' title='bbox 3293 5488 3488 5547; x_wconf 87' lang='lat' dir='ltr'><strong>obtulit</strong></span> <span class='ocrx_word' id='word_1_867' title='bbox 3517 5496 3728 5547; x_wconf 86' lang='lat' dir='ltr'><strong>ama-ri-</strong></span> 
     </span>
    </p>
   </div>
   <div class='ocr_carea' id='block_1_116' title="bbox 2155 5575 3724 5650">
    <p class='ocr_par' dir='ltr' id='par_1_116' title="bbox 2155 5575 3724 5650">
     <span class='ocr_line' id='line_1_116' title="bbox 2155 5575 3724 5650; baseline 0.006 -21"><span class='ocrx_word' id='word_1_868' title='bbox 2155 5576 2396 5630; x_wconf 90' lang='lat' dir='ltr'><strong>tndinem</strong></span> <span class='ocrx_word' id='word_1_869' title='bbox 2441 5576 2604 5641; x_wconf 86' lang='lat' dir='ltr'><strong>aceti,</strong></span> <span class='ocrx_word' id='word_1_870' title='bbox 2653 5575 2814 5630; x_wconf 89' lang='lat' dir='ltr'><strong>simul</strong></span> <span class='ocrx_word' id='word_1_871' title='bbox 2857 5587 2914 5632; x_wconf 90' lang='lat' dir='ltr'><strong>et</strong></span> <span class='ocrx_word' id='word_1_872' title='bbox 2956 5577 3096 5634; x_wconf 86' lang='lat' dir='ltr'><strong>fellis</strong></span> <span class='ocrx_word' id='word_1_873' title='bbox 3141 5579 3724 5650; x_wconf 76' lang='lat' dir='ltr'><strong>(Jer.u;Deul.x-xxn;</strong></span> 
     </span>
    </p>
   </div>
   <div class='ocr_carea' id='block_1_117' title="bbox 2151 5666 2567 5735">
    <p class='ocr_par' dir='ltr' id='par_1_117' title="bbox 2151 5666 2567 5735">
     <span class='ocr_line' id='line_1_117' title="bbox 2151 5666 2567 5735; baseline 0.002 -16"><span class='ocrx_word' id='word_1_874' title='bbox 2151 5666 2349 5720; x_wconf 73' lang='lat' dir='ltr'><strong>Matth.</strong></span> <span class='ocrx_word' id='word_1_875' title='bbox 2375 5666 2567 5735; x_wconf 83' lang='lat' dir='ltr'><strong>xxvu).</strong></span> 
     </span>
    </p>
   </div>
   <div class='ocr_carea' id='block_1_118' title="bbox 2225 5758 3725 5846">
    <p class='ocr_par' dir='ltr' id='par_1_118' title="bbox 2225 5758 3725 5846">
     <span class='ocr_line' id='line_1_118' title="bbox 2225 5758 3725 5846; baseline 0.007 -34"><span class='ocrx_word' id='word_1_876' title='bbox 2225 5758 2429 5814; x_wconf 85' lang='lat' dir='ltr'><strong>Horum</strong></span> <span class='ocrx_word' id='word_1_877' title='bbox 2469 5760 2650 5829; x_wconf 87' lang='lat' dir='ltr'><strong>itaque</strong></span> <span class='ocrx_word' id='word_1_878' title='bbox 2685 5762 3043 5830; x_wconf 87' lang='lat' dir='ltr'><strong>loquentium,</strong></span> <span class='ocrx_word' id='word_1_879' title='bbox 3090 5765 3175 5819; x_wconf 85' lang='lat' dir='ltr'><strong>vel</strong></span> <span class='ocrx_word' id='word_1_880' title='bbox 3212 5767 3266 5822; x_wconf 91' lang='lat' dir='ltr'><strong>in</strong></span> <span class='ocrx_word' id='word_1_881' title='bbox 3309 5767 3725 5846; x_wconf 78' lang='lat' dir='ltr'><strong>amaritudinem</strong></span> 
     </span>
    </p>
   </div>
   <div class='ocr_carea' id='block_1_119' title="bbox 3135 5857 3213 5917">
    <p class='ocr_par' dir='ltr' id='par_1_119' title="bbox 3135 5857 3213 5917">
     <span class='ocr_line' id='line_1_119' title="bbox 3135 5857 3213 5917; baseline 0 0"><span class='ocrx_word' id='word_1_882' title='bbox 3135 5857 3213 5917; x_wconf 71' lang='lat'>22</span> 
     </span>
    </p>
   </div>
  </div>
