4184 6472
527 351 633 408 683

1114 353 1170 407 S.
1208 352 1410 408 PETRI
1443 353 1725 408 DAMIANI
1766 353 1915 409 OI’I’.
1959 353 2136 410 PARS
2173 351 2304 408 SEU
2343 350 2580 410 TOMUS
2614 353 2682 410 ll.
2724 385 2792 395 —
2823 352 3214 415 SERMONES.

3687 364 3804 423 684.

527 463 910 519 addudentium
938 461 1079 517 Seon
1106 478 1199 516 rex
1228 475 1331 528 est,
1357 465 1446 533 qui
1473 465 1646 518 elatus
1672 466 1952 530 asseritur,
1978 467 2106 536 quia
2136 481 2182 534 Α
2210 463 2482 534 pollicitus
2501 505 2516 531 ,
2564 466 2865 536 gradiatur.
2897 487 2917 520 ί
2963 469 3094 536 Via,
3140 470 3344 541 inquit,
3391 474 3536 545 regia
3577 480 3794 549 gradia-

527 553 833 622 mniloquis
856 562 911 606 et
933 553 1136 606 amaris
1161 552 1322 621 hujus
1352 554 1536 607 mundi
1583 555 1918 610 amatoribus
1947 555 2108 626 169

526 642 769 697 diabolus
790 649 980 695 auctor
1019 641 1289 711 superbia
1326 642 1685 711 principatur.
1718 642 1871 698 Unde
1907 653 1966 700 et
1993 645 2108 712 ipse

525 731 777 800 princeps
807 727 996 782 mundi
1029 727 1228 784 dicitur
1256 725 1440 798 (Joan.
1472 740 1572 792 xu,
1603 735 1734 794 xiv).
1777 725 1920 782 illius
1943 725 2095 781 vide-

525 821 655 876 licet
706 821 775 875 de
831 833 940 890 quo
973 819 1105 874 dicit
1133 819 1367 875 Joannes
1421 835 1435 873 :
1496 835 1515 870 ι
1553 817 1785 875 Mundus
1831 817 1890 874 in
1946 816 2100 871 mali-

527 928 634 982 gno
669 912 876 980 positus
908 921 991 966 est
1019 907 1070 982 (1
1091 909 1253 966 Joan.
1282 910 1361 980 v).
1386 928 1405 962 ι
1436 908 1504 965 Et
1532 907 1796 966 Dominus
1827 908 2101 981 promittit

529 1002 678 1057 illum
705 1002 992 1073 discipulis
1025 1001 1288 1073 Spiritum
1321 1017 1442 1058 esse
1469 1001 1792 1056 mittendum
1820 1015 1981 1072 quem
2015 998 2104 1054 hic

520 1086 756 1142 mundus
788 1103 896 1142 non
921 1096 1101 1162 potest
1155 1088 1400 1158 accipere
1429 1087 1610 1159 (Joan.
1644 1089 1779 1160 xiv).
1812 1089 1952 1144 Dicit
1975 1104 2106 1160 ergo

518 1176 688 1232 Israel
716 1179 785 1233 ad
813 1177 995 1234 Seon:
1055 1195 1074 1230 ι
1107 1177 1370 1234 Transire
1405 1193 1506 1234 nos
1558 1179 1720 1234 liceat
1754 1193 1851 1248 per
1896 1187 2102 1234 terram

521 1278 690 1336 tuam,
733 1285 842 1325 non
880 1269 1277 1325 declinabimus
1329 1270 1384 1324 in
1424 1284 1585 1340 agros
1614 1280 1669 1324 et
1695 1271 1882 1325 vineas
1912 1268 2101 1340 (Num.

520 1359 703 1430 κὴ.»
746 1359 856 1414 Nos
882 1359 1062 1430 plane,
1089 1374 1188 1413 nos
1215 1374 1422 1424 sumus,
1472 1359 1565 1427 qui
1605 1374 1705 1429 per
1752 1360 1896 1414 hunc
1950 1373 2105 1412 mun-

519 1452 649 1506 dum
677 1451 745 1506 ad
771 1459 972 1504 terram
1021 1449 1270 1519 cupimus
1319 1449 1552 1504 transire
1604 1449 1923 1503 viventium.
1973 1447 2102 1513 Nos,

519 1546 767 1612 inquam,
799 1555 900 1612 per
937 1541 1197 1595 terminos
1245 1538 1464 1609 superbi
1522 1538 1664 1609 regis
1709 1538 1986 1593 humiliter
2022 1537 2105 1592 in-

519 1637 714 1692 cedere
751 1631 999 1687 volumus
1051 1631 1119 1684 ad
1170 1629 1399 1699 patriam
1454 1629 1649 1685 divina
1704 1628 2098 1698 promissionis.

518 1727 585 1780 Et
627 1723 881 1794 quoniam
922 1720 1181 1776 Hebraus
1225 1719 1618 1789 interpretatur
1663 1729 1943 1784 transiens,
2001 1733 2100 1773 nos

2211 571 2351 609 mur.
2384 574 2402 607 ι
2445 555 2577 622 Qua
2599 566 2682 612 est
2703 567 2885 614 autem
2907 560 3054 632 regia
3083 561 3190 627 via,
3231 563 3335 618 nisi
3357 564 3448 620 iIIa
3472 581 3591 636 qua
3611 569 3743 625 dicit
3773 589 3788 624 :

2214 661 2231 693 ι
2271 643 2382 713 Ego
2411 659 2528 698 sum
2574 645 2661 699 via
2695 646 2880 704 (Joan.
2907 649 3040 720 xlv).
3066 669 3083 701 ι
3120 650 3221 718 Qui
3252 653 3417 708 etiam
3449 655 3503 710 in
3532 657 3652 727 ipso
3679 676 3791 718 sua

2208 735 2476 802 passionis
2497 736 2724 791 articulo
2749 753 2808 792 se
2853 754 3036 810 regem
3060 743 3329 810 perhibet,
3361 761 3482 801 cum
3509 750 3585 804 ait
3611 767 3624 804 :
3660 769 3679 803 ι
3710 753 3788 808 Tu

2207 823 2346 879 dicis
2371 839 2385 878 :
2414 824 2553 891 Quia
2585 843 2680 882 rex
2703 843 2824 882 sum
2852 844 2951 900 ego
2981 831 3164 902 (Joan.
3187 836 3364 907 xvm).
3386 856 3406 889 ι
3435 837 3792 902 Promisimua

2206 927 2336 983 ergo
2382 916 2618 986 superbo
2672 920 2786 988 regi
2836 919 2978 975 Seon
3008 921 3125 989 ejus
3176 923 3377 980 ﬁuenta
3426 944 3530 984 non
3578 933 3787 1001 bibere,

2207 1015 2314 1057 non
2368 1003 2422 1057 in
2473 1019 2635 1075 agros
2681 1008 2768 1062 vel
2809 1010 2998 1066 vineas
3041 1013 3336 1083 declinare,
3373 1021 3519 1090 regia
3570 1023 3658 1077 via
3688 1039 3789 1081 nos

2207 1089 2479 1161 incedere,
2507 1094 2610 1150 hoc
2657 1105 2761 1162 est,
2809 1100 2879 1154 ad
2930 1101 3206 1159 Christum
3242 1121 3340 1175 per
3373 1089 3549 1178 ipsum
3593 1127 3788 1185 propc-

2205 1192 2408 1249 rantes,
2437 1185 2508 1240 ab
2527 1188 2777 1245 omnibus
2801 1192 2999 1248 diaboli
3027 1197 3240 1266 pompis
3266 1206 3322 1252 et
3346 1201 3603 1270 operibus
3627 1207 3788 1277 170

2209 1279 2506 1336 abstinere.
2537 1281 2645 1338 Sed
2671 1283 2849 1342 elatus
2877 1286 2968 1342 ille
2990 1287 3136 1345 Seon
3162 1293 3460 1349 exercitum
3483 1296 3706 1368 colligit,
3731 1311 3786 1354 et

2203 1368 2365 1425 Israel
2393 1385 2491 1441 per
2509 1387 2639 1429 suos
2659 1374 2792 1431 ﬁnes
2817 1377 3019 1435 habere
3046 1383 3331 1438 transitum
3363 1399 3470 1440 non
3499 1389 3780 1456 permittit.

2273 1459 2404 1527 Quis
2423 1471 2504 1518 est
2531 1473 2711 1520 autem
2739 1466 2969 1537 populus
3015 1469 3104 1526 ille
3141 1486 3301 1542 quem
3329 1475 3470 1530 Seon
3493 1489 3785 1549 congregat

2203 1550 2468 1608 adversus
2520 1552 2710 1622 Israel,
2773 1557 2878 1612 nisi
2927 1559 3142 1629 reprobi
3184 1563 3404 1632 quique,
3455 1567 3548 1635 qui
3601 1583 3782 1637 perse-

2199 1653 2447 1713 quuntur
2475 1643 2818 1702 Ecelesiam?
2848 1649 2926 1704 Ex
2975 1650 3062 1707 his
3087 1662 3213 1708 sunt
3245 1657 3487 1725 tyranni,
3515 1658 3679 1715 duces
3717 1675 3782 1716 ac

2199 1732 2474 1804 principes
2498 1736 2709 1803 mundi,
2740 1738 2831 1807 qui
2876 1738 2960 1793 vel
2983 1741 3268 1798 catholicis
3291 1745 3424 1806 viris
3463 1761 3561 1816 per
3603 1749 3779 1804 hare-

512 1817 611 1887 qui
644 1813 892 1885 discipuli
954 1827 1142 1867 sumus
1193 1811 1334 1866 illius
1376 1812 1469 1881 qui
1504 1827 1611 1866 non
1661 1811 1951 1878 habitavit,
1995 1811 2091 1866 sed

2200 1824 2363 1880 ticam
2403 1827 2726 1898 pravitatem
2773 1843 3051 1901 opponunt
3104 1811 3552 1896 contradictionis
3595 1842 3779 1898 obsta-

514 1905 867 1977 pertransivit
903 1901 1293 1958 henefaciendo
1319 1941 1334 1968 ,
1375 1910 1431 1959 et
1480 1903 1724 1957 sanando
1762 1916 1951 1957 omnes
1993 1915 2094 1972 op-

513 2012 734 2068 pressos
763 2013 794 2050 a
827 1993 1040 2049 diabolo
1065 1991 1205 2064 (Act.
1239 1992 1319 2063 x),
1367 1992 1624 2062 quoniam
1653 1992 1796 2047 Deus
1819 2001 1939 2047 erat
1975 2005 2097 2049 cum

511 2088 651 2155 illo;
685 2101 961 2156 nunquam
990 2099 1091 2138 nos
1128 2083 1465 2137 habitaturos
1492 2098 1614 2137 cum
1652 2081 1797 2137 Seon
1823 2097 1952 2154 rege
1971 2097 2098 2153 pro-

519 2180 809 2243 mittimus,
855 2177 952 2231 sed
996 2176 1081 2229 via
1133 2173 1506 2228 tantummodo
1553 2175 1701 2244 regia
1742 2188 2096 2244 processuros

516 2287 614 2327 nos
642 2284 765 2326 esse
791 2268 1140 2339 spondemus.
1177 2263 1283 2319 Sed
1306 2265 1521 2333 quando
1551 2279 1650 2320 nos
1685 2265 1795 2333 regi
1825 2264 1965 2320 Seon
1991 2265 2095 2321 ista

511 2357 908 2430 promisimus?
944 2355 1170 2424 Quando
1205 2354 1597 2418 cohabitationi
1645 2351 1762 2422 ejus
1811 2354 2092 2424 repudium

518 2453 783 2516 dedimus,
817 2450 1034 2520 quando
1075 2447 1357 2504 divisionis
1395 2455 1617 2501 aterna
1656 2445 1832 2504 fadus
1859 2462 1982 2503 cum
2024 2462 2092 2504 eo

511 2545 656 2615 pacti
678 2557 885 2598 sumus.

587 2635 907 2692 Itecolamus
950 2633 1135 2702 itaque
1161 2629 1300 2688 diem
1329 2629 1470 2687 sacri
1510 2629 1872 2701 baptismatis,
1912 2629 2088 2700 ipsum

511 2740 665 2783 nova
691 2723 1115 2795 regenerationis
1159 2721 1440 2777 exordium
1470 2720 1538 2776 ad
1582 2720 1898 2776 memoriam
1931 2726 2089 2776 redu-

507 2833 741 2882 eamus;
771 2824 827 2871 et
854 2815 928 2869 ibi
951 2827 1054 2868 nos
1080 2811 1270 2883 procul
1298 2811 1462 2876 dubio
1501 2811 1842 2867 renuntiasse
1874 2811 2087 2867 diabolo

511 2926 578 2965 ac
625 2906 834 2962 cunctis
891 2905 1008 2974 ejus
1059 2902 1268 2973 pompis
1314 2909 1372 2957 et
1422 2903 1677 2973 operibus
1728 2902 2084 2958 inveniemus.

510 3000 914 3055 Commemoret
936 2994 1305 3063 unusquisque
1347 2993 1583 3048 ﬁdelium
1615 3007 1736 3047 cum
1761 2993 1994 3061 primum
2017 2992 2086 3047 ad

511 3091 716 3146 fontem
766 3086 967 3140 lavacri
1011 3085 1264 3139 salutaris
1322 3084 1588 3148 accessit,
1640 3096 1764 3137 cum
1808 3081 2082 3153 signacula

2198 1913 2344 1981 cula,
2375 1915 2462 1971 vel
2485 1918 2690 1973 sanctis
2715 1920 3049 1992 martyribus
3087 1923 3384 1980 moliuntur
3429 1927 3631 1985 inferre
3668 1938 3778 1988 tor-

2198 2013 2402 2061 menta.
2434 2005 2541 2062 Sed
2573 2007 2702 2077 quid
2731 2009 2797 2063 ad
2821 2011 2938 2065 hac
2966 2009 3101 2068 facit
3140 2012 3350 2070 Israel?
3379 2015 3778 2090 Interrogemus

2196 2093 2542 2151 historiam.¢
2582 2097 2763 2164 Venit,
2796 2098 2992 2168 inquit,
3043 2101 3098 2155 in
3124 2101 3301 2157 lssaar
3349 2091 3546 2178 μεθῇ,
3595 2116 3652 2162 et
3677 2123 3775 2178 pu-

2195 2184 2381 2257 gnavit
2400 2195 2590 2240 contra
2613 2201 2759 2242 cum.
2781 2187 2824 2241 A
2854 2203 2962 2258 quo
2983 2205 3273 2260 percussus
3300 2201 3383 2249 est
3419 2192 3560 2250 Seon
3592 2196 3645 2251 in
3678 2211 3775 2253 ore

2194 2271 2359 2340 gladii
2392 2290 2406 2328 :
2447 2282 2500 2328 et
2555 2290 2803 2344 possessa
2833 2285 2917 2330 est
2966 2286 3107 2334 terra
3138 2278 3252 2349 ejus
3279 2283 3346 2336 ab
3387 2281 3574 2340 Arnon
3604 2300 3773 2356 usque

2192 2359 2412 2416 Laboch
2442 2360 2652 2436 [Jeboc]
2698 2363 2888 2435 (Nunt.
2913 2366 3050 2438 χχι).
3075 2386 3094 2419 ι
3133 2369 3273 2424 Ecce
3301 2372 3586 2442 superbus,
3638 2388 3768 2429 ecce

2191 2450 2369 2507 elatus
2420 2466 2744 2524 congressus
2787 2463 2892 2522 est,
2945 2456 3042 2512 sed
3088 2459 3354 2515 contritus
3396 2463 3669 2519 commisit
3713 2473 3769 2519 et

2189 2541 2464 2610 perdidit;
2494 2543 2549 2597 in
2588 2559 2742 2599 arma
2768 2546 3021 2614 prosiluit
3053 2557 3109 2604 et
3131 2551 3434 2606 succubuit.
3461 2552 3562 2619 Qui
3592 2554 3766 2610 noluit

2187 2634 2322 2689 dare
2346 2635 2507 2700 viam,
2534 2637 2767 2706 perdidit
2790 2638 2996 2706 vitam;
3045 2649 3101 2695 et
3126 2643 3252 2696 dum
3292 2646 3621 2715 contempsit
3667 2661 3765 2700 an-

2189 2738 2358 2780 nuere
2393 2725 2622 2796 publica
2651 2727 2754 2782 via
2785 2730 3091 2797 transitum,
3134 2733 3318 2788 amisit
3357 2737 3633 2806 proprium
3682 2754 3765 2795 re-

2190 2813 2326 2883 galis
2346 2813 2531 2883 gloria
2565 2815 2951 2885 principatum.
2988 2818 3152 2874 Israel
3202 2833 3404 2889 autem,
3447 2824 3539 2894 qui
3587 2836 3764 2880 trans-

2189 2901 2328 2958 itum
2353 2918 2462 2958 non
2491 2905 2748 2974 obtinuit,
2777 2907 2848 2962 ad
2870 2907 3224 2964 hareditaria
3265 2914 3621 2981 possessionis
3641 2915 3761 2985 jura

2185 2995 2434 3066 pervenit
2461 3011 2477 3062 ;
2514 3005 2570 3052 et
2593 2996 2680 3052 cui
2713 2998 2946 3054 transire
2982 3015 3091 3056 non
3122 3001 3295 3070 licuit,
3326 3004 3392 3059 de
3418 3005 3506 3059 via
3530 3008 3759 3076 patriam

2186 3086 2337 3144 fecit.

511 3184 637 3239 Μαί
666 3181 840 3252 Prima
875 3177 1133 3247 ευεοθυίῑ·
1188 3175 1375 3232 Nom“:
1419 3191 1518 3246 Per
1561 3173 1948 3283 ξτεξῑθθδξξῖηυηι
1997 3187 2082 3277 εξ·
2109 3166 2156 3227 C
2260 3197 2367 3254 Sed
2395 3199 2507 3266 ubi,
2530 3216 2735 3272 quaso,
2775 3203 2972 3260 fratres
2995 3209 3123 3274 mei,
3147 3209 3238 3264 ubi
3277 3210 3394 3267 hac
3430 3222 3512 3267 est
3541 3225 3758 3283 peracta

513 3273 804 3329 cerdotalis
832 3268 991 3326 oﬁicii
1039 3269 1126 3324 his
1173 3283 1302 3323 usus
1354 3276 1439 3323 est
1469 3267 1650 3322 verbis
1679 3266 1876 3337 quibus
1925 3280 1984 3320 se
2012 3265 2086 3321 si-

507 3364 795 3436 gniﬁcaret
821 3360 1061 3415 letiferas
1088 3358 1272 3412 mundi
1296 3355 1454 3426 hujus
1477 3356 1802 3427 cupiditates
1827 3355 2081 3426 abjieere,

511 3469 576 3508 ac
622 3449 901 3506 diabolicae
952 3449 1231 3504 societatis
1277 3446 1692 3503 contubernium
1739 3447 2084 3516 proﬁteretur

511 3563 542 3601 a
572 3559 631 3600 se
658 3543 902 3597 funditus
929 3538 1224 3594 abdicare?
1268 3538 1334 3591 Et
1375 3538 1477 3592 hoc
1512 3545 1596 3592 est
1621 3537 1766 3606 quod
1810 3537 1865 3590 in
1910 3537 2081 3591 histo-

511 3635 607 3690 ria
630 3631 970 3689 sermonibus
998 3627 1370 3690 adumbratur,
1402 3625 1528 3695 quia
1576 3642 1683 3681 non
1731 3626 1966 3681 declinet
2011 3627 2085 3682 Is-

507 3725 623 3780 rael
648 3737 822 3792 neque
856 3721 908 3775 in
941 3733 1131 3790 agrum
1169 3717 1313 3788 regis
1340 3715 1503 3782 Seon,
1533 3729 1707 3785 neque
1755 3716 1810 3770 in
1845 3718 2080 3783 vineam,

508 3832 684 3889 neque
712 3816 779 3870 de
831 3814 950 3868 lacu
983 3811 1098 3882 ejus
1133 3824 1192 3864 se
1235 3809 1521 3878 pollicetur
1572 3808 1752 3878 aliquo
1800 3809 1958 3862 modo
1986 3823 2080 3878 po--

503 3919 765 3963 laturum.
818 3903 921 3958 Per
977 3915 1165 3972 agrum
1211 3897 1438 3964 scilicet,
1494 3899 1676 3967 operis
1731 3896 2071 3963 exercitium;

505 4011 602 4066 per
655 3995 863 4048 vineam
909 3999 965 4046 et
1014 3989 1217 4054 lacum,
1250 4002 1512 4041 vanarum
1539 3986 1733 4039 artium
1764 3985 2079 4055 intelligitur

507 4081 798 4153 poculum;
836 4077 1146 4148 astrologia
1175 4076 1402 4140 scilicet,
1433 4075 1640 4144 magia,
1675 4075 2073 4138 necromantiae,

491 4182 562 4227 -et
585 4170 843 4238 quidquid
872 4176 956 4221 est
1005 4165 1148 4234 quod
1177 4179 1372 4217 vanum
1413 4165 1614 4233 aliquid
1645 4164 1727 4218 vel
1756 4165 2074 4233 sacrilegum

507 4257 835 4326 doglnatizat
890 4263 1076 4306 contra
1141 4251 1424 4305 catholica
1484 4252 1608 4304 ﬁdei
1671 4252 1948 4320 pietatem.
2000 4251 2076 4307 De

496 4347 700 4417 quibus
731 4344 912 4412 utique
959 4340 1333 4410 pestilentibus
1380 4340 1585 4409 poculis
1617 4349 1806 4395 contra
1857 4355 2078 4409 perver-

505 4455 624 4495 sum
647 4435 897 4507 populum
944 4448 1039 4503 per
1066 4431 1354 4488 Jeremiam
1405 4432 1661 4486 Dominus
1703 4434 2070 4501 conqueritur,

505 4532 690 4584 dicens
717 4545 728 4556 ·
761 4544 779 4576 ι
810 4525 922 4580 Duo
953 4523 1091 4578 mala
1141 4523 1269 4578 fecit
1297 4524 1525 4593 popqus
1571 4539 1724 4580 meus
1753 4543 1766 4578 :
1806 4541 1892 4580 me
1919 4527 2073 4582 dere-
2100 4521 2150 4581 D

501 4621 799 4690 liquerunt,
824 4616 1028 4669 fontem
1043 4627 1206 4684 aqua
1228 4614 1383 4679 viva,
1407 4624 1461 4669 et
1483 4613 1736 4671 foderunt
1752 4615 1852 4670 sibi
1877 4617 2070 4671 cister-

504 4727 622 4776 nas,
654 4710 917 4764 cisternas
963 4706 1272 4774 dissipatas,
1304 4718 1423 4774 qua
1446 4707 1724 4762 continere
1761 4722 1868 4760 non
1893 4707 2073 4762 valent

502 4817 673 4871 aquas
695 4801 829 4870 (Jer.
856 4799 977 4867 11).»
1014 4799 1089 4852 De
1137 4797 1333 4867 quibus
1381 4809 1437 4851 et
1481 4810 1579 4867 per
1626 4799 2071 4854 Salomonemdi-

501 4894 645 4949 citur
672 4909 684 4944 :
716 4911 733 4941 ι
760 4890 926 4958 Aqua
957 4889 1170 4942 furtiva
1199 4887 1472 4943 dulciores
1513 4897 1640 4942 sunt
1677 4887 1858 4960 (Prov.
1909 4893 2018 4958 ix).
2044 4908 2063 4941 ι

502 4984 676 5040 Habet
701 4988 879 5036 autem
925 4980 1089 5035 Israel
1119 4981 1294 5036 fontes
1331 4997 1477 5036 suos.
1513 5001 1529 5031 ι
1571 4977 1954 5050 In.Ecclesiis,
1985 4983 2066 5035 in-

501 5076 654 5145 quit,
709 5071 1009 5127 henedicite
1065 5072 1175 5127 Deo
1224 5072 1451 5128 Domino
1499 5074 1564 5128 de
1611 5073 1852 5128 fontibus
1901 5075 2066 5131 Israel

499 5164 674 5239 (Psal.
732 5164 919 5232 uvu).
957 5181 974 5213 ι
1039 5161 1266 5232 Superbi
1318 5181 1449 5235 ergo
1508 5167 1649 5235 regis
1714 5167 1852 5219 Seon
1901 5183 2066 5236 aquas

503 5265 755 5325 respuat,
808 5253 1182 5312 haereticorum
1239 5257 1547 5327 dogmatum
1616 5259 1816 5315 ﬂuenta
1881 5275 2068 5321 conte-

464 5341 690 5414 Hnnat;
746 5355 802 5401 et
845 5346 1059 5400 hauriat
1108 5361 1279 5415 aquas
1343 5349 1396 5402 in
1450 5353 1647 5420 gaudio
1705 5355 1773 5409 de
1831 5355 2067 5414 fontibus

502 5436 796 5490 Salvatoris
818 5434 952 5505 (Isa.
978 5434 1098 5505 xu).
1126 5435 1226 5501 Qui
1253 5437 1396 5490 enim
1424 5442 1624 5510 dirupit
1666 5443 1842 5499 fontes
1871 5454 1924 5500 et
1957 5457 2066 5502 tor-

502 5537 681 5580 rentes
697 5527 866 5598 (Psal.
895 5535 1111 5601 uxm),
1136 5530 1224 5583 hic
1245 5531 1297 5583 in
1320 5531 1609 5603 Evangelio
1627 5537 1754 5591 dicit
1779 5555 1791 5591 :
1813 5556 1832 5587 ‹
1855 5538 1954 5605 Qui
1987 5540 2053 5594 bi-

500 5615 642 5670 berit
655 5633 844 5685 aquam
861 5637 1023 5690 quam
1040 5638 1140 5693 ego
1153 5624 1239 5689 do,
1255 5622 1479 5679 flumina
1494 5627 1558 5682 de
1575 5640 1761 5684 ventre
1776 5629 2055 5700 ejusﬁuert.

500 5719 653 5775 aqua
685 5709 818 5762 viva
845 5709 1024 5778 (Joan.
1051 5714 1166 5784 vn).
1191 5734 1210 5767 ›
1244 5714 1350 5771 Sed
1391 5728 1442 5772 et
1483 5720 1568 5772 via
1612 5721 1776 5791 regia,
1812 5733 1951 5778 Sicut
1984 5739 2043 5783 et

2186 3288 2460 3344 victoria?
2484 3290 2634 3344 Felix
2665 3292 2872 3349 scilicet
2917 3294 3090 3364 locus,
3115 3298 3206 3368 qui
3233 3307 3397 3356 tanta
3437 3301 3620 3373 gloria
3646 3319 3758 3359 me-

2188 3379 2297 3433 ruit
2323 3380 2508 3435 videre
2538 3383 2901 3453 triumphum!
2937 3384 3063 3454 Ubi,
3093 3387 3331 3458 inquam,
3358 3392 3647 3461 superbum
3675 3407 3759 3447 re-

2185 3482 2303 3540 gem
2335 3469 2570 3525 obtinuit
2593 3471 2758 3527 Israel
2787 3474 2810 3526 ?
2839 3475 2896 3528 In
2938 3475 3132 3530 lssaar.
3180 3478 3356 3533 lssaar
3384 3490 3562 3534 autem
3591 3480 3758 3534 inter-

2183 3567 2428 3627 pretatur
2452 3561 2692 3614 mandati
2717 3563 3037 3635 adimplelio.
3059 3566 3123 3620 Et
3145 3582 3243 3622 nos
3265 3568 3307 3622 si
3327 3569 3552 3624 adhunc
3578 3569 3754 3625 locum

2185 3647 2294 3703 Deo
2331 3649 2467 3705 duce
2489 3653 2867 3722 pertingimus,
2897 3655 3166 3710 diabolum
3215 3659 3404 3727 procul
3441 3660 3623 3726 dubio,
3660 3661 3753 3730 qui

2183 3749 2341 3808 caput
2360 3750 2446 3794 est
2471 3750 2524 3795 et
2551 3743 2703 3813 origo
2726 3745 3008 3814 superbia,
3039 3763 3377 3818 superamus.
3407 3749 3560 3804 Tunc
3602 3752 3751 3805 enim

2182 3828 2452 3883 diabolum
2484 3832 2774 3914 vincimus,
2817 3851 2940 3891 cum
2995 3837 3373 3910 Redemptoris
3403 3840 3571 3895 nostri
3603 3857 3752 3895 man-

2182 3915 2305 3970 data
2348 3920 2702 3988 complemus.
2751 3923 3102 3996 Quanquam,
3160 3929 3303 3998 quod
3347 3938 3432 3985 est
3475 3931 3749 3985 diabolum

2181 4006 2419 4074 vincere,
2465 4012 2568 4066 hoc
2612 4013 2786 4084 ipsum
2825 4017 2893 4071 sit
2927 4018 3109 4074 divina
3161 4023 3414 4077 mandata
3459 4023 3748 4093 complere.

2179 4093 2338 4162 Nam,
2370 4099 2496 4152 dum
2524 4104 2706 4159 carnis
2733 4105 3016 4164 illecebras
3042 4107 3341 4180 frangimus
3367 4129 3382 4178 ;
3415 4113 3540 4167 dum
3567 4115 3749 4184 pravis

2179 4188 2449 4244 viscerum
2482 4196 2824 4262 passionibus
2871 4199 3223 4270 reluctatnur,
3263 4205 3390 4259 dum
3418 4206 3612 4261 divina
3637 4205 3748 4276 jus-

2179 4277 2348 4335 sionis
2392 4283 2620 4352 imperio
2653 4288 2952 4356 subdimur,
3001 4301 3056 4346 et
3082 4309 3187 4347 non
3233 4305 3416 4351 nostra
3465 4309 3609 4365 vota,
3652 4299 3747 4352 sed

2177 4369 2321 4425 illius
2351 4371 2502 4439 jussa
2563 4390 2838 4435 servamus
2867 4419 2884 4446 ,
2928 4391 3056 4436 tunc
3105 4383 3308 4453 absque
3357 4386 3517 4442 dubio
3563 4388 3746 4442 mundi

2178 4462 2476 4534 principem
2505 4473 2558 4518 et
2601 4469 2765 4523 totius
2810 4471 3066 4540 nequitia
3091 4473 3424 4530 debellamus
3449 4486 3753 4540 auctorem...

2179 4552 2327 4611 Tunc
2353 4557 2646 4625 apostolica
2679 4559 2766 4612 illa
2806 4562 2979 4615 oratio
3009 4564 3307 4631 completur
3341 4566 3394 4620 in
3436 4568 3609 4634 nobis,
3639 4585 3744 4639 qua

2176 4642 2411 4698 dicitur:
2451 4662 2469 4694 ι
2504 4645 2642 4699 Deus
2685 4655 2865 4702 autem
2895 4649 3045 4716 pacis
3073 4659 3319 4706 conterat
3351 4654 3608 4711 Satanam
3645 4660 3744 4712 sub

2173 4731 2401 4797 pedibus
2429 4733 2627 4786 vestris
2657 4732 2829 4803 (Rom.
2848 4736 3010 4807 xvi)»
3030 4737 3234 4796 Etillud
3255 4745 3409 4801 nobis
3462 4747 3738 4811 Dominus,

2172 4819 2315 4885 quod
2353 4820 2627 4888 promisit,
2679 4823 2964 4892 impertit:
3003 4845 3022 4877 ς
3053 4825 3193 4883 Ecce
3244 4831 3366 4887 dedi
3395 4835 3546 4889 vobis
3590 4844 3738 4900 pote-

2170 4915 2366 4962 statem
2419 4909 2662 4965 calcandi
2707 4928 2868 4984 supra
2899 4927 3178 4987 serpentes
3220 4930 3274 4974 et
3323 4923 3650 4990 scorpiones,
3679 4927 3734 4972 et

2173 5013 2334 5068 super
2358 5015 2570 5054 omnem
2614 5002 2869 5058 virtutem
2907 5007 3131 5074 inimici,
3177 5021 3230 5063 et
3271 5011 3400 5063 nihil
3440 5009 3588 5062 vobis
3637 5025 3734 5063 no-

2173 5090 2315 5144 cebit
2338 5088 2486 5160 rLuc.
2515 5093 2593 5153 π).
2620 5113 2637 5145 ι
2681 5093 2784 5148 Sed
2823 5112 2942 5150 cum
2990 5097 3130 5154 Seon
3157 5101 3419 5168 exprimat
3453 5100 3731 5165 antiquum

2174 5180 2404 5245 hostem,
2434 5183 2662 5250 populus
2716 5195 2894 5241 autem
2925 5189 3042 5258 ejus
3063 5201 3300 5258 quosque
3343 5187 3618 5255 reprobos,
3649 5189 3732 5244 vel

2173 5269 2425 5325 Ecclesia
2453 5284 2847 5344 persecutores,
2883 5279 2974 5348 qui
2997 5278 3161 5332 armis
3202 5277 3269 5332 ab
3296 5277 3480 5345 Israel,
3505 5278 3607 5337 hoc
3628 5294 3732 5350 est,

2174 5376 2203 5414 a
2234 5363 2436 5417 sanctis
2470 5364 2913 5432 praedicatoribus
2951 5378 3080 5424 sunt
3133 5369 3423 5438 prostrati,
3472 5386 3581 5445 quo
3625 5390 3734 5428 mu-

2171 5465 2335 5505 crone
2382 5452 2632 5521 perfossi,
2670 5470 2777 5524 quo
2803 5457 3029 5526 denique
3057 5453 3231 5525 gladio
3277 5467 3401 5513 sunt
3428 5464 3734 5533 perempti?

2171 5541 2275 5596 Sed
2289 5543 2411 5597 audi
2431 5543 2740 5614 Apostolum
2761 5547 3058 5616 spiritualis
3081 5548 3263 5619 utique
3285 5550 3491 5608 militia
3515 5555 3731 5621 ducem,

2168 5641 2222 5685 et
2253 5639 2535 5692 strenuam
2578 5636 2819 5694 inteStini
2873 5636 3041 5709 ρι’ρὶἰὶ
3091 5639 3448 5699 bellatorem:
3498 5663 3516 5696 ι
3565 5644 3730 5700 Vivus

2169 5736 2266 5796 et,
2317 5728 2492 5788 ἕπετ’
2543 5742 2724 5793 192m
2765 5730 2869 5792 Dei-
2925 5743 2943 5754 “
3008 5729 3203 5798 vir-cat,
3254 5742 3312 5792 et
3346 5739 3732 5807 penetrabilior
