4184 6470
372 431 475 490 635

1755 425 1988 482 SERNO
2043 423 2272 479 XXXIII.

3525 423 3626 477 686

369 545 516 601 oximi
542 542 720 612 gladio
743 539 986 610 ancipiti,
1016 539 1518 610 pertingensusque
1537 534 1602 590 ad
1631 536 1949 590 divisionem
1982 542 2026 598 Α
2055 534 2196 601 quod
2226 534 2609 601 interpretatur
2644 531 2923 582 luctamen.
2961 527 3190 582 Necesse
3224 540 3303 583 est
3338 531 3478 584 enim
3515 550 3626 585 om-

363 635 566 690 anima‘.
616 646 678 685 ac
706 631 951 700 spiritus,
994 641 1312 699 compagum
1345 640 1559 696 quoque
1604 635 1657 678 et
1687 623 1944 677 medulla-

369 739 508 785 rum,
543 730 598 776 et
641 721 908 774 discretor
940 719 1330 788 cogitationum
1360 724 1413 768 et
1449 715 1807 768 intentiomnn
1831 727 1945 765 cor-

369 816 454 869 dis
481 811 667 883 (Hebr.
696 811 792 880 tv).
819 829 838 862 ι
879 809 1032 863 Hunc
1059 807 1340 862 divisionis
1370 804 1603 876 gladium
1625 803 1945 872 evaginaltat

368 905 478 958 dux
499 911 554 956 et
598 909 791 953 auctor
817 897 908 952 ille
937 896 1318 960 certaminum,
1367 911 1429 948 ac
1477 895 1728 948 dominus
1774 891 1946 945 bella-

371 999 566 1051 torum,
595 1003 718 1041 cum
751 985 965 1040 dicebat
995 1001 1008 1036 :
1040 1002 1058 1034 ‹
1101 983 1275 1036 Nolite
1301 991 1492 1052 putare
1519 981 1644 1049 quia
1675 980 1796 1032 veni
1830 979 1949 1031 mit-

370 1090 485 1134 tere
508 1092 697 1146 pacem
721 1076 772 1129 in
797 1084 1020 1129 terram.
1053 1072 1168 1128 Non
1191 1074 1334 1127 enim
1356 1071 1476 1126 veni
1504 1087 1688 1140 pacem
1713 1070 1945 1132 mittere,

367 1169 462 1224 sed
489 1167 723 1238 gladium
759 1163 975 1234 (Matth.
1001 1163 1078 1229 κ).
1118 1182 1136 1214 ›

436 1253 650 1310 Audisti
700 1252 934 1324 gladium
983 1251 1330 1314 dividentem,
1385 1249 1509 1303 audi
1557 1254 1950 1316 consequenter

316 1399 320 1402 .
371 1351 428 1400 et
472 1343 643 1412 ipsam
675 1341 1030 1396 divisionem:
1083 1357 1101 1390 ι
1135 1337 1291 1402 Veni,
1341 1337 1534 1405 inquit,
1572 1350 1824 1406 separare
1853 1335 1951 1388 ho-

364 1431 568 1486 minem
605 1429 867 1484 adversus
920 1437 1128 1496 patrem
1177 1441 1353 1489 suum,
1398 1435 1453 1480 et
1483 1425 1647 1478 ﬁliam
1692 1425 1950 1479 adversus

365 1531 597 1577 matrem
651 1533 830 1582 suam,
880 1525 937 1572 ει
990 1532 1184 1570 nurum
1229 1518 1488 1571 adversus
1520 1530 1731 1571 SOCI'lIm
1771 1530 1948 1582 suam,

366 1621 420 1667 et
448 1609 651 1665 inimici
680 1607 915 1663 hominis
949 1605 1231 1661 domestici
1259 1605 1375 1674 ejus
1415 1603 1623 1675 (Ibid.).
1655 1622 1673 1655 ι
1709 1603 1822 1658 IIoc
1845 1605 1950 1658 ita-

369 1717 474 1773 que
499 1699 678 1771 gladio
729 1707 784 1754 et
840 1697 982 1752 Seon
1012 1705 1098 1751 est
1142 1705 1472 1766 peremptus,
1517 1704 1573 1748 et
1627 1694 1806 1749 omnis
1833 1692 1948 1760 ejus

366 1791 637 1847 exercitus
670 1789 825 1858 171
859 1786 1130 1842 communi
1157 1786 1303 1840 czede
1347 1793 1668 1855 prostratus.
1707 1782 1843 1849 Quia
1868 1783 1950 1836 ni-

2050 639 2145 678 nes
2172 625 2263 692 qui
2296 623 2482 676 volunt
2519 622 2668 674 exire
2698 621 2763 674 de
2801 634 2965 688 regno
3009 619 3200 673 diaboli
3251 628 3306 674 et
3339 619 3458 688 ejus
3494 620 3627 675 ﬁnes

2045 712 2296 774 evadere,
2341 711 2698 764 tentationum
2747 709 3108 778 ingruentium
3154 711 3450 764 certamina
3492 712 3629 767 tole-

2048 817 2190 857 rare.
2217 801 2370 868 Quod
2399 803 2446 855 si
2488 801 2770 870 quisquam
2819 799 3059 870 legitime
3107 802 3417 866 certaverit,
3465 813 3520 858 et
3546 805 3628 859 vi-

2047 893 2221 946 riliter
2263 891 2570 946 obluctatus
2611 890 2852 951 evicerit,
2884 888 2996 956 jam
3026 905 3130 943 non
3159 890 3263 943 erit
3303 890 3514 947 Laboclt
3542 893 3624 947 ci-

2046 981 2186 1036 vitas
2241 979 2405 1043 Seon,
2461 981 2554 1033 sed
2609 979 2802 1033 civitas
2855 979 3052 1042 Israel;
3109 994 3214 1032 non
3271 981 3480 1042 scilicm
3529 982 3623 1050 qui

2048 1073 2102 1127 in
2139 1087 2305 1126 carne
2340 1072 2410 1126 sit
2435 1071 2639 1137 Israel;
2675 1085 2774 1126 nec
2811 1071 2865 1124 in
2912 1069 3199 1126 manifesto
3236 1070 3450 1126 Judaeus
3481 1089 3494 1138 ;
3529 1079 3622 1128 sed

2047 1161 2137 1229 qui
2182 1160 2492 1219 in‘Christo
2544 1159 2614 1214 sit
2667 1158 2851 1224 Israel,
2899 1159 3250 1214 circumcisus
3291 1159 3472 1226 corde,
3520 1176 3627 1215 non

2049 1265 2230 1306 carne.

2122 1338 2245 1394 llaec
2267 1337 2439 1404 vobis,
2472 1338 2669 1392 fratres
2686 1336 3015 1404 charissimi,
3039 1337 3192 1407 quasi
3216 1352 3312 1408 per
3338 1353 3623 1394 excessum

2049 1427 2303 1493 diximus,
2352 1437 2411 1482 ut
2438 1427 2715 1497 spirituale
2747 1437 3021 1482 certamen
3053 1428 3105 1482 in
3136 1444 3243 1497 quo
3272 1428 3333 1483 Β.
3377 1429 3625 1485 Christo-

2048 1519 2253 1589 phorus
2279 1519 2508 1588 insignis
2560 1519 2924 1588 triumphator
2950 1517 3164 1582 enituit,
3209 1517 3373 1572 etiam
3417 1533 3515 1588 per
3541 1533 3624 1573 sa-

2049 1626 2157 1666 crae
2184 1611 2426 1667 historiae
2474 1610 2788 1680 mysterium
2833 1610 3142 1663 doceamus.
3174 1607 3287 1662 Nec
3316 1609 3476 1664 debet
3522 1609 3622 1662 mi-

2051 1717 2170 1754 rqu
2198 1701 2372 1756 videri
2425 1703 2468 1756 si
2519 1715 2688 1756 sacrae
2723 1715 2915 1770 pugna:
2959 1683 3316 1754 describimus
3362 1700 3626 1764 ordinem,

2051 1793 2142 1861 qui
2191 1801 2472 1847 strenuum
2524 1791 2746 1846 laudare
2791 1791 3038 1860 cupimus
3083 1801 3460 1860 pugnatorem.
3511 1791 3628 1861 Ipse

371 1880 565 1934 mirum
587 1878 764 1949 gladio
797 1875 1042 1947 spiritus,
1069 1875 1211 1944 quod
1235 1882 1318 1929 est
1343 1873 1566 1928 verbum
1597 1872 1690 1927 Dei
1722 1871 1938 1942 (Ephes.

2052 1882 2320 1948 nimirum,
2353 1892 2607 1951 tanquam
2651 1896 2811 1935 verus
2863 1890 2918 1934 et
2954 1880 3110 1935 fortis
3143 1880 3409 1943 Israelita,
3457 1880 3627 1953 ΑΒΜ-

367 1973 548 2042 v1),et
597 1969 843 2025 diabolus
895 1969 1125 2032 corruit,
1156 1974 1213 2022 et
1267 1963 1543 2034 subjectus
1584 1963 1685 2017 sibi
1715 1962 1943 2032 populus

368 2066 440 2118 ab
468 2061 803 2117 inﬁdelitatis
850 2074 964 2114 sua:
1013 2058 1124 2112 vita
1151 2056 1369 2113 defecit.
1401 2053 1537 2110 Cum
1567 2055 1750 2124 itaque
1796 2053 1944 2108 Scri-

369 2162 529 2223 ptura
577 2150 1026 2222 perhibeatun
1052 2148 1126 2203 illi
1167 2149 1219 2202 in
1245 2162 1340 2202 ore
1370 2146 1532 2217 gladii
1581 2155 1942 2217 suntperem-

369 2243 493 2314 pti;
531 2243 597 2296 de
649 2241 769 2296 istis
817 2255 927 2294 non
963 2239 1258 2309 incongrue
1304 2237 1412 2291 dici
1465 2245 1644 2306 potest
1687 2235 1943 2305 quoniam

373 2329 644 2385 interfecti
675 2335 800 2383 sunt
829 2327 1009 2398 gladio
1047 2325 1180 2381 oris.
1221 2325 1288 2379 Et
1325 2339 1446 2379 cum
1474 2324 1732 2380 Dominus
1751 2321 1897 2376 dicat
1928 2339 1942 2375 :

380 2438 399 2470 ι
430 2418 564 2486 Quia
603 2418 854 2487 princeps
882 2415 1064 2470 mundi
1099 2413 1345 2483 ejicietur
1370 2413 1515 2468 foras
1561 2412 1743 2483 (Joan.
1765 2411 1884 2481 xu),
1923 2429 1941 2462 ι

377 2524 500 2564 mox
528 2515 588 2561 ut
612 2507 755 2561 Seon
782 2505 1015 2575 ejicitur,
1046 2504 1191 2559 illico
1232 2517 1329 2572 per
1355 2516 1569 2557 omnem
1611 2501 1797 2556 mundi
1827 2500 1948 2554 lati-

375 2597 616 2652 tudinem
663 2593 847 2658 Israel,
884 2593 936 2648 id
969 2605 1072 2657 est,
1103 2601 1287 2646 sancta
1328 2590 1567 2645 Ecclesia
1597 2597 1942 2659 propagatur.

379 2687 502 2742 Mox
527 2685 670 2741 enim
725 2693 784 2737 ut
814 2698 934 2739 cum
967 2683 1211 2753 principe
1240 2695 1339 2735 suo
1367 2679 1653 2734 inﬁdelitas
1680 2677 1950 2733 exstincta

378 2775 680 2839 collabitur,
711 2772 845 2828 ﬁdes
875 2771 1254 2841 triumphantis
1283 2769 1538 2824 Ecclesiae
1563 2767 1841 2822 dilatatur.
1883 2767 1952 2821 Et

380 2867 474 2937 qui
523 2865 736 2919 fuerant
779 2871 1005 2917 eatenus
1033 2860 1268 2932 exsules,
1318 2859 1453 2913 ﬁunt
1497 2867 1619 2928 post
1663 2857 1949 2912 victoriam

384 2967 741 3026 possessores.
794 2949 948 3006 Unde
998 2959 1054 3005 et
1105 2950 1278 3004 eidem
1323 2948 1580 3004 Ecclesize
1624 2961 1722 3018 per
1756 2947 1951 3004 Isaiam

384 3043 624 3098 dicitur:
657 3060 674 3092 ι
707 3039 940 3110 Populus
966 3048 1144 3094 autem
1172 3048 1316 3104 tuus,
1343 3053 1533 3093 omnes
1556 3037 1712 3106 justi,
1746 3037 1800 3091 in
1829 3051 1952 3106 per-
2015 3043 2020 3050 '

383 3142 606 3204 petuum
649 3129 1045 3185 haereditabunt
1068 3137 1267 3183 terram
1298 3127 1432 3200 (Isa.
1467 3143 1534 3181 ιι
1558 3121 1613 3197 ').
1667 3145 1686 3179 ι
1725 3126 1802 3182 De
1843 3139 1950 3195 quo

2044 1981 2194 2039 ptum
2225 1985 2290 2026 ac
2338 1972 2529 2026 ferrem
2559 1971 2835 2026 servitutis
2857 1969 2982 2038 jura
3023 1971 3345 2040 contempsit
3375 1987 3390 2036 ;
3426 1980 3480 2025 et
3525 1985 3622 2039 per

2045 2058 2206 2121 bella,
2238 2075 2339 2130 per
2378 2059 2551 2128 ignes,
2595 2074 2699 2128 per
2752 2058 2984 2124 ferrum,
3021 2069 3245 2129 sagittas
3295 2069 3352 2114 et
3394 2060 3619 2130 gladios,

2048 2159 2251 2205 terram
2283 2150 2719 2220 repromissionis
2771 2149 3016 2204 intravit.
3069 2149 3174 2216 Qui
3224 2150 3477 2205 nimirum
3507 2160 3624 2205 tan-

2047 2255 2209 2309 quam
2248 2255 2370 2294 rosa
2396 2253 2665 2310 purpurea
2710 2239 2778 2295 de
2809 2238 3242 2294 Chananaacrum
3283 2240 3452 2309 spinis
3476 2240 3624 2295 cillo-

2049 2330 2180 2394 ruit,
2204 2337 2260 2384 et
2297 2330 2450 2400 quasi
2479 2331 2547 2384 de
2571 2329 2912 2385 silvestribus
2946 2329 3196 2385 oleastris
3243 2331 3458 2402 pinguis
3488 2331 3628 2386 oliva

2051 2418 2210 2488 172
2237 2421 2523 2488 processit,
2555 2419 2879 2475 Christianae
2931 2419 3137 2495 militiae
3183 2421 3495 2476 tirocinium
3540 2437 3624 2490 pe-

2051 2509 2153 2573 tiit,
2185 2525 2249 2564 ac
2273 2525 2423 2564 novze
2461 2510 2585 2564 ﬁdei
2621 2510 2926 2565 rudimenta
2957 2512 3278 2580 suscipiens,
3323 2512 3377 2566 in
3417 2513 3625 2568 medios

2049 2600 2403 2654 certaminum
2453 2609 2616 2656 aestus
2664 2599 2902 2659 fervidus
2963 2615 3025 2656 se
3061 2602 3291 2657 bellator
3337 2603 3626 2657 immersit.

2048 2689 2220 2757 Quem
2249 2699 2509 2760 tyrannus
2536 2699 2596 2745 ut
2625 2692 2977 2762 pmcinctum
3005 2693 3100 2748 Dei
3145 2693 3368 2748 militem
3395 2709 3629 2764 conspe-

2049 2780 2148 2846 xit,
2180 2779 2479 2847 infremuit,
2513 2795 2746 2850 eumque
2768 2783 2994 2838 diversrs
3018 2782 3248 2838 telorum
3272 2783 3467 2851 modis,
3495 2783 3630 2838 mul-

2053 2870 2122 2924 tis
2170 2869 2432 2925 beIlorum
2493 2871 2764 2927 machinis
2816 2886 3128 2944 oppugnare
3182 2874 3422 2929 tentavit.
3474 2873 3631 2929 Modo

2051 2960 2250 3032 quippe
2291 2960 2508 3018 molitur
2549 2976 2648 3032 per
2695 2961 3056 3018 Ienocmantia
3099 2965 3447 3019 meretricum
3473 2963 3629 3019 hian-

2050 3053 2290 3108 dimenta
2319 3051 2412 3107 Dei
2459 3053 2684 3108 militem
2714 3053 2956 3120 ﬂectere,
3010 3053 3171 3110 modo
3216 3055 3486 3109 minarum
3537 3055 3624 3110 in-

2053 3145 2354 3199 tonantium
2407 3145 2702 3214 asperitate
2746 3154 2972 3212 terrere,
3030 3147 3191 3202 modo
3218 3155 3373 3218 parat
3421 3148 3634 3219 sagittis

385 3202 580 3295 I’OP‘HO
629 3230 684 3275 ει
719 3219 1059 3290 Ροδιωοδυω
1113 3218 1284 3273 die":
1329 3234 1350 3269 ί
1395 3217 1464 3271 Ει
1510 3216 1850 3307 l‘abi‘ab‘m‘v
1897 3202 2022 3304 ειρ
2054 3237 2288 3300 insuere,
2333 3202 2492 3290 modd
2528 3234 2789 3291 ferventis
2815 3236 2920 3292 olei
2947 3202 3517 3307 ﬁuoribuscliquare.v
3524 3202 3631 3294 Sed

385 3315 710 3385 plantabunt
769 3312 992 3374 vineas,
1037 3318 1092 3364 et
1157 3309 1442 3363 comedent
1502 3305 1712 3361 fruetus
1767 3320 1951 3359 earum

390 3399 526 3468 (ιω.
545 3390 1095 3470 va).nAdbucetiam
1113 3391 1254 3454 idem
1283 3399 1563 3470 propheta,
1595 3399 1738 3468 quod
1767 3405 1953 3452 sancta

389 3495 548 3550 debet
575 3491 814 3546 Ecclesia
839 3505 936 3560 per
984 3488 1117 3543 ﬁnes
1142 3489 1382 3558 gentium
1412 3487 1647 3552 dilatari,
1673 3484 1955 3544 manifeste

391 3585 710 3641 denuntiat:
767 3599 784 3632 ι
816 3581 1014 3646 Dilata,
1063 3578 1258 3648 inquit,
1295 3577 1471 3633 locum
1518 3576 1734 3631 tentorii
1766 3575 1868 3643 tui,
1901 3585 1957 3630 et

391 3677 556 3750 pelles
585 3673 1050 3731 tabernaculorum
1083 3681 1293 3726 tuorum
1327 3670 1590 3735 extende;
1626 3682 1696 3723 ne
1725 3683 1952 3738 parcas;

391 3767 578 3836 longos
619 3763 705 3819 fac
742 3761 1006 3818 funiculos
1038 3771 1159 3816 tuos
1207 3768 1262 3815 et
1291 3758 1470 3814 clavos
1515 3767 1636 3814 tuos
1685 3757 1956 3813 consolida

391 3857 526 3928 (Isa.
562 3855 692 3926 LIV).
732 3873 752 3906 ι
785 3852 894 3908 Cur
926 3860 1105 3906 autem
1136 3851 1251 3906 haec
1285 3863 1446 3921 agere
1491 3847 1708 3914 debeat,
1759 3849 1956 3918 aperit,

393 3960 516 4000 cum
542 3941 816 4012 subiungit
848 3958 862 3994 :
901 3958 920 3993 ‹
950 3940 1032 3994 Ad
1079 3940 1359 3994 dexteram
1393 3937 1535 3992 enim
1564 3945 1620 3992 et
1667 3937 1737 3991 ad
1769 3936 1957 3991 laevam

390 4032 698 4104 penetrabis
725 4071 740 4097 ,
791 4039 847 4086 et
908 4043 1092 4086 semen
1165 4037 1314 4083 tuum
1372 4036 1558 4098 gentes
1622 4027 1998 4082 haamditabit.

393 4127 645 4196 (Ibid.).i
677 4123 866 4180 Omnis
909 4137 1038 4193 ergo
1089 4130 1235 4176 terra
1277 4119 1418 4177 Seon
1471 4118 1667 4175 cecidit
1711 4119 1763 4172 in
1789 4119 1958 4173 haere-

393 4219 614 4274 ditatem
657 4213 820 4270 Israel
868 4229 883 4280 ;
918 4213 1070 4282 quia,
1115 4211 1240 4266 dum
1294 4209 1540 4280 princeps
1581 4206 1770 4262 mundi
1801 4206 1962 4276 hujus

393 4308 572 4378 gladio
627 4305 793 4361 divini
853 4301 1002 4358 verbi
1066 4298 1348 4356 confossus
1406 4297 1680 4370 egreditur
1709 4337 1726 4364 ,
1775 4307 1961 4352 sancta

395 4394 715 4450 universalis
745 4392 986 4448 Ecclesia
1036 4405 1136 4462 per
1177 4387 1421 4459 ejusdem
1463 4388 1650 4444 mundi
1699 4388 1962 4444 terminos

397 4487 669 4543 dilatatur.

465 4578 577 4633 Nec
603 4577 1032 4647 pretereundum
1061 4572 1318 4628 arbitror
1346 4585 1467 4628 esse
1527 4570 1669 4640 quod
1717 4569 1958 4626 dicitur:

396 4669 534 4737 Quia
561 4679 807 4736 possessa
830 4673 915 4719 est
935 4673 1078 4718 terra
1111 4661 1228 4732 ejus
1252 4661 1320 4717 ab
1345 4662 1527 4717 Arnon
1549 4675 1718 4729 usque
1744 4660 1963 4716 Labocb

396 4755 627 4834 [Jeboc].
651 4757 833 4810 Arnon
866 4755 1065 4824 itaque,
1115 4769 1233 4824 qua:
1263 4762 1346 4810 est
1373 4752 1585 4807 initium
1613 4751 1764 4822 regni
1796 4750 1962 4817 Seon,

399 4855 786 4919 interpretatur
843 4845 1230 4901 maledictwnes
1292 4861 1493 4900 eorum.
1570 4842 1759 4899 Omnis
1820 4843 1964 4898 enim

402 4939 653 5003 mundus,
703 4938 794 5009 qui
821 4946 946 4993 ante
989 4937 1287 4993 Salvatoris
1311 4936 1598 4992 adventum
1627 4935 1726 4990 sub
1767 4933 1964 4990 diaboli

399 5030 744 5101 premebatur
794 5027 1040 5098 imperio,
1098 5027 1492 5082 maledictionis
1526 5026 1761 5081 habebat
1800 5026 1965 5096 origi-

403 5138 549 5189 nem,
598 5123 724 5191 quia
769 5121 1164 5177 benedictionis
1211 5118 1494 5188 ignorabat
1527 5127 1849 5184 auctorem;
1900 5120 1967 5174 de

401 5230 512 5285 quo
548 5216 803 5269 nimirum
841 5227 936 5284 per
992 5210 1316 5278 Prophetam
1371 5210 1613 5265 dicitur:
1671 5228 1690 5261 ι
1739 5207 1969 5264 Benedi-

405 5310 640 5364 ctionem
690 5305 861 5370 dabit,
895 5303 987 5372 qui
1024 5301 1196 5369 legem
1252 5298 1401 5354 dedit
1446 5295 1619 5367 (I’sal.
1663 5299 1913 5368 Lxxxm).
1945 5316 1965 5348 ι

405 5399 562 5456 Unde
581 5407 637 5452 et
660 5395 948 5466 Apostolus
988 5394 1100 5448 ait:
1148 5409 1165 5444 ι
1209 5389 1526 5459 Quicunque
1557 5390 1701 5444 enim
1748 5401 1815 5442 ex
1844 5405 1972 5459 ope-

405 5485 556 5540 ribus
589 5483 723 5552 legis
752 5489 894 5545 sunt,
927 5481 1026 5536 sub
1067 5479 1352 5534 maledicto
1383 5485 1527 5531 sunt.
1551 5495 1570 5528 ι
1600 5474 1682 5530 An
1709 5492 1815 5532 non
1853 5493 1968 5531 ma-

401 5576 709 5632 ledictionis
741 5573 1071 5629 habebamus
1123 5573 1357 5638 initium,
1397 5573 1464 5628 de
1498 5573 1692 5640 quibus
1739 5573 1965 5627 dicitur:

412 5683 432 5718 ι
462 5665 711 5730 Eramus,
750 5664 945 5736 inquit,
985 5673 1175 5719 natura
1227 5664 1319 5718 ﬁlii
1349 5664 1463 5727 iraa,
1491 5663 1632 5718 sicut
1677 5671 1733 5717 et
1764 5664 1964 5718 caeteri.

409 5755 770 5830 (ΕρΙιεε.ιι,)›
823 5755 970 5810 Finis
1015 5764 1192 5810 autem
1225 5755 1376 5826 regni
1421 5754 1562 5810 illius
1595 5761 1680 5809 est
1726 5751 1964 5820 Laboch,

2053 3324 2444 3379 invictissimus
2487 3323 2691 3380 Christi
2745 3325 2898 3380 miles
2951 3335 3006 3380 et
3052 3327 3447 3396 imperterritus
3493 3342 3632 3396 prae-

2049 3411 2232 3478 liator,
2285 3427 2384 3467 nec
2429 3427 2528 3482 per
2579 3412 2946 3467 blandimenta
2998 3415 3203 3480 seduci,
3246 3430 3348 3469 nec
3397 3431 3494 3485 per
3537 3431 3628 3470 ex-

2051 3508 2252 3578 quisita
2294 3521 2583 3576 poenarum
2623 3506 2885 3577 supplicia
2927 3506 3124 3579 frangi,
3173 3523 3273 3564 nec
3321 3523 3419 3578 per
3449 3509 3629 3563 furen-

2053 3606 2164 3651 tem
2221 3596 2540 3652 carniﬁcum
2589 3597 2795 3652 rabiem
2842 3611 2872 3651 a
2921 3607 3115 3653 sancto
3165 3597 3306 3654 valet
3351 3598 3628 3670 preposito

2053 3686 2314 3743 revocari.

2125 3778 2345 3834 Diversa
2377 3787 2768 3835 tormentorum
2799 3794 2994 3851 genera
3016 3779 3162 3834 circa
3183 3778 3384 3838 Christi
3404 3778 3631 3834 militem

2059 3875 2322 3938 tyrannus
2351 3877 2662 3938 exaggerat,
2691 3869 2785 3923 sed
2808 3868 3023 3922 invictae
3047 3867 3174 3922 ﬁdei
3220 3867 3629 3923 fundamentum

2058 3957 2332 4012 immobile
2377 3966 2712 4028 perseverat.
2765 3958 3014 4014 Flumina
3067 3956 3357 4013 tumefacta
3402 3958 3632 4013 circum-

2058 4055 2322 4116 strepunt,
2368 4047 2605 4115 spumosi
2655 4045 3014 4116 procellarum
3074 4047 3276 4101 cumuli
3327 4047 3634 4118 praecipites

2059 4135 2290 4200 irruunt,
2321 4133 2557 4204 undique
2601 4135 2746 4190 venti
2791 4134 3034 4191 furentes
3063 4136 3386 4206 impingunt,
3415 4136 3508 4192 sed
3540 4151 3636 4192 ex-

2059 4224 2203 4280 celsa
2231 4223 2423 4280 domus
2444 4223 2670 4289 fabrica,
2694 4239 2815 4295 qum
2852 4223 2919 4278 de
2961 4223 3130 4279 ﬁrmae
3173 4234 3340 4294 petrae
3361 4224 3636 4280 soliditate

2059 4314 2356 4384 consurgit,
2405 4314 2473 4368 ad
2520 4313 2784 4368 violentiae
2831 4311 3115 4380 cujuslibet
3153 4313 3412 4384 impetum
3440 4320 3636 4368 nutare

2063 4419 2169 4460 non
2196 4407 2363 4460 novit.
2393 4404 2554 4460 Stetit
2601 4405 2849 4461 columna
2898 4404 2994 4460 Dei
3045 4405 3186 4460 inter
3228 4414 3634 4474 persecuturum

1988 4496 2305 4596 1)undique
2358 4498 2694 4552 sazvientium
2737 4497 2982 4552 turbines
3027 4497 3348 4562 immobilis,
3404 4497 3640 4566 perstitit

2067 4583 2209 4642 inter
2235 4587 2555 4656 grandinum
2602 4587 2913 4642 immaniter
2959 4587 3320 4657 ingruentium
3350 4594 3638 4656 tempesta~

2066 4686 2169 4732 tes.
2199 4675 2351 4731 Miles
2381 4678 2526 4730 enim
2572 4674 2775 4731 Christi
2819 4677 2960 4731 inter
3003 4675 3224 4730 hostiles
3273 4674 3418 4728 acies
3443 4674 3636 4742 depre-

2066 4770 2289 4832 hensus,
2316 4782 2422 4822 non
2444 4767 2604 4822 modo
2631 4767 2773 4822 ﬂecti
2799 4766 3054 4822 caadendo
3085 4780 3190 4819 non
3228 4763 3422 4832 potuit,
3467 4762 3560 4817 sed
3581 4771 3640 4818 et

2068 4869 2269 4916 sancta
2321 4857 2728 4928 praedicationis
2761 4857 2942 4927 jacula
2985 4854 3227 4908 valenter
3253 4852 3512 4917 intorsit;
3559 4861 3635 4918 et,

2069 4950 2210 5004 sicut
2231 4946 2459 5002 bellator
2480 4947 2796 5015 instructus,
2821 4946 2875 5000 in
2903 4943 3149 5014 proprios
3179 4956 3310 4998 usus
3330 4941 3504 4998 aliena
3532 4941 3638 4997 tela

2070 5037 2354 5093 convertit.
2409 5033 2733 5092 Persecutor
2780 5035 2924 5090 enim
2973 5031 3243 5087 saeviendo
3286 5032 3530 5097 servivit,
3561 5041 3636 5097 et,

2071 5127 2198 5182 dum
2239 5141 2432 5204 nocere
2460 5127 2644 5191 voluit,
2687 5124 2933 5179 nesciens
2971 5123 3334 5187 ministravit;
3366 5123 3492 5192 quia
3529 5136 3638 5192 quo

2073 5220 2246 5289 magis
2270 5234 2390 5273 eum
2429 5217 2629 5286 reperit
2655 5215 2736 5270 sui
2789 5213 2988 5268 furoris
3039 5213 3300 5269 insaniam
3334 5213 3641 5282 aequanimi-

2077 5317 2159 5362 ter
2194 5309 2505 5376 patientem,
2533 5319 2598 5359 eo
2627 5303 2772 5358 velut
2798 5302 2917 5356 auri
2945 5302 3152 5358 decocti
3197 5302 3428 5373 speciem
3464 5300 3645 5358 reddi:

2077 5399 2156 5452 dit
2181 5398 2484 5453 clariorem.

2147 5488 2317 5557 IIujus
2357 5487 2560 5554 itaque,
2613 5485 2810 5540 fratres
2858 5485 2989 5552 mei,
3042 5494 3150 5539 tam
3201 5482 3401 5552 egregii
3433 5479 3646 5552 praelia-

2076 5580 2208 5634 toris
2239 5579 2512 5633 imitemur
2533 5577 2870 5646 exemplum,
2904 5577 3056 5631 istius
3089 5574 3338 5639 formam,
3380 5573 3536 5627 istius
3564 5579 3646 5626 te-

2072 5681 2298 5720 neamus
2343 5666 2396 5720 in
2436 5673 2623 5720 nostra
2673 5667 2969 5742 tentatione
3007 5663 3330 5720 custodiam.
3369 5661 3646 5716 Adversus

2071 5757 2216 5812 hunc
2255 5765 2517 5828 tyrannus
2561 5745 2747 5812 omnia
2791 5755 2902 5812 fere
2932 5756 3197 5812 elementa
3237 5754 3547 5822 commovit,
3591 5762 3645 5807 et
