4184 6438
468 236 572 295 689

1848 238 2079 294 ssnuo
2120 239 2355 313 xxxiv.

3541 211 3545 215 ’
3616 244 3719 300 occ

538 348 889 423 Dormiebant
916 348 1096 417 itaque
1123 358 1323 404 sancta:
1352 349 1470 405 ista:
1494 351 1731 421 Virgines
1764 367 1793 405 a
1820 353 2047 422 negetiis
2077 355 2122 431 Α
2153 353 2426 408 szecularis
2453 353 2650 424 negotii
2698 354 3142 423 occupationibus
3189 354 3508 425 implicetur.
3540 374 3558 408 ‹
3591 354 3722 412 Lavi

466 451 524 496 et
569 439 1013 510 concupiscentia
1038 437 1241 503 szeculi,
1272 439 1371 495 sed
1414 449 1630 511 apertos
1678 450 1840 511 atque
1872 441 2050 511 pervi-

468 531 602 602 giles
627 530 884 585 tenebant
920 528 1107 603 oculos
1141 529 1194 583 in
1232 539 1366 584 testu
1393 531 1596 585 amoris
1639 532 1755 586 Dei.
1786 530 1890 585 Sed
1922 531 2048 602 quia

468 637 576 677 non
613 631 698 678 est
722 622 828 675 hoc
859 632 1069 691 tempus
1120 620 1540 691 pleuaz'quietis,
1580 624 1677 678 sed
1725 623 1927 678 laboris
1955 640 2051 694 po—

470 712 577 767 tius
605 720 767 780 atque
801 710 1137 775 certaminis,
1170 719 1393 781 repente
1427 711 1657 766 dilectus
1692 712 1890 766 ostium
1927 712 2047 781 pul-

470 813 577 867 sat,
624 817 826 873 easque
876 803 942 857 ad
996 804 1328 872 procinctum
1394 806 1708 861 conserendi
1769 806 1891 861 belli
1937 806 2051 861 suis

469 893 939 950 exhortationibus
986 894 1227 963 excitat:
1259 912 1277 944 ς
1312 893 1448 959 Vox,
1505 895 1710 969 inquit,
1738 895 1917 950 dilecti
1946 897 2049 950 mei

469 983 736 1054 pulsantis
763 982 952 1052 (Ibid).
984 1001 1003 1035 ι
1052 981 1240 1063 Pulsat
1270 983 1518 1049 dilectus,
1563 999 1683 1039 cum
1712 985 1898 1059 ﬁdeles
1926 1001 2052 1041 suos

471 1082 728 1144 provocat
770 1071 1020 1129 Christus
1052 1081 1147 1128 aut
1178 1074 1244 1128 ad
1272 1089 1494 1128 suarum
1524 1075 1856 1130 incrementa
1878 1077 2050 1131 virtu-

474 1154 609 1228 tum,
645 1170 738 1217 aut
783 1170 932 1218 certe
960 1162 1025 1217 ad
1080 1161 1365 1218 lucrandas
1396 1165 1607 1219 animas
1657 1167 2050 1235 proximorum.

469 1252 634 1323 Aperi
661 1251 819 1322 mibi,
844 1266 997 1323 soror
1013 1265 1152 1307 mea.
1179 1250 1349 1306 Soror
1376 1253 1580 1322 utique,
1620 1255 1745 1323 quia
1768 1255 1918 1324 regni
1948 1254 2053 1309 mei

472 1341 604 1396 mihi
629 1341 868 1397 cohaeres
896 1339 1108 1406 effecta,
1128 1348 1181 1395 et
1204 1341 1257 1394 in
1290 1328 1743 1399 necessitudinem
1781 1344 1917 1398 mibi
1946 1343 2055 1398 fra—

474 1441 642 1492 ternae
668 1429 973 1507 adoptionis
1003 1430 1235 1486 adscita.
1272 1431 1461 1486 Amica
1497 1447 1638 1495 mea,
1664 1434 1793 1502 quia
1833 1434 1901 1488 de
1924 1433 2055 1505 iugo

472 1521 750 1577 servitutis
785 1529 997 1589 erepta,
1033 1521 1333 1593 cognovisti
1385 1536 1517 1576 meae
1548 1522 1796 1578 veritatis
1833 1538 2051 1579 arcana.

472 1607 732 1665 Columba
777 1621 919 1672 mea,
963 1608 1089 1676 quia
1148 1608 1288 1663 fellis
1338 1610 1701 1666 amaritudine
1754 1625 1945 1678 vacua,
2000 1621 2056 1667 et

2149 443 2312 513 pedes
2341 458 2509 508 mcos,
2533 444 2804 512 quomodo
2843 445 3138 514 inquinabo
3183 445 3340 501 illos?
3374 443 3551 515 (Cant.
3593 446 3670 514 v).
3703 465 3721 496 ι

2148 531 2200 585 id
2233 541 2337 600 est,
2358 548 2577 602 gressus
2611 533 2715 587 mei
2740 531 2921 602 operis
2944 533 3013 587 ab
3040 534 3355 602 aspersione
3385 534 3585 588 terreni
3612 533 3727 603 pul-

2145 625 2289 677 veris
2347 624 2520 694 dignis
2568 624 2896 694 pmnitentiaa
2941 623 3154 679 fletibus
3191 623 3356 690 ablui,
3414 637 3526 693 quo
3569 632 3730 695 pacto

2142 714 2253 783 jam
2285 722 2495 783 potero,
2533 714 2655 780 nisi,
2688 714 2884 789 quibus
2919 722 3133 768 assueta
3162 729 3305 780 sum,
3334 712 3577 770 coelestia
3613 728 3729 771 me-

2148 806 2343 862 ditari?
2368 805 2725 877 Veruntamen
2756 806 2928 861 beatae
2954 805 3188 875 virgines
3215 804 3353 871 istae,
3377 804 3536 860 Flora
3569 804 3723 860 vide-

2148 896 2340 953 licetet
2363 895 2588 963 Lucilla,
2617 905 2943 969 postponuut
2965 895 3434 967 contemplationis
3457 896 3724 965 requiem,

2142 1002 2273 1044 cum
2308 1004 2412 1056 qua
2438 988 2491 1042 in
2527 987 2649 1042 aula
2704 988 2855 1058 regni
2888 997 3143 1056 tanquam
3186 989 3241 1042 in
3287 1003 3472 1044 eremo
3502 998 3731 1045 eatenus

2092 1124 2106 1136 .
2138 1077 2428 1144 vixerant;
2478 1086 2555 1143 et,
2587 1077 2654 1131 ad
2695 1077 2996 1132 Salvatoris
3020 1078 3304 1147 imperium
3353 1078 3731 1148 procedentes,

2151 1167 2351 1236 quietis
2379 1168 2593 1223 amissae
2639 1168 2893 1223 damnum
2949 1168 3210 1223 subeundi
3260 1168 3508 1239 martyrii
3561 1167 3734 1238 gloria

2154 1264 2591 1328 recompensant.
2618 1256 2719 1323 Qui
2742 1256 2885 1312 enim
2911 1258 2990 1312 eis
3016 1258 3179 1312 verba
3208 1258 3509 1316 forinsecus
3540 1260 3726 1322 dabat,

2155 1345 2271 1415 ipse
2319 1347 2485 1399 etiam
2529 1354 2741 1400 mentes
2771 1359 2958 1399 earum
2990 1348 3057 1399 ad
3093 1343 3361 1402 fervorem
3402 1346 3728 1404 obedientim

2154 1438 2482 1493 intrinsecus
2527 1435 2879 1492 accendebat.
2938 1434 3089 1491 Unde
3132 1447 3378 1507 utrmque
3402 1436 3735 1495 beatissima

2155 1528 2392 1598 virgines
2427 1527 2594 1582 veluti
2624 1526 2880 1596 uniloqua
2921 1526 3213 1596 perhibent
3252 1540 3411 1591 voce,
3449 1526 3734 1583 dicentes:

2161 1639 2180 1671 ε
2212 1612 2447 1673 Dilectus
2468 1631 2621 1673 meus
2649 1617 2794 1671 misit
2819 1631 3038 1670 manum
3067 1630 3222 1670 suam
3256 1632 3355 1687 per
3375 1615 3645 1681 foramen,
3684 1625 3742 1671 et

469 1706 696 1778 spiritus
724 1706 827 1762 mei
855 1705 945 1776 qui
983 1705 1037 1760 in
1065 1705 1317 1761 columba
1343 1706 1644 1773 descendit,
1676 1707 1820 1762 dono
1858 1708 2049 1762 ditata.
2085 1700 2127 1775 Β
2154 1718 2344 1766 venter
2373 1724 2527 1764 meus
2569 1709 2851 1763 intremuit
2878 1709 2944 1762 ad
2984 1718 3188 1764 tactum
3214 1706 3332 1777 ejus
3362 1708 3551 1781 (Ibid).
3589 1727 3609 1761 ι
3640 1707 3737 1763 Di-

474 1796 823 1852 lmmaculata
856 1811 996 1863 mea,
1048 1796 1176 1866 quia
1207 1794 1468 1853 effusione
1520 1798 1625 1851 mei
1681 1797 1958 1868 sanguinis
1988 1799 2055 1851 ab

475 1887 621 1944 omni
669 1894 1016 1956 peccatorum
1065 1892 1280 1941 tuorum
1332 1885 1453 1942 labe
1505 1896 1733 1958 purgata
1779 1901 1860 1943 es.
1892 1888 2056 1957 Aperi

476 1976 660 2046 itaque
682 1974 837 2041 mihi,
881 1975 984 2051 hoc
1031 1982 1134 2042 est,
1168 1975 1235 2030 de
1264 1976 1446 2043 quiete
1476 1984 1531 2030 et
1561 1977 1673 2031 otio
1722 1977 1930 2031 dilectae
1962 1977 2055 2031 tibi

478 2066 954 2141 contemplationis
993 2066 1275 2136 egredere,
1309 2076 1363 2120 et
1390 2068 1457 2122 ad
1490 2067 1883 2136 pcrliibendum
1913 2067 2059 2121 veri-

481 2162 576 2217 tati
618 2176 750 2233 meae
779 2160 1150 2216 testimonium
1178 2160 1577 2216 ferventissime
1616 2169 1671 2215 te
1719 2170 1773 2215 et
1801 2169 2057 2215 constan-

480 2262 566 2308 ter
592 2252 842 2322 impende
869 2265 885 2305 :
917 2269 936 2303 ι
966 2250 1104 2318 Quia
1142 2259 1305 2325 caput
1334 2265 1513 2325 meum
1548 2249 1764 2319 plenum
1800 2255 1886 2305 est
1911 2263 2060 2314 rore,

481 2348 534 2409 et
566 2334 805 2411 cincinni
838 2338 955 2393 mei
973 2340 1135 2411 guttis
1165 2324 1458 2395 noctium.»
1482 2338 1653 2407 Caput
1678 2339 1881 2393 Cbristi
1908 2339 2052 2396 Deus

481 2438 596 2497 est,
633 2439 693 2499 ut
721 2432 860 2501 dicit
886 2434 1173 2505 Apostolus
1205 2432 1275 2502 (Ι
1302 2432 1424 2489 Cor.
1463 2434 1577 2501 χι).
1631 2433 1885 2487 Ciuciuui
1923 2448 2053 2487 vero

483 2520 688 2593 intimae
716 2530 1033 2595 sanctorum
1077 2520 1431 2591 cogitationes
1462 2527 1609 2585 sunt,
1652 2533 1771 2589 qua:
1798 2533 1903 2573 non
1927 2518 2065 2573 laxae

483 2612 652 2668 fluunt
679 2619 735 2668 et
764 2613 1056 2680 dissolutae,
1105 2612 1205 2668 sed
1242 2612 1451 2667 timoris
1479 2602 1533 2667 et
1571 2602 1774 2668 amoris
1815 2612 1911 2666 Dei
1937 2620 2064 2667 sunt

464 2704 698 2761 "vinculo
748 2704 1029 2776 colligatis.
1079 2703 1399 2770 Enimvero,
1458 2703 1586 2773 quid
1636 2717 1734 2773 per
1781 2717 1960 2758 rorem
2007 2711 2064 2758 et

482 2809 664 2871 guttas
694 2799 954 2870 noctium,
988 2797 1091 2852 nisi
1122 2797 1435 2853 tenebrosus
1475 2804 1531 2851 et
1556 2795 1784 2864 frigidas
1810 2808 2063 2867 quorum-

483 2878 608 2946 dam
639 2889 992 2960 reproborum
1016 2897 1226 2963 mentes
1259 2884 1592 2965 accipimus?

551 2972 726 3051 Caput
752 2993 881 3055 ergo
915 2978 1098 3049 sponsi
1140 2978 1193 3032 in
1253 2978 1495 3048 reprobis
1523 2976 1737 3046 plenmn
1783 2985 1869 3031 est
1918 2990 2061 3042 rore,

488 3035 651 3144 175‘
673 3085 793 3126 cum
815 3035 1114 3125 saeculares
1146 3035 1344 3149 quippe
1383 3082 1414 3120 a
1462 3035 1554 3121 1)έί
1586 3067 1850 3122 cbaritate
1879 3035 2060 3137 turpe;
2089 3035 2137 3101 C

484 3172 660 3236 scunt,
692 3170 746 3217 et
765 3176 862 3235 per
886 3159 1217 3237 voluptatum
1250 3174 1468 3214 suarum
1493 3158 1771 3215 lasciviam
1802 3157 2061 3215 deﬂuunt.

458 3232 643 3307 ’Juxta
669 3250 723 3305 id
747 3232 887 3320 quoii
913 3232 1170 3327 Dominus
1192 3246 1325 3302 dicit
1356 3264 1369 3300 :
1399 3265 1418 3299 t
1448 3246 1761 3304 Abundabit
1783 3249 2063 3319 iniquitas,

486 3350 539 3395 et
588 3338 907 3407 refrigescet
958 3336 1197 3392 charitas
1240 3335 1534 3392 multorum
1572 3336 1798 3407 (Matth.
1832 3338 2013 3409 xxiv).
2040 3356 2061 3389 ι

487 3427 804 3507 llujusmodi
844 3426 1002 3497 plane
1025 3440 1149 3481 cum
1182 3434 1407 3481 sanctos
1439 3425 1543 3481 Dei
1582 3436 2067 3507 persequunturpt

484 3503 697 3595 odiunt,
733 3506 786 3572 in
835 3517 1050 3572 illorum
1096 3515 1353 3572 cordibus
1406 3517 1567 3586 quasi
1600 3512 1838 3589 cincinni
1881 3503 2063 3588 sponsi

486 3608 652 3679 guttis
682 3607 921 3663 noctium
968 3605 1113 3678 pleni
1143 3613 1290 3663 sunt.
1340 3606 1584 3677 Cumque
1629 3602 1766 3664 tdles
1810 3606 2066 3680 multipli-

480 3704 681 3752 cantur
733 3707 789 3753 et
841 3697 1142 3753 Ecclesium
1200 3696 1672 3767 persecutionibus
1724 3709 2062 3772 aggravant,

491 3798 619 3845 tunc
639 3802 868 3859 sponsus
907 3803 1160 3861 sponsam
1191 3790 1515 3845 exhortatur
1552 3798 1613 3845 ut
1642 3799 1830 3862 surgat
1863 3799 1921 3847 et
1946 3780 2062 3847 stu;

491 3878 582 3935 dio
628 3878 1029 3965 praedicationis
1074 3879 1317 3935 valenter
1352 3879 1586 3936 insistat.
1632 3880 1769 3938 Hine
1809 3889 1891 3938 εει
1921 3883 2066 3952 quod

488 3967 646 4024 Plora
697 3977 756 4025 et
803 3968 1011 4025 Luciila
1064 3970 1391 4026 beatissimus
1432 3971 1673 4042 virgines
1705 3987 1801 4041 per
1850 3981 2064 4027 noctem

491 4058 745 4115 divinitus
772 4060 1130 4115 admonentur
1158 4070 1215 4114 ut
1243 4059 1472 4115 Romam
1517 4062 1757 4127 redeant,
1809 4071 1974 4131 atque
1997 4063 2066 4119 ad

492 4151 740 4223 martyrii
770 4160 1071 4206 certamen
1131 4151 1390 4209 accedere
1452 4151 1759 4213 nullatenus
1809 4154 2069 4223 pertime-

470 4247 666 4297 scant.
693 4239 797 4295 Ubi
826 4240 975 4296 enim
1003 4240 1139 4296 vidit
1163 4242 1506 4312 omnipotens
1543 4242 1686 4297 Deus
1730 4244 2063 4314 persecutio-

2158 1801 2328 1856 iectus
2356 1800 2515 1870 plane
2550 1814 2769 1854 manum
2801 1813 2897 1868 per
2925 1798 3171 1855 foramen
3202 1800 3384 1866 mittit,
3415 1807 3471 1855 et
3493 1807 3740 1854 ventrem

2161 1893 2351 1963 tangit,
2380 1908 2502 1946 eum
2524 1892 2734 1947 occulta
2765 1891 3026 1946 Conditor
3055 1891 3408 1961 inSpiratione
3437 1906 3535 1949 cor
3557 1891 3743 1947 visitat

2159 1991 2321 2052 atque
2368 1984 2435 2036 ad
2473 1997 2697 2053 agonem
2734 1982 3055 2037 certaminis
3086 1991 3144 2036 et
3185 1982 3357 2037 sancti
3405 1981 3610 2039 laboris
3658 1982 3742 2036 in-

2158 2073 2416 2128 iiammat.
2464 2072 2618 2139 Nam,
2651 2074 2792 2143 quod
2820 2083 3010 2127 venter
3039 2087 3135 2126 cor
3173 2071 3463 2143 signiticet,
3506 2073 3745 2129 ostendit

2161 2163 2421 2233 propheta
2474 2178 2596 2216 cum
2651 2161 2835 2218 dicit:
2895 2181 2914 2214 ι
2948 2160 3206 2218 Ventrem
3276 2178 3454 2220 meum
3509 2161 3684 2219 doleo.
3716 2183 3735 2215 ι

2160 2251 2312 2319 Quod
2352 2251 2593 2321 profecto
2642 2252 2770 2320 quid
2826 2260 2995 2317 esset,
3028 2253 3223 2322 ap‘erit,
3269 2266 3392 2306 cum
3435 2251 3741 2323 subiungit:

2166 2362 2185 2393 ι
2222 2342 2427 2400 Sensus
2461 2343 2643 2398 cordis
2667 2345 2771 2397 mei
2819 2343 3065 2414 dissipati
3095 2353 3227 2397 sunt
3250 2343 3386 2416 (λεν.
3419 2342 3517 2410 ιν).
3561 2363 3579 2396 ι
3615 2343 3747 2399 Bea-

2161 2443 2339 2488 tarum
2367 2447 2496 2504 ergo
2542 2434 2839 2504 virginum,
2894 2433 3069 2489 Flora:
3106 2434 3361 2489 videlicet
3405 2443 3460 2488 et
3504 2433 3743 2497 Lucilia»,

2162 2533 2351 2577 venter
2375 2517 2685 2588 intremuit,
2713 2538 2836 2578 cum
2867 2522 3101 2578 dilectus
3119 2536 3339 2576 manum
3364 2522 3512 2577 misit
3539 2530 3596 2579 et
3618 2523 3746 2579 teti-

2162 2613 2257 2683 git.
2291 2612 2425 2678 Quia
2467 2627 2589 2667 mox
2623 2621 2679 2666 et
2706 2627 2892 2666 earum
2940 2627 3037 2667 cor
3059 2612 3254 2667 divinae
3288 2611 3552 2682 iussionis
3591 2625 3748 2666 man-

2162 2703 2285 2757 data
2322 2702 2590 2771 concepit,
2627 2716 2687 2756 se
2721 2700 2942 2757 sibimet
2972 2702 3268 2770 abnegans,
3300 2698 3435 2756 nihil
3468 2716 3566 2756 suo
3595 2700 3748 2755 dein-

2163 2808 2289 2864 ceps
2312 2785 2538 2849 arbitrio
2565 2792 2880 2846 reservavit.
2924 2790 3097 2870 Unde.
3121 2801 3354 2861 utraque
3382 2791 3561 2849 adhuc
3592 2790 3748 2859 quasi

2163 2886 2508 2959 singulariter
2541 2885 2711 2941 dicit:
2783 2904 2799 2935 α
2830 2884 3077 2953 Surrexi,
3132 2894 3191 2939 ut
3237 2883 3508 2955 aperirem
3551 2882 3747 2939 dilecto

2167 2996 2288 3036 meo
2337 2978 2668 3051 (Cant.v).i
2722 2976 3097 3034 Surrexerunt
3132 2985 3337 3032 sanctze
3378 2975 3645 3048 virgines,
3689 2984 3748 3041 ut

2167 3068 2367 3124 dilecto
2396 3083 2522 3123 mox
2550 3068 2857 3139 aperirent;
2899 3068 3026 3137 quia
3054 3066 3459 3138 promptissimo
3492 3065 3749 3121 decreve-

2165 3171 2294 3218 runt
2352 3161 2535 3216 animo
2588 3167 2647 3215 ut
2718 3159 2998 3216 humiliter
3051 3159 3356 3215 obedirent.
3404 3158 3748 3229 Aparuerunt

2165 3265 2360 3322 nempe
2389 3249 2611 3316 dilecto,
2643 3265 2788 3316 cum,
2827 3242 3096 3305 cervicem
3131 3248 3311 3304 cordis
3339 3246 3408 3302 ad
3436 3245 3551 3315 ejus
3577 3242 3751 3316 impe-

2166 3342 2307 3396 rium
2355 3341 2706 3404 inclinantes,
2755 3338 3101 3393 calcaverunt
3145 3337 3445 3408 propriam,
3517 3336 3750 3407 totisque

2163 3430 2372 3486 viribus
2410 3429 2741 3485 voluntatem
2766 3426 3059 3498 implevere
3093 3426 3360 3483 divinam.

2240 3519 2401 3590 176
2436 3517 2550 3574 Sed
2572 3532 2675 3573 nos
2693 3516 2834 3573 forte
2857 3516 2983 3587 quis
3001 3522 3191 3588 arguat
3219 3530 3336 3581 cur,
3373 3514 3580 3571 relictis
3601 3514 3749 3572 Scri-

2162 3606 2445 3681 pturaru‘m
2485 3608 2797 3681 patentibus
2851 3608 3081 3679 eampis,
3135 3607 3202 3663 de
3240 3607 3356 3662 solo
3407 3608 3746 3663 canticorum

2164 3700 2362 3773 angulo
2420 3699 2616 3756 florum
2665 3699 3018 3763 odoramenta
3063 3698 3422 3768 decerpimus,
3471 3706 3533 3753 ut
3576 3698 3748 3755 sacris
3792 3713 3803 3722 ·

2162 3789 2463 3861 virginibus
2490 3798 2695 3845 sertum
2746 3787 2933 3859 gloria
2976 3787 3403 3858 cetupingamus.
3434 3786 3591 3854 Quod
3634 3787 3744 3841 uti-

2165 3896 2292 3951 que,
2327 3882 2522 3936 fratres
2549 3880 2678 3945 mei,
2708 3878 2901 3944 fateor,
2928 3894 2995 3935 ex
3026 3877 3292 3947 industria
3332 3877 3580 3944 facimus,
3615 3877 3744 3946 quia

2163 3971 2293 4026 nulli
2355 3970 2552 4031 melius
2599 3970 2929 4026 arbitramur
2994 3968 3264 4037 canticum
3321 3967 3561 4039 nuptiale
3610 3983 3744 4026 con-

2162 4079 2374 4136 gruere,
2409 4078 2577 4134 quam
2624 4062 2796 4118 sacris
2833 4061 2953 4116 istis
2993 4059 3312 4130 virginibus,
3354 4071 3475 4128 qua:
3510 4058 3748 4117 ctelestis

2165 4156 2353 4227 sponsi
2415 4153 2682 4211 thalamos
2728 4166 2825 4222 per
2871 4150 3135 4222 insignem
3177 4147 3421 4220 martyrii
3462 4149 3746 4207 vietoriam

2164 4244 2627 4309 conscendertmt;
2659 4241 2715 4296 in
2767 4239 2915 4295 illius
2962 4254 3105 4295 nunc
3158 4237 3344 4307 sponsi
3374 4237 3748 4307 complexibus

495 4330 580 4389 nis
605 4338 793 4386 aestum
816 4329 1114 4386 ferventius
1152 4331 1398 4395 ebullire,
1428 4331 1539 4387 illic
1563 4332 1801 4388 decrevit
1832 4347 1928 4402 per
1955 4333 2066 4390 fra-
2093 4383 2141 4404 η
2169 4334 2535 4404 requiescunt,
2589 4346 2688 4401 pro
2726 4331 2885 4401 cujus
2929 4344 3140 4395 amore,
3188 4328 3290 4385 sub
3336 4328 3473 4385 duro
3501 4328 3745 4386 laborum

430 4470 437 4479 .
495 4419 657 4490 giiem
688 4434 873 4476 sexum
898 4419 1179 4491 gloriosius
1210 4420 1557 4490 triumphare.

454 4526 487 4549 ε·
564 4510 671 4567 Sed
715 4519 776 4566 ut
801 4512 868 4567 ad
906 4511 1187 4568 Canticum
1225 4512 1459 4577 redeam,
1502 4520 1735 4582 utraque
1761 4513 1878 4567 haec
1905 4527 2065 4583 vene-

494 4601 683 4658 rabilis
708 4603 861 4673 virgo
893 4612 1147 4673 tanquam
1170 4602 1430 4673 singulari
1472 4603 1717 4661 unimodi
1735 4603 1846 4658 oris
1873 4603 2065 4672 depro-

495 4691 599 4747 mit
616 4691 869 4763 eloquio:
928 4711 948 4746 ι
1000 4692 1306 4763 Exspoliavi
1354 4710 1456 4759 me,
1488 4694 1684 4764 inquit,
1710 4694 1888 4750 tunica
1925 4709 2063 4759 mea,

494 4783 765 4851 quomodo
818 4783 1011 4838 induar
1059 4783 1288 4838 illam?»
1327 4782 1503 4855 (Cant.
1544 4785 1622 4855 ν.)
1674 4786 1747 4839 Ac
1801 4784 1844 4841 si
1883 4784 2061 4839 dicat:

495 4869 638 4927 Επεὶ
664 4886 751 4928 me
787 4872 936 4929 euris
982 4881 1040 4928 et
1064 4874 1510 4944 occupationibus
1535 4875 1737 4941 smculi,
1770 4883 1826 4931 et
1853 4875 1906 4930 in
1951 4874 2067 4931 solo

496 4978 586 5019 me
604 4973 709 5020 tua:
728 4964 1195 5034 contemplationis
1223 4979 1408 5021 amore
1437 4966 1759 5020 constrinxi.
1787 4965 2068 5032 Quomodo

496 5054 684 5125 itaque
716 5070 863 5111 nunc
911 5056 1272 5112 discursionis
1315 5056 1420 5112 iter
1461 5057 1758 5127 arripiam?
1788 5055 2067 5125 Quomodo

496 5138 755 5218 strepitus
796 5157 853 5205 et
890 5147 1160 5203 luctamen
1195 5147 1602 5218 obloquentium
1661 5148 1880 5204 feram?
1913 5150 2067 5215 Quod

497 5247 677 5295 autem
701 5255 801 5311 per
834 5239 1046 5296 tunicas
1072 5253 1234 5295 curas
1254 5238 1749 5309 sollicitudinesque
1775 5238 2065 5308 signiticet,

466 5331 736 5405 ostendit
779 5331 1059 5397 Dominus,
1109 5346 1232 5386 cum
1279 5329 1411 5385 dicit
1441 5347 1454 5383 :
1491 5347 1511 5380 ι
1547 5329 1650 5397 Qui
1684 5330 1739 5384 in
1787 5339 1931 5385 tecto
1961 5339 2065 5395 est,

459 5445 465 5453 ε
497 5437 605 5477 non
632 5422 926 5479 descendat
952 5411 1140 5478 tollere
1167 5421 1403 5477 tunicam
1424 5436 1577 5477 suam
1601 5420 1816 5491 (Matth.
1848 5422 2020 5492 xxxv).
2043 5442 2060 5472 ι

462 5526 469 5529 ·
499 5513 655 5580 Quod
679 5522 762 5569 est
790 5523 974 5585 aperte
1001 5514 1200 5579 dicere,
1232 5513 1323 5584 qui
1350 5512 1565 5569 sublimi
1596 5513 2067 5582 contemplationis

501 5621 627 5661 arce
668 5605 982 5673 subnititur,
1023 5621 1357 5677 nequaquam
1404 5606 1730 5670 descendat,
1780 5615 1835 5658 ut
1873 5607 2065 5660 iterum

2092 4383 2144 4444 D

2169 4441 2233 4480 ac
2259 4438 2633 4496 pressurarum
2663 4422 2903 4493 pondere
2930 4420 3292 4484 desudarunt;
3321 4418 3376 4473 in
3398 4416 3552 4490 cujus
3581 4418 3743 4472 nimi-

2171 4531 2291 4570 rum
2348 4512 2577 4583 nuptiali
2604 4511 2808 4567 ftedcre
2849 4527 2957 4566 non
2989 4510 3167 4567 locum
3197 4508 3477 4579 corruptio
3518 4508 3741 4577 reperit,

2168 4606 2265 4662 sed
2287 4603 2567 4674 virginalis
2591 4602 2880 4673 integritas
2901 4602 3096 4659 crevit.

2241 4695 2542 4764 Sequemur
2576 4694 2778 4764 itaque,
2817 4692 3174 4763 dilectissimi,
3206 4692 3602 4761 sacratissimas
3631 4690 3748 4745 vir-

2173 4785 2325 4857 gines
2373 4785 2428 4839 in
2479 4784 2566 4839 via
2610 4784 2858 4839 laborum
2912 4792 3075 4851 atque
3125 4780 3518 4845 certaminum;
3569 4789 3631 4836 ut
3667 4782 3746 4836 eis

2172 4875 2406 4931 extremi
2434 4875 2647 4943 saltem,
2679 4885 2732 4932 et
2756 4874 2930 4931 ultimi
2968 4872 3122 4942 jungi
3171 4886 3482 4926 mereamur
3512 4873 3564 4926 in
3588 4873 3747 4929 retri-

2174 4965 2485 5023 butiouibus
2512 4965 2850 5021 meritorum.
2881 4961 3088 5017 Pudeat
3129 4961 3276 5017 viros
3325 4961 3632 5018 carnalibus
3682 4961 3749 5016 il-

2175 5056 2402 5113 lecebris
2431 5057 2721 5119 deservire,
2750 5053 2843 5122 qui
2874 5050 3118 5121 fragilem
3151 5066 3343 5109 sexum
3363 5052 3607 5107 videmus
3647 5066 3744 5123 per

2173 5147 2386 5202 diversa
2437 5151 2722 5207 tormenta,
2772 5156 2869 5211 per
2920 5140 3149 5207 ferrum,
3194 5156 3291 5212 per
3328 5142 3535 5212 gladios
3583 5156 3742 5212 regna

2172 5237 2414 5293 coelestia
2468 5242 2778 5305 penetrare.
2840 5233 3140 5290 Erubescat
3168 5233 3254 5290 vir
3300 5235 3401 5289 sub
3461 5234 3743 5305 degeneris

2168 5330 2263 5384 otii
2295 5329 2484 5383 umbra
2510 5336 2836 5397 torpescere,
2867 5328 2960 5398 qui
2990 5328 3194 5398 puellas
3220 5329 3403 5395 videat
3429 5330 3529 5385 sub
3559 5343 3741 5398 perse-

2167 5420 2399 5475 cutionis
2447 5428 2578 5473 testu
2631 5420 2687 5473 in
2742 5420 2927 5489 agonis
2976 5419 3150 5474 stadio
3179 5419 3407 5473 viriliter
3444 5419 3740 5475 decertare.

2171 5511 2261 5565 Sic
2320 5511 2498 5579 itaque
2544 5522 2686 5564 nunc
2740 5524 3018 5565 sacrarum
3043 5508 3333 5577 virginum,
3386 5511 3440 5564 in
3483 5519 3741 5578 quantum

2168 5616 2475 5670 possumus,
2505 5601 2776 5655 imitemur
2801 5598 3101 5668 exemplum
3121 5640 3135 5664 ,
3162 5608 3220 5654 ut
3251 5615 3371 5655 cum
3394 5602 3473 5656 cis
3504 5603 3745 5671 quando-
