4184 6508
485 323 585 384 691

1091 320 1151 378 S.
1176 319 1379 376 PETRI
1418 317 1704 374 DAMIANI
1727 315 1879 376 OPP.
1910 313 2091 371 PARS
2128 311 2257 371 SEU
2301 315 2536 376 TOMUS
2567 317 2627 372 II.
2660 347 2729 357 —
2769 312 3156 372 SERMONES.

3647 289 3755 372 69.3.

484 453 590 503 «lue
637 437 994 506 perducamnr
1023 436 1088 489 ad
1135 435 1460 506 virginitatis
1512 449 1791 490 auctorem
1826 431 2060 503 Virginis
2089 430 2135 489 Α
2164 433 2278 493 suis
2313 429 2620 489 actionibus
2649 448 2707 489 se
2736 432 2880 488 velut
2906 432 3232 488 exstinctum
3263 433 3533 502 praebens,
3568 435 3752 490 multi-

484 527 714 591 Filium;
756 526 844 595 qui
881 541 1002 579 cum
1035 524 1146 578 Deo
1194 523 1355 578 Patre
1383 535 1440 578 et
1479 522 1684 592 Spiritu
1717 532 1906 577 sancto
1931 521 2063 574 vivit

426 612 447 644 ’ί
484 626 542 672 et
570 625 760 686 regnat
786 617 839 670 in
871 598 1067 670 sacula
1094 614 1436 669 saculorum.
1465 613 1658 667 Amen.

1026 743 1259 800 SERMO
1298 744 1515 800 XXXV.

519 876 578 921 ﬂ,
619 873 685 914 DE
724 875 799 914 SS.
844 874 1032 921 ηοω,
1063 874 1283 913 LUCILLA
1316 873 1618 914 VIRGINIBUS
1654 875 1723 913 ΕΤ
1765 873 2029 912 IMRTYRI-

1014 945 1128 984 sus.
1161 933 1317 998 (χχιι
1357 928 1524 998 IUL).

551 1062 764 1126 Adhuc,
809 1060 1172 1125 dilectissimi,
1218 1061 1494 1131 virgineus
1531 1061 1800 1132 germinat
1846 1067 2059 1130 partus,

482 1153 658 1208 adlme
687 1153 963 1223 virginalis
1013 1152 1102 1206 illa
1130 1153 1435 1208 fecunditas
1471 1153 1774 1210 caelestium
1814 1163 2059 1224 segetum

479 1245 691 1301 fructus
737 1243 1062 1310 accumulat,
1117 1258 1239 1298 cum
1287 1244 1566 1312 muliebris
1617 1245 1905 1300 infirmitas
1950 1261 2060 1300 non

479 1341 640 1394 modo
665 1353 854 1394 sexum
876 1346 1118 1408 superat,
1166 1339 1261 1393 sed
1287 1346 1341 1402 et
1365 1338 1549 1391 mundi
1581 1337 1740 1407 hujus
1761 1337 2058 1407 principem

477 1427 828 1499 insuperabili
879 1427 1076 1480 mentis
1118 1426 1563 1496 magnanimitate
1609 1426 1923 1496 triumphat.
1977 1426 2059 1481 Ad

482 1519 585 1574 hoc
611 1534 844 1588 namque
873 1518 966 1573 Dei
993 1518 1162 1573 Filius
1193 1518 1469 1573 vernantis
1493 1517 1665 1572 vulva
1691 1517 1824 1573 flore
1860 1532 2056 1585 conce-

481 1619 606 1678 ptus
627 1620 733 1674 est,
766 1617 824 1663 ut
844 1608 1165 1663 fermentum
1189 1617 1343 1663 vetus
1373 1609 1426 1663 in
1450 1623 1696 1680 azymam
1719 1615 1974 1674 verteret,
2002 1616 2058 1662 et

481 1715 576 1777 per
597 1715 838 1766 carnem,
869 1715 989 1770 qua
1009 1700 1153 1756 victa
1188 1701 1384 1766 fuerat,
1415 1701 1652 1758 humano
1677 1701 1859 1771 generi
1889 1702 2057 1756 victo-

2165 524 2358 592 pliccm
2385 525 2785 594 quodammodo
2815 523 3247 580 mortificationis
3268 524 3470 578 Christi
3501 526 3753 595 manipu-

2165 613 2273 668 lum
2321 613 2544 684 colligit.
2593 612 2894 667 Concinant
2938 626 3070 681 ergo
3106 612 3436 667 beatissima
3489 614 3750 684 virgines,

2163 719 2302 772 qua,
2327 719 2492 757 unum
2517 718 2771 772 sponsum
2800 703 3083 767 habentes,
3111 703 3433 773 zelotypiam
3454 719 3562 758 non
3588 720 3753 760 nove-

2164 800 2310 856 runt,
2342 801 2399 846 et
2426 791 2566 846 sicut
2588 805 2686 859 per
2711 791 2996 845 cliaritatis
3023 790 3288 861 glutinum
3323 806 3483 844 unam
3516 806 3581 845 ex
3612 794 3748 846 dna-

2161 881 2262 936 bus
2291 883 2526 936 animam
2557 879 2813 946 conflant,
2848 881 2922 934 ita
2961 880 3106 934 velut
3134 895 3241 934 uno
3272 896 3370 934 ore
3400 880 3752 948 singulariter

2162 977 2346 1030 dicant
2371 990 2386 1028 :
2416 995 2434 1026 ‹
2469 974 2782 1030 Fasciculus
2811 975 3044 1045 myrrha
3074 972 3300 1028 dilectus
3344 989 3497 1028 meus
3527 973 3679 1027 mihi.
3721 993 3742 1027 τ

2169 1066 2265 1122 Ubi
2294 1074 2349 1121 et
2386 1075 2510 1136 apte
2529 1064 2909 1133 subjungitur:
2947 1083 2966 1115 ‹
2994 1064 3141 1118 lnter
3170 1065 3336 1118 ubera
3362 1078 3479 1118 mea
3509 1078 3749 1118 commo-

2164 1158 2389 1213 rabitur.
2429 1174 2448 1210 ι
2511 1157 2679 1214 Nemo
2719 1155 2931 1211 dubitat
2960 1157 3104 1210 inter
3140 1157 3308 1211 ubera
3347 1154 3582 1224 pecteris
3628 1169 3750 1212 esse

2161 1247 2339 1303 locum
2373 1247 2574 1304 cordis.

2233 1338 2472 1394 Dilee'tus
2501 1353 2631 1410 ergo
2666 1338 2810 1393 inter
2835 1337 3121 1407 utriusque
3143 1337 3374 1407 virginis
3401 1335 3569 1391 ubera
3596 1351 3745 1390 corn-

2160 1438 2426 1495 moratur,
2455 1429 2582 1499 quia
2617 1429 2931 1484 indeficiens
2958 1429 3076 1499 ejus
3124 1442 3278 1482 amor
3310 1442 3376 1481 ac
3416 1427 3744 1482 desiderium

2159 1537 2226 1578 ex
2255 1536 2442 1576 earum
2484 1521 2746 1577 memoria
2777 1536 2882 1576 non
2913 1519 3144 1575 deletur.
3194 1539 3212 1571 ι
3264 1520 3407 1574 lnter
3431 1508 3596 1574 ubera
3628 1534 3744 1574 mea

2159 1613 2607 1677 commorabitur,
2643 1630 2662 1664 ι
2695 1621 2950 1682 tanquatn
2975 1611 3182 1665 diceret
3212 1628 3225 1663 :
3259 1609 3360 1676 Qui
3413 1609 3546 1663 mihi
3586 1608 3745 1663 fasci-

2160 1705 2314 1759 culus
2336 1704 2572 1775 myrrha
2593 1702 2770 1758 factus
2792 1711 2876 1757 est
2892 1716 2988 1772 per
3005 1700 3424 1754 amaritudinem
3452 1699 3742 1769 passionis,

479 1775 614 1846 riam
640 1802 959 1853 reportaret.
996 1793 1244 1849 Loricam
1269 1795 1466 1864 quippe
1497 1795 1596 1850 sibi
1627 1798 1692 1850 de
1729 1805 1914 1850 nostra
1946 1793 2054 1849 fra-
2083 1773 2130 1833 Β
2160 1795 2306 1850 inter
2333 1773 2497 1848 ubera
2521 1808 2640 1848 mea
2654 1793 2858 1862 jugiter
2885 1799 3251 1847 commoratur
3286 1805 3379 1859 per
3409 1789 3742 1846 dulcedinem

479 1882 686 1951 gilitate
736 1883 1059 1953 composuit,
1103 1885 1155 1938 in
1183 1899 1286 1953 qua
1311 1885 1588 1940 exsultans
1617 1896 1676 1940 ut
1703 1885 1854 1957 gigas
1883 1883 2056 1956 (Psal.

478 1971 661 2043 xviri),
687 1981 742 2026 et
770 1984 960 2042 potens
987 1988 1050 2028 ac
1082 1973 1238 2030 fortis
1299 1975 1352 2029 in
1403 1974 1608 2044 pralio,
1641 1985 1938 2046 potestates
1963 1991 2059 2030 ae-

473 2077 599 2118 reas
638 2063 944 2120 debellavit.

548 2153 640 2210 Sic
670 2155 854 2225 itaque
891 2157 958 2212 de
1003 2157 1317 2220 infirmitate
1371 2161 1696 2228 constantia,
1728 2160 1794 2216 de
1831 2159 2058 2231 captivi-

475 2248 590 2296 tate
620 2242 870 2309 victoria,
896 2243 963 2298 de
991 2245 1148 2300 ruina
1179 2255 1263 2302 est
1287 2247 1534 2302 ascensio
1573 2255 1885 2318 procurata.
1919 2245 2056 2301 Hinc

475 2333 741 2403 siquidem
767 2334 965 2390 factum
991 2345 1076 2392 est
1102 2345 1163 2392 ut
1201 2339 1453 2408 antiquus
1475 2339 1664 2402 hostis,
1692 2339 1902 2407 quisibi
1933 2351 2058 2408 pro-

475 2426 689 2480 venisse
723 2426 1004 2481 victoriam
1032 2443 1131 2497 per
1157 2428 1316 2484 unius
1362 2427 1576 2484 femina
1614 2430 1922 2485 vecordiam
1962 2447 2057 2501 ap.

478 2515 793 2585 plaudebat,
826 2532 923 2587 per
959 2518 1156 2574 multas
1189 2533 1250 2574 se
1280 2518 1393 2588 jam
1424 2520 1696 2575 devictum
1738 2530 1900 2590 atque
1927 2536 2058 2576 con-

477 2605 656 2661 fusum
720 2604 952 2662 feminas
990 2609 1297 2664 erubescat.
1353 2608 1489 2664 Hinc
1515 2617 1600 2664 est
1633 2617 1690 2664 et
1724 2609 1867 2678 quod
1914 2625 2058 2666 nunc

474 2704 724 2752 versatur
767 2696 825 2752 in
873 2698 1144 2764 manibus,
1195 2699 1320 2770 quia
1374 2699 1623 2756 videlicet
1671 2702 2054 2757 sacratissima

472 2786 593 2841 ista
643 2786 907 2857 virgines,
964 2787 1124 2843 Flora
1167 2789 1374 2844 scilicet
1408 2799 1464 2844 et
1521 2790 1745 2857 Lucilla,
1793 2801 1849 2846 et
1904 2792 2056 2860 prius

474 2876 757 2933 illecebras
807 2878 1161 2947 voluptatum,
1219 2890 1274 2935 et
1301 2882 1645 2951 postmodum
1695 2883 1898 2953 gladios
1927 2899 2056 2939 con-

474 2973 750 3035 tempsere
771 2975 1056 3023 tortorum.
1077 2971 1314 3042 Quaque
1338 2973 1641 3029 diutissime
1664 2975 1814 3043 prius
1839 2973 2057 3032 fuerant

471 3065 746 3126 martyres
774 3059 827 3112 in
867 3059 1102 3125 occulto,
1133 3061 1445 3116 claruerunt
1494 3064 1836 3133 postmodum
1867 3064 2053 3118 victri-

471 3161 565 3202 ces
588 3148 642 3202 in
672 3148 906 3217 publico.
929 3149 1135 3216 Quibus
1157 3152 1413 3208 nimirum
1446 3153 1577 3209 illud
1608 3154 1889 3225 aptissime
1916 3171 2046 3212 cons

473 3238 620 3307 gruit
654 3239 800 3308 quod
841 3254 1036 3308 sponsa
1079 3241 1210 3296 dicit
1256 3242 1312 3298 in
1359 3241 1636 3300 Canticis:
1686 3262 1705 3297 c
1741 3243 2052 3305 Fasciculus

472 3329 710 3399 myrrha
743 3329 970 3386 dilectus
1001 3346 1152 3388 meus
1201 3333 1354 3401 mihi,
1394 3335 1536 3392 inter
1564 3336 1728 3391 ubera
1757 3351 1878 3392 mea
1904 3353 2053 3393 com-

473 3423 775 3478 morabitur
806 3423 982 3495 (Cant.
1016 3425 1078 3496 t).
1113 3445 1132 3478 ι
1162 3425 1378 3497 Myrrha
1401 3428 1558 3498 plane
1586 3429 1796 3499 species
1820 3439 1905 3486 est
1923 3445 2049 3486 aro-

429 3568 436 3574 .
469 3516 669 3570 matica
699 3518 878 3573 nimia
909 3520 1304 3587 amaritudinis,
1355 3537 1460 3592 qua
1512 3531 1847 3578 mortuorum
1889 3525 2052 3580 cada-

471 3623 602 3662 vera
635 3609 979 3674 condiuntur,
1014 3625 1081 3666 ne
1106 3611 1266 3668 facile
1307 3623 1764 3682 computrescant.
1793 3614 1932 3670 Hinc
1969 3624 2054 3672 est

472 3700 616 3770 quod
649 3710 704 3756 et
727 3703 895 3772 ipsius
921 3704 1105 3773 sponsi
1135 3720 1331 3775 corpus
1365 3721 1394 3759 a
1423 3705 1714 3762 Nicodemo
1742 3715 1797 3761 et
1827 3707 2050 3778 Joseph,

472 3793 541 3846 de
572 3808 736 3848 cruce
777 3795 1113 3864 depositum,
1161 3796 1380 3867 myrrha
1430 3806 1485 3852 et
1529 3797 1650 3852 aloe
1691 3797 1961 3863 conditur,
1997 3809 2052 3854 et

471 3882 655 3938 linteis
682 3885 978 3941 involutum
999 3887 1288 3958 sepultura
1309 3888 1670 3944 committitur
1695 3889 1880 3962 (Joan.
1912 3892 2048 3963 xix).

548 3977 706 4046 177
728 3977 865 4045 Quid
886 3995 1015 4049 ergo
1040 3995 1138 4049 per
1161 3983 1395 4053 myrrha
1426 3982 1884 4049 fasciculum,nisi
1913 3985 2052 4040 mul-

469 4067 636 4136 tiplex
663 4070 1009 4125 mortificatio
1034 4072 1379 4141 designatur?
1426 4072 1540 4129 Non
1572 4075 1715 4130 enim
1740 4074 1892 4140 dicit,
1933 4091 2052 4130 sur-

469 4159 624 4212 culus
645 4161 898 4230 myrrha,
913 4162 995 4216 vel
1013 4164 1344 4220 ramusculus
1357 4167 1609 4236 myrrha,
1627 4166 1718 4220 sed
1741 4165 2049 4234 fasciculus,

472 4247 670 4314 inquit,
695 4251 929 4318 myrrha
951 4251 1180 4306 dilectus
1211 4267 1362 4308 meus
1393 4253 1546 4307 mihi.
1590 4255 1667 4308 Ac
1689 4255 1734 4309 si
1759 4255 1905 4308 dicat
1925 4255 2051 4324 quia

471 4335 526 4388 in
560 4335 704 4388 omni
757 4351 842 4390 me
887 4353 1004 4391 mea
1033 4342 1754 4405 conversationemortifico,
1791 4351 1845 4395 et
1891 4343 2051 4399 nullis

464 4429 578 4498 jam
607 4428 838 4497 prepria
861 4429 1150 4485 voluntatis
1173 4431 1426 4500 operibus
1455 4432 1597 4497 vivo,
1642 4432 1871 4487 dilectus
1898 4447 2051 4489 mens

471 4533 579 4572 non
633 4518 761 4573 mihi
815 4519 1038 4588 simplex
1087 4520 1260 4575 factus
1295 4529 1376 4576 est
1415 4537 1621 4586 ramus,
1681 4521 1775 4576 sed
1816 4523 2050 4592 myrrha

409 4662 420 4685 τ
468 4611 776 4667 fasciculus.
833 4611 986 4667 Unde
1025 4621 1077 4664 et
1126 4612 1448 4682 pradicator
1483 4613 1716 4668 eximius
1759 4629 1772 4665 :
1835 4630 1854 4662 ‹
1914 4612 2046 4681 Ego,

405 4693 417 4764 ξ
466 4703 666 4771 inquit,
683 4703 934 4773 stigmata
952 4701 1076 4757 Jesu
1095 4702 1146 4756 in
1169 4718 1397 4771 corpore
1415 4719 1534 4758 meo
1554 4713 1710 4769 porto
1733 4700 1874 4773 (Cal.
1894 4704 1991 4775 vt).
2023 4722 2042 4755 ι

424 4791 430 4797 ’
469 4794 552 4849 Ad
589 4811 748 4864 quam
784 4795 1038 4850 videlicet
1075 4794 1422 4864 multiplicem
1469 4796 1962 4862 mortificationem,
1994 4806 2050 4852 et

469 4901 572 4941 nos
599 4902 779 4941 sccmn
821 4889 1088 4952 hortatur,
1115 4888 1339 4942 dicens:
1377 4906 1398 4939 «μ
1429 4887 1653 4956 Semper
1678 4889 2049 4944 mortificatio-

470 4995 594 5035 nem
633 4979 757 5033 Jesu
792 4981 844 5033 in
888 4996 1114 5048 corpore
1147 4989 1332 5036 nostro
1361 4981 1823 5044 circumferentes,
1887 4991 1948 5036 ut
1991 4989 2047 5035 et

465 5069 576 5122 vita
600 5067 726 5123 Jesu
765 5069 1141 5123 manifestatur
1171 5071 1224 5124 in
1266 5086 1430 5125 carne
1475 5081 1657 5126 nostra
1701 5072 1909 5126 mortali
1959 5072 2045 5142 (II

467 5159 591 5214 Cor.
619 5161 713 5229 tv).
757 5180 775 5211 ι
812 5159 894 5214 Ab
931 5175 994 5213 eo
1027 5176 1257 5230 namque
1283 5163 1424 5230 quod
1456 5177 1683 5232 corpore
1712 5173 1900 5218 nostro
1941 5164 2049 5216 cir-

469 5251 845 5315 cumferimus,
887 5251 1084 5303 nullam
1110 5252 1352 5318 corporis
1389 5263 1595 5320 partem
1624 5267 1847 5305 vacuam
1876 5265 2047 5304 reser-

467 5357 678 5396 vamus.
729 5341 820 5395 Ille
855 5356 983 5410 ergo
1032 5341 1497 5394 mortificationem
1545 5341 1668 5395 Jesu
1721 5341 1772 5394 in
1821 5357 2045 5409 corpore

467 5447 567 5486 suo
614 5432 947 5496 circumfert,
984 5432 1073 5500 qni
1106 5431 1174 5484 de
1208 5445 1266 5484 se
1303 5431 1404 5483 sibi
1449 5431 1582 5484 nihil
1631 5431 1908 5500 relinquit,
1951 5433 2042 5499 qui

467 5538 576 5576 non
618 5525 745 5589 sibi,
767 5524 859 5578 sed
887 5522 1104 5577 Christo
1139 5521 1191 5575 in
1229 5520 1479 5575 omnibus
1504 5522 1664 5585 vivit;
1698 5524 1786 5590 qui
1815 5532 1961 5576 certe
1988 5537 2046 5580 se

2074 4489 2128 4550 D

2163 1884 2367 1950 cordis,
2401 1893 2456 1938 et
2483 1883 2574 1953 qui
2608 1897 2694 1937 me
2719 1882 3058 1937 extrinsecus
3098 1896 3195 1950 per
3219 1881 3525 1951 exemplum
3556 1894 3744 1935 susce-

2161 1985 2268 2044 pta
2321 1973 2512 2029 mortis
2565 1981 2870 2042 exasperat,
2927 1985 3026 2040 per
3089 1969 3320 2024 infusam
3375 1969 3608 2040 gratiam
3656 1983 3745 2024 me

2161 2065 2364 2120 intima
2383 2063 2664 2118 suavitatis
2689 2061 2982 2128 obdulcat;
3015 2061 3156 2116 sicut
3206 2062 3272 2116 de
3309 2061 3497 2116 eodem
3544 2076 3742 2131 sponsa

2160 2157 2355 2212 iterum
2382 2155 2552 2210 dicit:
2589 2173 2607 2205 ι
2645 2153 2884 2208 Dilectus
2911 2167 3062 2206 meus
3091 2151 3351 2207 candidus
3391 2162 3448 2206 et
3491 2151 3746 2207 rubicun-

2159 2249 2282 2314 dus,
2313 2248 2516 2303 electus
2543 2259 2610 2299 ex
2638 2243 2874 2298 millibus
2904 2241 3083 2314 (Cant.
3113 2244 3188 2313 v).
3226 2261 3244 2294 ι
3293 2241 3570 2298 Candidus
3593 2243 3744 2298 vide-

2158 2338 2288 2394 licet
2323 2352 2392 2393 ex
2440 2335 2610 2406 gloria
2658 2334 2978 2401 divinitatis,
3030 2332 3360 2389 rubicundus
3410 2342 3592 2388 autem
3647 2348 3745 2403 per

2157 2430 2476 2499 sanguinem
2501 2426 2790 2499 passionis.
2819 2426 3039 2482 Electus
3059 2440 3190 2481 vero
3215 2441 3280 2480 es
3321 2425 3560 2480 millibus
3597 2423 3738 2478 dici-

2157 2530 2268 2583 tur.
2304 2520 2431 2590 quia
2471 2534 2540 2575 ex
2572 2518 2717 2573 omni
2750 2525 3062 2571 sanctorum
3098 2513 3444 2568 multitudine
3483 2511 3632 2568 solus
3659 2520 3744 2567 est

2156 2611 2249 2683 qui
2281 2611 2473 2682 dignus
2504 2610 2609 2664 fuit
2635 2607 2863 2664 audire:
2898 2624 2917 2658 ι
2956 2605 3057 2660 Hic
3085 2613 3170 2659 est
3213 2604 3384 2660 Filius
3429 2619 3584 2660 meus
3608 2603 3744 2659 dile-

2155 2723 2317 2773 ctus,
2367 2709 2420 2763 in
2482 2722 2591 2778 quo
2644 2705 2776 2762 mihi
2829 2705 2967 2761 bene
3014 2701 3315 2774 complacui
3371 2701 3597 2774 (Matth.
3652 2716 3741 2770 ut,

2155 2798 2320 2868 xv").
2372 2817 2390 2850 ι

2225 2887 2377 2942 llanc
2398 2885 2578 2941 dilecti
2609 2884 3070 2956 pulchritudinem
3105 2881 3443 2938 venerabiles
3476 2881 3595 2937 ista
3630 2881 3742 2936 vir-

2156 2979 2309 3050 gines
2354 2975 2458 3030 nisi
2501 2975 2675 3031 oculis
2717 2973 2842 3029 ﬁdei
2873 2973 3242 3028 indesinenter
3281 2973 3608 3041 aspicerent,
3661 2979 3743 3027 tot

2155 3085 2428 3127 arumnas
2455 3079 2615 3139 atque
2641 3080 2929 3138 pressuras
2949 3065 3098 3120 velut
3120 3079 3364 3118 amarum
3410 3073 3574 3134 atque
3603 3061 3742 3118 mul-

2159 3161 2397 3233 tiplicem
2429 3159 2664 3232 myrrha
2681 3157 2995 3214 fasciculum
3029 3156 3338 3212 nullatenus
3363 3155 3735 3226 pertulissent.

2155 3253 2324 3310 Plane
2364 3252 2471 3308 nisi
2501 3251 2568 3307 ad
2609 3251 2754 3306 illius
2784 3263 3007 3305 summa
3031 3247 3451 3320 pulchritudinis
3475 3247 3740 3303 accende-

2159 3354 2348 3400 rentur
2369 3343 2672 3414 amplexus,
2706 3355 3046 3410 nequaquam
3073 3340 3143 3396 de
3172 3339 3294 3395 aula
3322 3340 3465 3411 regis
3489 3353 3734 3396 eremum

2155 3437 2420 3503 facerent,
2441 3443 2516 3501 et,
2530 3435 2670 3490 inter
2680 3431 2926 3488 carnales
2945 3430 3247 3486 etluhricos
3269 3431 3738 3496 homines,omnes

2155 3519 2336 3582 c'arnis
2364 3525 2650 3580 illecebras
2677 3537 2778 3592 per
2795 3529 2904 3576 tres
2931 3519 3046 3576 fere
3073 3535 3336 3576 annorum
3368 3519 3735 3576 hebdomadas

2149 3613 2296 3686 jugis
2321 3613 2670 3670 continentia
2691 3625 2952 3666 mucrone
2966 3618 3301 3666 truncarent.
3325 3609 3612 3664 Eratenim
3631 3607 3736 3673 eis,

2156 3706 2298 3761 sicut
2325 3705 2526 3760 dicitur
2554 3720 2566 3757 :
2602 3721 2621 3754 ι
2653 3709 2840 3772 guttur
2863 3700 3046 3771 sponsi
3075 3700 3476 3764 suavissimum,
3507 3706 3564 3753 et
3587 3706 3734 3752 totus

2155 3794 2528 3852 desiderabilis
2556 3791 2733 3864 (Cant.
2760 3791 2838 3863 v).
2859 3811 2878 3843 ι
2904 3791 3297 3848 Suavissimum
3319 3789 3502 3860 sponsi
3524 3796 3734 3860 guttur,

2155 3875 2385 3940 interior
2429 3891 2514 3937 est
2561 3882 2788 3937 dulcedo
2836 3882 3147 3937 verborum.
3199 3879 3258 3934 In
3308 3879 3490 3934 verbis
3531 3879 3734 3933 etenim

2155 3975 2355 4033 Christi
2399 3974 2747 4044 quamplures
2796 3973 3103 4045 intelligunt
3155 3971 3313 4028 facile
3363 3970 3731 4042 superﬁciem,

2154 4074 2344 4144 paucis
2363 4086 2494 4126 vero
2523 4071 2709 4126 datum
2736 4078 2820 4126 est
2857 4069 3171 4125 interiorem
3218 4077 3504 4138 penetrare
3543 4066 3733 4123 dulca-

2155 4165 2357 4228 dinem,
2390 4165 2456 4218 de
2483 4177 2590 4232 qua
2624 4178 2720 4231 per
2748 4161 3072 4232 Pr0phetam
3115 4161 3355 4217 dicitur:
3403 4181 3426 4212 ‹
3481 4159 3729 4226 Gustate,

2153 4264 2207 4310 et
2228 4256 2405 4310 videte
2427 4255 2679 4323 quoniam
2704 4253 2888 4308 suavis
2907 4249 3683 4323 estDominus(Psal.xxxut).
3705 4269 3723 4302 ι

2156 4345 2260 4400 Sed
2287 4345 2379 4414 qui
2411 4346 2592 4401 suavis
2615 4353 2700 4399 est
2727 4345 2780 4398 in
2808 4352 3046 4413 gutture,
3077 4357 3321 4396 amarum
3354 4341 3496 4411 sapit
3533 4340 3587 4394 iu
3610 4355 3728 4395 ore.

2155 4436 2310 4492 Unde
2336 4437 2596 4505 scriptum
2623 4444 2708 4490 est
2735 4453 2749 4488 :
2803 4453 2822 4484 ‹
2855 4433 3022 4488 Labia
3067 4432 3212 4487 illius
3246 4431 3386 4485 labia
3415 4429 3730 4486 distillantia

2157 4531 2318 4602 178
2351 4531 2627 4601 myrrham
2648 4529 2874 4598 primam
2893 4523 3069 4595 (Cant.
3089 4524 3166 4594 v).
3191 4543 3209 4574 ι
3237 4523 3340 4577 Per
3369 4522 3513 4577 labia
3537 4536 3735 4592 nemp.

2152 4621 2206 4675 in
2247 4630 2431 4690 guttur
2458 4634 2582 4673 esca
2611 4615 2898 4684 trajicitur.
2927 4614 3093 4667 Labia
3135 4614 3300 4683 igitur
3336 4613 3540 4682 sponsi,
3568 4614 3728 4669 verba

2151 4722 2278 4768 sunt
2298 4709 2694 4779 Redemptoris.
2721 4708 2850 4773 Qua
2873 4706 3116 4776 profecto
3145 4707 3421 4777 myrrham
3443 4705 3728 4771 distillant,

2150 4805 2276 4874 quia
2316 4817 2412 4871 per
2459 4799 2930 4854 mortificationem
2983 4807 3037 4853 et
3083 4799 3500 4855 amaritudinem
3545 4797 3728 4853 carnis

2149 4891 2569 4963 perveniendum
2597 4904 2719 4944 esse
2758 4888 2956 4944 docent
3007 4888 3074 4944 ad
3123 4889 3443 4946 suavitatem
3499 4889 3727 4943 interna

2148 4981 2468 5037 dulcedinis.

2219 5073 2323 5128 Per
2368 5073 2506 5127 hanc
2546 5071 2922 5126 amaritudinis
2949 5071 3114 5134 viam,
3165 5069 3359 5123 fratres
3393 5065 3720 5129 charissimi,

2149 5179 2294 5219 nunc
2323 5179 2448 5218 cum
2477 5162 2651 5216 beatis
2681 5162 2980 5231 virginibus
3004 5160 3314 5216 Studeamus
3345 5155 3616 5221 incedere,
3662 5165 3724 5210 ut

2149 5267 2270 5306 cum
2301 5251 2500 5306 eisdem
2541 5251 2878 5319 postmodum
2924 5249 2991 5303 ad
3040 5246 3245 5314 regales
3299 5242 3487 5297 aterni
3539 5244 3722 5312 sponsi

2155 5342 2368 5410 nuptias
2396 5356 2703 5394 mereamur
2746 5356 2867 5394 cum
2899 5336 3270 5394 benedictione
3311 5332 3613 5389 dulcedinis
3640 5335 3724 5390 in-

2156 5433 2338 5486 troire.
2384 5432 2467 5485 Ab
2503 5431 2660 5500 hujus
2699 5448 2794 5486 nos
2826 5429 3011 5485 aterni
3045 5425 3297 5479 aviditate
3339 5425 3574 5480 convivii
3615 5441 3722 5480 non

2150 5521 2284 5576 falsa
2339 5523 2519 5577 carnis
2555 5521 2778 5577 dulcedo
2831 5518 3149 5579 demulceat,
3199 5529 3305 5568 non
3348 5514 3589 5569 laborum
3634 5515 3720 5570 in-

473 5628 501 5665 a
534 5612 892 5668 voluntatibus
927 5611 1160 5681 propriis
1204 5610 1443 5678 undique
1471 5610 1758 5679 crucifigit.
1803 5610 1901 5665 llic
1945 5611 2046 5664 ita-
2099 5643 2103 5646 -
2153 5613 2458 5681 gruentium
2513 5614 2775 5681 asperitas
2810 5609 3064 5678 frangat,
3119 5619 3224 5658 non
3276 5605 3488 5660 sarcina
3540 5619 3722 5660 rerum

471 5719 574 5762 que
599 5702 822 5758 dilectus
867 5705 1102 5764 myrrha
1135 5703 1428 5759 fasciculus
1459 5704 1549 5769 fit,
1582 5706 1708 5770 quia
1754 5709 1804 5760 in
1836 5710 2042 5763 cunctis

2158 5703 2530 5767 temporalimn
2581 5709 2870 5770 aggravet,
2913 5713 3016 5752 non
3061 5694 3292 5750 filiorum
3342 5695 3584 5765 affectus,
3637 5695 3722 5752 vel
