4184 6454
466 329 571 388 693

466 446 760 501 charorutn
816 429 1184 506 quorumlibet
1238 419 1578 481 necessitudo
1616 422 1887 475 retentet,
1935 422 2041 462 ιιυη
2072 415 2116 465 A

467 527 1000 606 implacabillserga
1053 521 1359 594 proximum
1412 515 1494 569 ira
1547 505 1884 580 pratpediat,
1935 511 2043 552 non

470 621 814 694 acquirendae
836 615 918 672 vel
966 591 1246 682 acquisita:
1291 606 1370 661 rei
1401 597 1708 659 sollicitudo
1735 591 2045 658 restringat.

470 678 826 785 Auipulemus
851 723 882 762 a
919 678 1077 760 nobis
1104 714 1295 756 onmes
1323 695 1577 749 vitiorum
1606 685 1751 742 male
1783 678 2051 752 pullulan-

475 810 608 863 tium
641 804 845 873 Spinas,
877 798 1154 868 abigamus
1181 791 1248 846 ab
1277 786 1448 845 oculis
1476 780 1658 838 cordis
1673 785 1903 831 terrenae
1921 783 2050 823 con.

476 857 821 964 cupiscentize
849 857 1120 946 tenebras,
1133 890 1193 935 ut
1216 893 1339 933 cum
1359 871 1535 930 beatis
1549 862 1870 934 virginibus,
1894 857 2052 911 Flora

477 951 686 1042 scilicet
715 990 770 1036 et
796 974 1022 1039 Lucilla,
1046 971 1390 1028 elaboremus
1419 961 1610 1016 ﬂorere
1646 951 1957 1013 virtutibus,
2001 953 2057 1000 et

479 1077 536 1131 in
570 1074 834 1128 bonorum
875 1077 1100 1137 operum
1151 1059 1271 1114 luce
1321 1055 1598 1115 vivamus,
1653 1050 1922 1115 quatenus
1959 1049 2058 1107 per

481 1181 668 1225 earum
693 1160 919 1232 vestigia
942 1156 1272 1230 gradientes,
1302 1149 1428 1203 dum
1455 1159 1562 1200 non
1588 1142 1858 1196 haeremus
1881 1141 2058 1186 trans-

484 1259 696 1324 itoriis,
749 1254 1045 1311 inferamur
1082 1243 1347 1301 aeternis:
1391 1247 1447 1292 et
1489 1231 1624 1292 dum'
1667 1223 2060 1285 contemnimus

485 1348 764 1410 mundum,
791 1341 1174 1414 perveniamus
1219 1335 1286 1388 ad
1317 1329 1612 1386 Christum.
1642 1321 1744 1388 Qui
1782 1331 1907 1374 cum
1952 1315 2061 1369 Deo

487 1442 646 1497 Patre
665 1448 720 1493 et
748 1406 950 1507 spiritu
975 1438 1164 1487 sancto
1193 1423 1327 1480 vivit
1351 1430 1406 1476 et
1435 1423 1625 1489 regnat
1651 1414 1703 1468 in
1729 1406 1929 1467 saecula
1958 1417 2062 1460 saa—

487 1530 757 1587 culorum.
786 1527 979 1581 Amen.

1020 1604 1254 1666 SERMO
1298 1598 1535 1659 XXXVI.

697 1723 764 1762 bs
791 1719 995 1761 smc'ro
1022 1714 1248 1758 κωτικο
1277 1707 1549 1752 manus.
1583 1689 1716 1760 (xxx
1736 1682 1877 1753 ωε.)

565 1799 766 1864 Nostis,
796 1797 991 1851 fratres
1018 1789 1349 1852 charissimi,
1375 1785 1520 1842 sicut
1540 1757 1606 1835 ex
1637 1774 1918 1834 catholicae
1939 1765 2064 1822 ildci
2094 1757 2139 1818 Β

497 1889 807 1963 magisterio
853 1885 1140 1949 didicistis,
1187 1878 1313 1950 quia
1360 1877 1416 1931 in
1467 1871 1668 1926 ultimae
1719 1855 2071 1919 discussionis

498 1981 772 2045 examine,
803 1990 992 2033 omnes
1042 1971 1202 2029 simul
1228 1978 1285 2024 et
1318 1973 1632 2036 peccatores
1675 1966 1730 2010 et
1766 1951 1896 2023 justi
1945 1954 2072 2002 ante

501 2068 738 2126 tribunal
767 2063 953 2121 aeterni
985 2061 1192 2117 Judicis
1244 2071 1367 2112 cum
1421 2052 1534 2108 suis
1587 2054 1715 2104 sunt
1757 2037 2074 2111 corporibus

499 2159 812 2223 exhibendi,
838 2153 1098 2226 Apostolo
1119 2157 1376 2211 testante,
1417 2143 1510 2214 qui
1537 2141 1613 2194 ait
1644 2156 1659 2191 :
1698 2154 1717 2187 ι
1749 2133 1950 2190 Omnes
1977 2140 2076 2182 nos

501 2258 718 2323 oportet
744 2216 1079 2302 maniiestari
1108 2248 1235 2295 ante
1263 2231 1501 2291 tribunal
1526 2225 1748 2289 Christi,
1787 2229 1848 2276 ut
1876 2216 2080 2273 referat

507 2305 874 2411 imusquisque
929 2333 1146 2414 prOpria
1215 2325 1492 2397 corporis,
1540 2324 1701 2391 prout
1747 2310 1937 2384 gessit.
1963 2305 2079 2361 sive

507 2394 707 2490 bonum
725 2394 854 2484 (sive
882 2394 1081 2482 malum
1109 2421 1160 2493 (Ι
1168 2419 1194 2474 1
1221 2394 1344 2474 Cor.
1379 2414 1454 2486 v).
1487 2431 1504 2464 υ
1531 2411 1601 2465 Ει
1621 2398 1836 2476 reprobi
1863 2394 2078 2493 quidem

509 2524 578 2577 ad
621 2524 723 2577 hoc
746 2529 825 2584 ut,
857 2517 984 2586 quia
1014 2515 1106 2570 hic
1129 2526 1252 2568 cum
1280 2518 1446 2563 carne
1472 2498 1633 2558 simul
1657 2508 1713 2552 et
1743 2493 1921 2548 anima
1943 2486 2083 2542 Con-

511 2611 703 2666 ditoris
745 2608 1143 2674 sui°praecepta
1183 2597 1550 2656 calcaverunt,
1594 2599 1719 2644 cum
1749 2583 1936 2637 eadem
1972 2574 2085 2631 illic

513 2715 744 2771 utraque
801 2667 1103 2752 substantia
1150 2687 1470 2746 sententiam
1513 2680 1671 2750 justas
1725 2667 2086 2731 damnationis

513 2761 806 2862 excipiant,
838 2797 1000 2857 atque
1039 2782 1327 2850 utrobique
1384 2775 1640 2841 deinceps
1698 2761 2086 2835 suppliciorum

516 2879 928 2935 amaritudinem
968 2847 1369 2938 sentiantiqui,
1400 2866 1524 2919 dum
1575 2856 1853 2920 viverent,’
1905 2847 2088 2922 pravis

516 2972 630 3026 suis
667 2964 1119 3024 delectationibus
1163 2975 1229 3016 ex
1269 2937 1500 3024 utroque
1542 2947 1868 3007 serviebant.
1917 2937 2089 2996 Electi

518 3067 698 3113 autem
727 3065 805 3122 ut,
825 3055 950 3124 quia
970 3065 1188 3110 carnem
1210 3061 1366 3104 suam
1397 3056 1542 3098 nunc
1561 3053 1682 3096 cum
1705 3035 1855 3090 vitiis
1885 3039 1942 3087 et
1965 3043 2090 3084 con-

1854 288 2086 349 SERMO
2122 285 2208 341 XX
2221 283 2259 336 li
2271 281 2354 336 Vl.

3612 231 3713 304 set

2147 397 2423 470 dignitatis
2465 401 2525 448 ut
2548 400 2602 445 et
2647 395 2898 442 coronam
2937 377 3057 431 vitae
3097 377 3366 442 perputem
3411 371 3464 416 et
3500 360 3718 414 immor-

2150 443 2368 544 talitatis
2398 482 2592 544 stolam
2615 490 2736 532 cum
2763 472 2877 527 suis
2903 459 3183 522 animabus
3210 456 3317 510 sint
3357 443 3721 506 eormnunitcr

2150 587 2461 648 receptura;
2495 569 2625 641 quid
2663 565 2862 622 mirum
2905 559 2950 613 sl
2995 568 3138 610 nunc
3187 544 3529 613 omnipotens
3580 535 3721 611 Deus

2760 637 2767 644 .
3329 642 3340 648 Α
3422 628 3560 648 ΛΑ-
3613 623 3720 648 ἀη-

2148 623 2599 742 aptarillisdoca
2647 637 2948 728 provideat,
2995 655 3050 700 et
3090 653 3277 697 eorum
3327 628 3563 686 tumulos
3613 623 3722 676 non

2950 741 2959 742 ί
3112 736 3123 742 “
3353 739 3382 742 ί-
3431 711 3722 742 --|--nun:.

2158 1071 2266 1178 lt'am
2295 1116 2638 1173 ambitiosam
2662 1105 2948 1178 sepultura:
2975 1110 3084 1154 sua:
3103 1083 3497 1163 providentiam
3516 1071 3729 1135 habuit,

2157 1222 2219 1269 ut
2268 1225 2336 1266 ex
2383 1205 2529 1263 omni
2564 1191 3014 1272 peregrinationis
3057 1198 3168 1242 suae
3216 1172 3502 1233 latitudine
3555 1163 3731 1220 solam

2160 1252 2219 1269 u'
2269 1252 2336 1266 ν*
2383 1252 2529 1263 """"
2566 1252 2724 1272 r"'u

2159 1301 2397 1364 Hebron,
2419 1289 2792 1352 Chananitidis
2823 1280 3070 1338 videlicet
3095 1269 3351 1340 regionis,
3395 1261 3637 1330 eligeret,
3677 1252 3732 1305 in

3578 1349 3593 1364 .
3619 1344 3703 1364 νη

2160 1344 2397 1364 ...,.......,
2597 1344 2622 1346 η

2160 1410 2268 1468 qua
2289 1392 2455 1449 etiam
2489 1402 2594 1442 non
2626 1396 2789 1454 parva
2818 1387 3026 1432 summa
3071 1365 3382 1437 speluncam
3413 1353 3514 1408 sibi
3562 1344 3734 1415 dupli-

2771 1466 2794 1468 ‘
3073 1457 3085 1468 ‘
3136 1454 3159 1468 π
3210 1451 3275 1468 νμι
3326 1453 3535 1468 -ι--ΑηιιΛ
3577 1435 3711 1468 {sunt

2163 1435 2280 1542 gem
2318 1435 2705 1546 compararet?
2733 1466 2880 1540 (Gen.
2913 1435 3296 1528 κιιιι.)νιίιοοι)
3321 1453 3536 1514 quoque
3577 1435 3733 1495 filios,

2164 1581 2221 1630 et
2251 1536 2460 1638 Ιοεθρὶί
2475 1566 2672 1620 fratres
2701 1536 2846 1621 suos,
2884 1554 3217 1608 obtestantes
3264 1537 3514 1607 adiurant
3548 1536 3608 1582 ut
3643 1539 3739 1579 eo-

2169 1619 2221 1630 ν-
2252 1619 2273 1627 -
2287 1619 2449 1638 --νςψ
2500 1619 2511 1620 κ
2836 1619 2841 1621 _

2169 1685 2289 1727 rum
2309 1679 2432 1721 ossa
2452 1661 2519 1717 ad
2531 1658 2772 1716 eamdem
2798 1649 3109 1722 speluncam
3132 1645 3254 1710 post
3272 1633 3480 1690 obitum
3503 1619 3739 1681 transfe-

2167 1767 2291 1818 rant
2320 1756 2474 1829 (Gen.
2499 1750 2668 1820 xux).
2697 1743 2834 1813 Quid
2863 1747 2948 1797 est
2971 1750 3100 1805 ergo
3121 1727 3263 1801 quod
3287 1720 3458 1779 sancti
3486 1715 3608 1778 viri,
3649 1709 3742 1780 qui

3225 1817 3256 1829 η
3317 1813 3330 1829 1
3351 1828 3354 1829 ,
3374 1810 3502 1829 ,3-..
3528 1798 3738 1829 -..l\l:.n=

2170 1798 2291 1818 ...ιη
2344 1798 2474 1812 ﬂ...
2501 1798 2624 1806 -_--_
2655 1798 2667 1802 -
2706 1798 2761 1813 ,ιτ
3036 1798 3063 1805 _
3142 1798 3154 1801 ν

2170 1860 2229 1904 et
2253 1798 2574 1920 praisentem
2589 1798 2754 1893 vitam
2777 1843 2832 1888 et
2847 1840 3058 1885 onmem
3077 1817 3258 1876 mundi
3283 1810 3504 1884 gloriam
3527 1798 3742 1860 Sublimi

2171 1889 2370 1995 mellitis
2413 1944 2539 1988 arce
2587 1927 2964 1994 despexeram,
3007 1923 3114 1967 tam
3155 1905 3365 1976 cupide,
3403 1907 3512 1952 tam
3561 1889 3742 1951 anxie,

2171 2041 2282 2087 tam
2312 2026 2548 2083 studiose
2598 2018 2809 2074 deloco
2854 2011 2944 2066 ubi
2988 2016 3174 2061 eorum
3205 1995 3567 2054 conderentur
3591 1986 3744 2040 cine-

2173 2136 2284 2187 res,
2313 2116 2617 2185 litigabant,
2647 2108 2751 2163 nisi
2779 2103 2904 2174 quia
2933 2114 3031 2170 per
3069 2093 3342 2166 prophetae
3368 2081 3615 2152 spiritum
3644 2089 3746 2128 no-

2174 2165 2284 2187 'W!
2314 2165 2550 2185 "war—vv
2603 2165 2616 2177 .
2799 2165 2814 2174 .
2935 2165 2952 2170 _
3074 2165 3080 2166 ί

2173 2219 2371 2268 verant
2397 2206 2730 2262 Salvatorem
2760 2193 2943 2252 mundi
2975 2190 3086 2244 illic
3115 2186 3179 2241 de
3218 2195 3315 2237 suo
3341 2174 3546 2232 semine
3573 2165 3749 2224 nasci-

2179 2312 2380 2362 turum,
2431 2303 2486 2349 et
2521 2289 2839 2358 sanguinem
2892 2279 2993 2350 qui
3021 2272 3206 2331 mundi
3244 2273 3468 2338 peccata
3517 2259 3751 2315 dilueret

2178 2395 2233 2449 in
2274 2391 2362 2446 illa
2401 2353 2712 2458 specialiter
2760 2375 2982 2446 regione
3029 2358 3401 2423 fundendum?
3449 2353 3602 2409 Sicut
3653 2361 3752 2418 per

2178 2437 2520 2535 Psalmistam
2546 2472 2745 2529 dicitur
2771 2485 2782 2520 :
2821 2484 2839 2517 ‹
2871 2461 3008 2530 Quia
3031 2458 3175 2514 Deus
3198 2458 3384 2508 noster
3414 2453 3538 2500 ante
3558 2437 3751 2497 saecula

2179 2578 2434 2642 operatus
2461 2573 2549 2620 est
2566 2561 2794 2617 salutem
2817 2557 2871 2610 in
2896 2529 3072 2608 medio
3093 2558 3250 2601 terra:
3273 2537 3443 2612 (Psal.
3473 2529 3686 2597 Lxxni).
3727 2548 3745 2578 ι

2181 2661 2334 2728 Quod
2367 2657 2620 2713 nimirum
2662 2659 2971 2720 quanquam
3011 2642 3079 2696 de
3128 2638 3244 2705 ipso
3275 2625 3486 2686 Domini
3528 2631 3752 2690 corpore

2181 2712 2488 2821 specialiter
2533 2712 2704 2814 possi-t
2757 2712 3012 2803 intelligi,
3063 2732 3130 2786 de
3162 2726 3384 2796 regione
3439 2728 3618 2772 tamen
3662 2712 3753 2767 illa

2184 2801 2397 2912 qrttoque
2443 2801 2548 2889 ubi'
2589 2831 2699 2902 pati
2758 2801 3010 2897 dignatus
3057 2829 3160 2884 est,
3201 2829 3321 2885 quat
3371 2817 3520 2866 certe
3567 2801 3752 2858 mundi

2187 2927 2542 2988 meditullium
2564 2931 2670 2987 est,
2700 2935 2805 2974 non
2828 2918 3122 2984 incongrue
3144 2907 3250 2964 dici
3275 2905 3508 2959 videtur.

2255 3019 2314 3074 ln
2359 3015 2676 3074 Chananzeae
2725 3009 2888 3078 igitur
2945 2983 3090 3059 terra
3141 2997 3314 3056 sancti
3347 2993 3541 3048 Patres
3585 2983 3760 3041 nostri

519 3075 698 3113 autem
727 3075 805 3122 ιιι,
825 3075 950 3124 quia
970 3075 1188 3110 carnem
1210 3075 1366 3104 suum
1397 3075 1542 3098 num.
1561 3075 1682 3096 υυι..
1715 3075 1855 3090 ...ιω
1888 3075 1942 3087 ν-
1968 3075 2065 3084 ν---
2751 3075 2771 3078 _

519 3146 861 3218 cupiscentiis
885 3135 1418 3211 cruciﬁgere(Galat.
1440 3133 1495 3203 v)
1523 3145 1629 3185 non
1657 3126 1943 3186 desistunt,
1962 3132 2086 3174 cum
2114 3093 2160 3155 ο
2192 3109 2423 3167 tumulos
2453 3107 2753 3176 elegerunt,
2787 3107 2849 3152 ut
2890 3095 3015 3150 inde
3055 3091 3133 3147 illi
3159 3092 3499 3144 mererentur
3521 3075 3764 3150 quando-

1964 3211 1980 3218 -
2280 3217 2289 3218 κ
2335 3211 2611 3218 ,,c_____-..-
2667 3192 2755 3218 “1.:
2784 3190 2897 3218 ζηι-ιι
2925 3177 3339 3218 ηοειιννιιοιῖηηῖς
3384 3179 3592 3218 Ωιιηιοιθ.
3648 3164 3761 3218 Pri‘

523 3211 653 3308 ipsis
671 3237 784 3292 suis
803 3233 1140 3302 corporibus,
1155 3228 1349 3299 quibus
1367 3221 1621 3279 videlicet
1639 3227 1893 3286 tanquam
1911 3211 2092 3266 taber-

524 3327 732 3385 naculis
755 3328 808 3382 in
839 3325 1016 3382 divina
1045 3297 1236 3376 militia
1262 3317 1344 3374 usi
1373 3322 1522 3378 sunt,
1553 3309 1619 3364 ad
1658 3318 1905 3376 supernae
1932 3297 2092 3356 clari-

526 3422 656 3476 tatis
675 3419 894 3490 gloriam
919 3415 1318 3488 provehantur;
1343 3415 1420 3472 ut,
1443 3403 1619 3460 soluto
1634 3397 1837 3454 militiae
1858 3390 2089 3462 cingulo,

527 3526 690 3565 unum
742 3518 869 3563 tunc
915 3505 1145 3561 interior
1194 3510 1250 3556 et
1296 3496 1536 3553 exterior
1587 3492 1750 3547 homo
1796 3483 2094 3542 sortiantur

529 3597 732 3670 quietis
756 3602 1028 3667 perpetuae
1055 3585 1424 3656 municipium,
1470 3580 1562 3651 qui
1593 3577 1662 3632 ad
1691 3587 1856 3630 unum
1907 3582 2096 3639 perve-

529 3656 724 3744 nerunt
757 3656 870 3757 per.
891 3678 1196 3739 communia
1222 3674 1361 3732 bella
1396 3668 1747 3738 triumphum.
1777 3661 1847 3716 Et
1899 3656 2096 3729 quibus

531 3793 638 3832 una
675 3756 777 3830 fuit
811 3786 1011 3843 pugna,
1061 3768 1250 3824 eadem
1287 3764 1360 3818 sit
1389 3756 1740 3815 nihilominus
1789 3760 1845 3806 et
1872 3761 2094 3805 corona.

531 3869 662 3924 Illud
688 3837 843 3936 plane
867 3837 972 3918 erit
991 3861 1282 3917 Sabbatum
1303 3846 1669 3914 nostrum,ille
1690 3841 1951 3913 septimus
1967 3837 2100 3906 legis
2173 3895 2178 3900 ε

535 3926 727 4021 annus,
757 3955 844 4010 ille
866 3952 1127 4008 veraciter
1151 3941 1602 4012 Jubilzeus(Deut.
1628 3949 1726 3999 xv;
1757 3931 1922 3986 Leuit.
1945 3926 2098 3995 xxv).

536 4047 830 4104 Sabbatum
851 4042 1048 4113 quippe
1069 4037 1320 4094 feriatum
1339 4045 1460 4088 esse
1481 4026 1808 4100 praecipitur,
1825 4027 1884 4074 ut
1902 4027 2103 4074 aeterna

537 4153 630 4208 per
663 4135 788 4190 illud
833 4132 1046 4202 requies
1097 4128 1376 4199 ﬁguretur.
1436 4119 1550 4176 Sub
1602 4114 1845 4186 ejusdem
1891 4121 2105 4180 quoque

536 4228 733 4299 quietis
763 4234 978 4281 aeternae
1005 4220 1089 4277 vel
1139 4211 1554 4290 resurrectionis
1599 4202 1943 4276 designandae
1989 4215 2109 4271 my-

538 4319 726 4384 sterio,
756 4319 810 4372 in
839 4314 1070 4385 septimo
1098 4324 1241 4366 anno
1271 4307 1492 4365 libertas
1521 4299 1782 4356 redditur.
1808 4294 1865 4349 lu
1884 4291 2108 4350 Jubilzeo

540 4381 719 4464 autem
741 4381 1197 4472 tubis—clangitur
1226 4407 1286 4452 ut
1313 4391 1684 4462 unusquisque
1711 4387 1779 4440 ad
1808 4381 2107 4455 possessio—

539 4515 663 4556 nem
691 4496 962 4568 propriam
990 4499 1316 4549 revertatur.
1349 4505 1368 4538 ‹
1406 4484 1575 4541 Canet
1596 4479 1740 4536 enim
1779 4477 1927 4539 tuba,
1972 4473 2112 4529 sicut

541 4593 672 4649 dicit
698 4589 1006 4661 Apostolus,
1035 4596 1091 4643 et
1113 4582 1334 4648 mortui,
1372 4579 1464 4651 qui
1501 4578 1554 4632 in
1595 4572 1814 4630 Christo
1846 4575 2000 4632 sunt,
2027 4579 2113 4619 re-

540 4692 766 4754 surgent
789 4680 840 4753 (1
871 4679 996 4735 Cor.
1019 4676 1134 4748 xv).
1173 4695 1193 4728 ι

611 4775 693 4829 Ad
718 4770 1084 4842 possessiones
1110 4779 1240 4837 ergo
1267 4762 1516 4834 pr0prlas
1540 4771 1729 4814 omnes
1770 4762 1898 4807 tunc
1934 4761 2114 4804 rever-

545 4870 752 4927 tuntur,
798 4858 958 4929 179
997 4856 1120 4926 quia
1151 4834 1206 4908 in
1236 4853 1326 4908 illo
1361 4851 1563 4905 ultimae
1592 4837 2005 4901 resurrectionis
2028 4834 2116 4889 die

545 4928 1218 5021 unusquisqneiproprium
1244 4956 1440 5011 corpus
1470 4937 1682 5008 recipit,
1730 4934 1783 4986 in
1808 4945 1938 5001 quo,
1990 4928 2117 4982 dum

544 5019 867 5114 praesentem
891 5039 1057 5093 vitam
1101 5035 1344 5097 duceret,
1394 5026 1674 5084 habitavit.
1729 5023 1882 5077 Tunc
1921 5019 2116 5080 Adam,

549 5141 678 5186 tunc
716 5122 850 5194 Noe,
891 5137 1019 5183 tunc
1065 5137 1254 5180 omnes
1298 5119 1506 5189 antiqui
1553 5117 1762 5180 Patres,
1794 5112 1904 5167 imo
1931 5123 2120 5164 omnes

549 5218 853 5276 mortalium
879 5215 1074 5270 animae
1101 5214 1169 5267 ad
1219 5211 1474 5265 amissam
1517 5204 1699 5260 carnis
1753 5216 1865 5256 suae
1918 5194 2111 5253 terranl

552 5308 799 5370 redeunt,
821 5306 911 5376 qui
940 5310 1154 5372 recepta
1184 5313 1412 5368 corpora
1438 5311 1536 5352 sua
1564 5295 1617 5348 in
1647 5299 1964 5361 perpetuum
1999 5300 2125 5355 pos-

550 5397 821 5459 sidebunt,
840 5374 905 5448 et
930 5390 1171 5464 perducti
1202 5390 1254 5443 in
1279 5388 1578 5442 libertatem
1607 5381 1837 5435 ﬁliorum
1868 5376 1984 5438 Dei,
2007 5374 2122 5444 jam

553 5500 743 5542 secure
771 5484 1079 5554 gaudebunt
1103 5494 1292 5536 omnes
1318 5475 1500 5532 servili
1528 5470 1741 5526 vinculo
1761 5464 2124 5536 corruptionis

555 5578 804 5632 humana:
825 5574 1006 5629 soluti.

627 5666 758 5722 Cum
799 5678 930 5736 ergo
983 5672 1291 5720 sanctorum
1340 5671 1568 5727 corpora
1617 5659 1776 5707 tanta:
1811 5649 1989 5704 futura
2019 5645 2126 5700 sint

2194 3217 2300 3274 que
2333 3211 2636 3269 resurgere,
2667 3192 2758 3247 ubi
2784 3190 2898 3260 ipse
2925 3177 3340 3252 resurrectionis
3384 3179 3592 3233 auctor,
3648 3164 3761 3220 Pri-

2194 3292 2498 3364 mogenitus
2545 3285 2798 3340 videlicet
2842 3281 3086 3333 vivorum
3139 3283 3193 3327 et
3239 3277 3572 3324 mortuorum
3605 3261 3655 3314 in
3704 3269 3766 3311 se

2195 3349 2445 3456 dignatus
2491 3389 2576 3435 est
2618 3369 3030 3431 resurrectionis
3081 3365 3304 3438 gloriam
3357 3349 3649 3416 declarare.
3701 3350 3768 3405 Et

2195 3472 2324 3543 quid
2352 3467 2578 3537 amplius
2603 3465 2777 3518 dicam
2810 3459 2876 3516 de
2917 3458 3140 3518 honore,
3176 3463 3338 3521 quem
3378 3447 3642 3501 bonorum
3680 3454 3768 3493 re-

2197 3569 2510 3619 munerator
2533 3556 2672 3610 Deus
2694 3558 3004 3607 sanctorum
3031 3555 3250 3601 suorum
3273 3534 3591 3608 corporibus
3613 3529 3770 3586 exhi—

2199 3651 2323 3708 bet?
2352 3643 2789 3793 quﬂoquidem
2836 3640 2951 3708 ipse
2987 3635 3130 3689 Deus
3177 3629 3520 3698 omnipotens
3564 3619 3768 3690 Moysis

2201 3755 2396 3793 coruus
2467 3745 2676 3793 innatus
2715 3741 2798 3787 est
2822 3728 3050 3793 sepelire
3085 3723 3263 3793 (Deut.
3293 3715 3503 3786 xxxiv),
3531 3721 3587 3769 et
3609 3708 3768 3765 Elisei

2201 3708 2396 3809 corpus
2429 3708 2676 3808 rimis-tus
2715 3741 2798 3787 est
2822 3728 3050 3798 sepelire
3085 3723 3263 3795 (Deut.
3293 3715 3503 3786 xxxiv),
3531 3721 3587 3769 et
3609 3708 3769 3765 Elisei

2202 3830 2452 3892 cadaver,
2484 3799 2753 3880 mortuum
2795 3819 2988 3889 legitur
3014 3813 3304 3871 suscitasse
3339 3805 3442 3879 (ιγ
3469 3803 3594 3874 Reg.
3627 3799 3770 3868 xm).

2203 3922 2335 3986 lmo,
2350 3928 2408 3973 ut
2423 3931 2609 3972 verum
2632 3912 2825 3976 fatear,
2847 3909 2987 3979 quod
3009 3906 3061 3961 in
3074 3918 3239 3959 carne
3253 3896 3554 3955 viventibus
3569 3890 3773 3950 sanctis

2205 4009 2428 4065 minime
2443 4003 2687 4066 contulit,
2711 4001 2814 4055 hoc
2834 4010 2974 4066 saepe
2991 3994 3169 4050 divina
3195 3985 3524 4058 dispensatio
3547 3981 3774 4042 mortuis

2205 4095 2544 4170 prwrogavit.
2585 4091 2737 4159 Quod
2767 4090 2818 4144 in
2860 4086 3012 4142 Abdo
3053 4083 3260 4139 scilicet
3295 4079 3412 4134 viro
3457 4074 3553 4130 Dei
3577 4071 3778 4142 liquido

2207 4161 2572 4261 perpenditur,
2604 4195 2763 4253 quem
2788 4178 3054 4233 viventem
3091 4172 3308 4244 quidem
3332 4169 3414 4224 leo
3442 4165 3616 4238 potuit
3635 4161 3782 4219 occi—

2209 4292 2372 4335 sums
2405 4274 2678 4338 invadere,
2715 4270 2810 4328 sed
2853 4266 3084 4323 cadaver
3113 4261 3230 4332 ejus
3277 4271 3617 4329 nequaquam
3663 4268 3786 4324 per-

2212 4370 2410 4425 missus
2433 4372 2518 4422 est
2549 4363 2889 4434 aliquatenus
2918 4357 3120 4414 violare
3144 4351 3262 4426 (III
3290 4351 3412 4422 Reg.
3443 4349 3583 4418 xui).
3623 4365 3642 4396 ι
3664 4343 3786 4399 Prc-

2137 4431 2188 4493 Β
2215 4461 2350 4514 tiosa
2379 4456 2632 4512 nimirum
2659 4453 2713 4507 in
2735 4457 3028 4520 conspectu
3055 4442 3266 4500 Domini
3301 4455 3447 4494 mors
3473 4443 3780 4492 sanctorum

2212 4549 2328 4618 ejus
2353 4546 2525 4617 (Psal.
2565 4543 2712 4613 cxv).
2749 4561 2768 4594 ι
2812 4537 2931 4594 Non
2979 4549 3109 4607 ergo
3156 4533 3355 4588 mirum
3406 4528 3449 4582 si
3499 4523 3676 4578 divina
3707 4521 3784 4574 di-

2212 4636 2486 4708 spensatio
2508 4645 2744 4702 congrua
2768 4636 3082 4685 sanctorum
3113 4617 3432 4690 corporibus
3457 4613 3572 4666 loca
3601 4608 3786 4663 distri~

2215 4729 2351 4795 buit,
2377 4734 2431 4782 et
2452 4739 2596 4780 nunc
2615 4689 2779 4793 quasi
2801 4717 3070 4790 quoddam
3098 4689 3401 4779 depositum
3433 4713 3592 4756 terra;
3632 4689 3786 4770 θοῷ-

2215 4793 2455 4882 mendat,
2496 4829 2616 4886 quae
2657 4809 2996 4882 postmodum
3034 4800 3216 4871 regnis
3264 4793 3574 4852 caelestibus
3607 4798 3786 4844 trans-

2217 4907 2440 4964 ferenda
2474 4883 2744 4960 restituat.
2791 4899 2896 4954 Sed
2920 4897 3050 4965 jam,
3075 4896 3298 4961 propter
3342 4884 3484 4955 quod
3520 4883 3621 4937 ista
3648 4894 3788 4948 pra:-

2221 5001 2488 5064 misimus,
2543 4998 2609 5052 de
2656 4994 2714 5048 B.
2760 4987 2953 5046 Rullini
2997 4979 3271 5039 miraculis
3321 4977 3561 5033 breviter
3610 4971 3788 5040 aliqua

2220 5091 2661 5163 perstringamus.

2296 5153 2635 5251 lso—Beati
2677 5172 2839 5243 igitur
2865 5169 3022 5240 hujus
3049 5165 3304 5236 martyris
3324 5174 3522 5230 corpus
3544 5157 3610 5212 de
3649 5153 3788 5209 Sub—

2223 5244 2393 5329 urbid
2410 5244 2727 5325 :kssisiensis
2752 5262 2952 5332 oppidi,
2983 5260 3070 5314 ubi
3116 5255 3408 5324 antiquitus
3452 5248 3627 5302 fuerat
3655 5244 3792 5315 posi-

2226 5375 2363 5427 tum,
2394 5362 2534 5414 intra
2577 5355 2778 5411 muenia
2819 5349 3160 5423 postmodum
3199 5345 3299 5399 fuit
3323 5339 3540 5413 gentilis
3565 5337 3793 5404 impetus

2226 5462 2432 5507 terrore
2457 5445 2796 5502 translatum.
2822 5442 3056 5497 Labrum
3087 5446 3264 5491 autem
3294 5431 3583 5502 lapideum,
3615 5426 3668 5479 in
3690 5439 3794 5494 quo

2226 5537 2540 5620 przedictum
2571 5553 2766 5608 corpus
2795 5544 2920 5590 ante
2951 5533 3216 5601 jacuerat,
3232 5540 3328 5596 per
3350 5525 3563 5592 longum
3590 5528 3796 5586 tempus

2230 5648 2379 5695 extra
2398 5649 2580 5690 muros
2609 5633 2782 5696 fuerat
2813 5622 3238 5685 derelictum.Dc
3252 5634 3356 5692 quo
3380 5617 3630 5673 nimirum
3662 5612 3796 5664 inter
