4184 6456
456 292 561 347 605

456 498 638 569 gravis
661 508 746 552 est
771 506 889 553 orta
905 498 1116 553 seditio.
1147 497 1446 569 Episcopus
1473 497 1739 568 siquidem
1763 496 1830 551 ad
1859 494 2032 550 eccle-

456 587 590 641 siam
628 584 690 640 B.
719 584 900 640 Mariae
930 602 1145 657 semper
1167 587 1413 655 virginis,
1454 601 1573 655 quze
1614 600 1681 642 eo
1717 585 1821 641 loci
1856 586 2032 656 prima

454 678 612 739 octies
637 687 742 746 est,
790 677 1138 734 deferendum
1176 694 1296 735 esse
1336 679 1616 754 censebat,
1660 693 1723 733 eo
1778 676 2034 731 nimirum

454 770 679 826 consilio
706 778 765 825 ut
786 772 931 841 quod
964 781 1137 829 mater
1170 770 1399 826 ecclesia
1426 785 1622 839 corpus
1650 771 1904 839 martyris
1929 784 2032 823 non

452 860 700 924 haberet,
735 860 967 929 quodam
996 862 1187 917 saltem
1218 862 1373 917 vacui
1404 861 1633 931 sepulcri
1663 860 1856 915 solatio
1886 875 2032 914 como

452 959 725 1018 pensaret.
777 949 1011 1005 Econtra
1065 951 1292 1020 populus
1343 952 1623 1006 asserebat
1665 951 1806 1004 inter
1851 965 2033 1004 sacras

454 1039 714 1110 reliquias
739 1050 794 1096 et
814 1043 1091 1112 prOprium
1125 1043 1384 1097 tumulum
1425 1043 1745 1097 invisioncm
1780 1042 1896 1097 ﬁeri
1927 1058 2030 1098 non

452 1131 668 1197 debere,
712 1147 812 1187 nec
853 1133 1106 1197 humanis
1139 1150 1280 1189 nunc
1318 1134 1789 1189 adinventionibns
1815 1148 2033 1202 permu-

454 1224 697 1289 tandum,
726 1225 869 1293 quod
885 1225 953 1280 ab
983 1226 1099 1295 ipso
1125 1225 1342 1296 gloriosi
1374 1225 1632 1295 martyris
1655 1232 2031 1278 consummato

454 1314 726 1385 triumpho
776 1316 1056 1372 videretur
1116 1317 1377 1370 divinitus
1435 1316 1762 1370 institutum.
1825 1314 2032 1369 Taliter

454 1407 618 1477 igitur
646 1408 775 1465 ltinc
797 1419 959 1479 atque
985 1409 1109 1465 inde
1136 1410 1471 1465 certantibus
1501 1408 1710 1463 labrum
1758 1409 2030 1464 mamilius

452 1497 605 1565 urbis
624 1497 875 1564 infertur,
904 1508 958 1554 et
978 1500 1046 1555 ab
1077 1499 1323 1571 utrisque
1350 1499 1513 1554 simul
1542 1499 1783 1570 partibus
1809 1499 1872 1553 ad
1896 1499 2028 1556 bivii

447 1585 724 1656 cujusdam
754 1590 1047 1661 compitum
1082 1591 1414 1661 pervenitur.
1726 1646 1735 1651 _

513 1676 628 1737 Illic
653 1677 836 1747 itaque
878 1693 1000 1733 cum
1042 1680 1283 1735 fautores
1321 1679 1558 1750 episc0pi
1602 1679 1669 1733 ad
1710 1678 1767 1733 Sr.
1816 1678 2022 1743 Mariae,

1109 289 1166 347 S.
1208 290 1412 347 PETRI
1450 289 1732 347 DAMlANl
1770 289 1919 347 OPP.
1961 290 2140 345 PARS
2182 288 2312 348 SEU
2355 290 2591 347 TOMUS
2628 292 2690 347 ll.
2733 321 2800 332 —
2838 284 3226 350 SERMONES.

456 404 713 477 populum
739 413 794 462 et
833 404 1075 476 Ugoncm
1102 405 1341 474 ejusdem
1388 414 1515 462 tunc
1547 405 1692 461 sedis
1721 405 2031 475 episcopum
2061 411 2106 466 A
2135 420 2256 460 rum
2288 405 2413 461 telis
2433 420 2779 475 opponerent,
2824 421 3017 479 magna
3047 409 3330 464 hominum
3363 417 3579 480 strages
3607 408 3726 465 fusa
3810 388 3818 395 ’

2129 495 2358 564 iaceret.
2391 494 2647 563 Sedeum
2687 498 2973 567 episcopus
3007 497 3187 553 adhuc
3222 499 3499 563 htesitans,
3533 513 3598 551 ne
3642 501 3728 557 ins

3620 289 3722 347 696

2134 584 2359 654 quidem
2386 586 2566 641 verbis
2590 587 2889 656 presbyteri
2919 588 3078 642 fidem
3107 588 3517 653 accommodare
3543 589 3723 656 dispo-

2134 684 2309 740 neret,
2328 690 2453 733 ecce
2473 678 2715 746 quidam,
2738 679 2837 747 qui
2854 689 3166 743 contractus
3190 679 3386 746 fuerat,
3409 681 3647 750 gaudens
3667 695 3724 735 et

2130 763 2410 820 exsultans
2449 764 2641 821 eodem
2691 766 2783 823 die
2822 781 2857 821 a
2898 766 3059 822 beato
3086 781 3147 822 se
3186 767 3397 821 Rullino
3452 767 3721 823 fatebatur

2132 863 2399 922 erectum,
2425 856 2636 926 sibique
2663 858 2732 915 ab
2751 858 2941 915 eodem
2973 860 3130 914 beato
3163 869 3397 931 martyre
3431 861 3531 916 hoc
3564 874 3721 917 man-

2131 947 2319 1001 datum
2335 948 2654 1016 perhibebat
2681 950 3004 1020 injunctum,
3035 961 3095 1011 ut
3125 953 3240 1019 hate
3271 953 3382 1023 ipsa
3400 962 3589 1017 cuitcta
3620 967 3714 1022 per

2131 1040 2409 1105 ordinem,
2464 1056 2587 1111 quae
2653 1043 2935 1113 presbyter
2989 1047 3293 1111 asserebat,
3341 1046 3457 1114 ipse
3502 1059 3713 1118 quorum

2128 1130 2480 1186 nihilominus
2514 1132 2770 1202 episcOpo
2815 1136 3104 1195 nuntiaret.
3140 1138 3377 1192 Tandem
3408 1138 3710 1207 episcopus,

2130 1223 2283 1276 omni.
2318 1223 2571 1293 scrupulo
2594 1223 2887 1282 dubietatis
2930 1238 3130 1291 amoto,
3169 1228 3310 1295 Quod
3349 1229 3450 1293 sibi
3482 1229 3700 1299 impera-

2131 1322 2243 1366 tum
2271 1323 2354 1367 est
2396 1314 3136 1388 incunctanterexsequitur,
3179 1328 3339 1389 atque
3381 1320 3441 1387 in
3484 1321 3709 1390 gratiam

2129 1418 2227 1459 suo
2256 1404 2450 1474 populo
2476 1406 2691 1463 donatis
2710 1408 3096 1467 offensionibus
3119 1408 3433 1477 fmderatur.

2202 1493 2328 1560 Sed,
2354 1511 2421 1550 ne
2467 1497 2607 1566 apud
2637 1497 2869 1567 aliquem
2908 1499 3155 1554 fortassis
3183 1500 3471 1571 episcopus
3497 1514 3706 1567 naevum

2129 1585 2565 1653 reprehensionis
2589 1586 2962 1657 incurratquia
2984 1589 3057 1645 ab
3072 1590 3296 1645 ecclesia
3318 1605 3415 1644 sua
3433 1592 3498 1643 ad
3520 1591 3707 1644 horam

2129 1675 2404 1732 dissidens
2441 1686 2635 1733 contra
2675 1678 2771 1738 Dei
2808 1680 3076 1749 iudiciuin
3110 1681 3396 1748 sentiebat,
3442 1680 3592 1736 Isaac
3638 1682 3708 1736 ad

442 1769 652 1839 reliqua
683 1782 863 1837 autem
893 1788 1017 1842 pars
1056 1773 1237 1844 populi
1286 1774 1353 1828 ad
1398 1772 1458 1826 B.
1509 1772 1704 1827 Rul’ﬂni
1742 1772 2022 1827 basilicam
2053 1766 2100 1824 B
2129 1766 2446 1819 memoriam
2471 1764 2808 1827 redch
2835 1778 2938 1834 est.
2968 1770 3068 1838 qui:
3092 1786 3205 1835 non
3225 1770 3387 1837 Esau.
3416 1786 3451 1827 ἃ
3472 1787 3531 1827 se
3554 1770 3706 1825 Vide-

441 1874 659 1921 sacrnm
688 1861 963 1919 vasculum
994 1864 1314 1939 pertrahere
1342 1863 1693 1928 molirentur;
1734 1863 1818 1918 his
1858 1874 2021 1932 atque

438 1949 546 2006 illis
574 1950 631 2011 in
657 1950 870 2006 diversa
894 1952 1210 2019 nitentibus,
1235 1961 1513 2008 crescente
1533 1949 1737 2023 jurgio,
1760 1968 1827 2008 eo
1850 1968 2019 2022 usque

432 2056 746 2109 processum
766 2036 882 2109 est,
905 2053 967 2101 ut
992 2042 1232 2100 furentes
1253 2060 1405 2099 arma
1429 2045 1787 2113 corriperent,
1820 2057 1877 2098 et
1898 2060 2017 2099 mtr-

436 2143 556 2195 tuos
599 2135 740 2197 inter
770 2150 830 2191 se
861 2136 1000 2191 ictus
1032 2137 1232 2191 amissa
1280 2137 1523 2192 confusas
1555 2136 1759 2191 mentis
1807 2135 2015 2190 ratione

432 2224 741 2291 miscerent.
773 2226 1013 2289 vibratis
1036 2227 1220 2298 itaque
1246 2226 1441 2297 gladiis
1483 2226 1732 2280 cominus
1759 2227 2015 2295 utrinque

429 2318 861 2387 concurritur,et
886 2331 1042 2373 acres
1066 2316 1379 2374 ardentibus
1410 2316 1605 2371 animis
1634 2317 1701 2371 ad
1728 2316 2014 2388 inﬂigenda

428 2415 615 2463 mutuo
664 2406 891 2469 vulnera
928 2405 1350 2463 debaccliantur.
1409 2407 1536 2472 Sed,
1584 2420 1618 2461 o
1670 2407 2010 2477 praedicanda

424 2497 612 2561 divina
637 2497 951 2569 clementia,
977 2512 1098 2567 quae
1127 2497 1379 2552 humanis
1402 2497 1692 2552 miseretur
1710 2497 2008 2563 erroribus,

422 2595 480 2649 et
509 2600 658 2656 saepe
681 2586 865 2657 pravis
907 2587 1108 2641 nostris
1154 2586 1527 2642 voluntatibus
1581 2587 1783 2653 obviat,
1818 2595 1880 2641 ut
1939 2588 2008 2642 ad

421 2673 594 2730 honos
614 2662 795 2739 exitus
821 2676 939 2746 ipsa
972 2677 1135 2732 etiam
1160 2678 1298 2732 male
1327 2686 1503 2747 coepta
1540 2677 1832 2747 perducat!
1865 2678 2007 2744 Quid

422 2764 606 2827 multis
636 2764 853 2821 morer?
880 2764 1069 2821 Nullus
1095 2765 1205 2820 illic
1231 2765 1572 2831 vulneratur,
1597 2765 1745 2820 nulla
1774 2767 2006 2835 denique

417 2867 521 2908 nec
548 2854 723 2908 tenuis
749 2854 969 2927 quidem
995 2863 1142 2925 gutta
1188 2854 1468 2926 sanguinis
1503 2854 1765 2920 funditur,
1816 2866 2003 2925 atque,

417 2950 483 2999 ut
512 2942 850 3007 mirabilibus
898 2944 1078 2998 adhuc
1117 2943 1449 2999 mirabiliora
1490 2945 1801 3010 succedant,
1845 2960 2005 3000 sexa-

416 3029 565 3107 ginta
585 3028 701 3099 fere
726 3030 827 3085 viri
844 3046 909 3086 ex
936 3040 1090 3105 parte
1113 3033 1353 3102 episcopi
1379 3034 1698 3103 prtedictum
1720 3035 1999 3090 vasculum

2124 1853 2256 1910 licet
2274 1855 2527 1922 electura,
2557 1857 2652 1912 sed
2679 1856 2845 1915 Jaoob
2874 1846 3051 1927 potius
3076 1860 3149 1923 ab
3172 1874 3341 1925 uxore
3364 1861 3702 1930 suppositum

2122 1946 2398 2002 benedixit
2429 1944 2582 2017 (Gen.
2612 1948 2804 2019 xxvu).
2826 1948 2892 2013 Et
2923 1949 3182 2018 illicergo
3204 1950 3437 2015 cartmhs
3459 1965 3617 2011 uxor,
3649 1958 3703 2011 et

2121 2037 2215 2092 hic
2234 2037 2535 2106 spiritualis
2562 2053 2758 2108 sponsa
2787 2039 2929 2098 viris
2945 2040 3059 2097 suis
3084 2039 3137 2094 iu
3166 2041 3405 2108 promite

2118 2129 2435 2185 diversitate
2460 2131 2763 2198 praevaluit,
2790 2132 2915 2200 quia
2943 2132 3035 2201 qui
3059 2133 3249 2191 mundi.
3274 2132 3491 2200 infirma
3517 2132 3701 2203 elegit,

2117 2226 2178 2273 ut
2202 2219 2501 2275 confundat
2530 2221 2689 2276 fortia
2723 2221 2775 2291 (1
2805 2220 2926 2276 Cor.
2956 2222 3026 2294 ι),
3053 2223 3194 2281 Deus
3222 2223 3437 2291 utrique
3463 2237 3697 2287 consen-

2117 2309 2206 2362 sit.
2235 2308 2511 2379 Propheta
2533 2325 2746 2381 quoque
2777 2312 2943 2367 David
2970 2325 3287 2373 construere
3326 2313 3590 2382 templum
3606 2329 3693 2368 vo~

2114 2398 2213 2453 luit
2242 2399 2327 2471 (11
2358 2398 2487 2471 Reg.
2511 2402 2632 2472 vit),
2673 2404 2767 2458 sed
2805 2404 2908 2459 hoc
2930 2403 3006 2458 illi
3030 2419 3268 2472 superna
3284 2404 3566 2473 dispositio
3589 2420 3696 2461 non

2111 2489 2377 2555 permisit.
2420 2490 2568 2546 Inter
2613 2492 2841 2548 Paulum
2889 2509 3105 2563 quoque
3151 2503 3207 2551 et
3250 2494 3552 2553 Barnabatn
3600 2512 3696 2566 pro

2109 2578 2321 2635 Joanne
2341 2583 2609 2652 quoddam
2625 2584 2854 2653 legimus
2880 2586 3232 2657 intervenisse
3254 2589 3539 2653 dissidittm
3554 2590 3692 2660 (Act.

2109 2672 2222 2741 xv),
2246 2681 2467 2742 propter
2486 2663 2631 2744 quod
2643 2685 2827 2733 tamen
2847 2692 2961 2732 non
2978 2678 3446 2749 solumutriusque
3461 2681 3692 2756 apostoli

2108 2776 2215 2814 non
2248 2761 2592 2821 imminutum
2619 2775 2704 2820 est
2730 2767 3007 2833 meritum,
3037 2769 3133 2823 sed
3156 2770 3270 2838 ipse
3295 2784 3507 2839 quoque
3533 2771 3694 2824 disci—

2105 2851 2265 2919 pulus
2284 2853 2351 2907 ab
2377 2854 2688 2923 apostolica:
2709 2855 3010 2926 disciplina!
3030 2858 3177 2913 linea
3196 2874 3305 2914 non
3328 2860 3552 2915 erravit.
3574 2859 3688 2914 Non

2104 2940 2447 3009 ergomirum
2466 2943 2511 2997 si
2534 2945 2863 3001 nunchomo.
2877 2946 3389 3017 aliquandaiuscins
3410 2966 3441 3005 a
3465 2953 3691 3007 veritate

2109 3028 2411 3097 dissentiat,
2444 3047 2567 3088 cum
2594 3045 2650 3089 et
2681 3035 2821 3105 ipsis.
2846 3039 3133 3106 apostolis,
3160 3047 3213 3093 et
3248 3042 3547 3110 prophetis,
3590 3043 3688 3097 hu-

415 3105 485 3173 ad
510 3118 795 3174 ecclesiam
841 3118 902 3173 Β.
941 3118 1123 3179 Mariae
1171 3122 1511 3177 conabantur
1558 3122 1857 3191 attrahere,
1908 3125 2003 3179 sed
2031 3105 2077 3168 Ε
2108 3120 2387 3177 manitatis
2414 3123 2618 3193 aliquid
2648 3105 2910 3182 accidisse
2950 3105 3365 3199 Scripturarutn
3396 3105 3689 3187 auctoritas

421 3207 586 3264 nullis
612 3208 741 3264 illud
766 3209 974 3265 nisibus
999 3210 1065 3265 de
1090 3210 1195 3267 loci
1221 3211 1304 3267 sui
1327 3211 1434 3266 fixa
1456 3220 1748 3281 potuerunt
1767 3214 2003 3271 statione

410 3310 653 3360 movere.
680 3297 761 3353 llli
798 3298 960 3369 igitur
1001 3314 1124 3355 cum
1150 3299 1263 3370 jam
1307 3317 1420 3371 pra:
1471 3301 1789 3359 lassitudine
1841 3304 1999 3361 fracti

415 3386 640 3443 omnino
680 3388 993 3458 deficerent,
1046 3400 1102 3446 et
1146 3377 1454 3447 vehiculum
1504 3394 1701 3466 lapidis
1756 3394 1998 3454 funditus

415 3476 789 3548 desperarent,
815 3488 945 3535 tunc
967 3494 1035 3535 ex
1056 3480 1228 3537 altera
1251 3490 1405 3552 parte
1416 3483 1504 3538 vix
1519 3493 1728 3554 septem
1747 3485 1997 3543 homines

406 3583 602 3640 urnam
628 3570 1004 3640 corripientes,
1036 3573 1107 3628 ad
1154 3572 1214 3635 S.
1255 3571 1454 3629 Bullini
1504 3575 1789 3631 basilicam
1841 3587 1995 3633 tanta

406 3656 559 3717 illam
583 3660 835 3731 permissi
866 3671 991 3718 sunt
1016 3663 1299 3721 celeritate
1323 3667 1643 3736 pervehere,
1690 3683 1755 3724 ac
1802 3669 1850 3725 si
1882 3686 1990 3726 non

404 3745 669 3821 lapidem,
692 3753 787 3813 sed
814 3752 1093 3825 palearum
1116 3755 1298 3825 potius
1327 3757 1641 3812 viderentur
1674 3759 1992 3816 fasciculum

401 3839 676 3897 detulisse.
708 3841 855 3899 Illico
894 3844 1076 3914 populi
1118 3847 1327 3901 clamor
1350 3848 1675 3903 exsultantis
1702 3849 1987 3917 attollitur,

403 3929 702 3999 gratiarum
750 3932 894 3989 actio
954 3933 1156 3992 fautori
1201 3936 1312 3990 Deo
1360 3937 1481 3991 lana
1532 3938 1884 4007 persolvitur,
1935 3949 1992 3996 et

399 4021 524 4089 quia
550 4022 669 4091 pius
694 4024 838 4080 Deus
881 4038 1047 4084 unum
1096 4041 1218 4081 cum
1266 4028 1466 4098 populo
1507 4043 1605 4084 suo
1657 4032 1891 4087 senserit
1920 4031 1988 4087 ab

2100 3208 2314 3278 probet.
2367 3211 2478 3273 Sed
2529 3215 2644 3271 hmo
2705 3216 2873 3283 alias,
2919 3233 3067 3287 nunc
3112 3220 3180 3275 ad
3226 3222 3503 3290 proposita
3558 3222 3682 3278 red-

2099 3313 2304 3359 eamus.

2168 3392 2339 3449 Porro
2365 3396 2554 3451 eodem
2582 3398 2672 3454 die
2699 3401 2811 3454 duo
2848 3400 2974 3457 caici
3026 3401 3093 3456 ad
3138 3403 3310 3469 altare
3359 3404 3500 3463 beati
3536 3423 3682 3462 mar-

2098 3484 2237 3554 tyris
2308 3485 2595 3544 illuminati
2669 3499 2814 3545 sunt.
2880 3491 2989 3547 Sed
3040 3501 3096 3548 et
3170 3494 3309 3550 alius
3371 3496 3680 3553 debilitatus

2096 3574 2359 3632 membris
2408 3586 2466 3633 et
2512 3578 2828 3650 gibberosus
2874 3592 3089 3639 erectus
3145 3594 3232 3641 est
3277 3593 3333 3641 et
3378 3587 3537 3643 saluti
3583 3604 3682 3658 per

2091 3666 2274 3719 ornnia
2321 3669 2623 3725 restitutus.
2679 3671 2754 3726 De
2787 3673 2985 3741 quibus
3011 3689 3177 3744 porro
3218 3677 3501 3741 miraculis
3541 3681 3679 3735 dun-

2094 3762 2245 3808 taxat
2277 3756 2406 3825 quid
2434 3756 2638 3813 factum
2667 3761 2755 3825 sit,
2791 3762 2948 3818 nobis
2988 3764 3197 3822 referre
3222 3767 3484 3835 suﬁciat;
3517 3786 3584 3825 ne
3630 3771 3677 3825 si

2089 3844 2327 3914 qualiter
2349 3847 2489 3903 facta
2520 3851 2730 3922 singula
2762 3868 2861 3923 per
2885 3856 2962 3909 rei
2989 3865 3155 3925 gesta:
3178 3859 3424 3915 ordinem
3469 3860 3673 3917 referre

2090 3938 2488 4005 contendimus,
2532 3942 2809 3999 auditores
2844 3942 3099 4013 fortasse,
3132 3949 3278 4018 quod
3319 3950 3494 4006 absit!
3541 3952 3676 4007 laci.

2088 4027 2229 4083 niosi
2268 4030 2394 4100 styli
2425 4031 2736 4101 prolixitatc
2759 4044 3068 4106 gravemus.
3103 4038 3229 4109 Ipsa
3267 4055 3487 4112 quoque
3502 4045 3675 4099 mira-

399 4113 652 4179 onmibus
680 4114 934 4172 alacriter
961 4117 1288 4203 divulgatur.
1337 4118 1491 4175 Tunc
1517 4121 1751 4191 denique
1797 4124 1987 4192 proba-
2086 4114 2206 4170 θαίδ
2238 4122 2632 4186 enumerando.
2662 4125 2915 4194 persequi
2947 4135 3147 4183 cuneta
3188 4129 3531 4201 negligimus.
3574 4132 3669 4187 sed

400 4211 516 4256 tum
541 4210 627 4258 est
649 4219 836 4259 verum
863 4220 983 4267 esse
1020 4206 1165 4281 quod
1195 4208 1392 4263 dicitur
1418 4228 1432 4263 ;
1470 4208 1582 4265 Vox
1627 4210 1832 4280 populi,
1883 4227 1985 4267 vox
2072 4207 2234 4262 velut
2255 4223 2322 4262 ex
2357 4223 2553 4280 magno
2572 4214 2806 4282 quodam
2826 4213 3045 4271 ﬂumine
3071 4219 3329 4288 cyathum
3356 4219 3668 4277 haurientes

400 4288 517 4346 Dei.

2088 4298 2372 4364 trahimus,
2410 4314 2573 4369 quem
2600 4317 2765 4373 super
2806 4319 3048 4361 mensam
3089 4306 3292 4371 Christi
3334 4310 3668 4367 convivanti-

366 4406 377 4413 τ
468 4382 712 4441 Accessit
750 4392 931 4439 autem
962 4385 1030 4439 ad
1061 4386 1136 4442 rei
1165 4387 1545 4443 certitudinem
1596 4400 1650 4444 et
1697 4392 1981 4462 presbyter
2011 4445 2057 4463 ﬁ
2084 4388 2184 4444 bus
2205 4390 2493 4446 salubriter
2510 4394 2876 4463 propinemus,
2914 4411 2981 4451 ne
3009 4398 3206 4453 mentis
3231 4402 3545 4455 stomachus
3582 4401 3661 4454 in-

397 4473 644 4546 quidam,
702 4476 772 4530 ab
822 4475 940 4546 ipso
968 4476 1220 4533 videlicet
1264 4477 1324 4533 B.
1382 4478 1597 4536 Ιίυαίηο
1652 4445 1720 4537 ad
1770 4445 1983 4552 episco-
2011 4445 2446 4551 Dgurgitalione

397 4580 520 4635 pum
547 4564 768 4621 missus.
798 4562 933 4621 Nam
968 4582 1093 4622 cum
1122 4568 1378 4640 praefatus
1406 4573 1689 4644 episcopus
1716 4576 1979 4633 adversus

386 4671 486 4711 eos
544 4655 636 4726 qui
691 4656 793 4712 sibi
857 4659 1211 4725 restiterant,
1263 4678 1374 4718 non
1432 4663 1622 4719 leviter
1674 4679 1977 4726 commotus

390 4755 572 4810 esset,
633 4755 797 4817 atque
857 4747 933 4802 illi
980 4759 1240 4823 pararent
1277 4751 1379 4807 sibi
1428 4753 1586 4824 digne
1638 4755 1974 4824 satisfacere,

392 4846 447 4890 υι
512 4836 706 4893 devota
756 4838 906 4893 illum
963 4838 1271 4897 humilitate
1343 4843 1595 4913 placare,
1658 4849 1975 4918 presbytero

388 4942 546 4996 quem
603 4927 878 4995 diximus,
935 4947 1034 5002 per
1086 4933 1261 4989 visum
1314 4934 1503 5003 beatus
1557 4947 1763 5008 martyr
1810 4956 1973 5009 appa-

386 5018 521 5082 ruit,
579 5017 740 5089 eique
793 5020 1170 5088 dixit:Vade,
1213 5032 1269 5079 et
1320 5025 1409 5079 dic
1457 5027 1728 5096 episcopo,
1784 5029 1828 5082 si
1886 5047 1973 5087 me

385 5117 494 5160 non
546 5105 662 5161 vult
714 5105 1031 5178 offendere,
1090 5113 1514 5170 satisfactionem
1579 5119 1883 5186 quamlibet
1937 5134 1968 5173 a

385 5197 582 5268 populo
611 5214 721 5259 non
746 5200 994 5271 recipiat,
1031 5205 1126 5260 sed
1156 5207 1325 5276 gratis
1362 5209 1411 5263 ei
1456 5223 1650 5278 puram
1685 5212 1768 5265 sui
1819 5227 1971 5267 amo-

382 5291 462 5346 ris
486 5300 540 5343 et
577 5290 972 5350 benedictionis
1011 5298 1241 5367 gratiam
1272 5300 1481 5354 reddat.
1530 5299 1645 5355 Mea
1698 5303 1963 5372 siquidem

395 5376 543 5448 [81
564 5379 665 5437 hoc
688 5392 898 5454 gestum
924 5394 1008 5441 est
1027 5386 1320 5455 voluntate,
1346 5399 1407 5443 ut
1428 5389 1701 5449 vasculum
1734 5390 1862 5445 illud
1895 5392 1965 5446 ad

400 5483 558 5523 neam
580 5470 882 5531 deferretur
909 5477 1230 5547 ecclesiam;
1278 5474 1545 5551 quatenus
1585 5498 1763 5537 meum
1795 5484 1850 5538 in
1897 5499 1964 5539 eo

379 5564 754 5629 corpusculum
788 5568 966 5625 denuo
1003 5573 1346 5629 recondatur.
1378 5572 1601 5628 Noverit
1619 5575 1780 5629 etiam
1809 5575 1957 5645 quia,

386 5650 483 5704 nisi
511 5665 612 5721 ego
641 5653 746 5710 illis
780 5661 1230 5719 tumultuantibus
1271 5665 1587 5721 interessem
1628 5682 1821 5737 meque
1866 5683 1958 5722 eo-

2082 4571 2201 4627 sitis
2228 4574 2401 4643 possit
2435 4573 2657 4630 auferri.
2698 4577 2783 4635 Ad
2823 4577 2926 4631 alia
2957 4579 3124 4648 igitur
3164 4580 3660 4647 adhmenarranda

2082 4662 2364 4730 miracula,
2392 4680 2511 4732 qure
2540 4681 2638 4734 per
2666 4668 2915 4721 eumdem
2956 4669 3325 4729 beatissimum
3363 4681 3659 4743 martyrem

2080 4753 2338 4809 divinitus
2361 4766 2489 4810 sunt
2518 4765 2757 4822 ostensa,
2788 4773 3072 4829 pergamus

2149 4845 2254 4900 Per
2282 4847 2425 4902 idem
2449 4848 2630 4918 itaque
2659 4859 2868 4921 tempus
2896 4851 2984 4906 vir
3007 4853 3239 4921 quidam.
3265 4871 3377 4913 non
3424 4856 3659 4918 ferendas

2074 4937 2315 4993 vesaniae
2352 4938 2589 4994 crudelis
2632 4949 2687 4994 et
2722 4941 2927 5010 rigidus
2967 4946 3306 5014 paupercula:
3336 4948 3545 5003 mulieri
3588 4952 3656 5005 de

2070 5026 2158 5081 sui
2199 5024 2338 5094 juris
2381 5043 2513 5099 agro
2563 5030 2867 5087 chartulam
2912 5032 3136 5101 fecerat,
3180 5051 3341 5105 quam
3371 5047 3500 5093 tunc
3528 5055 3653 5097 eum

2070 5116 2251 5197 magni
2282 5116 2485 5173 furoris
2505 5120 2707 5189 impetu
2730 5125 3124 5181 contumaciter
3143 5128 3481 5195 requirebat;
3511 5131 3654 5185 unde

2071 5218 2127 5263 et
2155 5210 2348 5264 bovem
2375 5210 2498 5275 sibi,
2522 5218 2572 5264 et
2599 5227 2759 5266 unam
2785 5215 3021 5268 securim
3041 5216 3306 5270 violenter
3328 5218 3649 5286 abstulerat,

2074 5301 2241 5355 robur
2265 5301 2515 5357 videlicet
2535 5305 2846 5361 domesticae
2866 5306 3137 5361 facultatis
3153 5316 3208 5362 et
3227 5321 3379 5375 spem
3404 5311 3650 5379 regendae

2072 5390 2306 5446 familite.
2339 5392 2491 5460 Quod
2513 5396 2602 5449 illa
2632 5412 2743 5466 pra:
2768 5398 2951 5454 dolore
2978 5415 3084 5453 non
3125 5394 3306 5454 ferens
3345 5415 3467 5454 cum
3512 5417 3645 5454 ron-

2068 5484 2311 5538 tribulati
2358 5487 2718 5543 amaritudine
2748 5491 2972 5559 spiritus
3015 5491 3302 5545 ecclesiam
3342 5490 3405 5546 Β.
3445 5491 3644 5547 Bullini

2064 5573 2386 5631 festinanter
2399 5577 2718 5667 ingreditur,
2739 5590 2866 5635 ante
2890 5580 3062 5636 altare
3080 5582 3443 5650 prosternitur
3461 5582 3642 5652 182,

2064 5678 2222 5739 atque
2252 5681 2308 5726 ut
2349 5672 2449 5726 sibi
2490 5673 2541 5727 in
2572 5680 2734 5727 tantae
2759 5676 3085 5731 Calamitatis
3131 5677 3361 5733 articulo
3386 5677 3637 5732 subveni-

3770 3688 3789 3723 ι
