  <div class='ocr_page' id='page_1' title='image "/cluster/home/n/w/nwhite01/storage/ocr_20150623/144/umn.31951002477437p/374.png"; bbox 0 0 4184 6464; ppageno 0'>
   <div class='ocr_carea' id='block_1_1' title="bbox 397 322 504 382">
    <p class='ocr_par' dir='ltr' id='par_1_1' title="bbox 397 322 504 382">
     <span class='ocr_line' id='line_1_1' title="bbox 397 322 504 382; baseline -0.019 -1"><span class='ocrx_word' id='word_1_1' title='bbox 397 322 504 382; x_wconf 82' lang='lat'><strong>69-7-</strong></span> 
     </span>
    </p>
   </div>
   <div class='ocr_carea' id='block_1_2' title="bbox 1797 321 2301 379">
    <p class='ocr_par' dir='ltr' id='par_1_2' title="bbox 1797 321 2301 379">
     <span class='ocr_line' id='line_1_2' title="bbox 1797 321 2301 379; baseline 0.004 -3"><span class='ocrx_word' id='word_1_2' title='bbox 1797 321 2030 379; x_wconf 78' lang='lat' dir='ltr'><strong>SERMO</strong></span> <span class='ocrx_word' id='word_1_3' title='bbox 2069 323 2301 379; x_wconf 79' lang='lat' dir='ltr'><strong>XXXVI.</strong></span> 
     </span>
    </p>
   </div>
   <div class='ocr_carea' id='block_1_3' title="bbox 3547 331 3651 392">
    <p class='ocr_par' dir='ltr' id='par_1_3' title="bbox 3547 331 3651 392">
     <span class='ocr_line' id='line_1_3' title="bbox 3547 331 3651 392; baseline 0.077 -8"><span class='ocrx_word' id='word_1_4' title='bbox 3547 331 3651 392; x_wconf 75' lang='grc'>698</span> 
     </span>
    </p>
   </div>
   <div class='ocr_carea' id='block_1_4' title="bbox 398 431 3649 513">
    <p class='ocr_par' dir='ltr' id='par_1_4' title="bbox 398 431 3649 513">
     <span class='ocr_line' id='line_1_4' title="bbox 398 431 3649 513; baseline 0.001 -21"><span class='ocrx_word' id='word_1_5' title='bbox 398 443 484 493; x_wconf 89' lang='lat' dir='ltr'><strong>ret</strong></span> <span class='ocrx_word' id='word_1_6' title='bbox 524 433 948 504; x_wconf 84' lang='lat' dir='ltr'><strong>lacrymabiliter</strong></span> <span class='ocrx_word' id='word_1_7' title='bbox 1006 433 1345 503; x_wconf 85' lang='lat' dir='ltr'><strong>deprecatur.</strong></span> <span class='ocrx_word' id='word_1_8' title='bbox 1398 433 1537 508; x_wconf 80' lang='lat' dir='ltr'><strong>Quid</strong></span> <span class='ocrx_word' id='word_1_9' title='bbox 1583 433 1768 503; x_wconf 84' lang='lat' dir='ltr'><strong>plura?</strong></span> <span class='ocrx_word' id='word_1_10' title='bbox 1815 435 1980 488; x_wconf 85' lang='lat' dir='ltr'><strong>Adest</strong></span> <span class='ocrx_word' id='word_1_11' title='bbox 2011 439 2054 495; x_wconf 82' lang='lat' dir='ltr'><strong>A</strong></span> <span class='ocrx_word' id='word_1_12' title='bbox 2084 435 2208 502; x_wconf 90' lang='lat' dir='ltr'><strong>loci,</strong></span> <span class='ocrx_word' id='word_1_13' title='bbox 2237 450 2396 508; x_wconf 82' lang='lat' dir='ltr'><strong>quem</strong></span> <span class='ocrx_word' id='word_1_14' title='bbox 2444 431 2705 502; x_wconf 85' lang='lat' dir='ltr'><strong>incolunt,</strong></span> <span class='ocrx_word' id='word_1_15' title='bbox 2758 436 2994 502; x_wconf 80' lang='lat' dir='ltr'><strong>insulani</strong></span> <span class='ocrx_word' id='word_1_16' title='bbox 3022 453 3308 506; x_wconf 77' lang='lat' dir='ltr'><strong>vocantur,</strong></span> <span class='ocrx_word' id='word_1_17' title='bbox 3351 439 3468 513; x_wconf 83' lang='lat' dir='ltr'><strong>ipso</strong></span> <span class='ocrx_word' id='word_1_18' title='bbox 3507 457 3649 511; x_wconf 74' lang='lat' dir='ltr'><strong>pra:-</strong></span> 
     </span>
    </p>
   </div>
   <div class='ocr_carea' id='block_1_5' title="bbox 400 523 1980 588">
    <p class='ocr_par' dir='ltr' id='par_1_5' title="bbox 400 523 1980 588">
     <span class='ocr_line' id='line_1_5' title="bbox 400 523 1980 588; baseline -0.003 -8"><span class='ocrx_word' id='word_1_19' title='bbox 400 525 619 580; x_wconf 85' lang='lat' dir='ltr'><strong>tandem</strong></span> <span class='ocrx_word' id='word_1_20' title='bbox 646 523 826 580; x_wconf 85' lang='lat' dir='ltr'><strong>divina</strong></span> <span class='ocrx_word' id='word_1_21' title='bbox 873 523 1264 588; x_wconf 65' lang='lat' dir='ltr'><strong>misericordia,</strong></span> <span class='ocrx_word' id='word_1_22' title='bbox 1306 531 1362 578; x_wconf 87' lang='lat' dir='ltr'><strong>et</strong></span> <span class='ocrx_word' id='word_1_23' title='bbox 1386 538 1510 580; x_wconf 81' lang='lat' dir='ltr'><strong>mox</strong></span> <span class='ocrx_word' id='word_1_24' title='bbox 1543 531 1601 578; x_wconf 93' lang='lat' dir='ltr'><strong>ut</strong></span> <span class='ocrx_word' id='word_1_25' title='bbox 1641 523 1712 582; x_wconf 77' lang='lat' dir='ltr'><strong>ab.</strong></span> <span class='ocrx_word' id='word_1_26' title='bbox 1737 523 1980 580; x_wconf 84' lang='lat' dir='ltr'><strong>oratione</strong></span> 
     </span>
    </p>
   </div>
   <div class='ocr_carea' id='block_1_6' title="bbox 398 612 1982 688">
    <p class='ocr_par' dir='ltr' id='par_1_6' title="bbox 398 612 1982 688">
     <span class='ocr_line' id='line_1_6' title="bbox 398 612 1982 688; baseline -0.001 -19"><span class='ocrx_word' id='word_1_27' title='bbox 398 613 698 682; x_wconf 72' lang='lat' dir='ltr'><strong>consurgit,</strong></span> <span class='ocrx_word' id='word_1_28' title='bbox 723 612 909 682; x_wconf 85' lang='lat' dir='ltr'><strong>jacere</strong></span> <span class='ocrx_word' id='word_1_29' title='bbox 943 613 997 670; x_wconf 89' lang='lat' dir='ltr'><strong>in</strong></span> <span class='ocrx_word' id='word_1_30' title='bbox 1027 613 1338 688; x_wconf 83' lang='lat' dir='ltr'><strong>pavimento</strong></span> <span class='ocrx_word' id='word_1_31' title='bbox 1387 613 1622 672; x_wconf 76' lang='lat' dir='ltr'><strong>securim</strong></span> <span class='ocrx_word' id='word_1_32' title='bbox 1654 627 1806 668; x_wconf 84' lang='lat' dir='ltr'><strong>suam</strong></span> <span class='ocrx_word' id='word_1_33' title='bbox 1855 621 1982 667; x_wconf 89' lang='lat' dir='ltr'><strong>ante</strong></span> 
     </span>
    </p>
   </div>
   <div class='ocr_carea' id='block_1_7' title="bbox 401 703 1979 775">
    <p class='ocr_par' dir='ltr' id='par_1_7' title="bbox 401 703 1979 775">
     <span class='ocr_line' id='line_1_7' title="bbox 401 703 1979 775; baseline 0 -17"><span class='ocrx_word' id='word_1_34' title='bbox 401 706 568 775; x_wconf 61' lang='lat' dir='ltr'><strong>pedes,</strong></span> <span class='ocrx_word' id='word_1_35' title='bbox 599 703 829 768; x_wconf 83' lang='lat' dir='ltr'><strong>attonita</strong></span> <span class='ocrx_word' id='word_1_36' title='bbox 881 703 1166 774; x_wconf 76' lang='lat' dir='ltr'><strong>conspicit.</strong></span> <span class='ocrx_word' id='word_1_37' title='bbox 1208 703 1354 759; x_wconf 81' lang='lat' dir='ltr'><strong>illico</strong></span> <span class='ocrx_word' id='word_1_38' title='bbox 1397 717 1601 758; x_wconf 82' lang='lat' dir='ltr'><strong>mceror</strong></span> <span class='ocrx_word' id='word_1_39' title='bbox 1625 703 1882 766; x_wconf 78' lang='lat' dir='ltr'><strong>nimirum</strong></span> <span class='ocrx_word' id='word_1_40' title='bbox 1927 705 1979 758; x_wconf 92' lang='lat' dir='ltr'><strong>in</strong></span> 
     </span>
    </p>
   </div>
   <div class='ocr_carea' id='block_1_8' title="bbox 400 793 1982 862">
    <p class='ocr_par' dir='ltr' id='par_1_8' title="bbox 400 793 1982 862">
     <span class='ocr_line' id='line_1_8' title="bbox 400 793 1982 862; baseline -0.002 -12"><span class='ocrx_word' id='word_1_41' title='bbox 400 793 642 850; x_wconf 63' lang='lat' dir='ltr'><strong>laetitiam</strong></span> <span class='ocrx_word' id='word_1_42' title='bbox 685 793 937 857; x_wconf 75' lang='lat' dir='ltr'><strong>vertitur,</strong></span> <span class='ocrx_word' id='word_1_43' title='bbox 968 801 1022 847; x_wconf 90' lang='lat' dir='ltr'><strong>et</strong></span> <span class='ocrx_word' id='word_1_44' title='bbox 1067 793 1228 862; x_wconf 89' lang='lat' dir='ltr'><strong>digna</strong></span> <span class='ocrx_word' id='word_1_45' title='bbox 1277 793 1386 852; x_wconf 89' lang='lat' dir='ltr'><strong>Deo</strong></span> <span class='ocrx_word' id='word_1_46' title='bbox 1425 793 1722 862; x_wconf 76' lang='lat' dir='ltr'><strong>gratiarum</strong></span> <span class='ocrx_word' id='word_1_47' title='bbox 1765 794 1908 850; x_wconf 82' lang='lat' dir='ltr'><strong>actio</strong></span> <span class='ocrx_word' id='word_1_48' title='bbox 1951 809 1982 847; x_wconf 88' lang='lat' dir='ltr'><strong>a</strong></span> 
     </span>
    </p>
   </div>
   <div class='ocr_carea' id='block_1_9' title="bbox 401 883 1982 954">
    <p class='ocr_par' dir='ltr' id='par_1_9' title="bbox 401 883 1982 954">
     <span class='ocr_line' id='line_1_9' title="bbox 401 883 1982 954; baseline -0.004 -10"><span class='ocrx_word' id='word_1_49' title='bbox 401 887 616 944; x_wconf 74' lang='lat' dir='ltr'><strong>cunctis,</strong></span> <span class='ocrx_word' id='word_1_50' title='bbox 679 886 774 954; x_wconf 87' lang='lat' dir='ltr'><strong>qui</strong></span> <span class='ocrx_word' id='word_1_51' title='bbox 825 885 1077 949; x_wconf 86' lang='lat' dir='ltr'><strong>aderant,</strong></span> <span class='ocrx_word' id='word_1_52' title='bbox 1147 884 1477 940; x_wconf 84' lang='lat' dir='ltr'><strong>unanimiter</strong></span> <span class='ocrx_word' id='word_1_53' title='bbox 1524 884 1825 938; x_wconf 74' lang='lat' dir='ltr'><strong>exhibetur.</strong></span> <span class='ocrx_word' id='word_1_54' title='bbox 1876 883 1982 940; x_wconf 85' lang='lat' dir='ltr'><strong>Sed</strong></span> 
     </span>
    </p>
   </div>
   <div class='ocr_carea' id='block_1_10' title="bbox 403 971 1979 1044">
    <p class='ocr_par' dir='ltr' id='par_1_10' title="bbox 403 971 1979 1044">
     <span class='ocr_line' id='line_1_10' title="bbox 403 971 1979 1044; baseline -0.006 -11"><span class='ocrx_word' id='word_1_55' title='bbox 403 991 534 1033; x_wconf 90' lang='lat' dir='ltr'><strong>ecce</strong></span> <span class='ocrx_word' id='word_1_56' title='bbox 576 983 760 1044; x_wconf 87' lang='lat' dir='ltr'><strong>raptor</strong></span> <span class='ocrx_word' id='word_1_57' title='bbox 783 973 1055 1042; x_wconf 75' lang='lat' dir='ltr'><strong>negotium</strong></span> <span class='ocrx_word' id='word_1_58' title='bbox 1084 971 1260 1026; x_wconf 89' lang='lat' dir='ltr'><strong>adhuc</strong></span> <span class='ocrx_word' id='word_1_59' title='bbox 1289 987 1399 1027; x_wconf 81' lang='lat' dir='ltr'><strong>suae</strong></span> <span class='ocrx_word' id='word_1_60' title='bbox 1425 972 1794 1040; x_wconf 74' lang='lat' dir='ltr'><strong>perversitatis</strong></span> <span class='ocrx_word' id='word_1_61' title='bbox 1823 988 1979 1026; x_wconf 80' lang='lat' dir='ltr'><strong>exse-</strong></span> 
     </span>
    </p>
   </div>
   <div class='ocr_carea' id='block_1_11' title="bbox 399 1060 1984 1136">
    <p class='ocr_par' dir='ltr' id='par_1_11' title="bbox 399 1060 1984 1136">
     <span class='ocr_line' id='line_1_11' title="bbox 399 1060 1984 1136; baseline 0 -18"><span class='ocrx_word' id='word_1_62' title='bbox 399 1065 608 1136; x_wconf 83' lang='lat' dir='ltr'><strong>quitur,</strong></span> <span class='ocrx_word' id='word_1_63' title='bbox 633 1071 692 1119; x_wconf 68' lang='grc' dir='ltr'>ει</span> <span class='ocrx_word' id='word_1_64' title='bbox 718 1062 953 1132; x_wconf 63' lang='lat' dir='ltr'><strong>praefata:</strong></span> <span class='ocrx_word' id='word_1_65' title='bbox 974 1061 1207 1126; x_wconf 80' lang='lat' dir='ltr'><strong>mulieri,</strong></span> <span class='ocrx_word' id='word_1_66' title='bbox 1237 1062 1340 1120; x_wconf 86' lang='lat' dir='ltr'><strong>nisi</strong></span> <span class='ocrx_word' id='word_1_67' title='bbox 1368 1062 1758 1119; x_wconf 85' lang='lat' dir='ltr'><strong>munimentum</strong></span> <span class='ocrx_word' id='word_1_68' title='bbox 1793 1060 1984 1118; x_wconf 79' lang='lat' dir='ltr'><strong>redde-</strong></span> 
     </span>
    </p>
   </div>
   <div class='ocr_carea' id='block_1_12' title="bbox 403 1154 1986 1233">
    <p class='ocr_par' dir='ltr' id='par_1_12' title="bbox 403 1154 1986 1233">
     <span class='ocr_line' id='line_1_12' title="bbox 403 1154 1986 1233; baseline -0.004 -22"><span class='ocrx_word' id='word_1_69' title='bbox 403 1163 506 1220; x_wconf 90' lang='lat' dir='ltr'><strong>ret,</strong></span> <span class='ocrx_word' id='word_1_70' title='bbox 533 1154 861 1233; x_wconf 84' lang='lat' dir='ltr'><strong>supplicium</strong></span> <span class='ocrx_word' id='word_1_71' title='bbox 893 1155 1273 1210; x_wconf 81' lang='lat' dir='ltr'><strong>comminatur.</strong></span> <span class='ocrx_word' id='word_1_72' title='bbox 1319 1154 1419 1219; x_wconf 82' lang='lat' dir='ltr'><strong>Qui</strong></span> <span class='ocrx_word' id='word_1_73' title='bbox 1447 1163 1624 1212; x_wconf 91' lang='lat' dir='ltr'><strong>tamen</strong></span> <span class='ocrx_word' id='word_1_74' title='bbox 1651 1168 1774 1208; x_wconf 78' lang='lat' dir='ltr'><strong>mox</strong></span> <span class='ocrx_word' id='word_1_75' title='bbox 1813 1163 1871 1205; x_wconf 91' lang='lat' dir='ltr'><strong>ut</strong></span> <span class='ocrx_word' id='word_1_76' title='bbox 1899 1167 1986 1206; x_wconf 86' lang='lat' dir='ltr'><strong>se-</strong></span> 
     </span>
    </p>
   </div>
   <div class='ocr_carea' id='block_1_13' title="bbox 403 1242 1984 1308">
    <p class='ocr_par' dir='ltr' id='par_1_13' title="bbox 403 1242 1984 1308">
     <span class='ocr_line' id='line_1_13' title="bbox 403 1242 1984 1308; baseline -0.004 -6"><span class='ocrx_word' id='word_1_77' title='bbox 403 1247 576 1302; x_wconf 90' lang='lat' dir='ltr'><strong>curim</strong></span> <span class='ocrx_word' id='word_1_78' title='bbox 607 1255 712 1300; x_wconf 85' lang='lat' dir='ltr'><strong>tam</strong></span> <span class='ocrx_word' id='word_1_79' title='bbox 743 1245 1066 1301; x_wconf 86' lang='lat' dir='ltr'><strong>mirabiliter</strong></span> <span class='ocrx_word' id='word_1_80' title='bbox 1098 1245 1364 1300; x_wconf 88' lang='lat' dir='ltr'><strong>redditam</strong></span> <span class='ocrx_word' id='word_1_81' title='bbox 1405 1245 1612 1308; x_wconf 86' lang='lat' dir='ltr'><strong>didicit,</strong></span> <span class='ocrx_word' id='word_1_82' title='bbox 1643 1242 1902 1298; x_wconf 80' lang='lat' dir='ltr'><strong>confusus</strong></span> <span class='ocrx_word' id='word_1_83' title='bbox 1929 1251 1984 1297; x_wconf 90' lang='lat' dir='ltr'><strong>et</strong></span> 
     </span>
    </p>
   </div>
   <div class='ocr_carea' id='block_1_14' title="bbox 401 1336 1983 1415">
    <p class='ocr_par' dir='ltr' id='par_1_14' title="bbox 401 1336 1983 1415">
     <span class='ocr_line' id='line_1_14' title="bbox 401 1336 1983 1415; baseline -0.005 -20"><span class='ocrx_word' id='word_1_84' title='bbox 401 1338 759 1409; x_wconf 80' lang='lat' dir='ltr'><strong>stupefactus,</strong></span> <span class='ocrx_word' id='word_1_85' title='bbox 790 1338 1024 1415; x_wconf 73' lang='lat' dir='ltr'><strong>expavit,</strong></span> <span class='ocrx_word' id='word_1_86' title='bbox 1067 1338 1261 1392; x_wconf 86' lang='lat' dir='ltr'><strong>bovem</strong></span> <span class='ocrx_word' id='word_1_87' title='bbox 1301 1337 1554 1401; x_wconf 90' lang='lat' dir='ltr'><strong>reddidit,</strong></span> <span class='ocrx_word' id='word_1_88' title='bbox 1609 1336 1983 1406; x_wconf 82' lang='lat' dir='ltr'><strong>paenitentiam</strong></span> 
     </span>
    </p>
   </div>
   <div class='ocr_carea' id='block_1_15' title="bbox 403 1428 1982 1502">
    <p class='ocr_par' dir='ltr' id='par_1_15' title="bbox 403 1428 1982 1502">
     <span class='ocr_line' id='line_1_15' title="bbox 403 1428 1982 1502; baseline -0.003 -18"><span class='ocrx_word' id='word_1_89' title='bbox 403 1431 540 1502; x_wconf 77' lang='lat' dir='ltr'><strong>egit,</strong></span> <span class='ocrx_word' id='word_1_90' title='bbox 561 1439 723 1499; x_wconf 88' lang='lat' dir='ltr'><strong>atque</strong></span> <span class='ocrx_word' id='word_1_91' title='bbox 756 1444 972 1490; x_wconf 81' lang='lat' dir='ltr'><strong>omnem</strong></span> <span class='ocrx_word' id='word_1_92' title='bbox 1002 1429 1301 1498; x_wconf 85' lang='lat' dir='ltr'><strong>querelam,</strong></span> <span class='ocrx_word' id='word_1_93' title='bbox 1330 1444 1492 1502; x_wconf 81' lang='lat' dir='ltr'><strong>quam</strong></span> <span class='ocrx_word' id='word_1_94' title='bbox 1528 1437 1751 1483; x_wconf 86' lang='lat' dir='ltr'><strong>eatenus</strong></span> <span class='ocrx_word' id='word_1_95' title='bbox 1788 1428 1982 1481; x_wconf 88' lang='lat' dir='ltr'><strong>adver-</strong></span> 
     </span>
    </p>
   </div>
   <div class='ocr_carea' id='block_1_16' title="bbox 406 1517 1896 1586">
    <p class='ocr_par' dir='ltr' id='par_1_16' title="bbox 406 1517 1896 1586">
     <span class='ocr_line' id='line_1_16' title="bbox 406 1517 1896 1586; baseline -0.004 -11"><span class='ocrx_word' id='word_1_96' title='bbox 406 1536 506 1576; x_wconf 83' lang='lat' dir='ltr'><strong>sus</strong></span> <span class='ocrx_word' id='word_1_97' title='bbox 545 1534 672 1576; x_wconf 85' lang='lat' dir='ltr'><strong>eam</strong></span> <span class='ocrx_word' id='word_1_98' title='bbox 696 1519 984 1584; x_wconf 79' lang='lat' dir='ltr'><strong>habuerat,</strong></span> <span class='ocrx_word' id='word_1_99' title='bbox 1020 1520 1204 1576; x_wconf 84' lang='lat' dir='ltr'><strong>sedata</strong></span> <span class='ocrx_word' id='word_1_100' title='bbox 1234 1519 1402 1572; x_wconf 88' lang='lat' dir='ltr'><strong>animi</strong></span> <span class='ocrx_word' id='word_1_101' title='bbox 1431 1519 1648 1578; x_wconf 86' lang='lat' dir='ltr'><strong>feritate</strong></span> <span class='ocrx_word' id='word_1_102' title='bbox 1681 1517 1896 1586; x_wconf 85' lang='lat' dir='ltr'><strong>sopivit.</strong></span> 
     </span>
    </p>
   </div>
   <div class='ocr_carea' id='block_1_17' title="bbox 476 1606 1985 1682">
    <p class='ocr_par' dir='ltr' id='par_1_17' title="bbox 476 1606 1985 1682">
     <span class='ocr_line' id='line_1_17' title="bbox 476 1606 1985 1682; baseline -0.005 -15"><span class='ocrx_word' id='word_1_103' title='bbox 476 1611 746 1667; x_wconf 68' lang='lat' dir='ltr'><strong>Praeterea</strong></span> <span class='ocrx_word' id='word_1_104' title='bbox 773 1609 1065 1665; x_wconf 87' lang='lat' dir='ltr'><strong>duodecim</strong></span> <span class='ocrx_word' id='word_1_105' title='bbox 1086 1607 1240 1664; x_wconf 79' lang='lat' dir='ltr'><strong>fures</strong></span> <span class='ocrx_word' id='word_1_106' title='bbox 1278 1609 1508 1666; x_wconf 84' lang='lat' dir='ltr'><strong>invicem</strong></span> <span class='ocrx_word' id='word_1_107' title='bbox 1536 1608 1905 1682; x_wconf 82' lang='lat' dir='ltr'><strong>conspirantes</strong></span> <span class='ocrx_word' id='word_1_108' title='bbox 1931 1606 1985 1660; x_wconf 91' lang='lat' dir='ltr'><strong>in</strong></span> 
     </span>
    </p>
   </div>
   <div class='ocr_carea' id='block_1_18' title="bbox 409 1699 1980 1777">
    <p class='ocr_par' dir='ltr' id='par_1_18' title="bbox 409 1699 1980 1777">
     <span class='ocr_line' id='line_1_18' title="bbox 409 1699 1980 1777; baseline -0.005 -19"><span class='ocrx_word' id='word_1_109' title='bbox 409 1704 628 1760; x_wconf 87' lang='lat' dir='ltr'><strong>domum</strong></span> <span class='ocrx_word' id='word_1_110' title='bbox 659 1701 936 1777; x_wconf 75' lang='lat' dir='ltr'><strong>cujusdam</strong></span> <span class='ocrx_word' id='word_1_111' title='bbox 997 1701 1187 1768; x_wconf 79' lang='lat' dir='ltr'><strong>rustici</strong></span> <span class='ocrx_word' id='word_1_112' title='bbox 1231 1701 1502 1756; x_wconf 83' lang='lat' dir='ltr'><strong>hostiliter</strong></span> <span class='ocrx_word' id='word_1_113' title='bbox 1543 1702 1832 1764; x_wconf 86' lang='lat' dir='ltr'><strong>irrueruut.</strong></span> <span class='ocrx_word' id='word_1_114' title='bbox 1881 1699 1980 1773; x_wconf 84' lang='lat' dir='ltr'><strong>Qui</strong></span> 
     </span>
    </p>
   </div>
   <div class='ocr_carea' id='block_1_19' title="bbox 2083 526 3651 599">
    <p class='ocr_par' dir='ltr' id='par_1_19' title="bbox 2083 526 3651 599">
     <span class='ocr_line' id='line_1_19' title="bbox 2083 526 3651 599; baseline 0.001 -17"><span class='ocrx_word' id='word_1_115' title='bbox 2083 528 2245 582; x_wconf 67' lang='lat' dir='ltr'><strong>clarae</strong></span> <span class='ocrx_word' id='word_1_116' title='bbox 2286 527 2443 599; x_wconf 78' lang='lat'><strong>183</strong></span> <span class='ocrx_word' id='word_1_117' title='bbox 2491 526 2800 584; x_wconf 80' lang='lat' dir='ltr'><strong>festivitatis</strong></span> <span class='ocrx_word' id='word_1_118' title='bbox 2833 529 2928 584; x_wconf 90' lang='lat' dir='ltr'><strong>die.</strong></span> <span class='ocrx_word' id='word_1_119' title='bbox 2956 530 3319 598; x_wconf 71' lang='lat' dir='ltr'><strong>irreverenter</strong></span> <span class='ocrx_word' id='word_1_120' title='bbox 3345 533 3651 597; x_wconf 85' lang='lat' dir='ltr'><strong>abutentes,</strong></span> 
     </span>
    </p>
   </div>
   <div class='ocr_carea' id='block_1_20' title="bbox 2083 621 3654 688">
    <p class='ocr_par' dir='ltr' id='par_1_20' title="bbox 2083 621 3654 688">
     <span class='ocr_line' id='line_1_20' title="bbox 2083 621 3654 688; baseline 0.006 -16"><span class='ocrx_word' id='word_1_121' title='bbox 2083 629 2366 688; x_wconf 72' lang='lat' dir='ltr'><strong>cmperunt</strong></span> <span class='ocrx_word' id='word_1_122' title='bbox 2395 635 2517 674; x_wconf 91' lang='lat' dir='ltr'><strong>cum</strong></span> <span class='ocrx_word' id='word_1_123' title='bbox 2549 622 2662 675; x_wconf 90' lang='lat' dir='ltr'><strong>suis</strong></span> <span class='ocrx_word' id='word_1_124' title='bbox 2695 621 3025 678; x_wconf 87' lang='lat' dir='ltr'><strong>mulierculis</strong></span> <span class='ocrx_word' id='word_1_125' title='bbox 3067 638 3172 678; x_wconf 91' lang='lat' dir='ltr'><strong>non</strong></span> <span class='ocrx_word' id='word_1_126' title='bbox 3213 625 3372 679; x_wconf 91' lang='lat' dir='ltr'><strong>modo</strong></span> <span class='ocrx_word' id='word_1_127' title='bbox 3401 626 3654 687; x_wconf 78' lang='lat' dir='ltr'><strong>textrinis</strong></span> 
     </span>
    </p>
   </div>
   <div class='ocr_carea' id='block_1_21' title="bbox 2081 711 3653 781">
    <p class='ocr_par' dir='ltr' id='par_1_21' title="bbox 2081 711 3653 781">
     <span class='ocr_line' id='line_1_21' title="bbox 2081 711 3653 781; baseline 0.006 -17"><span class='ocrx_word' id='word_1_128' title='bbox 2081 711 2336 780; x_wconf 82' lang='lat' dir='ltr'><strong>operibus</strong></span> <span class='ocrx_word' id='word_1_129' title='bbox 2361 713 2622 774; x_wconf 77' lang='lat' dir='ltr'><strong>audacter</strong></span> <span class='ocrx_word' id='word_1_130' title='bbox 2660 713 2934 779; x_wconf 81' lang='lat' dir='ltr'><strong>insistere,</strong></span> <span class='ocrx_word' id='word_1_131' title='bbox 2966 731 3153 772; x_wconf 87' lang='lat' dir='ltr'><strong>verum</strong></span> <span class='ocrx_word' id='word_1_132' title='bbox 3183 717 3348 776; x_wconf 82' lang='lat' dir='ltr'><strong>etiam</strong></span> <span class='ocrx_word' id='word_1_133' title='bbox 3377 720 3653 781; x_wconf 79' lang='lat' dir='ltr'><strong>ruralibus</strong></span> 
     </span>
    </p>
   </div>
   <div class='ocr_carea' id='block_1_22' title="bbox 2081 799 3652 873">
    <p class='ocr_par' dir='ltr' id='par_1_22' title="bbox 2081 799 3652 873">
     <span class='ocr_line' id='line_1_22' title="bbox 2081 799 3652 873; baseline 0.006 -21"><span class='ocrx_word' id='word_1_134' title='bbox 2081 799 2356 862; x_wconf 76' lang='lat' dir='ltr'><strong>exercitiis</strong></span> <span class='ocrx_word' id='word_1_135' title='bbox 2386 800 2608 856; x_wconf 88' lang='lat' dir='ltr'><strong>liberius</strong></span> <span class='ocrx_word' id='word_1_136' title='bbox 2629 803 2898 864; x_wconf 82' lang='lat' dir='ltr'><strong>insudare.</strong></span> <span class='ocrx_word' id='word_1_137' title='bbox 2926 804 3030 859; x_wconf 86' lang='lat' dir='ltr'><strong>Sed</strong></span> <span class='ocrx_word' id='word_1_138' title='bbox 3057 807 3303 873; x_wconf 74' lang='lat' dir='ltr'><strong>protinus</strong></span> <span class='ocrx_word' id='word_1_139' title='bbox 3330 809 3391 868; x_wconf 88' lang='lat' dir='ltr'><strong>in,</strong></span> <span class='ocrx_word' id='word_1_140' title='bbox 3410 824 3502 866; x_wconf 88' lang='lat' dir='ltr'><strong>eos</strong></span> <span class='ocrx_word' id='word_1_141' title='bbox 3526 825 3652 865; x_wconf 66' lang='lat' dir='ltr'><strong>seu-</strong></span> 
     </span>
    </p>
   </div>
   <div class='ocr_carea' id='block_1_23' title="bbox 2084 890 3653 968">
    <p class='ocr_par' dir='ltr' id='par_1_23' title="bbox 2084 890 3653 968">
     <span class='ocr_line' id='line_1_23' title="bbox 2084 890 3653 968; baseline 0.009 -26"><span class='ocrx_word' id='word_1_142' title='bbox 2084 890 2249 942; x_wconf 87' lang='lat' dir='ltr'><strong>tentia</strong></span> <span class='ocrx_word' id='word_1_143' title='bbox 2276 891 2471 945; x_wconf 71' lang='lat' dir='ltr'><strong>divinae</strong></span> <span class='ocrx_word' id='word_1_144' title='bbox 2501 893 2985 956; x_wconf 81' lang='lat' dir='ltr'><strong>animadversionis</strong></span> <span class='ocrx_word' id='word_1_145' title='bbox 3014 897 3320 960; x_wconf 73' lang='lat' dir='ltr'><strong>ulciscitur,</strong></span> <span class='ocrx_word' id='word_1_146' title='bbox 3351 908 3404 952; x_wconf 88' lang='lat' dir='ltr'><strong>et</strong></span> <span class='ocrx_word' id='word_1_147' title='bbox 3431 900 3653 968; x_wconf 79' lang='lat' dir='ltr'><strong>flagellis</strong></span> 
     </span>
    </p>
   </div>
   <div class='ocr_carea' id='block_1_24' title="bbox 2081 982 3654 1058">
    <p class='ocr_par' dir='ltr' id='par_1_24' title="bbox 2081 982 3654 1058">
     <span class='ocr_line' id='line_1_24' title="bbox 2081 982 3654 1058; baseline 0.006 -23"><span class='ocrx_word' id='word_1_148' title='bbox 2081 982 2279 1036; x_wconf 88' lang='lat' dir='ltr'><strong>eruditi</strong></span> <span class='ocrx_word' id='word_1_149' title='bbox 2311 983 2374 1041; x_wconf 86' lang='lat' dir='ltr'><strong>ad</strong></span> <span class='ocrx_word' id='word_1_150' title='bbox 2409 998 2502 1040; x_wconf 90' lang='lat' dir='ltr'><strong>cor</strong></span> <span class='ocrx_word' id='word_1_151' title='bbox 2531 986 2774 1044; x_wconf 86' lang='lat' dir='ltr'><strong>redeunt.</strong></span> <span class='ocrx_word' id='word_1_152' title='bbox 2819 986 2914 1053; x_wconf 85' lang='lat' dir='ltr'><strong>qui</strong></span> <span class='ocrx_word' id='word_1_153' title='bbox 2941 1002 3037 1045; x_wconf 79' lang='lat' dir='ltr'><strong>cor</strong></span> <span class='ocrx_word' id='word_1_154' title='bbox 3060 988 3264 1047; x_wconf 66' lang='lat' dir='ltr'><strong>habere</strong></span> <span class='ocrx_word' id='word_1_155' title='bbox 3296 989 3654 1058; x_wconf 81' lang='lat' dir='ltr'><strong>inprosperi-</strong></span> 
     </span>
    </p>
   </div>
   <div class='ocr_carea' id='block_1_25' title="bbox 2086 1073 3657 1148">
    <p class='ocr_par' dir='ltr' id='par_1_25' title="bbox 2086 1073 3657 1148">
     <span class='ocr_line' id='line_1_25' title="bbox 2086 1073 3657 1148; baseline 0.004 -21"><span class='ocrx_word' id='word_1_156' title='bbox 2086 1081 2192 1132; x_wconf 89' lang='lat' dir='ltr'><strong>tate</strong></span> <span class='ocrx_word' id='word_1_157' title='bbox 2224 1074 2532 1132; x_wconf 87' lang='lat' dir='ltr'><strong>noluerunt.</strong></span> <span class='ocrx_word' id='word_1_158' title='bbox 2565 1073 2634 1130; x_wconf 92' lang='lat' dir='ltr'><strong>Ut</strong></span> <span class='ocrx_word' id='word_1_159' title='bbox 2657 1077 2736 1130; x_wconf 90' lang='lat' dir='ltr'><strong>eis</strong></span> <span class='ocrx_word' id='word_1_160' title='bbox 2779 1077 3058 1144; x_wconf 74' lang='lat' dir='ltr'><strong>aptissime</strong></span> <span class='ocrx_word' id='word_1_161' title='bbox 3082 1094 3391 1148; x_wconf 68' lang='lat' dir='ltr'><strong>congruere.</strong></span> <span class='ocrx_word' id='word_1_162' title='bbox 3414 1081 3657 1135; x_wconf 85' lang='lat' dir='ltr'><strong>videatur</strong></span> 
     </span>
    </p>
   </div>
   <div class='ocr_carea' id='block_1_26' title="bbox 2083 1150 3654 1240">
    <p class='ocr_par' dir='ltr' id='par_1_26' title="bbox 2083 1150 3654 1240">
     <span class='ocr_line' id='line_1_26' title="bbox 2083 1150 3654 1240; baseline -0.003 -20"><span class='ocrx_word' id='word_1_163' title='bbox 2083 1165 2224 1234; x_wconf 91' lang='lat' dir='ltr'><strong>quod</strong></span> <span class='ocrx_word' id='word_1_164' title='bbox 2255 1181 2350 1234; x_wconf 85' lang='lat' dir='ltr'><strong>per</strong></span> <span class='ocrx_word' id='word_1_165' title='bbox 2377 1169 2693 1234; x_wconf 86' lang='lat' dir='ltr'><strong>prophetam</strong></span> <span class='ocrx_word' id='word_1_166' title='bbox 2739 1168 2936 1227; x_wconf 82' lang='lat' dir='ltr'><strong>dicitur</strong></span> <span class='ocrx_word' id='word_1_167' title='bbox 2973 1187 2986 1222; x_wconf 87' lang='lat'><strong>:</strong></span> <span class='ocrx_word' id='word_1_168' title='bbox 3040 1190 3056 1218; x_wconf 75' lang='grc' dir='ltr'><strong>ε</strong></span> <span class='ocrx_word' id='word_1_169' title='bbox 3087 1168 3301 1235; x_wconf 70' lang='lat' dir='ltr'><strong>Redite,</strong></span> <span class='ocrx_word' id='word_1_170' title='bbox 3332 1150 3654 1240; x_wconf 58' lang='grc' dir='ltr'><strong>μτωγειιηξράρ</strong></span> 
     </span>
    </p>
   </div>
   <div class='ocr_carea' id='block_1_27' title="bbox 2085 1257 3656 1328">
    <p class='ocr_par' dir='ltr' id='par_1_27' title="bbox 2085 1257 3656 1328">
     <span class='ocr_line' id='line_1_27' title="bbox 2085 1257 3656 1328; baseline 0.005 -20"><span class='ocrx_word' id='word_1_171' title='bbox 2085 1264 2249 1322; x_wconf 84' lang='lat' dir='ltr'><strong>tores,</strong></span> <span class='ocrx_word' id='word_1_172' title='bbox 2277 1257 2348 1313; x_wconf 88' lang='lat' dir='ltr'><strong>ad</strong></span> <span class='ocrx_word' id='word_1_173' title='bbox 2387 1272 2482 1311; x_wconf 90' lang='lat' dir='ltr'><strong>eor</strong></span> <span class='ocrx_word' id='word_1_174' title='bbox 2513 1257 2647 1326; x_wconf 76' lang='lat' dir='ltr'><strong>(Isa.</strong></span> <span class='ocrx_word' id='word_1_175' title='bbox 2683 1257 2850 1328; x_wconf 67' lang='lat' dir='ltr'><strong>XLVI).</strong></span> <span class='ocrx_word' id='word_1_176' title='bbox 2903 1277 2922 1316; x_wconf 68' lang='grc' dir='ltr'><em>ι</em></span> <span class='ocrx_word' id='word_1_177' title='bbox 2957 1258 3088 1315; x_wconf 89' lang='lat' dir='ltr'><strong>Illud</strong></span> <span class='ocrx_word' id='word_1_178' title='bbox 3119 1260 3285 1326; x_wconf 75' lang='lat' dir='ltr'><strong>etiam</strong></span> <span class='ocrx_word' id='word_1_179' title='bbox 3312 1277 3326 1314; x_wconf 90' lang='lat'><strong>:</strong></span> <span class='ocrx_word' id='word_1_180' title='bbox 3357 1281 3374 1314; x_wconf 82' lang='grc'><strong>‹</strong></span> <span class='ocrx_word' id='word_1_181' title='bbox 3405 1261 3470 1316; x_wconf 82' lang='lat' dir='ltr'><strong>Et</strong></span> <span class='ocrx_word' id='word_1_182' title='bbox 3511 1277 3656 1319; x_wconf 88' lang='lat' dir='ltr'><strong>nunc</strong></span> 
     </span>
    </p>
   </div>
   <div class='ocr_carea' id='block_1_28' title="bbox 2084 1347 3658 1420">
    <p class='ocr_par' dir='ltr' id='par_1_28' title="bbox 2084 1347 3658 1420">
     <span class='ocr_line' id='line_1_28' title="bbox 2084 1347 3658 1420; baseline 0.003 -19"><span class='ocrx_word' id='word_1_183' title='bbox 2084 1348 2224 1420; x_wconf 81' lang='lat' dir='ltr'><strong>ignis</strong></span> <span class='ocrx_word' id='word_1_184' title='bbox 2251 1348 2604 1406; x_wconf 79' lang='lat' dir='ltr'><strong>adversar-ius.</strong></span> <span class='ocrx_word' id='word_1_185' title='bbox 2626 1350 2914 1407; x_wconf 81' lang='lat' dir='ltr'><strong>consumit.</strong></span> <span class='ocrx_word' id='word_1_186' title='bbox 2947 1368 2966 1400; x_wconf 73' lang='grc' dir='ltr'><strong><em>ι</em></strong></span> <span class='ocrx_word' id='word_1_187' title='bbox 3002 1347 3137 1407; x_wconf 80' lang='lat' dir='ltr'><strong>Nam</strong></span> <span class='ocrx_word' id='word_1_188' title='bbox 3178 1365 3331 1407; x_wconf 87' lang='lat' dir='ltr'><strong>casas</strong></span> <span class='ocrx_word' id='word_1_189' title='bbox 3355 1367 3541 1406; x_wconf 76' lang='lat' dir='ltr'><strong>eorum</strong></span> <span class='ocrx_word' id='word_1_190' title='bbox 3571 1367 3658 1406; x_wconf 81' lang='lat' dir='ltr'><strong>rc—</strong></span> 
     </span>
    </p>
   </div>
   <div class='ocr_carea' id='block_1_29' title="bbox 2084 1435 3659 1508">
    <p class='ocr_par' dir='ltr' id='par_1_29' title="bbox 2084 1435 3659 1508">
     <span class='ocr_line' id='line_1_29' title="bbox 2084 1435 3659 1508; baseline 0.003 -15"><span class='ocrx_word' id='word_1_191' title='bbox 2084 1445 2245 1506; x_wconf 86' lang='lat' dir='ltr'><strong>pente</strong></span> <span class='ocrx_word' id='word_1_192' title='bbox 2292 1435 2508 1498; x_wconf 64' lang='lat' dir='ltr'><strong>“annua</strong></span> <span class='ocrx_word' id='word_1_193' title='bbox 2551 1439 2812 1507; x_wconf 86' lang='lat' dir='ltr'><strong>corripuit</strong></span> <span class='ocrx_word' id='word_1_194' title='bbox 2836 1479 2854 1503; x_wconf 89' lang='lat'><strong>,</strong></span> <span class='ocrx_word' id='word_1_195' title='bbox 2895 1448 3106 1498; x_wconf 83' lang='lat' dir='ltr'><strong>etnon</strong></span> <span class='ocrx_word' id='word_1_196' title='bbox 3141 1441 3314 1508; x_wconf 80' lang='lat' dir='ltr'><strong>solum</strong></span> <span class='ocrx_word' id='word_1_197' title='bbox 3365 1441 3659 1497; x_wconf 86' lang='lat' dir='ltr'><strong>domestica</strong></span> 
     </span>
    </p>
   </div>
   <div class='ocr_carea' id='block_1_30' title="bbox 2084 1529 3662 1602">
    <p class='ocr_par' dir='ltr' id='par_1_30' title="bbox 2084 1529 3662 1602">
     <span class='ocr_line' id='line_1_30' title="bbox 2084 1529 3662 1602; baseline 0.003 -22"><span class='ocrx_word' id='word_1_198' title='bbox 2084 1542 2330 1596; x_wconf 66' lang='lat' dir='ltr'><strong>quaeque.</strong></span> <span class='ocrx_word' id='word_1_199' title='bbox 2357 1529 2456 1584; x_wconf 85' lang='lat' dir='ltr'><strong>sed-</strong></span> <span class='ocrx_word' id='word_1_200' title='bbox 2475 1544 2593 1597; x_wconf 69' lang='lat' dir='ltr'><strong>qua:</strong></span> <span class='ocrx_word' id='word_1_201' title='bbox 2626 1529 2677 1583; x_wconf 88' lang='lat' dir='ltr'><strong>in</strong></span> <span class='ocrx_word' id='word_1_202' title='bbox 2707 1529 2854 1598; x_wconf 85' lang='lat' dir='ltr'><strong>agris</strong></span> <span class='ocrx_word' id='word_1_203' title='bbox 2893 1539 3067 1592; x_wconf 86' lang='lat' dir='ltr'><strong>erant,</strong></span> <span class='ocrx_word' id='word_1_204' title='bbox 3097 1531 3279 1602; x_wconf 65' lang='lat' dir='ltr'><strong>omnia</strong></span> <span class='ocrx_word' id='word_1_205' title='bbox 3309 1531 3662 1601; x_wconf 74' lang='lat' dir='ltr'><strong>inexstingui-</strong></span> 
     </span>
    </p>
   </div>
   <div class='ocr_carea' id='block_1_31' title="bbox 2084 1611 3658 1687">
    <p class='ocr_par' dir='ltr' id='par_1_31' title="bbox 2084 1611 3658 1687">
     <span class='ocr_line' id='line_1_31' title="bbox 2084 1611 3658 1687; baseline 0.005 -21"><span class='ocrx_word' id='word_1_206' title='bbox 2084 1611 2284 1672; x_wconf 78' lang='lat' dir='ltr'><strong>hilibns</strong></span> <span class='ocrx_word' id='word_1_207' title='bbox 2313 1615 2524 1683; x_wconf 77' lang='lat' dir='ltr'><strong>ignibus</strong></span> <span class='ocrx_word' id='word_1_208' title='bbox 2551 1615 2933 1687; x_wconf 66' lang='lat' dir='ltr'><strong>conﬂagrauit;</strong></span> <span class='ocrx_word' id='word_1_209' title='bbox 2973 1619 3108 1674; x_wconf 83' lang='lat' dir='ltr'><strong>adeo</strong></span> <span class='ocrx_word' id='word_1_210' title='bbox 3137 1629 3198 1682; x_wconf 77' lang='lat' dir='ltr'><strong>ut</strong></span> <span class='ocrx_word' id='word_1_211' title='bbox 3230 1619 3469 1676; x_wconf 76' lang='lat' dir='ltr'><strong>infeb’ces</strong></span> <span class='ocrx_word' id='word_1_212' title='bbox 3496 1621 3574 1676; x_wconf 89' lang='lat' dir='ltr'><strong>illi</strong></span> <span class='ocrx_word' id='word_1_213' title='bbox 3607 1624 3658 1674; x_wconf 90' lang='lat' dir='ltr'><strong>in</strong></span> 
     </span>
    </p>
   </div>
   <div class='ocr_carea' id='block_1_32' title="bbox 2084 1709 3661 1776">
    <p class='ocr_par' dir='ltr' id='par_1_32' title="bbox 2084 1709 3661 1776">
     <span class='ocr_line' id='line_1_32' title="bbox 2084 1709 3661 1776; baseline 0.004 -14"><span class='ocrx_word' id='word_1_214' title='bbox 2084 1709 2347 1762; x_wconf 69' lang='lat' dir='ltr'><strong>extremis.</strong></span> <span class='ocrx_word' id='word_1_215' title='bbox 2357 1709 2465 1775; x_wconf 90' lang='lat' dir='ltr'><strong>jam</strong></span> <span class='ocrx_word' id='word_1_216' title='bbox 2481 1710 2735 1776; x_wconf 82' lang='lat' dir='ltr'><strong>periculis</strong></span> <span class='ocrx_word' id='word_1_217' title='bbox 2748 1712 3051 1775; x_wconf 86' lang='lat' dir='ltr'><strong>constituti,</strong></span> <span class='ocrx_word' id='word_1_218' title='bbox 3074 1712 3139 1764; x_wconf 87' lang='lat' dir='ltr'><strong>ad</strong></span> <span class='ocrx_word' id='word_1_219' title='bbox 3152 1727 3375 1766; x_wconf 81' lang='lat' dir='ltr'><strong>amnem</strong></span> <span class='ocrx_word' id='word_1_220' title='bbox 3391 1713 3520 1768; x_wconf 72' lang='lat' dir='ltr'><strong>hinc</strong></span> <span class='ocrx_word' id='word_1_221' title='bbox 3535 1714 3661 1768; x_wconf 88' lang='lat' dir='ltr'><strong>inde</strong></span> 
     </span>
    </p>
   </div>
   <div class='ocr_carea' id='block_1_33' title="bbox 409 1773 3662 1876">
    <p class='ocr_par' dir='ltr' id='par_1_33' title="bbox 409 1773 3662 1876">
     <span class='ocr_line' id='line_1_33' title="bbox 409 1773 3662 1876; baseline 0.004 -28"><span class='ocrx_word' id='word_1_222' title='bbox 409 1795 636 1868; x_wconf 84' lang='lat' dir='ltr'><strong>ligantes</strong></span> <span class='ocrx_word' id='word_1_223' title='bbox 663 1773 787 1858; x_wconf 86' lang='lat' dir='ltr'><strong>eum</strong></span> <span class='ocrx_word' id='word_1_224' title='bbox 815 1793 1014 1862; x_wconf 84' lang='lat' dir='ltr'><strong>primo,</strong></span> <span class='ocrx_word' id='word_1_225' title='bbox 1044 1793 1238 1852; x_wconf 80' lang='lat' dir='ltr'><strong>deinde</strong></span> <span class='ocrx_word' id='word_1_226' title='bbox 1287 1793 1454 1858; x_wconf 82' lang='lat' dir='ltr'><strong>boves</strong></span> <span class='ocrx_word' id='word_1_227' title='bbox 1488 1801 1545 1846; x_wconf 90' lang='lat' dir='ltr'><strong>et</strong></span> <span class='ocrx_word' id='word_1_228' title='bbox 1569 1800 1763 1845; x_wconf 72' lang='lat' dir='ltr'><strong>emtera</strong></span> <span class='ocrx_word' id='word_1_229' title='bbox 1786 1792 1978 1846; x_wconf 86' lang='lat' dir='ltr'><strong>domus</strong></span> <span class='ocrx_word' id='word_1_230' title='bbox 2013 1773 2052 1829; x_wconf 71' lang='grc' dir='ltr'><strong>Β</strong></span> <span class='ocrx_word' id='word_1_231' title='bbox 2087 1773 2577 1870; x_wconf 42' lang='lat' dir='ltr'><strong>contumeliae—tiu</strong></span> <span class='ocrx_word' id='word_1_232' title='bbox 2596 1803 2767 1869; x_wconf 82' lang='lat' dir='ltr'><strong>ipsum</strong></span> <span class='ocrx_word' id='word_1_233' title='bbox 2793 1803 3020 1872; x_wconf 84' lang='lat' dir='ltr'><strong>gurgitis</strong></span> <span class='ocrx_word' id='word_1_234' title='bbox 3038 1773 3249 1868; x_wconf 63' lang='lat' dir='ltr'><strong>alueum</strong></span> <span class='ocrx_word' id='word_1_235' title='bbox 3269 1820 3500 1868; x_wconf 76' lang='lat' dir='ltr'><strong>accensa</strong></span> <span class='ocrx_word' id='word_1_236' title='bbox 3516 1821 3662 1876; x_wconf 68' lang='lat' dir='ltr'><strong>quae-</strong></span> 
     </span>
    </p>
   </div>
   <div class='ocr_carea' id='block_1_34' title="bbox 406 1880 1982 1952">
    <p class='ocr_par' dir='ltr' id='par_1_34' title="bbox 406 1880 1982 1952">
     <span class='ocr_line' id='line_1_34' title="bbox 406 1880 1982 1952; baseline -0.006 -13"><span class='ocrx_word' id='word_1_237' title='bbox 406 1882 663 1949; x_wconf 81' lang='lat' dir='ltr'><strong>animalia</strong></span> <span class='ocrx_word' id='word_1_238' title='bbox 697 1881 1013 1951; x_wconf 90' lang='lat' dir='ltr'><strong>diripientes</strong></span> <span class='ocrx_word' id='word_1_239' title='bbox 1053 1882 1305 1952; x_wconf 83' lang='lat' dir='ltr'><strong>protinus.</strong></span> <span class='ocrx_word' id='word_1_240' title='bbox 1331 1881 1601 1940; x_wconf 76' lang='lat' dir='ltr'><strong>abierant.</strong></span> <span class='ocrx_word' id='word_1_241' title='bbox 1643 1880 1856 1940; x_wconf 81' lang='lat' dir='ltr'><strong>Interea</strong></span> <span class='ocrx_word' id='word_1_242' title='bbox 1896 1894 1982 1943; x_wconf 31' lang='lat' dir='ltr'><strong>ru.-</strong></span> 
     </span>
    </p>
   </div>
   <div class='ocr_carea' id='block_1_35' title="bbox 408 1967 1982 2040">
    <p class='ocr_par' dir='ltr' id='par_1_35' title="bbox 408 1967 1982 2040">
     <span class='ocr_line' id='line_1_35' title="bbox 408 1967 1982 2040; baseline -0.003 -15"><span class='ocrx_word' id='word_1_243' title='bbox 408 1973 580 2026; x_wconf 85' lang='lat' dir='ltr'><strong>stieus</strong></span> <span class='ocrx_word' id='word_1_244' title='bbox 615 1970 1039 2040; x_wconf 75' lang='lat' dir='ltr'><strong>lacrymabiliter</strong></span> <span class='ocrx_word' id='word_1_245' title='bbox 1069 1969 1494 2033; x_wconf 79' lang='lat' dir='ltr'><strong>vociferabatur,</strong></span> <span class='ocrx_word' id='word_1_246' title='bbox 1519 1978 1576 2024; x_wconf 91' lang='lat' dir='ltr'><strong>ct</strong></span> <span class='ocrx_word' id='word_1_247' title='bbox 1615 1967 1982 2040; x_wconf 78' lang='lat' dir='ltr'><strong>gemebundus</strong></span> 
     </span>
    </p>
   </div>
   <div class='ocr_carea' id='block_1_36' title="bbox 409 2057 1985 2131">
    <p class='ocr_par' dir='ltr' id='par_1_36' title="bbox 409 2057 1985 2131">
     <span class='ocr_line' id='line_1_36' title="bbox 409 2057 1985 2131; baseline -0.006 -14"><span class='ocrx_word' id='word_1_248' title='bbox 409 2061 588 2126; x_wconf 73' lang='lat' dir='ltr'><strong>aiebat</strong></span> <span class='ocrx_word' id='word_1_249' title='bbox 627 2078 642 2114; x_wconf 89' lang='lat'><strong>:</strong></span> <span class='ocrx_word' id='word_1_250' title='bbox 692 2060 836 2124; x_wconf 72' lang='lat' dir='ltr'><strong>Heu,</strong></span> <span class='ocrx_word' id='word_1_251' title='bbox 860 2067 1056 2116; x_wconf 78' lang='lat' dir='ltr'><strong>sancte</strong></span> <span class='ocrx_word' id='word_1_252' title='bbox 1089 2057 1315 2124; x_wconf 72' lang='lat' dir='ltr'><strong>Rutilus,</strong></span> <span class='ocrx_word' id='word_1_253' title='bbox 1363 2059 1544 2131; x_wconf 85' lang='lat' dir='ltr'><strong>aspice</strong></span> <span class='ocrx_word' id='word_1_254' title='bbox 1586 2059 1864 2124; x_wconf 79' lang='lat' dir='ltr'><strong>miserum,</strong></span> <span class='ocrx_word' id='word_1_255' title='bbox 1900 2071 1985 2109; x_wconf 90' lang='lat' dir='ltr'><strong>re-</strong></span> 
     </span>
    </p>
   </div>
   <div class='ocr_carea' id='block_1_37' title="bbox 409 2149 1978 2226">
    <p class='ocr_par' dir='ltr' id='par_1_37' title="bbox 409 2149 1978 2226">
     <span class='ocr_line' id='line_1_37' title="bbox 409 2149 1978 2226; baseline -0.005 -18"><span class='ocrx_word' id='word_1_256' title='bbox 409 2152 530 2210; x_wconf 83' lang='lat' dir='ltr'><strong>leva</strong></span> <span class='ocrx_word' id='word_1_257' title='bbox 561 2151 872 2216; x_wconf 81' lang='lat' dir='ltr'><strong>calamitate</strong></span> <span class='ocrx_word' id='word_1_258' title='bbox 897 2152 1238 2222; x_wconf 87' lang='lat' dir='ltr'><strong>depressum;</strong></span> <span class='ocrx_word' id='word_1_259' title='bbox 1271 2165 1370 2206; x_wconf 86' lang='lat' dir='ltr'><strong>nec</strong></span> <span class='ocrx_word' id='word_1_260' title='bbox 1397 2149 1603 2218; x_wconf 80' lang='lat' dir='ltr'><strong>placeat</strong></span> <span class='ocrx_word' id='word_1_261' title='bbox 1631 2149 1728 2206; x_wconf 75' lang='lat' dir='ltr'><strong>tibi</strong></span> <span class='ocrx_word' id='word_1_262' title='bbox 1760 2159 1822 2210; x_wconf 80' lang='lat' dir='ltr'><strong>ut</strong></span> <span class='ocrx_word' id='word_1_263' title='bbox 1849 2162 1978 2226; x_wconf 76' lang='lat' dir='ltr'><strong>pra:-</strong></span> 
     </span>
    </p>
   </div>
   <div class='ocr_carea' id='block_1_38' title="bbox 408 2238 1986 2310">
    <p class='ocr_par' dir='ltr' id='par_1_38' title="bbox 408 2238 1986 2310">
     <span class='ocr_line' id='line_1_38' title="bbox 408 2238 1986 2310; baseline -0.004 -12"><span class='ocrx_word' id='word_1_264' title='bbox 408 2242 576 2298; x_wconf 89' lang='lat' dir='ltr'><strong>dones</strong></span> <span class='ocrx_word' id='word_1_265' title='bbox 616 2250 672 2296; x_wconf 88' lang='lat' dir='ltr'><strong>et</strong></span> <span class='ocrx_word' id='word_1_266' title='bbox 691 2240 1008 2310; x_wconf 83' lang='lat' dir='ltr'><strong>nequissimi</strong></span> <span class='ocrx_word' id='word_1_267' title='bbox 1050 2240 1298 2306; x_wconf 85' lang='lat' dir='ltr'><strong>homines</strong></span> <span class='ocrx_word' id='word_1_268' title='bbox 1333 2254 1466 2294; x_wconf 64' lang='lat' dir='ltr'><strong>tuere</strong></span> <span class='ocrx_word' id='word_1_269' title='bbox 1497 2238 1827 2292; x_wconf 76' lang='lat' dir='ltr'><strong>facultatula:</strong></span> <span class='ocrx_word' id='word_1_270' title='bbox 1854 2252 1986 2307; x_wconf 75' lang='lat' dir='ltr'><strong>pau-</strong></span> 
     </span>
    </p>
   </div>
   <div class='ocr_carea' id='block_1_39' title="bbox 409 2330 1982 2408">
    <p class='ocr_par' dir='ltr' id='par_1_39' title="bbox 409 2330 1982 2408">
     <span class='ocr_line' id='line_1_39' title="bbox 409 2330 1982 2408; baseline -0.004 -18"><span class='ocrx_word' id='word_1_271' title='bbox 409 2343 621 2408; x_wconf 85' lang='lat' dir='ltr'><strong>pertate</strong></span> <span class='ocrx_word' id='word_1_272' title='bbox 639 2335 897 2397; x_wconf 83' lang='lat' dir='ltr'><strong>ditentur.</strong></span> <span class='ocrx_word' id='word_1_273' title='bbox 943 2333 1028 2388; x_wconf 88' lang='lat' dir='ltr'><strong>Ad</strong></span> <span class='ocrx_word' id='word_1_274' title='bbox 1074 2335 1214 2386; x_wconf 84' lang='lat' dir='ltr'><strong>hanc</strong></span> <span class='ocrx_word' id='word_1_275' title='bbox 1261 2331 1424 2400; x_wconf 84' lang='lat' dir='ltr'><strong>igitur</strong></span> <span class='ocrx_word' id='word_1_276' title='bbox 1467 2345 1679 2393; x_wconf 86' lang='lat' dir='ltr'><strong>vocem,</strong></span> <span class='ocrx_word' id='word_1_277' title='bbox 1705 2330 1842 2384; x_wconf 90' lang='lat' dir='ltr'><strong>mira</strong></span> <span class='ocrx_word' id='word_1_278' title='bbox 1868 2330 1982 2394; x_wconf 78' lang='lat' dir='ltr'><strong>res!</strong></span> 
     </span>
    </p>
   </div>
   <div class='ocr_carea' id='block_1_40' title="bbox 410 2419 1982 2494">
    <p class='ocr_par' dir='ltr' id='par_1_40' title="bbox 410 2419 1982 2494">
     <span class='ocr_line' id='line_1_40' title="bbox 410 2419 1982 2494; baseline -0.007 -12"><span class='ocrx_word' id='word_1_279' title='bbox 410 2441 532 2482; x_wconf 86' lang='lat' dir='ltr'><strong>cum</strong></span> <span class='ocrx_word' id='word_1_280' title='bbox 555 2424 669 2494; x_wconf 88' lang='lat' dir='ltr'><strong>jam</strong></span> <span class='ocrx_word' id='word_1_281' title='bbox 701 2432 947 2492; x_wconf 85' lang='lat' dir='ltr'><strong>raptores</strong></span> <span class='ocrx_word' id='word_1_282' title='bbox 970 2421 1220 2482; x_wconf 85' lang='lat' dir='ltr'><strong>animalia</strong></span> <span class='ocrx_word' id='word_1_283' title='bbox 1261 2425 1669 2491; x_wconf 81' lang='lat' dir='ltr'><strong>prosequentes,</strong></span> <span class='ocrx_word' id='word_1_284' title='bbox 1701 2419 1982 2486; x_wconf 72' lang='lat' dir='ltr'><strong>duodecim</strong></span> 
     </span>
    </p>
   </div>
   <div class='ocr_carea' id='block_1_41' title="bbox 410 2508 1988 2577">
    <p class='ocr_par' dir='ltr' id='par_1_41' title="bbox 410 2508 1988 2577">
     <span class='ocr_line' id='line_1_41' title="bbox 410 2508 1988 2577; baseline -0.004 -10"><span class='ocrx_word' id='word_1_285' title='bbox 410 2512 678 2572; x_wconf 80' lang='lat' dir='ltr'><strong>milliariis</strong></span> <span class='ocrx_word' id='word_1_286' title='bbox 729 2510 844 2568; x_wconf 83' lang='lat' dir='ltr'><strong>fere</strong></span> <span class='ocrx_word' id='word_1_287' title='bbox 898 2510 1246 2572; x_wconf 82' lang='lat' dir='ltr'><strong>transmiSsis,</strong></span> <span class='ocrx_word' id='word_1_288' title='bbox 1292 2509 1476 2577; x_wconf 84' lang='lat' dir='ltr'><strong>procul</strong></span> <span class='ocrx_word' id='word_1_289' title='bbox 1531 2508 1810 2571; x_wconf 87' lang='lat' dir='ltr'><strong>abi-issent,</strong></span> <span class='ocrx_word' id='word_1_290' title='bbox 1861 2521 1988 2560; x_wconf 88' lang='lat' dir='ltr'><strong>ecce</strong></span> 
     </span>
    </p>
   </div>
   <div class='ocr_carea' id='block_1_42' title="bbox 410 2595 1986 2668">
    <p class='ocr_par' dir='ltr' id='par_1_42' title="bbox 410 2595 1986 2668">
     <span class='ocr_line' id='line_1_42' title="bbox 410 2595 1986 2668; baseline -0.004 -14"><span class='ocrx_word' id='word_1_291' title='bbox 410 2613 620 2665; x_wconf 88' lang='lat' dir='ltr'><strong>omnes,</strong></span> <span class='ocrx_word' id='word_1_292' title='bbox 656 2598 746 2668; x_wconf 88' lang='lat' dir='ltr'><strong>qui</strong></span> <span class='ocrx_word' id='word_1_293' title='bbox 777 2598 969 2667; x_wconf 80' lang='lat' dir='ltr'><strong>direpti</strong></span> <span class='ocrx_word' id='word_1_294' title='bbox 1001 2595 1235 2660; x_wconf 84' lang='lat' dir='ltr'><strong>fuerant,</strong></span> <span class='ocrx_word' id='word_1_295' title='bbox 1263 2611 1472 2666; x_wconf 84' lang='lat' dir='ltr'><strong>greges,</strong></span> <span class='ocrx_word' id='word_1_296' title='bbox 1525 2595 1767 2649; x_wconf 86' lang='lat' dir='ltr'><strong>halantes</strong></span> <span class='ocrx_word' id='word_1_297' title='bbox 1792 2603 1844 2660; x_wconf 89' lang='lat' dir='ltr'><strong>et</strong></span> <span class='ocrx_word' id='word_1_298' title='bbox 1867 2610 1986 2656; x_wconf 83' lang='lat' dir='ltr'><strong>mu-</strong></span> 
     </span>
    </p>
   </div>
   <div class='ocr_carea' id='block_1_43' title="bbox 412 2683 1987 2766">
    <p class='ocr_par' dir='ltr' id='par_1_43' title="bbox 412 2683 1987 2766">
     <span class='ocr_line' id='line_1_43' title="bbox 412 2683 1987 2766; baseline -0.005 -24"><span class='ocrx_word' id='word_1_299' title='bbox 412 2689 624 2766; x_wconf 76' lang='lat' dir='ltr'><strong>gientes</strong></span> <span class='ocrx_word' id='word_1_300' title='bbox 651 2695 965 2750; x_wconf 88' lang='lat' dir='ltr'><strong>accurrunt,</strong></span> <span class='ocrx_word' id='word_1_301' title='bbox 993 2694 1046 2740; x_wconf 90' lang='lat' dir='ltr'><strong>et</strong></span> <span class='ocrx_word' id='word_1_302' title='bbox 1072 2686 1213 2740; x_wconf 89' lang='lat' dir='ltr'><strong>intra</strong></span> <span class='ocrx_word' id='word_1_303' title='bbox 1241 2684 1424 2738; x_wconf 87' lang='lat' dir='ltr'><strong>caulas</strong></span> <span class='ocrx_word' id='word_1_304' title='bbox 1446 2699 1503 2736; x_wconf 85' lang='lat' dir='ltr'><strong>se</strong></span> <span class='ocrx_word' id='word_1_305' title='bbox 1530 2683 1690 2756; x_wconf 71' lang='lat' dir='ltr'><strong>solito</strong></span> <span class='ocrx_word' id='word_1_306' title='bbox 1724 2699 1873 2736; x_wconf 88' lang='lat' dir='ltr'><strong>more</strong></span> <span class='ocrx_word' id='word_1_307' title='bbox 1901 2698 1987 2750; x_wconf 83' lang='lat' dir='ltr'><strong>re-</strong></span> 
     </span>
    </p>
   </div>
   <div class='ocr_carea' id='block_1_44' title="bbox 412 2773 1988 2858">
    <p class='ocr_par' dir='ltr' id='par_1_44' title="bbox 412 2773 1988 2858">
     <span class='ocr_line' id='line_1_44' title="bbox 412 2773 1988 2858; baseline -0.006 -25"><span class='ocrx_word' id='word_1_308' title='bbox 412 2779 635 2858; x_wconf 82' lang='lat' dir='ltr'><strong>cipiunt.</strong></span> <span class='ocrx_word' id='word_1_309' title='bbox 683 2776 882 2846; x_wconf 82' lang='lat' dir='ltr'><strong>Sicque</strong></span> <span class='ocrx_word' id='word_1_310' title='bbox 917 2777 1119 2836; x_wconf 83' lang='lat' dir='ltr'><strong>factum</strong></span> <span class='ocrx_word' id='word_1_311' title='bbox 1148 2785 1232 2830; x_wconf 91' lang='lat' dir='ltr'><strong>est</strong></span> <span class='ocrx_word' id='word_1_312' title='bbox 1283 2785 1342 2837; x_wconf 82' lang='lat' dir='ltr'><strong>ut</strong></span> <span class='ocrx_word' id='word_1_313' title='bbox 1373 2774 1467 2837; x_wconf 91' lang='lat' dir='ltr'><strong>illi,</strong></span> <span class='ocrx_word' id='word_1_314' title='bbox 1511 2789 1630 2843; x_wconf 71' lang='lat' dir='ltr'><strong>qua:</strong></span> <span class='ocrx_word' id='word_1_315' title='bbox 1661 2789 1771 2846; x_wconf 83' lang='lat' dir='ltr'><strong>prae</strong></span> <span class='ocrx_word' id='word_1_316' title='bbox 1812 2773 1988 2838; x_wconf 83' lang='lat' dir='ltr'><strong>mani-</strong></span> 
     </span>
    </p>
   </div>
   <div class='ocr_carea' id='block_1_45' title="bbox 412 2865 1988 2935">
    <p class='ocr_par' dir='ltr' id='par_1_45' title="bbox 412 2865 1988 2935">
     <span class='ocr_line' id='line_1_45' title="bbox 412 2865 1988 2935; baseline -0.008 -9"><span class='ocrx_word' id='word_1_317' title='bbox 412 2869 512 2928; x_wconf 84' lang='lat' dir='ltr'><strong>bus</strong></span> <span class='ocrx_word' id='word_1_318' title='bbox 534 2869 730 2934; x_wconf 78' lang='lat' dir='ltr'><strong>habere</strong></span> <span class='ocrx_word' id='word_1_319' title='bbox 755 2868 1094 2932; x_wconf 84' lang='lat' dir='ltr'><strong>videbantur,</strong></span> <span class='ocrx_word' id='word_1_320' title='bbox 1111 2875 1330 2935; x_wconf 89' lang='lat' dir='ltr'><strong>repente</strong></span> <span class='ocrx_word' id='word_1_321' title='bbox 1351 2865 1556 2928; x_wconf 87' lang='lat' dir='ltr'><strong>sublata</strong></span> <span class='ocrx_word' id='word_1_322' title='bbox 1581 2874 1988 2934; x_wconf 86' lang='lat' dir='ltr'><strong>congemerent;</strong></span> 
     </span>
    </p>
   </div>
   <div class='ocr_carea' id='block_1_46' title="bbox 412 2954 1995 3028">
    <p class='ocr_par' dir='ltr' id='par_1_46' title="bbox 412 2954 1995 3028">
     <span class='ocr_line' id='line_1_46' title="bbox 412 2954 1995 3028; baseline -0.007 -13"><span class='ocrx_word' id='word_1_323' title='bbox 412 2968 466 3015; x_wconf 90' lang='lat' dir='ltr'><strong>et</strong></span> <span class='ocrx_word' id='word_1_324' title='bbox 491 2959 610 3021; x_wconf 90' lang='lat' dir='ltr'><strong>iste,</strong></span> <span class='ocrx_word' id='word_1_325' title='bbox 643 2972 762 3028; x_wconf 66' lang='lat' dir='ltr'><strong>quae</strong></span> <span class='ocrx_word' id='word_1_326' title='bbox 802 2955 1049 3022; x_wconf 86' lang='lat' dir='ltr'><strong>deﬂebat,</strong></span> <span class='ocrx_word' id='word_1_327' title='bbox 1080 2955 1278 3020; x_wconf 83' lang='lat' dir='ltr'><strong>amissa</strong></span> <span class='ocrx_word' id='word_1_328' title='bbox 1307 2954 1595 3023; x_wconf 89' lang='lat' dir='ltr'><strong>recipiens,</strong></span> <span class='ocrx_word' id='word_1_329' title='bbox 1632 2954 1806 3014; x_wconf 86' lang='lat' dir='ltr'><strong>versis</strong></span> <span class='ocrx_word' id='word_1_330' title='bbox 1846 2962 1995 3008; x_wconf 84' lang='lat' dir='ltr'><strong>utro-</strong></span> 
     </span>
    </p>
   </div>
   <div class='ocr_carea' id='block_1_47' title="bbox 413 3044 1990 3122">
    <p class='ocr_par' dir='ltr' id='par_1_47' title="bbox 413 3044 1990 3122">
     <span class='ocr_line' id='line_1_47' title="bbox 413 3044 1990 3122; baseline -0.006 -15"><span class='ocrx_word' id='word_1_331' title='bbox 413 3052 576 3122; x_wconf 88' lang='lat' dir='ltr'><strong>bique</strong></span> <span class='ocrx_word' id='word_1_332' title='bbox 601 3049 813 3108; x_wconf 84' lang='lat' dir='ltr'><strong>vicibus</strong></span> <span class='ocrx_word' id='word_1_333' title='bbox 835 3049 1150 3103; x_wconf 81' lang='lat' dir='ltr'><strong>exsultaret.</strong></span> <span class='ocrx_word' id='word_1_334' title='bbox 1187 3047 1330 3102; x_wconf 82' lang='lat' dir='ltr'><strong>Visis</strong></span> <span class='ocrx_word' id='word_1_335' title='bbox 1359 3046 1541 3115; x_wconf 85' lang='lat' dir='ltr'><strong>itaque</strong></span> <span class='ocrx_word' id='word_1_336' title='bbox 1578 3053 1660 3099; x_wconf 89' lang='lat' dir='ltr'><strong>tot</strong></span> <span class='ocrx_word' id='word_1_337' title='bbox 1684 3044 1990 3106; x_wconf 87' lang='lat' dir='ltr'><strong>virtutibus,</strong></span> 
     </span>
    </p>
   </div>
   <div class='ocr_carea' id='block_1_48' title="bbox 2087 1892 3659 1964">
    <p class='ocr_par' dir='ltr' id='par_1_48' title="bbox 2087 1892 3659 1964">
     <span class='ocr_line' id='line_1_48' title="bbox 2087 1892 3659 1964; baseline 0.005 -18"><span class='ocrx_word' id='word_1_338' title='bbox 2087 1905 2190 1959; x_wconf 82' lang='lat' dir='ltr'><strong>que</strong></span> <span class='ocrx_word' id='word_1_339' title='bbox 2210 1892 2498 1959; x_wconf 73' lang='lat' dir='ltr'><strong>jaCtareut.</strong></span> <span class='ocrx_word' id='word_1_340' title='bbox 2532 1892 2644 1948; x_wconf 87' lang='lat' dir='ltr'><strong>Sed</strong></span> <span class='ocrx_word' id='word_1_341' title='bbox 2669 1904 2728 1948; x_wconf 82' lang='lat' dir='ltr'><strong>ut</strong></span> <span class='ocrx_word' id='word_1_342' title='bbox 2759 1896 3048 1964; x_wconf 80' lang='lat' dir='ltr'><strong>perspicuo.</strong></span> <span class='ocrx_word' id='word_1_343' title='bbox 3067 1897 3394 1964; x_wconf 76' lang='lat' dir='ltr'><strong>probaretur</strong></span> <span class='ocrx_word' id='word_1_344' title='bbox 3419 1898 3523 1952; x_wconf 86' lang='lat' dir='ltr'><strong>hoc</strong></span> <span class='ocrx_word' id='word_1_345' title='bbox 3549 1914 3659 1954; x_wconf 81' lang='lat' dir='ltr'><strong>non</strong></span> 
     </span>
    </p>
   </div>
   <div class='ocr_carea' id='block_1_49' title="bbox 2089 1983 3662 2058">
    <p class='ocr_par' dir='ltr' id='par_1_49' title="bbox 2089 1983 3662 2058">
     <span class='ocr_line' id='line_1_49' title="bbox 2089 1983 3662 2058; baseline 0.005 -24"><span class='ocrx_word' id='word_1_346' title='bbox 2089 1995 2296 2042; x_wconf 90' lang='lat' dir='ltr'><strong>casum,</strong></span> <span class='ocrx_word' id='word_1_347' title='bbox 2344 1988 2436 2036; x_wconf 86' lang='lat' dir='ltr'><strong>sed</strong></span> <span class='ocrx_word' id='word_1_348' title='bbox 2469 1983 2640 2037; x_wconf 84' lang='lat' dir='ltr'><strong>divini</strong></span> <span class='ocrx_word' id='word_1_349' title='bbox 2679 1984 2888 2039; x_wconf 77' lang='lat' dir='ltr'><strong>furoris</strong></span> <span class='ocrx_word' id='word_1_350' title='bbox 2922 2001 3041 2040; x_wconf 90' lang='lat' dir='ltr'><strong>esse</strong></span> <span class='ocrx_word' id='word_1_351' title='bbox 3082 1988 3364 2054; x_wconf 82' lang='lat' dir='ltr'><strong>indicium,</strong></span> <span class='ocrx_word' id='word_1_352' title='bbox 3394 1989 3662 2058; x_wconf 87' lang='lat' dir='ltr'><strong>quidquid</strong></span> 
     </span>
    </p>
   </div>
   <div class='ocr_carea' id='block_1_50' title="bbox 2093 2073 3170 2144">
    <p class='ocr_par' dir='ltr' id='par_1_50' title="bbox 2093 2073 3170 2144">
     <span class='ocr_line' id='line_1_50' title="bbox 2093 2073 3170 2144; baseline 0.006 -19"><span class='ocrx_word' id='word_1_353' title='bbox 2093 2073 2462 2142; x_wconf 86' lang='lat' dir='ltr'><strong>mergebatur,</strong></span> <span class='ocrx_word' id='word_1_354' title='bbox 2491 2075 2762 2141; x_wconf 83' lang='lat' dir='ltr'><strong>ex5tin_gui</strong></span> <span class='ocrx_word' id='word_1_355' title='bbox 2797 2092 2901 2130; x_wconf 86' lang='lat' dir='ltr'><strong>non</strong></span> <span class='ocrx_word' id='word_1_356' title='bbox 2933 2085 3170 2144; x_wconf 75' lang='lat' dir='ltr'><strong>poterat.</strong></span> 
     </span>
    </p>
   </div>
   <div class='ocr_carea' id='block_1_51' title="bbox 2155 2151 3665 2223">
    <p class='ocr_par' dir='ltr' id='par_1_51' title="bbox 2155 2151 3665 2223">
     <span class='ocr_line' id='line_1_51' title="bbox 2155 2151 3665 2223; baseline 0.001 -15"><span class='ocrx_word' id='word_1_357' title='bbox 2155 2154 2288 2214; x_wconf 83' lang='lat' dir='ltr'><strong>Miro</strong></span> <span class='ocrx_word' id='word_1_358' title='bbox 2317 2154 2497 2223; x_wconf 83' lang='lat' dir='ltr'><strong>itaque</strong></span> <span class='ocrx_word' id='word_1_359' title='bbox 2527 2153 2686 2208; x_wconf 90' lang='lat' dir='ltr'><strong>modo</strong></span> <span class='ocrx_word' id='word_1_360' title='bbox 2711 2153 3033 2208; x_wconf 86' lang='lat' dir='ltr'><strong>elementum</strong></span> <span class='ocrx_word' id='word_1_361' title='bbox 3065 2151 3195 2205; x_wconf 86' lang='lat' dir='ltr'><strong>illud</strong></span> <span class='ocrx_word' id='word_1_362' title='bbox 3233 2152 3382 2212; x_wconf 86' lang='lat' dir='ltr'><strong>vires</strong></span> <span class='ocrx_word' id='word_1_363' title='bbox 3405 2153 3488 2206; x_wconf 90' lang='lat' dir='ltr'><strong>sui</strong></span> <span class='ocrx_word' id='word_1_364' title='bbox 3525 2151 3665 2220; x_wconf 82' lang='lat' dir='ltr'><strong>juris</strong></span> 
     </span>
    </p>
   </div>
   <div class='ocr_carea' id='block_1_52' title="bbox 2083 2240 3664 2318">
    <p class='ocr_par' dir='ltr' id='par_1_52' title="bbox 2083 2240 3664 2318">
     <span class='ocr_line' id='line_1_52' title="bbox 2083 2240 3664 2318; baseline -0.001 -20"><span class='ocrx_word' id='word_1_365' title='bbox 2083 2253 2137 2298; x_wconf 88' lang='lat' dir='ltr'><strong>et</strong></span> <span class='ocrx_word' id='word_1_366' title='bbox 2165 2243 2359 2318; x_wconf 88' lang='lat' dir='ltr'><strong>partim</strong></span> <span class='ocrx_word' id='word_1_367' title='bbox 2390 2244 2606 2308; x_wconf 79' lang='lat' dir='ltr'><strong>tenebat</strong></span> <span class='ocrx_word' id='word_1_368' title='bbox 2633 2250 2689 2295; x_wconf 92' lang='lat' dir='ltr'><strong>ct</strong></span> <span class='ocrx_word' id='word_1_369' title='bbox 2722 2257 2788 2295; x_wconf 78' lang='lat' dir='ltr'><strong>ex</strong></span> <span class='ocrx_word' id='word_1_370' title='bbox 2824 2250 2980 2310; x_wconf 84' lang='lat' dir='ltr'><strong>parte</strong></span> <span class='ocrx_word' id='word_1_371' title='bbox 3006 2242 3334 2309; x_wconf 87' lang='lat' dir='ltr'><strong>perdiderat.</strong></span> <span class='ocrx_word' id='word_1_372' title='bbox 3357 2240 3490 2296; x_wconf 83' lang='lat' dir='ltr'><strong>Nam</strong></span> <span class='ocrx_word' id='word_1_373' title='bbox 3513 2252 3572 2304; x_wconf 85' lang='lat' dir='ltr'><strong>et</strong></span> <span class='ocrx_word' id='word_1_374' title='bbox 3599 2242 3664 2297; x_wconf 82' lang='lat' dir='ltr'><strong>li-</strong></span> 
     </span>
    </p>
   </div>
   <div class='ocr_carea' id='block_1_53' title="bbox 2085 2330 3665 2406">
    <p class='ocr_par' dir='ltr' id='par_1_53' title="bbox 2085 2330 3665 2406">
     <span class='ocr_line' id='line_1_53' title="bbox 2085 2330 3665 2406; baseline -0.001 -20"><span class='ocrx_word' id='word_1_375' title='bbox 2085 2334 2246 2402; x_wconf 89' lang='lat' dir='ltr'><strong>quida</strong></span> <span class='ocrx_word' id='word_1_376' title='bbox 2275 2341 2394 2386; x_wconf 90' lang='lat' dir='ltr'><strong>erat</strong></span> <span class='ocrx_word' id='word_1_377' title='bbox 2424 2348 2581 2400; x_wconf 83' lang='lat' dir='ltr'><strong>aqua,</strong></span> <span class='ocrx_word' id='word_1_378' title='bbox 2633 2340 2692 2386; x_wconf 91' lang='lat' dir='ltr'><strong>ut</strong></span> <span class='ocrx_word' id='word_1_379' title='bbox 2735 2332 2986 2385; x_wconf 88' lang='lat' dir='ltr'><strong>immersa</strong></span> <span class='ocrx_word' id='word_1_380' title='bbox 3039 2346 3264 2406; x_wconf 73' lang='lat' dir='ltr'><strong>qumque</strong></span> <span class='ocrx_word' id='word_1_381' title='bbox 3312 2330 3475 2397; x_wconf 82' lang='lat' dir='ltr'><strong>ﬂuctu</strong></span> <span class='ocrx_word' id='word_1_382' title='bbox 3514 2331 3665 2384; x_wconf 89' lang='lat' dir='ltr'><strong>dehi-</strong></span> 
     </span>
    </p>
   </div>
   <div class='ocr_carea' id='block_1_54' title="bbox 2087 2407 3665 2491">
    <p class='ocr_par' dir='ltr' id='par_1_54' title="bbox 2087 2407 3665 2491">
     <span class='ocr_line' id='line_1_54' title="bbox 2087 2407 3665 2491; baseline -0.001 -15"><span class='ocrx_word' id='word_1_383' title='bbox 2087 2432 2273 2477; x_wconf 87' lang='lat' dir='ltr'><strong>scente</strong></span> <span class='ocrx_word' id='word_1_384' title='bbox 2308 2423 2596 2491; x_wconf 90' lang='lat' dir='ltr'><strong>reciperet,</strong></span> <span class='ocrx_word' id='word_1_385' title='bbox 2629 2430 2683 2476; x_wconf 90' lang='lat' dir='ltr'><strong>et</strong></span> <span class='ocrx_word' id='word_1_386' title='bbox 2712 2422 3108 2490; x_wconf 85' lang='lat' dir='ltr'><strong>quodammodo</strong></span> <span class='ocrx_word' id='word_1_387' title='bbox 3138 2407 3362 2488; x_wconf 85' lang='lat' dir='ltr'><strong>humida</strong></span> <span class='ocrx_word' id='word_1_388' title='bbox 3386 2437 3491 2476; x_wconf 89' lang='lat' dir='ltr'><strong>non</strong></span> <span class='ocrx_word' id='word_1_389' title='bbox 3528 2431 3665 2486; x_wconf 89' lang='lat' dir='ltr'><strong>erat,</strong></span> 
     </span>
    </p>
   </div>
   <div class='ocr_carea' id='block_1_55' title="bbox 2089 2512 3670 2582">
    <p class='ocr_par' dir='ltr' id='par_1_55' title="bbox 2089 2512 3670 2582">
     <span class='ocr_line' id='line_1_55' title="bbox 2089 2512 3670 2582; baseline 0.001 -18"><span class='ocrx_word' id='word_1_390' title='bbox 2089 2521 2147 2564; x_wconf 93' lang='lat' dir='ltr'><strong>ut</strong></span> <span class='ocrx_word' id='word_1_391' title='bbox 2179 2512 2424 2565; x_wconf 86' lang='lat' dir='ltr'><strong>ardentia</strong></span> <span class='ocrx_word' id='word_1_392' title='bbox 2472 2513 2819 2582; x_wconf 83' lang='lat' dir='ltr'><strong>exstinguere</strong></span> <span class='ocrx_word' id='word_1_393' title='bbox 2862 2522 3062 2579; x_wconf 88' lang='lat' dir='ltr'><strong>posset.</strong></span> <span class='ocrx_word' id='word_1_394' title='bbox 3106 2512 3210 2566; x_wconf 86' lang='lat' dir='ltr'><strong>Sed</strong></span> <span class='ocrx_word' id='word_1_395' title='bbox 3251 2512 3386 2580; x_wconf 87' lang='lat' dir='ltr'><strong>quid</strong></span> <span class='ocrx_word' id='word_1_396' title='bbox 3431 2513 3670 2567; x_wconf 79' lang='lat' dir='ltr'><strong>minimis</strong></span> 
     </span>
    </p>
   </div>
   <div class='ocr_carea' id='block_1_56' title="bbox 2093 2601 3669 2670">
    <p class='ocr_par' dir='ltr' id='par_1_56' title="bbox 2093 2601 3669 2670">
     <span class='ocr_line' id='line_1_56' title="bbox 2093 2601 3669 2670; baseline 0 -15"><span class='ocrx_word' id='word_1_397' title='bbox 2093 2603 2374 2664; x_wconf 74' lang='lat' dir='ltr'><strong>immorer,</strong></span> <span class='ocrx_word' id='word_1_398' title='bbox 2403 2617 2524 2654; x_wconf 80' lang='lat' dir='ltr'><strong>eum</strong></span> <span class='ocrx_word' id='word_1_399' title='bbox 2577 2602 2789 2670; x_wconf 62' lang='lat' dir='ltr'><strong>et&#39;ipsa</strong></span> <span class='ocrx_word' id='word_1_400' title='bbox 2835 2603 3112 2654; x_wconf 77' lang='lat' dir='ltr'><strong>hominum</strong></span> <span class='ocrx_word' id='word_1_401' title='bbox 3161 2603 3402 2654; x_wconf 87' lang='lat' dir='ltr'><strong>membra</strong></span> <span class='ocrx_word' id='word_1_402' title='bbox 3452 2601 3669 2656; x_wconf 87' lang='lat' dir='ltr'><strong>flamma</strong></span> 
     </span>
    </p>
   </div>
   <div class='ocr_carea' id='block_1_57' title="bbox 2089 2691 3660 2762">
    <p class='ocr_par' dir='ltr' id='par_1_57' title="bbox 2089 2691 3660 2762">
     <span class='ocr_line' id='line_1_57' title="bbox 2089 2691 3660 2762; baseline -0.003 -16"><span class='ocrx_word' id='word_1_403' title='bbox 2089 2693 2375 2762; x_wconf 87' lang='lat' dir='ltr'><strong>prosiliens</strong></span> <span class='ocrx_word' id='word_1_404' title='bbox 2424 2696 2789 2760; x_wconf 74' lang='lat' dir='ltr'><strong>occupaverit,</strong></span> <span class='ocrx_word' id='word_1_405' title='bbox 2839 2702 2894 2746; x_wconf 90' lang='lat' dir='ltr'><strong>et</strong></span> <span class='ocrx_word' id='word_1_406' title='bbox 2935 2691 3312 2752; x_wconf 80' lang='lat' dir='ltr'><strong>exstinctionis</strong></span> <span class='ocrx_word' id='word_1_407' title='bbox 3363 2693 3660 2746; x_wconf 82' lang='lat' dir='ltr'><strong>reme-dium</strong></span> 
     </span>
    </p>
   </div>
   <div class='ocr_carea' id='block_1_58' title="bbox 2089 2781 3668 2852">
    <p class='ocr_par' dir='ltr' id='par_1_58' title="bbox 2089 2781 3668 2852">
     <span class='ocr_line' id='line_1_58' title="bbox 2089 2781 3668 2852; baseline -0.004 -13"><span class='ocrx_word' id='word_1_408' title='bbox 2089 2783 2352 2850; x_wconf 79' lang='lat' dir='ltr'><strong>invenire,</strong></span> <span class='ocrx_word' id='word_1_409' title='bbox 2384 2798 2706 2852; x_wconf 81' lang='lat' dir='ltr'><strong>quocunque</strong></span> <span class='ocrx_word' id='word_1_410' title='bbox 2755 2798 2816 2837; x_wconf 89' lang='lat' dir='ltr'><strong>se</strong></span> <span class='ocrx_word' id='word_1_411' title='bbox 2864 2791 3172 2846; x_wconf 80' lang='lat' dir='ltr'><strong>verterent,</strong></span> <span class='ocrx_word' id='word_1_412' title='bbox 3223 2796 3333 2834; x_wconf 86' lang='lat' dir='ltr'><strong>non</strong></span> <span class='ocrx_word' id='word_1_413' title='bbox 3382 2781 3668 2834; x_wconf 76' lang='lat' dir='ltr'><strong>valerent?</strong></span> 
     </span>
    </p>
   </div>
   <div class='ocr_carea' id='block_1_59' title="bbox 2093 2871 3672 2941">
    <p class='ocr_par' dir='ltr' id='par_1_59' title="bbox 2093 2871 3672 2941">
     <span class='ocr_line' id='line_1_59' title="bbox 2093 2871 3672 2941; baseline -0.003 -15"><span class='ocrx_word' id='word_1_414' title='bbox 2093 2872 2332 2926; x_wconf 85' lang='lat' dir='ltr'><strong>Tandem</strong></span> <span class='ocrx_word' id='word_1_415' title='bbox 2369 2873 2606 2935; x_wconf 88' lang='lat' dir='ltr'><strong>ustulati,</strong></span> <span class='ocrx_word' id='word_1_416' title='bbox 2645 2873 2906 2941; x_wconf 84' lang='lat' dir='ltr'><strong>fumigati</strong></span> <span class='ocrx_word' id='word_1_417' title='bbox 2923 2881 2977 2926; x_wconf 87' lang='lat' dir='ltr'><strong>et</strong></span> <span class='ocrx_word' id='word_1_418' title='bbox 3004 2872 3054 2926; x_wconf 88' lang='lat' dir='ltr'><strong>in</strong></span> <span class='ocrx_word' id='word_1_419' title='bbox 3085 2872 3310 2929; x_wconf 70' lang='lat' dir='ltr'><strong>modum</strong></span> <span class='ocrx_word' id='word_1_420' title='bbox 3336 2871 3498 2926; x_wconf 80' lang='lat' dir='ltr'><strong>torris</strong></span> <span class='ocrx_word' id='word_1_421' title='bbox 3525 2885 3672 2926; x_wconf 89' lang='lat' dir='ltr'><strong>com-</strong></span> 
     </span>
    </p>
   </div>
   <div class='ocr_carea' id='block_1_60' title="bbox 2093 2960 3674 3034">
    <p class='ocr_par' dir='ltr' id='par_1_60' title="bbox 2093 2960 3674 3034">
     <span class='ocr_line' id='line_1_60' title="bbox 2093 2960 3674 3034; baseline -0.002 -18"><span class='ocrx_word' id='word_1_422' title='bbox 2093 2963 2258 3027; x_wconf 89' lang='lat' dir='ltr'><strong>busti,</strong></span> <span class='ocrx_word' id='word_1_423' title='bbox 2287 2979 2406 3017; x_wconf 90' lang='lat' dir='ltr'><strong>cum</strong></span> <span class='ocrx_word' id='word_1_424' title='bbox 2439 2964 2653 3034; x_wconf 84' lang='lat' dir='ltr'><strong>magnis</strong></span> <span class='ocrx_word' id='word_1_425' title='bbox 2685 2964 2984 3024; x_wconf 68' lang='lat' dir='ltr'><strong>ululantum</strong></span> <span class='ocrx_word' id='word_1_426' title='bbox 3015 2963 3338 3018; x_wconf 83' lang='lat' dir='ltr'><strong>stridoribus</strong></span> <span class='ocrx_word' id='word_1_427' title='bbox 3363 2962 3428 3015; x_wconf 92' lang='lat' dir='ltr'><strong>ad</strong></span> <span class='ocrx_word' id='word_1_428' title='bbox 3455 2960 3514 3012; x_wconf 88' lang='grc' dir='ltr'><strong>Β.</strong></span> <span class='ocrx_word' id='word_1_429' title='bbox 3545 2961 3674 3014; x_wconf 72' lang='lat' dir='ltr'><strong>lluf-</strong></span> 
     </span>
    </p>
   </div>
   <div class='ocr_carea' id='block_1_61' title="bbox 2095 3051 3674 3129">
    <p class='ocr_par' dir='ltr' id='par_1_61' title="bbox 2095 3051 3674 3129">
     <span class='ocr_line' id='line_1_61' title="bbox 2095 3051 3674 3129; baseline -0.001 -25"><span class='ocrx_word' id='word_1_430' title='bbox 2095 3051 2186 3104; x_wconf 92' lang='lat' dir='ltr'><strong>fini</strong></span> <span class='ocrx_word' id='word_1_431' title='bbox 2219 3053 2391 3105; x_wconf 87' lang='lat' dir='ltr'><strong>altare</strong></span> <span class='ocrx_word' id='word_1_432' title='bbox 2415 3052 2751 3124; x_wconf 82' lang='lat' dir='ltr'><strong>confugiunt,</strong></span> <span class='ocrx_word' id='word_1_433' title='bbox 2785 3052 3180 3122; x_wconf 81' lang='lat' dir='ltr'><strong>indulgentiam</strong></span> <span class='ocrx_word' id='word_1_434' title='bbox 3199 3059 3414 3129; x_wconf 74' lang='lat' dir='ltr'><strong>petunt,</strong></span> <span class='ocrx_word' id='word_1_435' title='bbox 3439 3060 3490 3108; x_wconf 89' lang='lat' dir='ltr'><strong>et</strong></span> <span class='ocrx_word' id='word_1_436' title='bbox 3527 3067 3674 3104; x_wconf 85' lang='lat' dir='ltr'><strong>com—</strong></span> 
     </span>
    </p>
   </div>
   <div class='ocr_carea' id='block_1_62' title="bbox 413 3123 1992 3221">
    <p class='ocr_par' dir='ltr' id='par_1_62' title="bbox 413 3135 1992 3206">
     <span class='ocr_line' id='line_1_62' title="bbox 413 3135 1992 3206; baseline -0.007 -7"><span class='ocrx_word' id='word_1_437' title='bbox 413 3154 472 3199; x_wconf 91' lang='lat' dir='ltr'><strong>et</strong></span> <span class='ocrx_word' id='word_1_438' title='bbox 515 3153 625 3198; x_wconf 89' lang='lat' dir='ltr'><strong>tam</strong></span> <span class='ocrx_word' id='word_1_439' title='bbox 669 3141 1007 3198; x_wconf 86' lang='lat' dir='ltr'><strong>evidentibus</strong></span> <span class='ocrx_word' id='word_1_440' title='bbox 1057 3137 1441 3193; x_wconf 87' lang='lat' dir='ltr'><strong>miraculorum</strong></span> <span class='ocrx_word' id='word_1_441' title='bbox 1471 3136 1660 3206; x_wconf 87' lang='lat' dir='ltr'><strong>signis,</strong></span> <span class='ocrx_word' id='word_1_442' title='bbox 1705 3135 1992 3204; x_wconf 83' lang='lat' dir='ltr'><strong>praedictus</strong></span> 
     </span>
    </p>
   </div>
   <div class='ocr_carea' id='block_1_63' title="bbox 2094 3123 3674 3221">
    <p class='ocr_par' dir='ltr' id='par_1_63' title="bbox 2095 3123 3674 3221">
     <span class='ocr_line' id='line_1_63' title="bbox 2095 3123 3674 3221; baseline -0.002 -26"><span class='ocrx_word' id='word_1_443' title='bbox 2095 3143 2244 3198; x_wconf 88' lang='lat' dir='ltr'><strong>missi</strong></span> <span class='ocrx_word' id='word_1_444' title='bbox 2277 3144 2469 3212; x_wconf 89' lang='lat' dir='ltr'><strong>piaculi</strong></span> <span class='ocrx_word' id='word_1_445' title='bbox 2498 3123 2930 3200; x_wconf 85' lang='lat' dir='ltr'><strong>emendationem</strong></span> <span class='ocrx_word' id='word_1_446' title='bbox 2958 3145 3023 3199; x_wconf 90' lang='lat' dir='ltr'><strong>de</strong></span> <span class='ocrx_word' id='word_1_447' title='bbox 3053 3123 3255 3204; x_wconf 58' lang='grc' dir='ltr'><strong>(πρωιέο</strong></span> <span class='ocrx_word' id='word_1_448' title='bbox 3278 3157 3374 3221; x_wconf 76' lang='lat' dir='ltr'><strong>per</strong></span> <span class='ocrx_word' id='word_1_449' title='bbox 3406 3141 3674 3210; x_wconf 84' lang='lat' dir='ltr'><strong>poeniten-</strong></span> 
     </span>
    </p>
   </div>
   <div class='ocr_carea' id='block_1_64' title="bbox 417 3226 1992 3304">
    <p class='ocr_par' dir='ltr' id='par_1_64' title="bbox 417 3226 1992 3304">
     <span class='ocr_line' id='line_1_64' title="bbox 417 3226 1992 3304; baseline -0.008 -15"><span class='ocrx_word' id='word_1_450' title='bbox 417 3233 532 3304; x_wconf 90' lang='lat' dir='ltr'><strong>Ugo</strong></span> <span class='ocrx_word' id='word_1_451' title='bbox 559 3230 884 3288; x_wconf 89' lang='lat' dir='ltr'><strong>venerabilis</strong></span> <span class='ocrx_word' id='word_1_452' title='bbox 913 3228 1156 3295; x_wconf 65' lang='lat' dir='ltr'><strong>ejusdem.</strong></span> <span class='ocrx_word' id='word_1_453' title='bbox 1177 3228 1320 3286; x_wconf 87' lang='lat' dir='ltr'><strong>sedis</strong></span> <span class='ocrx_word' id='word_1_454' title='bbox 1348 3227 1590 3291; x_wconf 86' lang='lat' dir='ltr'><strong>antistes,</strong></span> <span class='ocrx_word' id='word_1_455' title='bbox 1615 3226 1681 3282; x_wconf 89' lang='lat' dir='ltr'><strong>de</strong></span> <span class='ocrx_word' id='word_1_456' title='bbox 1705 3240 1870 3295; x_wconf 88' lang='lat' dir='ltr'><strong>parva</strong></span> <span class='ocrx_word' id='word_1_457' title='bbox 1895 3227 1992 3288; x_wconf 83' lang='lat' dir='ltr'><strong>ba-</strong></span> 
     </span>
    </p>
   </div>
   <div class='ocr_carea' id='block_1_65' title="bbox 417 3316 1989 3390">
    <p class='ocr_par' dir='ltr' id='par_1_65' title="bbox 417 3316 1989 3390">
     <span class='ocr_line' id='line_1_65' title="bbox 417 3316 1989 3390; baseline -0.008 -12"><span class='ocrx_word' id='word_1_458' title='bbox 417 3323 570 3378; x_wconf 82' lang='lat' dir='ltr'><strong>silica</strong></span> <span class='ocrx_word' id='word_1_459' title='bbox 606 3323 659 3374; x_wconf 89' lang='lat' dir='ltr'><strong>in</strong></span> <span class='ocrx_word' id='word_1_460' title='bbox 691 3335 796 3390; x_wconf 86' lang='lat' dir='ltr'><strong>qua</strong></span> <span class='ocrx_word' id='word_1_461' title='bbox 833 3329 1079 3374; x_wconf 89' lang='lat' dir='ltr'><strong>sanctum</strong></span> <span class='ocrx_word' id='word_1_462' title='bbox 1107 3333 1301 3388; x_wconf 90' lang='lat' dir='ltr'><strong>corpus</strong></span> <span class='ocrx_word' id='word_1_463' title='bbox 1326 3316 1504 3372; x_wconf 80' lang='lat' dir='ltr'><strong>fuerat</strong></span> <span class='ocrx_word' id='word_1_464' title='bbox 1547 3325 1670 3370; x_wconf 89' lang='lat' dir='ltr'><strong>ante</strong></span> <span class='ocrx_word' id='word_1_465' title='bbox 1700 3324 1989 3383; x_wconf 87' lang='lat' dir='ltr'><strong>receptum,</strong></span> 
     </span>
    </p>
   </div>
   <div class='ocr_carea' id='block_1_66' title="bbox 417 3404 1992 3484">
    <p class='ocr_par' dir='ltr' id='par_1_66' title="bbox 417 3404 1992 3484">
     <span class='ocr_line' id='line_1_66' title="bbox 417 3404 1992 3484; baseline -0.009 -15"><span class='ocrx_word' id='word_1_466' title='bbox 417 3428 667 3484; x_wconf 85' lang='lat' dir='ltr'><strong>magnam</strong></span> <span class='ocrx_word' id='word_1_467' title='bbox 696 3410 1002 3466; x_wconf 81' lang='lat' dir='ltr'><strong>construxit</strong></span> <span class='ocrx_word' id='word_1_468' title='bbox 1029 3409 1332 3469; x_wconf 84' lang='lat' dir='ltr'><strong>ecclesiam,</strong></span> <span class='ocrx_word' id='word_1_469' title='bbox 1363 3417 1418 3460; x_wconf 90' lang='lat' dir='ltr'><strong>et</strong></span> <span class='ocrx_word' id='word_1_470' title='bbox 1455 3407 1612 3477; x_wconf 79' lang='lat' dir='ltr'><strong>juxta</strong></span> <span class='ocrx_word' id='word_1_471' title='bbox 1662 3404 1992 3474; x_wconf 88' lang='lat' dir='ltr'><strong>possibilita-</strong></span> 
     </span>
    </p>
   </div>
   <div class='ocr_carea' id='block_1_67' title="bbox 423 3499 1994 3576">
    <p class='ocr_par' dir='ltr' id='par_1_67' title="bbox 423 3499 1994 3576">
     <span class='ocr_line' id='line_1_67' title="bbox 423 3499 1994 3576; baseline -0.006 -16"><span class='ocrx_word' id='word_1_472' title='bbox 423 3516 528 3562; x_wconf 91' lang='lat' dir='ltr'><strong>tem</strong></span> <span class='ocrx_word' id='word_1_473' title='bbox 557 3515 802 3576; x_wconf 88' lang='lat' dir='ltr'><strong>sumptus</strong></span> <span class='ocrx_word' id='word_1_474' title='bbox 828 3520 933 3566; x_wconf 86' lang='lat' dir='ltr'><strong>non</strong></span> <span class='ocrx_word' id='word_1_475' title='bbox 962 3504 1270 3576; x_wconf 85' lang='lat' dir='ltr'><strong>ignobiliter</strong></span> <span class='ocrx_word' id='word_1_476' title='bbox 1291 3503 1592 3564; x_wconf 74' lang='lat' dir='ltr'><strong>decoravit.</strong></span> <span class='ocrx_word' id='word_1_477' title='bbox 1621 3499 1824 3563; x_wconf 84' lang='lat' dir='ltr'><strong>Deinde</strong></span> <span class='ocrx_word' id='word_1_478' title='bbox 1849 3499 1994 3558; x_wconf 83' lang='lat' dir='ltr'><strong>beati</strong></span> 
     </span>
    </p>
   </div>
   <div class='ocr_carea' id='block_1_68' title="bbox 421 3586 1996 3668">
    <p class='ocr_par' dir='ltr' id='par_1_68' title="bbox 421 3586 1996 3668">
     <span class='ocr_line' id='line_1_68' title="bbox 421 3586 1996 3668; baseline -0.006 -16"><span class='ocrx_word' id='word_1_479' title='bbox 421 3598 682 3668; x_wconf 84' lang='lat' dir='ltr'><strong>martyris</strong></span> <span class='ocrx_word' id='word_1_480' title='bbox 724 3610 922 3666; x_wconf 89' lang='lat' dir='ltr'><strong>corpus</strong></span> <span class='ocrx_word' id='word_1_481' title='bbox 981 3586 1034 3648; x_wconf 89' lang='lat' dir='ltr'><strong>in</strong></span> <span class='ocrx_word' id='word_1_482' title='bbox 1075 3593 1228 3654; x_wconf 87' lang='lat' dir='ltr'><strong>alveo</strong></span> <span class='ocrx_word' id='word_1_483' title='bbox 1272 3594 1362 3662; x_wconf 91' lang='lat' dir='ltr'><strong>qui</strong></span> <span class='ocrx_word' id='word_1_484' title='bbox 1415 3592 1725 3648; x_wconf 88' lang='lat' dir='ltr'><strong>certaminis</strong></span> <span class='ocrx_word' id='word_1_485' title='bbox 1773 3590 1996 3646; x_wconf 87' lang='lat' dir='ltr'><strong>materia</strong></span> 
     </span>
    </p>
   </div>
   <div class='ocr_carea' id='block_1_69' title="bbox 423 3682 1998 3754">
    <p class='ocr_par' dir='ltr' id='par_1_69' title="bbox 423 3682 1998 3754">
     <span class='ocr_line' id='line_1_69' title="bbox 423 3682 1998 3754; baseline -0.003 -11"><span class='ocrx_word' id='word_1_486' title='bbox 423 3689 619 3753; x_wconf 81' lang='lat' dir='ltr'><strong>fuerat,</strong></span> <span class='ocrx_word' id='word_1_487' title='bbox 664 3687 924 3752; x_wconf 88' lang='lat' dir='ltr'><strong>condidit,</strong></span> <span class='ocrx_word' id='word_1_488' title='bbox 973 3694 1028 3743; x_wconf 94' lang='lat' dir='ltr'><strong>et</strong></span> <span class='ocrx_word' id='word_1_489' title='bbox 1072 3700 1192 3742; x_wconf 88' lang='lat' dir='ltr'><strong>cum</strong></span> <span class='ocrx_word' id='word_1_490' title='bbox 1239 3699 1426 3754; x_wconf 84' lang='lat' dir='ltr'><strong>magna</strong></span> <span class='ocrx_word' id='word_1_491' title='bbox 1471 3683 1634 3742; x_wconf 81' lang='lat' dir='ltr'><strong>totius</strong></span> <span class='ocrx_word' id='word_1_492' title='bbox 1679 3682 1998 3748; x_wconf 70' lang='lat' dir='ltr'><strong>ditecesatiae</strong></span> 
     </span>
    </p>
   </div>
   <div class='ocr_carea' id='block_1_70' title="bbox 425 3774 2000 3852">
    <p class='ocr_par' dir='ltr' id='par_1_70' title="bbox 425 3774 2000 3852">
     <span class='ocr_line' id='line_1_70' title="bbox 425 3774 2000 3852; baseline -0.003 -18"><span class='ocrx_word' id='word_1_493' title='bbox 425 3779 597 3852; x_wconf 66' lang='lat' dir='ltr'><strong>plebis</strong></span> <span class='ocrx_word' id='word_1_494' title='bbox 625 3777 924 3846; x_wconf 83' lang='lat' dir='ltr'><strong>frequentia</strong></span> <span class='ocrx_word' id='word_1_495' title='bbox 957 3777 1126 3834; x_wconf 84' lang='lat' dir='ltr'><strong>altare</strong></span> <span class='ocrx_word' id='word_1_496' title='bbox 1164 3775 1393 3844; x_wconf 86' lang='lat' dir='ltr'><strong>desupe‘r</strong></span> <span class='ocrx_word' id='word_1_497' title='bbox 1422 3775 1782 3830; x_wconf 89' lang='lat' dir='ltr'><strong>consecravit.</strong></span> <span class='ocrx_word' id='word_1_498' title='bbox 1831 3774 2000 3829; x_wconf 89' lang='lat' dir='ltr'><strong>Porro</strong></span> 
     </span>
    </p>
   </div>
   <div class='ocr_carea' id='block_1_71' title="bbox 424 3865 1996 3942">
    <p class='ocr_par' dir='ltr' id='par_1_71' title="bbox 424 3865 1996 3942">
     <span class='ocr_line' id='line_1_71' title="bbox 424 3865 1996 3942; baseline -0.004 -17"><span class='ocrx_word' id='word_1_499' title='bbox 424 3879 602 3926; x_wconf 83' lang='lat' dir='ltr'><strong>autem</strong></span> <span class='ocrx_word' id='word_1_500' title='bbox 632 3869 821 3942; x_wconf 84' lang='lat' dir='ltr'><strong>quanti</strong></span> <span class='ocrx_word' id='word_1_501' title='bbox 870 3868 982 3924; x_wconf 90' lang='lat' dir='ltr'><strong>illic</strong></span> <span class='ocrx_word' id='word_1_502' title='bbox 1008 3869 1270 3938; x_wconf 57' lang='lat' dir='ltr'><strong>demittet»,</strong></span> <span class='ocrx_word' id='word_1_503' title='bbox 1295 3866 1424 3930; x_wconf 60' lang='lat' dir='ltr'><strong>caeci</strong></span> <span class='ocrx_word' id='word_1_504' title='bbox 1449 3866 1652 3926; x_wconf 85' lang='lat' dir='ltr'><strong>fuerint</strong></span> <span class='ocrx_word' id='word_1_505' title='bbox 1679 3865 1996 3930; x_wconf 85' lang='lat' dir='ltr'><strong>illuminati,</strong></span> 
     </span>
    </p>
   </div>
   <div class='ocr_carea' id='block_1_72' title="bbox 427 3957 2001 4031">
    <p class='ocr_par' dir='ltr' id='par_1_72' title="bbox 427 3957 2001 4031">
     <span class='ocr_line' id='line_1_72' title="bbox 427 3957 2001 4031; baseline -0.001 -17"><span class='ocrx_word' id='word_1_506' title='bbox 427 3961 612 4031; x_wconf 82' lang='lat' dir='ltr'><strong>quanti</strong></span> <span class='ocrx_word' id='word_1_507' title='bbox 636 3975 666 4014; x_wconf 89' lang='lat' dir='ltr'><strong>a</strong></span> <span class='ocrx_word' id='word_1_508' title='bbox 689 3960 1024 4026; x_wconf 57' lang='lat' dir='ltr'><strong>damonibus</strong></span> <span class='ocrx_word' id='word_1_509' title='bbox 1042 3959 1238 4030; x_wconf 84' lang='lat' dir='ltr'><strong>erepti,</strong></span> <span class='ocrx_word' id='word_1_510' title='bbox 1269 3960 1456 4030; x_wconf 85' lang='lat' dir='ltr'><strong>quanti</strong></span> <span class='ocrx_word' id='word_1_511' title='bbox 1483 3974 1548 4014; x_wconf 78' lang='lat' dir='ltr'><strong>ex</strong></span> <span class='ocrx_word' id='word_1_512' title='bbox 1581 3958 1744 4012; x_wconf 85' lang='lat' dir='ltr'><strong>variis</strong></span> <span class='ocrx_word' id='word_1_513' title='bbox 1781 3957 2001 4028; x_wconf 83' lang='lat' dir='ltr'><strong>languo-</strong></span> 
     </span>
    </p>
   </div>
   <div class='ocr_carea' id='block_1_73' title="bbox 431 4047 1998 4119">
    <p class='ocr_par' dir='ltr' id='par_1_73' title="bbox 431 4047 1998 4119">
     <span class='ocr_line' id='line_1_73' title="bbox 431 4047 1998 4119; baseline 0 -17"><span class='ocrx_word' id='word_1_514' title='bbox 431 4049 583 4104; x_wconf 86' lang='lat' dir='ltr'><strong>ribus</strong></span> <span class='ocrx_word' id='word_1_515' title='bbox 607 4048 839 4113; x_wconf 83' lang='lat' dir='ltr'><strong>liberati,</strong></span> <span class='ocrx_word' id='word_1_516' title='bbox 911 4047 1223 4119; x_wconf 77' lang='lat' dir='ltr'><strong>perlongum</strong></span> <span class='ocrx_word' id='word_1_517' title='bbox 1250 4056 1336 4108; x_wconf 85' lang='lat' dir='ltr'><strong>est</strong></span> <span class='ocrx_word' id='word_1_518' title='bbox 1370 4047 1456 4116; x_wconf 80' lang='lat' dir='ltr'><strong>vel</strong></span> <span class='ocrx_word' id='word_1_519' title='bbox 1498 4047 1741 4117; x_wconf 77' lang='lat' dir='ltr'><strong>apicibus</strong></span> <span class='ocrx_word' id='word_1_520' title='bbox 1767 4049 1998 4116; x_wconf 84' lang='lat' dir='ltr'><strong>tradere,</strong></span> 
     </span>
    </p>
   </div>
   <div class='ocr_carea' id='block_1_74' title="bbox 427 4136 1091 4207">
    <p class='ocr_par' dir='ltr' id='par_1_74' title="bbox 427 4136 1091 4207">
     <span class='ocr_line' id='line_1_74' title="bbox 427 4136 1091 4207; baseline 0.002 -16"><span class='ocrx_word' id='word_1_521' title='bbox 427 4137 514 4193; x_wconf 88' lang='lat' dir='ltr'><strong>vel</strong></span> <span class='ocrx_word' id='word_1_522' title='bbox 540 4151 796 4207; x_wconf 85' lang='lat' dir='ltr'><strong>sermone</strong></span> <span class='ocrx_word' id='word_1_523' title='bbox 828 4136 1091 4206; x_wconf 82' lang='lat' dir='ltr'><strong>proferre.</strong></span> 
     </span>
    </p>
   </div>
   <div class='ocr_carea' id='block_1_75' title="bbox 369 4222 2002 4299">
    <p class='ocr_par' dir='ltr' id='par_1_75' title="bbox 369 4222 2002 4299">
     <span class='ocr_line' id='line_1_75' title="bbox 369 4222 2002 4299; baseline -0.001 -17"><span class='ocrx_word' id='word_1_524' title='bbox 369 4222 382 4233; x_wconf 74' lang='grc'><strong>“</strong></span> <span class='ocrx_word' id='word_1_525' title='bbox 494 4226 599 4294; x_wconf 72' lang='lat' dir='ltr'><strong>His</strong></span> <span class='ocrx_word' id='word_1_526' title='bbox 622 4227 697 4281; x_wconf 89' lang='lat' dir='ltr'><strong>ita</strong></span> <span class='ocrx_word' id='word_1_527' title='bbox 726 4226 1031 4294; x_wconf 82' lang='lat' dir='ltr'><strong>transactis,</strong></span> <span class='ocrx_word' id='word_1_528' title='bbox 1056 4227 1222 4299; x_wconf 70' lang='lat' dir='ltr'><strong>cmpit</strong></span> <span class='ocrx_word' id='word_1_529' title='bbox 1253 4240 1358 4286; x_wconf 86' lang='lat' dir='ltr'><strong>non</strong></span> <span class='ocrx_word' id='word_1_530' title='bbox 1389 4241 1556 4298; x_wconf 88' lang='lat' dir='ltr'><strong>parva</strong></span> <span class='ocrx_word' id='word_1_531' title='bbox 1579 4225 1856 4295; x_wconf 80' lang='lat' dir='ltr'><strong>inquisitio</strong></span> <span class='ocrx_word' id='word_1_532' title='bbox 1883 4225 2002 4294; x_wconf 79' lang='lat' dir='ltr'><strong>ﬁeri</strong></span> 
     </span>
    </p>
   </div>
   <div class='ocr_carea' id='block_1_76' title="bbox 431 4314 2002 4390">
    <p class='ocr_par' dir='ltr' id='par_1_76' title="bbox 431 4314 2002 4390">
     <span class='ocr_line' id='line_1_76' title="bbox 431 4314 2002 4390; baseline -0.001 -19"><span class='ocrx_word' id='word_1_533' title='bbox 431 4332 538 4389; x_wconf 90' lang='lat' dir='ltr'><strong>quo</strong></span> <span class='ocrx_word' id='word_1_534' title='bbox 571 4318 662 4388; x_wconf 83' lang='lat' dir='ltr'><strong>die</strong></span> <span class='ocrx_word' id='word_1_535' title='bbox 718 4314 1063 4384; x_wconf 84' lang='lat' dir='ltr'><strong>invictissimi</strong></span> <span class='ocrx_word' id='word_1_536' title='bbox 1106 4316 1514 4390; x_wconf 81' lang='lat' dir='ltr'><strong>triumphatoris</strong></span> <span class='ocrx_word' id='word_1_537' title='bbox 1565 4316 1764 4374; x_wconf 85' lang='lat' dir='ltr'><strong>Christi</strong></span> <span class='ocrx_word' id='word_1_538' title='bbox 1807 4317 2002 4372; x_wconf 76' lang='lat' dir='ltr'><strong>Bullini</strong></span> 
     </span>
    </p>
   </div>
   <div class='ocr_carea' id='block_1_77' title="bbox 432 4407 2002 4480">
    <p class='ocr_par' dir='ltr' id='par_1_77' title="bbox 432 4407 2002 4480">
     <span class='ocr_line' id='line_1_77' title="bbox 432 4407 2002 4480; baseline -0.003 -15"><span class='ocrx_word' id='word_1_539' title='bbox 432 4409 652 4476; x_wconf 81' lang='lat' dir='ltr'><strong>deberet</strong></span> <span class='ocrx_word' id='word_1_540' title='bbox 677 4409 1000 4480; x_wconf 68' lang='lat' dir='ltr'><strong>martyrium,</strong></span> <span class='ocrx_word' id='word_1_541' title='bbox 1020 4408 1306 4479; x_wconf 84' lang='lat' dir='ltr'><strong>celebrari.</strong></span> <span class='ocrx_word' id='word_1_542' title='bbox 1349 4407 1533 4464; x_wconf 88' lang='lat' dir='ltr'><strong>Nullis.</strong></span> <span class='ocrx_word' id='word_1_543' title='bbox 1563 4407 1832 4476; x_wconf 88' lang='lat' dir='ltr'><strong>siquidem</strong></span> <span class='ocrx_word' id='word_1_544' title='bbox 1861 4408 2002 4476; x_wconf 90' lang='lat' dir='ltr'><strong>apud</strong></span> 
     </span>
    </p>
   </div>
   <div class='ocr_carea' id='block_1_78' title="bbox 431 4497 2005 4566">
    <p class='ocr_par' dir='ltr' id='par_1_78' title="bbox 431 4497 2005 4566">
     <span class='ocr_line' id='line_1_78' title="bbox 431 4497 2005 4566; baseline -0.003 -12"><span class='ocrx_word' id='word_1_545' title='bbox 431 4515 526 4560; x_wconf 81' lang='lat' dir='ltr'><strong>eos</strong></span> <span class='ocrx_word' id='word_1_546' title='bbox 551 4500 888 4560; x_wconf 80' lang='lat' dir='ltr'><strong>exstantibus</strong></span> <span class='ocrx_word' id='word_1_547' title='bbox 909 4499 1152 4566; x_wconf 75' lang='lat' dir='ltr'><strong>historiae</strong></span> <span class='ocrx_word' id='word_1_548' title='bbox 1171 4498 1540 4566; x_wconf 82' lang='lat' dir='ltr'><strong>monimentis,</strong></span> <span class='ocrx_word' id='word_1_549' title='bbox 1554 4497 1666 4564; x_wconf 88' lang='lat' dir='ltr'><strong>sola</strong></span> <span class='ocrx_word' id='word_1_550' title='bbox 1677 4505 1834 4554; x_wconf 87' lang='lat' dir='ltr'><strong>erant</strong></span> <span class='ocrx_word' id='word_1_551' title='bbox 1859 4506 2005 4552; x_wconf 85' lang='lat' dir='ltr'><strong>eate-</strong></span> 
     </span>
    </p>
   </div>
   <div class='ocr_carea' id='block_1_79' title="bbox 435 4587 2005 4660">
    <p class='ocr_par' dir='ltr' id='par_1_79' title="bbox 435 4587 2005 4660">
     <span class='ocr_line' id='line_1_79' title="bbox 435 4587 2005 4660; baseline -0.001 -15"><span class='ocrx_word' id='word_1_552' title='bbox 435 4602 592 4659; x_wconf 79' lang='lat' dir='ltr'><strong>tenus</strong></span> <span class='ocrx_word' id='word_1_553' title='bbox 612 4605 808 4657; x_wconf 73' lang='lat' dir='ltr'><strong>annua:</strong></span> <span class='ocrx_word' id='word_1_554' title='bbox 829 4589 1190 4660; x_wconf 71' lang='lat' dir='ltr'><strong>dedicationis</strong></span> <span class='ocrx_word' id='word_1_555' title='bbox 1209 4588 1552 4656; x_wconf 49' lang='lat' dir='ltr'><strong>solemnitate,</strong></span> <span class='ocrx_word' id='word_1_556' title='bbox 1579 4587 1836 4647; x_wconf 83' lang='lat' dir='ltr'><strong>contenti.</strong></span> <span class='ocrx_word' id='word_1_557' title='bbox 1861 4587 2005 4644; x_wconf 84' lang='lat' dir='ltr'><strong>Tan—</strong></span> 
     </span>
    </p>
   </div>
   <div class='ocr_carea' id='block_1_80' title="bbox 434 4679 2007 4750">
    <p class='ocr_par' dir='ltr' id='par_1_80' title="bbox 434 4679 2007 4750">
     <span class='ocr_line' id='line_1_80' title="bbox 434 4679 2007 4750; baseline -0.003 -14"><span class='ocrx_word' id='word_1_558' title='bbox 434 4683 789 4748; x_wconf 28' lang='lat' dir='ltr'><strong>demzauctore</strong></span> <span class='ocrx_word' id='word_1_559' title='bbox 811 4679 921 4748; x_wconf 74' lang='lat' dir='ltr'><strong>Deo</strong></span> <span class='ocrx_word' id='word_1_560' title='bbox 947 4689 1156 4749; x_wconf 85' lang='lat' dir='ltr'><strong>reperta</strong></span> <span class='ocrx_word' id='word_1_561' title='bbox 1185 4679 1449 4750; x_wconf 88' lang='lat' dir='ltr'><strong>passionis</strong></span> <span class='ocrx_word' id='word_1_562' title='bbox 1465 4680 1691 4746; x_wconf 72' lang='lat' dir='ltr'><strong>historia</strong></span> <span class='ocrx_word' id='word_1_563' title='bbox 1719 4679 2007 4740; x_wconf 83' lang='lat' dir='ltr'><strong>constituit</strong></span> 
     </span>
    </p>
   </div>
   <div class='ocr_carea' id='block_1_81' title="bbox 435 4768 2005 4844">
    <p class='ocr_par' dir='ltr' id='par_1_81' title="bbox 435 4768 2005 4844">
     <span class='ocr_line' id='line_1_81' title="bbox 435 4768 2005 4844; baseline -0.001 -20"><span class='ocrx_word' id='word_1_564' title='bbox 435 4770 750 4840; x_wconf 82' lang='lat' dir='ltr'><strong>venerabilis</strong></span> <span class='ocrx_word' id='word_1_565' title='bbox 773 4769 1035 4839; x_wconf 58' lang='lat' dir='ltr'><strong>pontifex,</strong></span> <span class='ocrx_word' id='word_1_566' title='bbox 1070 4769 1224 4844; x_wconf 77' lang='lat' dir='ltr'><strong>juxta</strong></span> <span class='ocrx_word' id='word_1_567' title='bbox 1274 4781 1518 4826; x_wconf 88' lang='lat' dir='ltr'><strong>tenorem</strong></span> <span class='ocrx_word' id='word_1_568' title='bbox 1562 4768 1812 4828; x_wconf 88' lang='lat' dir='ltr'><strong>videlicet</strong></span> <span class='ocrx_word' id='word_1_569' title='bbox 1843 4781 2005 4836; x_wconf 85' lang='lat' dir='ltr'><strong>quem</strong></span> 
     </span>
    </p>
   </div>
   <div class='ocr_carea' id='block_1_82' title="bbox 435 4858 2002 4932">
    <p class='ocr_par' dir='ltr' id='par_1_82' title="bbox 435 4858 2002 4932">
     <span class='ocr_line' id='line_1_82' title="bbox 435 4858 2002 4932; baseline -0.002 -16"><span class='ocrx_word' id='word_1_570' title='bbox 435 4864 627 4932; x_wconf 73' lang='lat' dir='ltr'><strong>litterae</strong></span> <span class='ocrx_word' id='word_1_571' title='bbox 654 4861 1014 4928; x_wconf 73' lang='lat' dir='ltr'><strong>teStabantur,</strong></span> <span class='ocrx_word' id='word_1_572' title='bbox 1048 4871 1109 4918; x_wconf 89' lang='lat' dir='ltr'><strong>ut</strong></span> <span class='ocrx_word' id='word_1_573' title='bbox 1136 4860 1295 4917; x_wconf 84' lang='lat' dir='ltr'><strong>tertio</strong></span> <span class='ocrx_word' id='word_1_574' title='bbox 1323 4861 1588 4928; x_wconf 82' lang='lat' dir='ltr'><strong>Kalendas</strong></span> <span class='ocrx_word' id='word_1_575' title='bbox 1615 4859 1841 4930; x_wconf 79' lang='lat' dir='ltr'><strong>Augusti</strong></span> <span class='ocrx_word' id='word_1_576' title='bbox 1857 4858 2002 4928; x_wconf 85' lang='lat' dir='ltr'><strong>ejus-</strong></span> 
     </span>
    </p>
   </div>
   <div class='ocr_carea' id='block_1_83' title="bbox 435 4949 2004 5023">
    <p class='ocr_par' dir='ltr' id='par_1_83' title="bbox 435 4949 2004 5023">
     <span class='ocr_line' id='line_1_83' title="bbox 435 4949 2004 5023; baseline -0.003 -15"><span class='ocrx_word' id='word_1_577' title='bbox 435 4952 561 5009; x_wconf 86' lang='lat' dir='ltr'><strong>dem</strong></span> <span class='ocrx_word' id='word_1_578' title='bbox 589 4951 805 5023; x_wconf 83' lang='lat' dir='ltr'><strong>gloriosi</strong></span> <span class='ocrx_word' id='word_1_579' title='bbox 831 4953 1086 5022; x_wconf 74' lang='lat' dir='ltr'><strong>mau&#39;tyris</strong></span> <span class='ocrx_word' id='word_1_580' title='bbox 1128 4951 1398 5018; x_wconf 18' lang='lat' dir='ltr'><strong>festivitas,</strong></span> <span class='ocrx_word' id='word_1_581' title='bbox 1425 4951 1729 5012; x_wconf 69' lang='lat' dir='ltr'><strong>coleretur.</strong></span> <span class='ocrx_word' id='word_1_582' title='bbox 1759 4949 1830 5004; x_wconf 80' lang='lat' dir='ltr'><strong>At</strong></span> <span class='ocrx_word' id='word_1_583' title='bbox 1871 4966 2004 5018; x_wconf 86' lang='lat' dir='ltr'><strong>non-</strong></span> 
     </span>
    </p>
   </div>
   <div class='ocr_carea' id='block_1_84' title="bbox 437 5040 2001 5112">
    <p class='ocr_par' dir='ltr' id='par_1_84' title="bbox 437 5040 2001 5112">
     <span class='ocr_line' id='line_1_84' title="bbox 437 5040 2001 5112; baseline -0.002 -15"><span class='ocrx_word' id='word_1_584' title='bbox 437 5042 566 5102; x_wconf 85' lang='lat' dir='ltr'><strong>nulli</strong></span> <span class='ocrx_word' id='word_1_585' title='bbox 604 5043 869 5104; x_wconf 73' lang='lat' dir='ltr'><strong>adversus</strong></span> <span class='ocrx_word' id='word_1_586' title='bbox 911 5042 1219 5112; x_wconf 70' lang='lat' dir='ltr'><strong>episcopum</strong></span> <span class='ocrx_word' id='word_1_587' title='bbox 1267 5041 1488 5106; x_wconf 69' lang='lat' dir='ltr'><strong>invidia:</strong></span> <span class='ocrx_word' id='word_1_588' title='bbox 1527 5040 1736 5096; x_wconf 83' lang='lat' dir='ltr'><strong>facibus</strong></span> <span class='ocrx_word' id='word_1_589' title='bbox 1770 5042 2001 5106; x_wconf 83' lang='lat' dir='ltr'><strong>accensi,</strong></span> 
     </span>
    </p>
   </div>
   <div class='ocr_carea' id='block_1_85' title="bbox 438 5130 2005 5202">
    <p class='ocr_par' dir='ltr' id='par_1_85' title="bbox 438 5130 2005 5202">
     <span class='ocr_line' id='line_1_85' title="bbox 438 5130 2005 5202; baseline -0.001 -14"><span class='ocrx_word' id='word_1_590' title='bbox 438 5140 493 5188; x_wconf 89' lang='lat' dir='ltr'><strong>et</strong></span> <span class='ocrx_word' id='word_1_591' title='bbox 519 5131 750 5189; x_wconf 65' lang='lat' dir='ltr'><strong>vesaniae</strong></span> <span class='ocrx_word' id='word_1_592' title='bbox 779 5131 971 5202; x_wconf 75' lang='lat' dir='ltr'><strong>Spiritu</strong></span> <span class='ocrx_word' id='word_1_593' title='bbox 1001 5130 1415 5200; x_wconf 83' lang='lat' dir='ltr'><strong>implacabiliter</strong></span> <span class='ocrx_word' id='word_1_594' title='bbox 1443 5130 1669 5196; x_wconf 87' lang='lat' dir='ltr'><strong>incitati,</strong></span> <span class='ocrx_word' id='word_1_595' title='bbox 1714 5130 2005 5188; x_wconf 87' lang='lat' dir='ltr'><strong>tumultua-</strong></span> 
     </span>
    </p>
   </div>
   <div class='ocr_carea' id='block_1_86' title="bbox 437 5207 2006 5290">
    <p class='ocr_par' dir='ltr' id='par_1_86' title="bbox 437 5207 2006 5290">
     <span class='ocr_line' id='line_1_86' title="bbox 437 5207 2006 5290; baseline -0.003 -12"><span class='ocrx_word' id='word_1_596' title='bbox 437 5225 652 5288; x_wconf 88' lang='lat' dir='ltr'><strong>bantur,</strong></span> <span class='ocrx_word' id='word_1_597' title='bbox 678 5207 967 5278; x_wconf 89' lang='lat' dir='ltr'><strong>onerosum</strong></span> <span class='ocrx_word' id='word_1_598' title='bbox 997 5235 1116 5275; x_wconf 85' lang='lat' dir='ltr'><strong>esse</strong></span> <span class='ocrx_word' id='word_1_599' title='bbox 1141 5221 1404 5285; x_wconf 90' lang='lat' dir='ltr'><strong>dicentes,</strong></span> <span class='ocrx_word' id='word_1_600' title='bbox 1441 5221 1695 5290; x_wconf 87' lang='lat' dir='ltr'><strong>populum</strong></span> <span class='ocrx_word' id='word_1_601' title='bbox 1723 5221 2006 5290; x_wconf 81' lang='lat' dir='ltr'><strong>geminatis</strong></span> 
     </span>
    </p>
   </div>
   <div class='ocr_carea' id='block_1_87' title="bbox 438 5308 2008 5377">
    <p class='ocr_par' dir='ltr' id='par_1_87' title="bbox 438 5308 2008 5377">
     <span class='ocr_line' id='line_1_87' title="bbox 438 5308 2008 5377; baseline -0.004 -9"><span class='ocrx_word' id='word_1_602' title='bbox 438 5311 598 5368; x_wconf 87' lang='lat' dir='ltr'><strong>unius</strong></span> <span class='ocrx_word' id='word_1_603' title='bbox 627 5311 800 5376; x_wconf 80' lang='lat' dir='ltr'><strong>sancti</strong></span> <span class='ocrx_word' id='word_1_604' title='bbox 834 5308 1264 5375; x_wconf 85' lang='lat' dir='ltr'><strong>solemnitatibus</strong></span> <span class='ocrx_word' id='word_1_605' title='bbox 1304 5308 1512 5374; x_wconf 87' lang='lat' dir='ltr'><strong>feriari,</strong></span> <span class='ocrx_word' id='word_1_606' title='bbox 1549 5309 2008 5377; x_wconf 87' lang='lat' dir='ltr'><strong>superstitiosum-</strong></span> 
     </span>
    </p>
   </div>
   <div class='ocr_carea' id='block_1_88' title="bbox 440 5398 2010 5470">
    <p class='ocr_par' dir='ltr' id='par_1_88' title="bbox 440 5398 2010 5470">
     <span class='ocr_line' id='line_1_88' title="bbox 440 5398 2010 5470; baseline -0.001 -15"><span class='ocrx_word' id='word_1_607' title='bbox 440 5415 545 5470; x_wconf 91' lang='lat' dir='ltr'><strong>que</strong></span> <span class='ocrx_word' id='word_1_608' title='bbox 574 5416 693 5460; x_wconf 89' lang='lat' dir='ltr'><strong>esse</strong></span> <span class='ocrx_word' id='word_1_609' title='bbox 743 5399 1050 5458; x_wconf 88' lang='lat' dir='ltr'><strong>domesticis</strong></span> <span class='ocrx_word' id='word_1_610' title='bbox 1079 5401 1393 5461; x_wconf 85' lang='lat' dir='ltr'><strong>adinventas</strong></span> <span class='ocrx_word' id='word_1_611' title='bbox 1442 5398 1633 5459; x_wconf 89' lang='lat' dir='ltr'><strong>studiis</strong></span> <span class='ocrx_word' id='word_1_612' title='bbox 1687 5398 2010 5460; x_wconf 85' lang='lat' dir='ltr'><strong>festivitates</strong></span> 
     </span>
    </p>
   </div>
   <div class='ocr_carea' id='block_1_89' title="bbox 440 5487 2012 5556">
    <p class='ocr_par' dir='ltr' id='par_1_89' title="bbox 440 5487 2012 5556">
     <span class='ocr_line' id='line_1_89' title="bbox 440 5487 2012 5556; baseline -0.001 -12"><span class='ocrx_word' id='word_1_613' title='bbox 440 5490 650 5544; x_wconf 88' lang='lat' dir='ltr'><strong>noviter</strong></span> <span class='ocrx_word' id='word_1_614' title='bbox 678 5489 964 5556; x_wconf 86' lang='lat' dir='ltr'><strong>introduci,</strong></span> <span class='ocrx_word' id='word_1_615' title='bbox 1004 5489 1070 5544; x_wconf 87' lang='lat' dir='ltr'><strong>ad</strong></span> <span class='ocrx_word' id='word_1_616' title='bbox 1101 5502 1387 5554; x_wconf 89' lang='lat' dir='ltr'><strong>summam,</strong></span> <span class='ocrx_word' id='word_1_617' title='bbox 1431 5503 1538 5552; x_wconf 87' lang='lat' dir='ltr'><strong>non</strong></span> <span class='ocrx_word' id='word_1_618' title='bbox 1569 5487 1885 5541; x_wconf 89' lang='lat' dir='ltr'><strong>fabricatum</strong></span> <span class='ocrx_word' id='word_1_619' title='bbox 1910 5489 2012 5542; x_wconf 91' lang='lat' dir='ltr'><strong>hoc</strong></span> 
     </span>
    </p>
   </div>
   <div class='ocr_carea' id='block_1_90' title="bbox 440 5582 2010 5652">
    <p class='ocr_par' dir='ltr' id='par_1_90' title="bbox 440 5582 2010 5652">
     <span class='ocr_line' id='line_1_90' title="bbox 440 5582 2010 5652; baseline 0.001 -16"><span class='ocrx_word' id='word_1_620' title='bbox 440 5582 717 5650; x_wconf 81' lang='lat' dir='ltr'><strong>religionis</strong></span> <span class='ocrx_word' id='word_1_621' title='bbox 766 5597 970 5648; x_wconf 87' lang='lat' dir='ltr'><strong>amore,</strong></span> <span class='ocrx_word' id='word_1_622' title='bbox 1006 5583 1103 5640; x_wconf 87' lang='lat' dir='ltr'><strong>sed</strong></span> <span class='ocrx_word' id='word_1_623' title='bbox 1149 5583 1341 5638; x_wconf 76' lang='lat' dir='ltr'><strong>ardore</strong></span> <span class='ocrx_word' id='word_1_624' title='bbox 1389 5582 1648 5652; x_wconf 63' lang='lat' dir='ltr'><strong>pecuniae.</strong></span> <span class='ocrx_word' id='word_1_625' title='bbox 1701 5583 2010 5640; x_wconf 86' lang='lat' dir='ltr'><strong>Praesertim</strong></span> 
     </span>
    </p>
   </div>
   <div class='ocr_carea' id='block_1_91' title="bbox 443 5675 2010 5750">
    <p class='ocr_par' dir='ltr' id='par_1_91' title="bbox 443 5675 2010 5750">
     <span class='ocr_line' id='line_1_91' title="bbox 443 5675 2010 5750; baseline -0.001 -18"><span class='ocrx_word' id='word_1_626' title='bbox 443 5687 624 5734; x_wconf 80' lang='lat' dir='ltr'><strong>autem</strong></span> <span class='ocrx_word' id='word_1_627' title='bbox 666 5679 884 5750; x_wconf 84' lang='lat' dir='ltr'><strong>quidam</strong></span> <span class='ocrx_word' id='word_1_628' title='bbox 931 5677 1168 5746; x_wconf 76' lang='lat' dir='ltr'><strong>protervi</strong></span> <span class='ocrx_word' id='word_1_629' title='bbox 1209 5677 1482 5742; x_wconf 80' lang='lat' dir='ltr'><strong>homines,</strong></span> <span class='ocrx_word' id='word_1_630' title='bbox 1530 5675 1624 5746; x_wconf 87' lang='lat' dir='ltr'><strong>qui</strong></span> <span class='ocrx_word' id='word_1_631' title='bbox 1672 5693 1703 5730; x_wconf 89' lang='lat' dir='ltr'><strong>a</strong></span> <span class='ocrx_word' id='word_1_632' title='bbox 1750 5675 2010 5738; x_wconf 84' lang='lat' dir='ltr'><strong>vocabulo</strong></span> 
     </span>
    </p>
   </div>
   <div class='ocr_carea' id='block_1_92' title="bbox 2100 3230 3674 3306">
    <p class='ocr_par' dir='ltr' id='par_1_92' title="bbox 2100 3230 3674 3306">
     <span class='ocr_line' id='line_1_92' title="bbox 2100 3230 3674 3306; baseline -0.003 -20"><span class='ocrx_word' id='word_1_633' title='bbox 2100 3235 2230 3290; x_wconf 87' lang='lat' dir='ltr'><strong>tiam</strong></span> <span class='ocrx_word' id='word_1_634' title='bbox 2255 3236 2593 3304; x_wconf 87' lang='lat' dir='ltr'><strong>pollicentur.</strong></span> <span class='ocrx_word' id='word_1_635' title='bbox 2625 3234 2886 3290; x_wconf 90' lang='lat' dir='ltr'><strong>Precibus</strong></span> <span class='ocrx_word' id='word_1_636' title='bbox 2909 3234 3072 3306; x_wconf 84' lang='lat' dir='ltr'><strong>igitur</strong></span> <span class='ocrx_word' id='word_1_637' title='bbox 3097 3232 3392 3296; x_wconf 77' lang='lat' dir='ltr'><strong>beatissimi</strong></span> <span class='ocrx_word' id='word_1_638' title='bbox 3419 3230 3674 3300; x_wconf 85' lang='lat' dir='ltr'><strong>martyris</strong></span> 
     </span>
    </p>
   </div>
   <div class='ocr_carea' id='block_1_93' title="bbox 2094 3321 3669 3390">
    <p class='ocr_par' dir='ltr' id='par_1_93' title="bbox 2094 3321 3669 3390">
     <span class='ocr_line' id='line_1_93' title="bbox 2094 3321 3669 3390; baseline -0.005 -10"><span class='ocrx_word' id='word_1_639' title='bbox 2094 3327 2163 3380; x_wconf 89' lang='lat' dir='ltr'><strong>ab</strong></span> <span class='ocrx_word' id='word_1_640' title='bbox 2191 3326 2420 3384; x_wconf 90' lang='lat' dir='ltr'><strong>incendii</strong></span> <span class='ocrx_word' id='word_1_641' title='bbox 2451 3326 2727 3381; x_wconf 87' lang='lat' dir='ltr'><strong>doloribus</strong></span> <span class='ocrx_word' id='word_1_642' title='bbox 2755 3325 2988 3390; x_wconf 88' lang='lat' dir='ltr'><strong>liberati,</strong></span> <span class='ocrx_word' id='word_1_643' title='bbox 3024 3323 3320 3386; x_wconf 77' lang='lat' dir='ltr'><strong>incolumes</strong></span> <span class='ocrx_word' id='word_1_644' title='bbox 3349 3322 3416 3380; x_wconf 79' lang='lat' dir='ltr'><strong>ad</strong></span> <span class='ocrx_word' id='word_1_645' title='bbox 3451 3321 3669 3389; x_wconf 81' lang='lat' dir='ltr'><strong>propria</strong></span> 
     </span>
    </p>
   </div>
   <div class='ocr_carea' id='block_1_94' title="bbox 2095 3411 3676 3484">
    <p class='ocr_par' dir='ltr' id='par_1_94' title="bbox 2095 3411 3676 3484">
     <span class='ocr_line' id='line_1_94' title="bbox 2095 3411 3676 3484; baseline -0.006 -12"><span class='ocrx_word' id='word_1_646' title='bbox 2095 3426 2222 3472; x_wconf 88' lang='lat' dir='ltr'><strong>sunt</strong></span> <span class='ocrx_word' id='word_1_647' title='bbox 2267 3418 2490 3472; x_wconf 88' lang='lat' dir='ltr'><strong>reversi.</strong></span> <span class='ocrx_word' id='word_1_648' title='bbox 2536 3417 2619 3471; x_wconf 85' lang='lat' dir='ltr'><strong>Ab</strong></span> <span class='ocrx_word' id='word_1_649' title='bbox 2667 3417 2759 3471; x_wconf 91' lang='lat' dir='ltr'><strong>illo</strong></span> <span class='ocrx_word' id='word_1_650' title='bbox 2811 3417 2988 3484; x_wconf 84' lang='lat' dir='ltr'><strong>itaque</strong></span> <span class='ocrx_word' id='word_1_651' title='bbox 3030 3425 3270 3482; x_wconf 84' lang='lat' dir='ltr'><strong>tempore</strong></span> <span class='ocrx_word' id='word_1_652' title='bbox 3317 3413 3521 3480; x_wconf 78' lang='lat' dir='ltr'><strong>absque</strong></span> <span class='ocrx_word' id='word_1_653' title='bbox 3569 3411 3676 3464; x_wconf 91' lang='lat' dir='ltr'><strong>ullo</strong></span> 
     </span>
    </p>
   </div>
   <div class='ocr_carea' id='block_1_95' title="bbox 2096 3501 3676 3580">
    <p class='ocr_par' dir='ltr' id='par_1_95' title="bbox 2096 3501 3676 3580">
     <span class='ocr_line' id='line_1_95' title="bbox 2096 3501 3676 3580; baseline -0.007 -17"><span class='ocrx_word' id='word_1_654' title='bbox 2096 3508 2464 3568; x_wconf 82' lang='lat' dir='ltr'><strong>cunctationis</strong></span> <span class='ocrx_word' id='word_1_655' title='bbox 2484 3507 2764 3562; x_wconf 84' lang='lat' dir='ltr'><strong>obstaculo</strong></span> <span class='ocrx_word' id='word_1_656' title='bbox 2790 3505 2852 3559; x_wconf 86' lang='grc' dir='ltr'><strong>Β.</strong></span> <span class='ocrx_word' id='word_1_657' title='bbox 2899 3503 3095 3580; x_wconf 65' lang='lat' dir='ltr'><strong>Rudini</strong></span> <span class='ocrx_word' id='word_1_658' title='bbox 3117 3503 3434 3573; x_wconf 81' lang='lat' dir='ltr'><strong>martyrium</strong></span> <span class='ocrx_word' id='word_1_659' title='bbox 3458 3501 3676 3564; x_wconf 90' lang='lat' dir='ltr'><strong>colitur,</strong></span> 
     </span>
    </p>
   </div>
   <div class='ocr_carea' id='block_1_96' title="bbox 2097 3592 3675 3670">
    <p class='ocr_par' dir='ltr' id='par_1_96' title="bbox 2097 3592 3675 3670">
     <span class='ocr_line' id='line_1_96' title="bbox 2097 3592 3675 3670; baseline -0.005 -18"><span class='ocrx_word' id='word_1_660' title='bbox 2097 3606 2153 3652; x_wconf 91' lang='lat' dir='ltr'><strong>et</strong></span> <span class='ocrx_word' id='word_1_661' title='bbox 2171 3599 2256 3654; x_wconf 87' lang='lat' dir='ltr'><strong>die</strong></span> <span class='ocrx_word' id='word_1_662' title='bbox 2295 3615 2456 3668; x_wconf 83' lang='lat' dir='ltr'><strong>quant</strong></span> <span class='ocrx_word' id='word_1_663' title='bbox 2486 3599 2856 3670; x_wconf 81' lang='lat' dir='ltr'><strong>praediximus,</strong></span> <span class='ocrx_word' id='word_1_664' title='bbox 2891 3611 3015 3650; x_wconf 89' lang='lat' dir='ltr'><strong>cum</strong></span> <span class='ocrx_word' id='word_1_665' title='bbox 3042 3610 3250 3666; x_wconf 66' lang='lat' dir='ltr'><strong>magnai</strong></span> <span class='ocrx_word' id='word_1_666' title='bbox 3275 3593 3576 3658; x_wconf 76' lang='lat' dir='ltr'><strong>devotionis</strong></span> <span class='ocrx_word' id='word_1_667' title='bbox 3599 3592 3675 3646; x_wconf 91' lang='lat' dir='ltr'><strong>in-</strong></span> 
     </span>
    </p>
   </div>
   <div class='ocr_carea' id='block_1_97' title="bbox 2098 3685 3669 3767">
    <p class='ocr_par' dir='ltr' id='par_1_97' title="bbox 2098 3685 3669 3767">
     <span class='ocr_line' id='line_1_97' title="bbox 2098 3685 3669 3767; baseline -0.006 -21"><span class='ocrx_word' id='word_1_668' title='bbox 2098 3696 2299 3767; x_wconf 65' lang='lat' dir='ltr'><strong>stantia</strong></span> <span class='ocrx_word' id='word_1_669' title='bbox 2324 3695 2392 3748; x_wconf 86' lang='lat' dir='ltr'><strong>ad</strong></span> <span class='ocrx_word' id='word_1_670' title='bbox 2421 3694 2538 3766; x_wconf 89' lang='lat' dir='ltr'><strong>ejus</strong></span> <span class='ocrx_word' id='word_1_671' title='bbox 2565 3690 2856 3758; x_wconf 82' lang='lat' dir='ltr'><strong>ecclesiam</strong></span> <span class='ocrx_word' id='word_1_672' title='bbox 2894 3704 2925 3742; x_wconf 89' lang='lat' dir='ltr'><strong>a</strong></span> <span class='ocrx_word' id='word_1_673' title='bbox 2960 3687 3173 3760; x_wconf 78' lang='lat' dir='ltr'><strong>populis</strong></span> <span class='ocrx_word' id='word_1_674' title='bbox 3203 3685 3446 3757; x_wconf 69' lang='lat' dir='ltr'><strong>undique</strong></span> <span class='ocrx_word' id='word_1_675' title='bbox 3469 3699 3669 3751; x_wconf 82' lang='lat' dir='ltr'><strong>conve-</strong></span> 
     </span>
    </p>
   </div>
   <div class='ocr_carea' id='block_1_98' title="bbox 2098 3772 3549 3846">
    <p class='ocr_par' dir='ltr' id='par_1_98' title="bbox 2098 3772 3549 3846">
     <span class='ocr_line' id='line_1_98' title="bbox 2098 3772 3549 3846; baseline -0.006 -2"><span class='ocrx_word' id='word_1_676' title='bbox 2098 3791 2266 3846; x_wconf 87' lang='lat' dir='ltr'><strong>nitur.</strong></span> <span class='ocrx_word' id='word_1_677' title='bbox 3527 3772 3549 3780; x_wconf 76' lang='grc'><strong>’</strong></span> 
     </span>
    </p>
   </div>
   <div class='ocr_carea' id='block_1_99' title="bbox 2171 3864 3682 3948">
    <p class='ocr_par' dir='ltr' id='par_1_99' title="bbox 2171 3864 3682 3948">
     <span class='ocr_line' id='line_1_99' title="bbox 2171 3864 3682 3948; baseline -0.008 -16"><span class='ocrx_word' id='word_1_678' title='bbox 2171 3878 2304 3945; x_wconf 77' lang='lat' dir='ltr'><strong>illud</strong></span> <span class='ocrx_word' id='word_1_679' title='bbox 2351 3887 2564 3948; x_wconf 79' lang='lat' dir='ltr'><strong>quoque</strong></span> <span class='ocrx_word' id='word_1_680' title='bbox 2611 3869 3046 3942; x_wconf 77' lang='lat' dir='ltr'><strong>praetereundum</strong></span> <span class='ocrx_word' id='word_1_681' title='bbox 3093 3881 3213 3926; x_wconf 78' lang='lat' dir='ltr'><strong>esse</strong></span> <span class='ocrx_word' id='word_1_682' title='bbox 3265 3881 3378 3928; x_wconf 84' lang='lat' dir='ltr'><strong>non</strong></span> <span class='ocrx_word' id='word_1_683' title='bbox 3420 3864 3682 3930; x_wconf 83' lang='lat' dir='ltr'><strong>arbitror,</strong></span> 
     </span>
    </p>
   </div>
   <div class='ocr_carea' id='block_1_100' title="bbox 2100 3957 3682 4040">
    <p class='ocr_par' dir='ltr' id='par_1_100' title="bbox 2100 3957 3682 4040">
     <span class='ocr_line' id='line_1_100' title="bbox 2100 3957 3682 4040; baseline -0.006 -18"><span class='ocrx_word' id='word_1_684' title='bbox 2100 3970 2242 4040; x_wconf 84' lang='lat' dir='ltr'><strong>quod</strong></span> <span class='ocrx_word' id='word_1_685' title='bbox 2262 3968 2366 4024; x_wconf 87' lang='lat' dir='ltr'><strong>viri</strong></span> <span class='ocrx_word' id='word_1_686' title='bbox 2400 3965 2620 4036; x_wconf 81' lang='lat' dir='ltr'><strong>quidam</strong></span> <span class='ocrx_word' id='word_1_687' title='bbox 2657 3963 2864 4018; x_wconf 87' lang='lat' dir='ltr'><strong>trabem</strong></span> <span class='ocrx_word' id='word_1_688' title='bbox 2893 3960 2957 4016; x_wconf 87' lang='lat' dir='ltr'><strong>de</strong></span> <span class='ocrx_word' id='word_1_689' title='bbox 2985 3959 3121 4028; x_wconf 80' lang='lat' dir='ltr'><strong>silva</strong></span> <span class='ocrx_word' id='word_1_690' title='bbox 3141 3973 3375 4032; x_wconf 75' lang='lat' dir='ltr'><strong>operosa</strong></span> <span class='ocrx_word' id='word_1_691' title='bbox 3401 3957 3682 4026; x_wconf 69' lang='lat' dir='ltr'><strong>exercitiis</strong></span> 
     </span>
    </p>
   </div>
   <div class='ocr_carea' id='block_1_101' title="bbox 2101 4047 3676 4132">
    <p class='ocr_par' dir='ltr' id='par_1_101' title="bbox 2101 4047 3676 4132">
     <span class='ocr_line' id='line_1_101' title="bbox 2101 4047 3676 4132; baseline -0.009 -18"><span class='ocrx_word' id='word_1_692' title='bbox 2101 4060 2388 4132; x_wconf 86' lang='lat' dir='ltr'><strong>levigatam</strong></span> <span class='ocrx_word' id='word_1_693' title='bbox 2407 4054 2554 4112; x_wconf 89' lang='lat' dir='ltr'><strong>ad.B.</strong></span> <span class='ocrx_word' id='word_1_694' title='bbox 2579 4051 2772 4110; x_wconf 73' lang='lat' dir='ltr'><strong>Bullini</strong></span> <span class='ocrx_word' id='word_1_695' title='bbox 2789 4059 3004 4106; x_wconf 84' lang='lat' dir='ltr'><strong>vectare</strong></span> <span class='ocrx_word' id='word_1_696' title='bbox 3019 4049 3304 4114; x_wconf 84' lang='lat' dir='ltr'><strong>ecclesiam</strong></span> <span class='ocrx_word' id='word_1_697' title='bbox 3317 4047 3676 4108; x_wconf 75' lang='lat' dir='ltr'><strong>rimabantur.</strong></span> 
     </span>
    </p>
   </div>
   <div class='ocr_carea' id='block_1_102' title="bbox 2101 4139 3679 4222">
    <p class='ocr_par' dir='ltr' id='par_1_102' title="bbox 2101 4139 3679 4222">
     <span class='ocr_line' id='line_1_102' title="bbox 2101 4139 3679 4222; baseline -0.008 -19"><span class='ocrx_word' id='word_1_698' title='bbox 2101 4151 2297 4222; x_wconf 87' lang='lat' dir='ltr'><strong>quibus</strong></span> <span class='ocrx_word' id='word_1_699' title='bbox 2348 4146 2604 4200; x_wconf 88' lang='lat' dir='ltr'><strong>nimirum</strong></span> <span class='ocrx_word' id='word_1_700' title='bbox 2654 4143 2871 4220; x_wconf 83' lang='lat' dir='ltr'><strong>quidam</strong></span> <span class='ocrx_word' id='word_1_701' title='bbox 2926 4140 3310 4208; x_wconf 83' lang='lat' dir='ltr'><strong>Perusinorum</strong></span> <span class='ocrx_word' id='word_1_702' title='bbox 3370 4139 3679 4197; x_wconf 85' lang='lat' dir='ltr'><strong>violentiam</strong></span> 
     </span>
    </p>
   </div>
   <div class='ocr_carea' id='block_1_103' title="bbox 2105 4229 3680 4313">
    <p class='ocr_par' dir='ltr' id='par_1_103' title="bbox 2105 4229 3680 4313">
     <span class='ocr_line' id='line_1_103' title="bbox 2105 4229 3680 4313; baseline -0.01 -18"><span class='ocrx_word' id='word_1_703' title='bbox 2105 4241 2409 4313; x_wconf 85' lang='lat' dir='ltr'><strong>ingerentes</strong></span> <span class='ocrx_word' id='word_1_704' title='bbox 2439 4236 2645 4313; x_wconf 80' lang='lat' dir='ltr'><strong>lignum</strong></span> <span class='ocrx_word' id='word_1_705' title='bbox 2674 4233 2941 4302; x_wconf 76' lang='lat' dir='ltr'><strong>hostiliter</strong></span> <span class='ocrx_word' id='word_1_706' title='bbox 2987 4237 3352 4294; x_wconf 82' lang='lat' dir='ltr'><strong>extorserunt.</strong></span> <span class='ocrx_word' id='word_1_707' title='bbox 3405 4229 3512 4286; x_wconf 86' lang='lat' dir='ltr'><strong>Sed</strong></span> <span class='ocrx_word' id='word_1_708' title='bbox 3558 4242 3680 4282; x_wconf 91' lang='lat' dir='ltr'><strong>cum</strong></span> 
     </span>
    </p>
   </div>
   <div class='ocr_carea' id='block_1_104' title="bbox 2105 4311 3683 4398">
    <p class='ocr_par' dir='ltr' id='par_1_104' title="bbox 2105 4311 3683 4398">
     <span class='ocr_line' id='line_1_104' title="bbox 2105 4311 3683 4398; baseline -0.01 -14"><span class='ocrx_word' id='word_1_709' title='bbox 2105 4311 2349 4398; x_wconf 75' lang='lat' dir='ltr'><strong>raptores</strong></span> <span class='ocrx_word' id='word_1_710' title='bbox 2396 4311 2648 4388; x_wconf 79' lang='lat' dir='ltr'><strong>arbarcm</strong></span> <span class='ocrx_word' id='word_1_711' title='bbox 2696 4322 3074 4388; x_wconf 80' lang='lat' dir='ltr'><strong>instantissimi</strong></span> <span class='ocrx_word' id='word_1_712' title='bbox 3128 4329 3364 4382; x_wconf 77' lang='lat' dir='ltr'><strong>conatus.</strong></span> <span class='ocrx_word' id='word_1_713' title='bbox 3407 4317 3683 4378; x_wconf 75' lang='lat' dir='ltr'><strong>mtxietale</strong></span> 
     </span>
    </p>
   </div>
   <div class='ocr_carea' id='block_1_105' title="bbox 2105 4401 3684 4490">
    <p class='ocr_par' dir='ltr' id='par_1_105' title="bbox 2105 4401 3684 4490">
     <span class='ocr_line' id='line_1_105' title="bbox 2105 4401 3684 4490; baseline -0.011 -15"><span class='ocrx_word' id='word_1_714' title='bbox 2105 4401 2508 4490; x_wconf 65' lang='lat' dir='ltr'><strong>pertraherent.</strong></span> <span class='ocrx_word' id='word_1_715' title='bbox 2529 4413 2647 4482; x_wconf 62' lang='lat' dir='ltr'><strong>iam</strong></span> <span class='ocrx_word' id='word_1_716' title='bbox 2672 4412 2785 4480; x_wconf 82' lang='lat' dir='ltr'><strong>jam</strong></span> <span class='ocrx_word' id='word_1_717' title='bbox 2813 4411 3089 4474; x_wconf 79' lang='lat' dir='ltr'><strong>Perusinis</strong></span> <span class='ocrx_word' id='word_1_718' title='bbox 3118 4409 3388 4472; x_wconf 79' lang='lat' dir='ltr'><strong>moenibus</strong></span> <span class='ocrx_word' id='word_1_719' title='bbox 3435 4422 3544 4470; x_wconf 82' lang='lat' dir='ltr'><strong>uno</strong></span> <span class='ocrx_word' id='word_1_720' title='bbox 3593 4406 3684 4458; x_wconf 79' lang='lat' dir='ltr'><strong>vix</strong></span> 
     </span>
    </p>
   </div>
   <div class='ocr_carea' id='block_1_106' title="bbox 2107 4494 3687 4574">
    <p class='ocr_par' dir='ltr' id='par_1_106' title="bbox 2107 4494 3687 4574">
     <span class='ocr_line' id='line_1_106' title="bbox 2107 4494 3687 4574; baseline -0.009 -14"><span class='ocrx_word' id='word_1_721' title='bbox 2107 4506 2461 4574; x_wconf 76' lang='lat' dir='ltr'><strong>interjaccnte</strong></span> <span class='ocrx_word' id='word_1_722' title='bbox 2509 4503 2760 4564; x_wconf 84' lang='lat' dir='ltr'><strong>milliario</strong></span> <span class='ocrx_word' id='word_1_723' title='bbox 2805 4500 3252 4569; x_wconf 79' lang='lat' dir='ltr'><strong>propinquarent,</strong></span> <span class='ocrx_word' id='word_1_724' title='bbox 3288 4507 3506 4566; x_wconf 87' lang='lat' dir='ltr'><strong>repente</strong></span> <span class='ocrx_word' id='word_1_725' title='bbox 3534 4494 3687 4548; x_wconf 89' lang='lat' dir='ltr'><strong>vehi-</strong></span> 
     </span>
    </p>
   </div>
   <div class='ocr_carea' id='block_1_107' title="bbox 2107 4583 3683 4662">
    <p class='ocr_par' dir='ltr' id='par_1_107' title="bbox 2107 4583 3683 4662">
     <span class='ocr_line' id='line_1_107' title="bbox 2107 4583 3683 4662; baseline -0.009 -12"><span class='ocrx_word' id='word_1_726' title='bbox 2107 4596 2289 4656; x_wconf 83' lang='lat' dir='ltr'><strong>culum</strong></span> <span class='ocrx_word' id='word_1_727' title='bbox 2319 4594 2494 4660; x_wconf 67' lang='lat' dir='ltr'><strong>haesit,</strong></span> <span class='ocrx_word' id='word_1_728' title='bbox 2534 4592 2800 4662; x_wconf 82' lang='lat' dir='ltr'><strong>nullisque</strong></span> <span class='ocrx_word' id='word_1_729' title='bbox 2829 4591 3024 4656; x_wconf 81' lang='lat' dir='ltr'><strong>virium</strong></span> <span class='ocrx_word' id='word_1_730' title='bbox 3055 4590 3260 4652; x_wconf 85' lang='lat' dir='ltr'><strong>nisibus</strong></span> <span class='ocrx_word' id='word_1_731' title='bbox 3301 4585 3498 4654; x_wconf 84' lang='lat' dir='ltr'><strong>impelli</strong></span> <span class='ocrx_word' id='word_1_732' title='bbox 3549 4583 3683 4646; x_wconf 89' lang='lat' dir='ltr'><strong>ulte-</strong></span> 
     </span>
    </p>
   </div>
   <div class='ocr_carea' id='block_1_108' title="bbox 2106 4669 3684 4754">
    <p class='ocr_par' dir='ltr' id='par_1_108' title="bbox 2106 4669 3684 4754">
     <span class='ocr_line' id='line_1_108' title="bbox 2106 4669 3684 4754; baseline -0.01 -12"><span class='ocrx_word' id='word_1_733' title='bbox 2106 4687 2221 4742; x_wconf 83' lang='lat' dir='ltr'><strong>rius</strong></span> <span class='ocrx_word' id='word_1_734' title='bbox 2273 4685 2467 4754; x_wconf 79' lang='lat' dir='ltr'><strong>potuit.</strong></span> <span class='ocrx_word' id='word_1_735' title='bbox 2514 4669 2730 4742; x_wconf 19' lang='lat' dir='ltr'><strong>interca-</strong></span> <span class='ocrx_word' id='word_1_736' title='bbox 2773 4681 3018 4751; x_wconf 28' lang='lat' dir='ltr'><strong>contigui,</strong></span> <span class='ocrx_word' id='word_1_737' title='bbox 3061 4681 3263 4752; x_wconf 74' lang='lat' dir='ltr'><strong>quique</strong></span> <span class='ocrx_word' id='word_1_738' title='bbox 3316 4676 3561 4734; x_wconf 86' lang='lat' dir='ltr'><strong>homines</strong></span> <span class='ocrx_word' id='word_1_739' title='bbox 3612 4675 3684 4728; x_wconf 89' lang='lat' dir='ltr'><strong>ad</strong></span> 
     </span>
    </p>
   </div>
   <div class='ocr_carea' id='block_1_109' title="bbox 2107 4764 3680 4851">
    <p class='ocr_par' dir='ltr' id='par_1_109' title="bbox 2107 4764 3680 4851">
     <span class='ocr_line' id='line_1_109' title="bbox 2107 4764 3680 4851; baseline -0.011 -17"><span class='ocrx_word' id='word_1_740' title='bbox 2107 4777 2370 4842; x_wconf 81' lang='lat' dir='ltr'><strong>auxilium</strong></span> <span class='ocrx_word' id='word_1_741' title='bbox 2391 4772 2688 4840; x_wconf 84' lang='lat' dir='ltr'><strong>confluunt,</strong></span> <span class='ocrx_word' id='word_1_742' title='bbox 2734 4788 2841 4828; x_wconf 89' lang='lat' dir='ltr'><strong>nou</strong></span> <span class='ocrx_word' id='word_1_743' title='bbox 2887 4771 3042 4840; x_wconf 87' lang='lat' dir='ltr'><strong>pauci</strong></span> <span class='ocrx_word' id='word_1_744' title='bbox 3074 4770 3236 4828; x_wconf 85' lang='lat' dir='ltr'><strong>etiam</strong></span> <span class='ocrx_word' id='word_1_745' title='bbox 3279 4765 3486 4846; x_wconf 86' lang='lat' dir='ltr'><strong>jugarii</strong></span> <span class='ocrx_word' id='word_1_746' title='bbox 3512 4764 3680 4851; x_wconf 69' lang='lat' dir='ltr'><strong>boves</strong></span> 
     </span>
    </p>
   </div>
   <div class='ocr_carea' id='block_1_110' title="bbox 2108 4851 3683 4932">
    <p class='ocr_par' dir='ltr' id='par_1_110' title="bbox 2108 4851 3683 4932">
     <span class='ocr_line' id='line_1_110' title="bbox 2108 4851 3683 4932; baseline -0.004 -9"><span class='ocrx_word' id='word_1_747' title='bbox 2108 4851 2399 4928; x_wconf 81' lang='lat' dir='ltr'><strong>adduntur.</strong></span> <span class='ocrx_word' id='word_1_748' title='bbox 2442 4863 2715 4928; x_wconf 82' lang='lat' dir='ltr'><strong>Ordinant</strong></span> <span class='ocrx_word' id='word_1_749' title='bbox 2745 4861 3050 4932; x_wconf 82' lang='lat' dir='ltr'><strong>diligentius</strong></span> <span class='ocrx_word' id='word_1_750' title='bbox 3094 4858 3422 4921; x_wconf 70' lang='lat' dir='ltr'><strong>machinam.</strong></span> <span class='ocrx_word' id='word_1_751' title='bbox 3451 4855 3683 4910; x_wconf 73' lang='lat' dir='ltr'><strong>iﬂViccm</strong></span> 
     </span>
    </p>
   </div>
   <div class='ocr_carea' id='block_1_111' title="bbox 2108 4933 3679 5018">
    <p class='ocr_par' dir='ltr' id='par_1_111' title="bbox 2108 4933 3679 5018">
     <span class='ocr_line' id='line_1_111' title="bbox 2108 4933 3679 5018; baseline -0.01 -7"><span class='ocrx_word' id='word_1_752' title='bbox 2108 4957 2488 5018; x_wconf 68' lang='lat' dir='ltr'><strong>exhortantur,</strong></span> <span class='ocrx_word' id='word_1_753' title='bbox 2521 4953 2574 5016; x_wconf 86' lang='lat' dir='ltr'><strong>in</strong></span> <span class='ocrx_word' id='word_1_754' title='bbox 2613 4953 2775 5012; x_wconf 85' lang='lat' dir='ltr'><strong>robur</strong></span> <span class='ocrx_word' id='word_1_755' title='bbox 2798 4933 2858 5008; x_wconf 80' lang='lat' dir='ltr'><strong>se</strong></span> <span class='ocrx_word' id='word_1_756' title='bbox 2884 4949 3163 5017; x_wconf 85' lang='lat' dir='ltr'><strong>colligunt,</strong></span> <span class='ocrx_word' id='word_1_757' title='bbox 3189 4960 3368 5002; x_wconf 90' lang='lat' dir='ltr'><strong>armos</strong></span> <span class='ocrx_word' id='word_1_758' title='bbox 3397 4944 3679 5014; x_wconf 80' lang='lat' dir='ltr'><strong>objiciunt,</strong></span> 
     </span>
    </p>
   </div>
   <div class='ocr_carea' id='block_1_112' title="bbox 2107 5035 3686 5113">
    <p class='ocr_par' dir='ltr' id='par_1_112' title="bbox 2107 5035 3686 5113">
     <span class='ocr_line' id='line_1_112' title="bbox 2107 5035 3686 5113; baseline -0.013 -3"><span class='ocrx_word' id='word_1_759' title='bbox 2107 5045 2469 5108; x_wconf 64' lang='lat' dir='ltr'><strong>VOCiferanter</strong></span> <span class='ocrx_word' id='word_1_760' title='bbox 2528 5044 2844 5113; x_wconf 85' lang='lat' dir='ltr'><strong>impingunt,</strong></span> <span class='ocrx_word' id='word_1_761' title='bbox 2897 5038 3102 5112; x_wconf 75' lang='lat' dir='ltr'><strong>lignum</strong></span> <span class='ocrx_word' id='word_1_762' title='bbox 3168 5048 3346 5094; x_wconf 85' lang='lat' dir='ltr'><strong>tamen</strong></span> <span class='ocrx_word' id='word_1_763' title='bbox 3414 5035 3686 5094; x_wconf 86' lang='lat' dir='ltr'><strong>immobile</strong></span> 
     </span>
    </p>
   </div>
   <div class='ocr_carea' id='block_1_113' title="bbox 2113 5127 3682 5209">
    <p class='ocr_par' dir='ltr' id='par_1_113' title="bbox 2113 5127 3682 5209">
     <span class='ocr_line' id='line_1_113' title="bbox 2113 5127 3682 5209; baseline -0.013 -14"><span class='ocrx_word' id='word_1_764' title='bbox 2113 5145 2410 5209; x_wconf 84' lang='lat' dir='ltr'><strong>permanet,</strong></span> <span class='ocrx_word' id='word_1_765' title='bbox 2441 5151 2505 5192; x_wconf 81' lang='lat' dir='ltr'><strong>ac</strong></span> <span class='ocrx_word' id='word_1_766' title='bbox 2530 5135 2573 5188; x_wconf 91' lang='lat' dir='ltr'><strong>si</strong></span> <span class='ocrx_word' id='word_1_767' title='bbox 2607 5135 2770 5192; x_wconf 77' lang='lat' dir='ltr'><strong>Iixum</strong></span> <span class='ocrx_word' id='word_1_768' title='bbox 2812 5130 3084 5198; x_wconf 78' lang='lat' dir='ltr'><strong>radicibus</strong></span> <span class='ocrx_word' id='word_1_769' title='bbox 3112 5136 3407 5184; x_wconf 83' lang='lat' dir='ltr'><strong>teneretur.</strong></span> <span class='ocrx_word' id='word_1_770' title='bbox 3457 5127 3682 5184; x_wconf 82' lang='lat' dir='ltr'><strong>Domum</strong></span> 
     </span>
    </p>
   </div>
   <div class='ocr_carea' id='block_1_114' title="bbox 2115 5217 3683 5297">
    <p class='ocr_par' dir='ltr' id='par_1_114' title="bbox 2115 5217 3683 5297">
     <span class='ocr_line' id='line_1_114' title="bbox 2115 5217 3683 5297; baseline -0.01 -14"><span class='ocrx_word' id='word_1_771' title='bbox 2115 5228 2369 5297; x_wconf 73' lang='lat' dir='ltr'><strong>magistra</strong></span> <span class='ocrx_word' id='word_1_772' title='bbox 2424 5222 2723 5286; x_wconf 78' lang='lat' dir='ltr'><strong>necessitas</strong></span> <span class='ocrx_word' id='word_1_773' title='bbox 2763 5219 2948 5276; x_wconf 88' lang='lat' dir='ltr'><strong>docuit</strong></span> <span class='ocrx_word' id='word_1_774' title='bbox 2997 5219 3145 5287; x_wconf 47' lang='lat' dir='ltr'><strong>quod.</strong></span> <span class='ocrx_word' id='word_1_775' title='bbox 3204 5233 3349 5276; x_wconf 67' lang='lat' dir='ltr'><strong>cmca</strong></span> <span class='ocrx_word' id='word_1_776' title='bbox 3405 5217 3683 5282; x_wconf 74' lang='lat' dir='ltr'><strong>hominum</strong></span> 
     </span>
    </p>
   </div>
   <div class='ocr_carea' id='block_1_115' title="bbox 2115 5306 3680 5388">
    <p class='ocr_par' dir='ltr' id='par_1_115' title="bbox 2115 5306 3680 5388">
     <span class='ocr_line' id='line_1_115' title="bbox 2115 5306 3680 5388; baseline -0.008 -18"><span class='ocrx_word' id='word_1_777' title='bbox 2115 5316 2356 5388; x_wconf 87' lang='lat' dir='ltr'><strong>pravitas</strong></span> <span class='ocrx_word' id='word_1_778' title='bbox 2376 5312 2674 5384; x_wconf 87' lang='lat' dir='ltr'><strong>ignorabat.</strong></span> <span class='ocrx_word' id='word_1_779' title='bbox 2703 5309 2850 5365; x_wconf 84' lang='lat' dir='ltr'><strong>Meus</strong></span> <span class='ocrx_word' id='word_1_780' title='bbox 2901 5325 3135 5378; x_wconf 77' lang='lat' dir='ltr'><strong>namque</strong></span> <span class='ocrx_word' id='word_1_781' title='bbox 3164 5324 3351 5368; x_wconf 85' lang='lat' dir='ltr'><strong>eorum</strong></span> <span class='ocrx_word' id='word_1_782' title='bbox 3385 5306 3680 5386; x_wconf 80' lang='lat' dir='ltr'><strong>perpetrati</strong></span> 
     </span>
    </p>
   </div>
   <div class='ocr_carea' id='block_1_116' title="bbox 2109 5397 3678 5471">
    <p class='ocr_par' dir='ltr' id='par_1_116' title="bbox 2109 5397 3678 5471">
     <span class='ocr_line' id='line_1_116' title="bbox 2109 5397 3678 5471; baseline -0.006 -11"><span class='ocrx_word' id='word_1_783' title='bbox 2109 5405 2350 5460; x_wconf 46' lang='lat' dir='ltr'><strong>crin‘iinis</strong></span> <span class='ocrx_word' id='word_1_784' title='bbox 2376 5401 2615 5464; x_wconf 89' lang='lat' dir='ltr'><strong>conscia,</strong></span> <span class='ocrx_word' id='word_1_785' title='bbox 2648 5399 2772 5455; x_wconf 89' lang='lat' dir='ltr'><strong>licet</strong></span> <span class='ocrx_word' id='word_1_786' title='bbox 2801 5416 2943 5466; x_wconf 83' lang='lat' dir='ltr'><strong>sero,</strong></span> <span class='ocrx_word' id='word_1_787' title='bbox 2979 5401 3179 5471; x_wconf 84' lang='lat' dir='ltr'><strong>liquido</strong></span> <span class='ocrx_word' id='word_1_788' title='bbox 3216 5399 3466 5466; x_wconf 72' lang='lat' dir='ltr'><strong>cognovit</strong></span> <span class='ocrx_word' id='word_1_789' title='bbox 3505 5397 3630 5471; x_wconf 85' lang='lat' dir='ltr'><strong>quia</strong></span> <span class='ocrx_word' id='word_1_790' title='bbox 3663 5436 3678 5460; x_wconf 93' lang='lat'><strong>,</strong></span> 
     </span>
    </p>
   </div>
   <div class='ocr_carea' id='block_1_117' title="bbox 2110 5485 3682 5565">
    <p class='ocr_par' dir='ltr' id='par_1_117' title="bbox 2110 5485 3682 5565">
     <span class='ocr_line' id='line_1_117' title="bbox 2110 5485 3682 5565; baseline -0.005 -19"><span class='ocrx_word' id='word_1_791' title='bbox 2110 5495 2200 5565; x_wconf 87' lang='lat' dir='ltr'><strong>qui</strong></span> <span class='ocrx_word' id='word_1_792' title='bbox 2230 5495 2293 5548; x_wconf 91' lang='lat' dir='ltr'><strong>de</strong></span> <span class='ocrx_word' id='word_1_793' title='bbox 2331 5491 2473 5547; x_wconf 87' lang='lat' dir='ltr'><strong>beati</strong></span> <span class='ocrx_word' id='word_1_794' title='bbox 2504 5491 2759 5561; x_wconf 85' lang='lat' dir='ltr'><strong>martyris</strong></span> <span class='ocrx_word' id='word_1_795' title='bbox 2788 5491 3090 5554; x_wconf 88' lang='lat' dir='ltr'><strong>substantia</strong></span> <span class='ocrx_word' id='word_1_796' title='bbox 3133 5488 3374 5556; x_wconf 77' lang='lat' dir='ltr'><strong>rapinam</strong></span> <span class='ocrx_word' id='word_1_797' title='bbox 3421 5485 3682 5550; x_wconf 77' lang='lat' dir='ltr'><strong>fecerant,</strong></span> 
     </span>
    </p>
   </div>
   <div class='ocr_carea' id='block_1_118' title="bbox 2113 5573 3680 5643">
    <p class='ocr_par' dir='ltr' id='par_1_118' title="bbox 2113 5573 3680 5643">
     <span class='ocr_line' id='line_1_118' title="bbox 2113 5573 3680 5643; baseline -0.008 -7"><span class='ocrx_word' id='word_1_798' title='bbox 2113 5584 2310 5638; x_wconf 88' lang='lat' dir='ltr'><strong>merito</strong></span> <span class='ocrx_word' id='word_1_799' title='bbox 2358 5580 2461 5635; x_wconf 88' lang='lat' dir='ltr'><strong>illis</strong></span> <span class='ocrx_word' id='word_1_800' title='bbox 2507 5580 2688 5641; x_wconf 88' lang='lat' dir='ltr'><strong>divina</strong></span> <span class='ocrx_word' id='word_1_801' title='bbox 2730 5581 2904 5634; x_wconf 87' lang='lat' dir='ltr'><strong>virtus</strong></span> <span class='ocrx_word' id='word_1_802' title='bbox 2948 5577 3220 5638; x_wconf 87' lang='lat' dir='ltr'><strong>obstabat.</strong></span> <span class='ocrx_word' id='word_1_803' title='bbox 3262 5573 3465 5640; x_wconf 67' lang='lat' dir='ltr'><strong>Mutato</strong></span> <span class='ocrx_word' id='word_1_804' title='bbox 3499 5574 3680 5643; x_wconf 79' lang='lat' dir='ltr'><strong>itaque</strong></span> 
     </span>
    </p>
   </div>
   <div class='ocr_carea' id='block_1_119' title="bbox 2117 5665 3693 5742">
    <p class='ocr_par' dir='ltr' id='par_1_119' title="bbox 2117 5665 3693 5742">
     <span class='ocr_line' id='line_1_119' title="bbox 2117 5665 3693 5742; baseline -0.005 -16"><span class='ocrx_word' id='word_1_805' title='bbox 2117 5681 2335 5742; x_wconf 80' lang='lat' dir='ltr'><strong>repente</strong></span> <span class='ocrx_word' id='word_1_806' title='bbox 2371 5671 2619 5735; x_wconf 89' lang='lat' dir='ltr'><strong>consilio,</strong></span> <span class='ocrx_word' id='word_1_807' title='bbox 2662 5671 2924 5725; x_wconf 79' lang='lat' dir='ltr'><strong>Assisium</strong></span> <span class='ocrx_word' id='word_1_808' title='bbox 2971 5683 3156 5723; x_wconf 86' lang='lat' dir='ltr'><strong>versus</strong></span> <span class='ocrx_word' id='word_1_809' title='bbox 3203 5667 3345 5730; x_wconf 85' lang='lat' dir='ltr'><strong>illico</strong></span> <span class='ocrx_word' id='word_1_810' title='bbox 3381 5665 3693 5724; x_wconf 78' lang='lat' dir='ltr'><strong>vehiculum</strong></span> 
     </span>
    </p>
   </div>
  </div>
