4184 6448
527 337 632 394 699

1127 332 1184 388 8.
1223 329 1427 386 P..TRI
1469 327 1748 384 DAMIANI
1778 325 1928 382 OPP.
1970 323 2149 380 PARS
2187 325 2316 382 SEU
2359 324 2595 382 TOMUS
2620 322 2684 379 Il.
2712 349 2785 365 —-
2821 318 3204 378 SERM‘ONES.

3618 317 3724 372 τοο

527 449 788 518 dirigunt,
824 453 896 509 et,
927 441 1258 498 accelerandi
1298 441 1551 498 facultate
1579 446 1850 507 percepta,
1895 436 2096 490 beatis-
2124 444 2176 500 Α
2203 437 2504 498 antecedat,
2534 449 2601 489 ne
2622 434 2748 490 dum
2787 432 2919 487 alios
2939 432 3004 485 ad
3027 430 3224 486 bellum
3259 426 3533 498 impellere
3553 427 3771 492 nititur,

528 541 666 596 simo
714 535 958 605 martyri,
1008 532 1152 601 quod
1188 532 1418 600 superbe
1458 535 1769 598 rapuerant,
1820 524 2098 578 humiliter

533 628 779 684 reddunt.

600 719 836 786 Agamus
863 713 1028 785 Igitur
1053 711 1269 766 Christo
1295 707 1562 764 Salvatori
1589 714 1776 760 nostro
1803 704 2018 775 gratias,
2046 710 2101 758 et

531 809 690 877 digna
721 804 938 858 laudum
976 801 1246 871 praeconia
1281 798 1600 860 referamus,
1627 796 1739 864 qui,
1777 796 1902 848 dum
1940 792 2102 864 184

531 912 628 967 per
652 896 800 949 cives
843 907 1092 961 supernae
1122 888 1456 945 Hierusalem
1487 887 1617 939 talia
1661 885 1814 939 nobis
1841 882 2102 936 beneﬁcia

530 991 818 1056 prmrogat,
850 991 1107 1048 tanquam
1134 994 1230 1047 per
1255 977 1480 1046 exiguas
1511 975 1679 1028 micas
1710 988 1774 1026 ac
1819 981 2008 1024 tenues
2038 968 2104 1023 ad

529 1074 747 1150 plenum
779 1085 876 1125 nos
921 1069 1230 1124 convivium
1282 1081 1480 1121 mensae
1519 1063 1757 1118 caelestis
1786 1061 2020 1124 invitat;
2051 1067 2107 1113 et

533 1170 660 1221 dum
698 1165 814 1220 illos
838 1165 953 1232 jam
991 1171 1112 1233 post
1155 1161 1392 1215 laborem
1444 1159 1785 1228 quiescentes
1833 1155 1886 1207 iu
1932 1153 2108 1222 patria

533 1255 766 1308 ubertim
800 1254 982 1317 satiat,
1016 1265 1114 1304 nus
1162 1250 1327 1303 etiam
1357 1249 1413 1302 in
1462 1245 1620 1314 hujus
1658 1241 2110 1314 peregrinationis

534 1345 730 1399 itinere
756 1344 909 1413 quasi
938 1340 1264 1412 quibusdam
1287 1339 1530 1393 ciborum
1569 1334 1809 1403 reliquiis
1838 1343 2111 1400 utcunque

535 1444 828 1498 sustentat;
861 1434 969 1487 imo
992 1431 1084 1500 qui
1115 1430 1236 1483 illos
1273 1429 1444 1484 solido
1471 1443 1580 1482 sua:
1608 1424 1835 1479 visionis
1864 1423 1987 1477 cibo
2029 1435 2113 1474 re-

537 1522 673 1586 ﬁcit,
699 1521 932 1590 quodam
968 1535 1068 1574 nos
1098 1520 1374 1588 signorum
1423 1532 1643 1570 suorum
1684 1514 1821 1568 lacte
1853 1521 2111 1580 tanquam

537 1611 790 1682 parvulos
819 1611 1013 1677 nutrit,
1051 1610 1222 1662 donec
1249 1621 1601 1661 occurramus
1621 1618 1809 1658 omnes
1854 1603 1907 1655 in
1939 1601 2112 1655 virum

537 1701 838 1772 perfectura
871 1700 924 1753 in
977 1711 1287 1752 mensuram
1336 1695 1511 1748 aetatis
1563 1689 1910 1762 plenitudinis
1955 1687 2112 1743 Chri-

2199 526 2316 595 ipse
2337 522 2586 594 degeneri
2608 521 2854 591 corporis
2867 519 2976 574 otio
2997 534 3092 588 per
3113 517 3491 589 negligentiam
3514 517 3771 571 dissolva-

2201 625 2309 680 tur,
2352 614 2488 669 sicut
2520 613 2588 667 de
2632 611 2952 680 quibusdam
2977 623 3164 678 magna
3207 606 3647 677 praedicantibus,
3676 605 3771 660 sed

2201 705 2469 760 desidiose
2497 702 2823 768 viventibus,
2853 716 2950 770 per
2984 700 3308 770 Prophetam
3337 699 3558 753 dicitur:
3596 717 3614 749 ι
3649 695 3772 751 Filii

2202 797 2435 866 Ephrem
2480 795 2817 850 intendentes
2867 808 3076 857 arcum,
3131 799 3186 846 et
3233 792 3506 845 mittentes
3552 791 3776 861 sagittas

2204 902 2349 951 suas,
2383 885 2631 940 conversi
2662 893 2790 939 sunt
2816 884 2868 936 in
2893 883 2980 937 die
3005 882 3129 936 belli
3153 880 3326 953 (Psal.
3356 881 3584 950 Lxxvn).
3625 899 3644 931 ι
3673 879 3773 946 Qui

2203 976 2348 1030 enim
2405 975 2664 1030 adversus
2701 974 2956 1028 vitiorum
3001 973 3322 1027 tentationes
3371 971 3438 1026 ad
3475 968 3777 1025 conﬂictum

2207 1064 2342 1119 alios
2373 1072 2685 1133 provocant,
2717 1063 2814 1118 sed
2847 1061 3134 1133 confligere
3181 1062 3279 1131 ipsi
3310 1061 3408 1116 sub
3439 1060 3658 1130 ignobili
3688 1057 3779 1112 de-

2207 1153 2360 1208 sidiae
2390 1152 2651 1222 languore
2683 1153 3006 1215 detrectant,
3047 1152 3099 1206 hi
3126 1151 3378 1205 nimirum
3408 1151 3632 1220 sagittas
3661 1149 3780 1218 qui-

2210 1245 2330 1299 dem
2360 1244 2618 1314 dirigunt,
2646 1243 2742 1298 sed
2769 1253 2890 1313 post
2929 1253 3077 1311 terga
3120 1243 3364 1298 conversi
3402 1252 3806 1304 consummate

2210 1335 2454 1390 victoria:
2510 1333 2695 1388 titulos
2743 1349 2849 1388 non
2911 1341 3207 1387 merentur.
3291 1330 3403 1385 Nec
3442 1332 3523 1385 eis
3570 1332 3784 1400 prodest

2211 1425 2354 1495 quod
2385 1425 2521 1479 bene
2545 1430 2845 1493 cmperant,
2873 1423 2999 1491 quia
3032 1436 3136 1474 non
3165 1436 3336 1490 usque
3371 1421 3437 1474 ad
3485 1421 3646 1475 ﬁnem
3675 1436 3784 1475 ma-

2213 1517 2542 1586 gnanimiter
2591 1523 2958 1583 perseverant.
3012 1511 3167 1567 Unde
3201 1513 3349 1568 etde
3410 1512 3514 1567 illis
3543 1512 3788 1582 protinus

2214 1607 2490 1676 sequitur:
2529 1622 2548 1656 ‹
2583 1603 2705 1659 Non
2751 1604 3124 1659 custodierunt
3171 1611 3555 1658 testamentum
3597 1602 3712 1666 Dei,
3737 1609 3784 1655 et

2217 1697 2269 1750 in
2297 1696 2412 1765 lege
2434 1694 2550 1763 ejus
2593 1695 2885 1749 noluerunt
2934 1693 3214 1748 ambulare
3256 1693 3442 1763 (Ibid.)
3485 1711 3505 1745 ι
3533 1692 3615 1747 Ac
3639 1691 3684 1746 si
3711 1692 3789 1746 di-

539 1796 608 1850 sti
635 1794 848 1864 (Ep/tes.
877 1792 974 1864 ιν),
1004 1791 1095 1860 qui
1128 1805 1249 1845 cum
1279 1790 1387 1844 Deo
1423 1787 1582 1841 Patre
1608 1796 1663 1841 et
1693 1785 1900 1855 Spiritu
1931 1790 2117 1837 sancto
2150 1794 2190 1850 Β
2218 1795 2365 1841 ceret
2390 1801 2406 1839 :
2457 1786 2826 1855 Susceperunt
2867 1785 3086 1854 quidem
3120 1793 3522 1846 testamentum,
3553 1783 3650 1837 sed
3684 1798 3789 1837 non

541 1885 673 1938 vivit
699 1893 754 1939 et
788 1890 977 1954 regnat
1005 1882 1146 1935 Deus
1174 1879 1229 1934 in
1264 1878 1463 1934 saecula
1485 1875 1827 1932 sarculorum.
1855 1874 2049 1927 Amen.

1097 2067 1524 2132 AUGUSTUS.

539 2172 628 2232 Π.
677 2148 679 2151 ’
786 2169 996 2230 Sermo
1022 2165 1093 2226 de
1116 2165 1180 2226 S.
1209 2165 1521 2242 Stephano
1551 2179 1719 2240 papa
1738 2167 1791 2220 et
1813 2163 2115 2244 martyre.

542 2271 652 2348 VI,
796 2269 1008 2329 Sermo
1066 2264 1138 2325 de
1194 2264 1308 2324 SS.
1365 2263 1610 2354 ροηαιο
1661 2267 1714 2319 et
1777 2256 2118 2320 Hilariano

621 2367 1025 2445 martyribus.

542 2468 720 2529 XIII.
783 2466 994 2526 Sermo
1021 2462 1093 2522 de
1123 2460 1188 2522 S.
1229 2458 1526 2520 Cassiano
1558 2464 1854 2537 martyre.

543 2567 685 2629 XV.
787 2565 998 2626 Sermo
1029 2559 1100 2621 de
1118 2559 1562 2639 Assumptione
1584 2557 1964 2619 Beatissimae
1991 2555 2126 2617 Ma-

630 2667 739 2726 ria:
777 2661 1080 2740 Virginis.

544 2757 696 2823 XIV
774 2759 982 2820 Sermo
1019 2757 1057 2818 I
1086 2756 1158 2817 de
1212 2757 1276 2818 S.
1313 2755 1768 2818 Bartholomteo
1804 2754 2120 2835 apostolo.

628 2859 834 2919 Sermo
863 2858 942 2918 II
966 2856 1039 2917 de
1065 2855 1291 2918 eodem.

1071 2973 1303 3030 SERMO
1342 2973 1605 3031 XXXVII.

635 3077 702 3118 ps
731 3078 934 3119 saacro
960 3078 1234 3119 srsrnmo
1261 3081 1392 3118 mea
1412 3081 1481 3118 ετ
1514 3078 1764 3118 ιιΑιιτγιιε
1792 3062 1852 3134 (ιι
1892 3063 2044 3134 ως.)

2164 1942 2166 1944 ν
2218 1877 2630 1938 custodierunt:
2663 1876 2965 1932 Posuerunt
2988 1875 3039 1928 in
3063 1874 3180 1944 lege
3213 1873 3400 1944 pedem
3428 1888 3525 1943 per
3557 1873 3791 1938 initium,

2217 1968 2311 2021 sed
2339 1982 2444 2021 non
2487 1973 2776 2020 tenuerunt
2804 1964 3217 2034 perseverantia:
3246 1977 3510 2033 gressum.

2287 2054 2544 2124 Quisquis
2573 2067 2703 2122 ergo
2731 2052 2799 2106 ad
2837 2051 3077 2121 spiritale
3117 2058 3391 2106 certamen
3441 2049 3575 2104 alios
3603 2062 3793 2118 provo-

2217 2152 2325 2210 cat,
2356 2144 2601 2213 quisquis
2624 2143 2692 2196 ad
2719 2141 2933 2196 fortiter
2958 2139 3227 2211 agendum
3250 2139 3619 2208 proximorum
3649 2152 3794 2191 men-

2221 2240 2302 2287 tes
2351 2232 2594 2301 instigat,
2632 2231 2793 2285 debet
2839 2230 3025 2298 utique
3075 2229 3243 2282 vitam
3291 2227 3624 2283 concordare
3675 2241 3798 2280 cum

2219 2324 2423 2395 lingua,
2446 2339 2532 2389 ne,
2559 2323 2685 2400 dum
2706 2321 2826 2375 aliis
2851 2320 3350 2390 proponitexcelsa,
3375 2320 3489 2388 ipse
3514 2326 3799 2372 contentus

2221 2415 2345 2471 imis
2385 2422 2664 2486 prematur
2708 2413 2927 2467 inertia.
2968 2410 3104 2465 Hinc
3147 2419 3230 2467 est
3258 2410 3401 2480 quod
3438 2410 3493 2464 in
3519 2408 3636 2478 lege
3663 2422 3799 2478 pra:-

2221 2509 2458 2579 cipitur:
2497 2527 2516 2559 (
2554 2505 2672 2562 Non
2716 2505 2963 2570 habebis,
3010 2503 3207 2573 inquit,
3243 2502 3296 2555 in
3344 2498 3561 2555 saccqu
3590 2499 3800 2553 diversa

2219 2601 2478 2672 pondera,
2518 2598 2692 2668 majus
2712 2605 2768 2653 et
2792 2597 2989 2661 minus,
3029 2609 3129 2649 nec
3167 2594 3271 2648 erit
3306 2592 3358 2645 in
3389 2589 3549 2645 domo
3574 2598 3662 2643 tua
3690 2603 3800 2642 mo-

2222 2692 2343 2750 dius
2389 2689 2562 2760 major
2591 2697 2646 2745 et
2698 2689 2896 2744 minor.
2941 2686 3156 2742 Pondus
3209 2681 3434 2739 habebis
3478 2682 3705 2752 justum,
3749 2686 3800 2733 et

2223 2781 2437 2836 modius
2485 2778 2710 2850 tequalis
2749 2785 2806 2833 et
2857 2791 3020 2832 verus
3068 2775 3176 2830 erit
3219 2773 3316 2829 tibi
3367 2772 3546 2844 (Deut.
3590 2767 3741 2840 xxv).
3779 2787 3799 2822 ρ

2224 2872 2517 2928 Enimvero
2559 2879 2689 2924 tunc
2715 2869 2768 2923 in
2815 2866 3032 2922 sacculo
3053 2866 3265 2921 diversa
3310 2861 3548 2935 pondera
3575 2877 3680 2916 non
3708 2860 3805 2915 ha-

2224 2962 2433 3029 bemus,
2485 2961 2529 3016 si
2563 2961 2704 3014 intra
2753 2966 3023 3013 secretum
3073 2952 3418 3010 conscientiae
3455 2958 3651 3006 nostrae
3697 2964 3804 3002 non

2229 3051 2388 3106 aliter
2414 3049 2589 3115 nobis,
2638 3061 2812 3117 neque
2855 3045 3016 3101 aliter
3054 3043 3176 3099 aliis
3209 3043 3543 3113 judicantes,
3588 3039 3804 3096 easdem

623 3154 862 3210 Audistis
887 3154 1066 3220 hodie,
1091 3153 1288 3208 fratres
1312 3151 1642 3216 charissimi,
1670 3129 1894 3207 militem
1918 3129 2124 3207 Christi
2153 3130 2198 3191 (ἶ
2230 3139 2481 3211 legalium
2509 3143 2906 3208 Ρτπεθῐιίοτυω
2944 3147 3227 3189 mensuras
3257 3129 3807 3203 apprehendimusini'

554 3243 815 3296 adversus
852 3243 1092 3297 membra
1120 3240 1318 3296 diaboli
1358 3241 1588 3296 viriliter
1618 3240 1998 3305 dimicantem;
2028 3255 2126 3294 au—

555 3334 711 3386 distis
745 3332 1015 3402 egregium
1050 3330 1242 3386 ducem
1270 3330 1452 3401 populi
1479 3328 1771 3385 Christiani
1807 3330 2131 3385 commilito-

555 3437 653 3478 nes
681 3437 808 3477 suos
830 3422 898 3476 ad
921 3424 1259 3492 procinctum
1290 3422 1510 3492 gloriosi
1546 3421 1858 3476 certaminis
1882 3429 2130 3476 constan-

554 3522 640 3566 ter
661 3528 724 3567 ac
745 3511 1067 3567 ﬁducialiter
1094 3513 1494 3567 exhortantem.
1538 3511 1682 3582 Lege
1707 3511 1905 3582 quippe
1947 3521 2132 3582 tyran-

554 3604 677 3657 nica
709 3612 837 3657 tunc
863 3602 1139 3658 decretum
1161 3611 1278 3656 erat
1305 3610 1363 3656 ut
1384 3602 1628 3671 quisquis
1648 3600 1916 3656 occultum
1944 3616 2134 3671 quem-

554 3693 688 3747 libet
738 3694 990 3764 proderet
1033 3691 1427 3757 Christianum,
1479 3708 1588 3746 non
1629 3691 1801 3746 solum
1851 3691 2135 3746 universas

555 3785 674 3855 ejus
702 3784 989 3840 facultates
1035 3784 1329 3854 acciperet,
1361 3783 1456 3838 sed
1501 3783 1570 3837 ad
1617 3783 1879 3837 honorem
1923 3795 2136 3851 quoque

555 3877 784 3944 militiae,
812 3892 970 3947 quem
1007 3877 1262 3946 eligeret,
1303 3875 1568 3945 sacrilega
1606 3890 1729 3929 eum
1773 3874 2136 3929 remuneratio

556 3969 891 4024 sublimaret.
935 3969 1088 4024 Tunc
1137 3969 1197 4022 Β.
1249 3967 1580 4037 Stephanus,
1608 3974 1794 4036 utpote
1835 3963 2138 4035 primipilus

556 4058 1392 4130 Christianamilitizeetsignil‘er
1413 4058 1756 4128 imperatoris
1776 4054 1986 4119 atterni,
2010 4067 2138 4108 con-

559 4151 1018 4219 gregavitcuneos
1046 4153 1368 4206 bellatorum
1395 4160 1449 4206 et
1480 4151 1600 4206 telis
1632 4164 1918 4220 aggressus
1945 4155 2029 4202 est
2053 4160 2140 4199 ar-

561 4253 731 4305 mare,
746 4241 999 4295 virtutem
1015 4243 1309 4297 exhortans
1323 4250 1486 4310 atque
1505 4241 1741 4296 suadens
1753 4247 1810 4293 ut
1824 4247 1879 4293 et
1899 4238 2140 4306 peritura

564 4338 792 4384 terrente
839 4329 1109 4386 facultatis
1139 4331 1289 4385 lucra
1320 4339 1751 4395 contemnerent,
1787 4337 1842 4384 et
1871 4327 2138 4382 inﬁnitam

563 4428 970 4489 persecutorum
1000 4419 1202 4474 rabiem
1231 4435 1339 4476 non
1381 4420 1652 4476 timerent.
1709 4417 1950 4475 Pellebat
1977 4432 2008 4470 a
2046 4431 2140 4487 pa-

2233 3231 2451 3296 mirum,
2500 3237 2561 3284 ut
2607 3243 2714 3284 non
2745 3227 2866 3283 aliis
2912 3225 3152 3298 regulam
3202 3224 3459 3280 districtus
3503 3221 3808 3278 severitatis

2233 3323 2494 3389 indicere,
2525 3319 2884 3391 nosmetipsos
2922 3318 3237 3373 Studeamus
3280 3314 3607 3371 remissioris
3637 3311 3808 3367 indul-

2234 3418 2427 3486 gentia:
2459 3413 2574 3485 lege
2603 3421 2860 3468 tractare.
2891 3411 2970 3466 De
3011 3425 3116 3481 qua
3145 3407 3395 3464 videlicet
3418 3406 3606 3462 fraude
3627 3413 3683 3460 et
3711 3403 3810 3459 Sa-

2233 3505 2414 3560 lomon
2447 3504 2561 3559 ait:
2591 3523 2610 3555 ι
2641 3502 2986 3559 Abominatio
3021 3509 3103 3556 est
3132 3500 3355 3554 Domino
3384 3498 3590 3568 pondus
3618 3495 3810 3565 duplex

2234 3605 2290 3653 et
2322 3605 2524 3652 statera
2566 3595 2748 3651 dolosa
2799 3593 2982 3665 (Prov.
3035 3591 3150 3663 xx).
3193 3611 3214 3644 ι
3267 3591 3496 3646 Necesse
3547 3598 3630 3644 est
3683 3602 3813 3657 ergo

2236 3685 2420 3757 fruges
2445 3685 2597 3740 verbi
2630 3697 2971 3753 nequaquam
3003 3682 3252 3746 diversis,
3282 3681 3374 3735 sed
3402 3679 3606 3736 eisdem
3633 3676 3812 3732 metiri

2237 3769 2595 3840 ponderibus;
2626 3778 2706 3834 ut,
2744 3783 2866 3837 quae
2886 3767 3007 3822 aliis
3054 3766 3258 3836 agenda
3301 3763 3662 3834 praecipimus,
3711 3759 3813 3830 ipsi

2237 3860 2403 3916 etiam
2449 3859 2588 3914 vivis
2626 3859 2879 3928 operibus
2923 3855 3213 3912 eﬂicaciter
3273 3853 3608 3924 impleamus.
3661 3849 3814 3918 Quod

2237 3949 2480 4022 profecto
2501 3948 2561 4002 B.
2592 3956 2800 4018 martyr
2819 3945 3125 4015 Stephanus
3147 3941 3490 3998 laudabiliter
3518 3939 3667 4004 fecit,
3687 3939 3814 4008 quia

2240 4039 2366 4095 dum
2416 4038 2549 4093 alios
2586 4037 2907 4092 adhortatur
2939 4033 3008 4089 ad
3047 4047 3299 4102 pugnam,
3333 4031 3447 4100 ipse
3487 4030 3638 4100 prius
3667 4043 3816 4082 arma

2240 4129 2520 4200 corripuit,
2559 4136 2615 4183 et
2655 4128 2707 4182 in
2732 4127 2901 4196 ipsam
2941 4139 3001 4179 se
3037 4122 3352 4191 constipata:
3398 4120 3622 4192 legionis
3645 4119 3820 4173 aciem
3873 4115 3882 4122 ’

2241 4219 2406 4273 lorica
2440 4217 2563 4272 fidei
2596 4217 2834 4271 munitus
2865 4213 3153 4278 immersit,
3179 4213 3415 4280 dumque
3454 4208 3572 4263 aliis
3598 4221 3822 4276 congre-

2240 4309 2421 4364 diendi
2455 4309 2660 4379 praabet
2701 4305 3031 4375 exemplum,
3081 4303 3172 4358 ille
3223 4302 3451 4358 sortitur
3495 4315 3565 4355 ex
3612 4297 3822 4354 devicto

2242 4400 2398 4455 hoste
2427 4397 2790 4468 triumphum;
2837 4403 3020 4464 atque,
3051 4402 3111 4447 ut
3139 4393 3215 4447 ita
3247 4393 3458 4462 loquar,
3495 4391 3621 4467 dum
3648 4403 3706 4442 se
3731 4401 3820 4441 se-

561 4512 807 4567 ridorum
843 4520 1023 4566 mente
1064 4511 1428 4577 formidinem,
1474 4519 1531 4567 et
1561 4511 1723 4565 rudes
1759 4509 1993 4564 tironum
2024 4507 2129 4565 ani-

2243 4492 2531 4562 quentibus
2559 4490 2752 4546 sternit
2779 4489 2883 4544 iter
2906 4487 2973 4542 ad
3008 4499 3266 4557 pugnam,
3306 4484 3420 4551 ipse
3446 4495 3569 4535 mox
3601 4475 3823 4548 peracta

562 4617 682 4656 mos
709 4601 775 4655 ad
807 4616 1034 4672 agonem
1065 4601 1232 4656 divini
1264 4600 1574 4656 certaminis
1601 4600 1951 4655 accendebat.
1987 4597 2142 4665 Quod

562 4693 727 4747 etiam
764 4708 861 4762 per
896 4692 1116 4764 Moysen
1144 4693 1198 4747 in
1237 4693 1355 4763 lege
1375 4700 1701 4762 praeceptum
1732 4700 1850 4747 est:
1887 4708 1907 4742 ι
1935 4689 2145 4760 Appro-

533 4781 876 4851 ,pinquante,
922 4782 1247 4853 inquit,jam
1289 4782 1494 4853 praelio,
1517 4781 1680 4837 stabit
1727 4780 1978 4836 sacerdos
2017 4788 2145 4834 ante

564 4873 762 4938 aciem,
792 4884 844 4927 et
877 4875 955 4928 sic
975 4874 1222 4944 loquetur
1253 4875 1320 4929 ad
1345 4873 1597 4944 populum
1627 4891 1642 4928 :
1667 4871 2018 4944 Audi,lsrael,
2047 4884 2145 4925 vos

567 4962 726 5017 hodie
767 4973 955 5017 contra
1003 4965 1262 5020 inimicos
1281 4975 1492 5021 vestros
1517 4977 1750 5034 pugnam
1779 4960 2142 5025 committitis,

566 5066 673 5105 non
719 5052 1066 5118 pertimescat
1089 5069 1183 5108 cor
1208 5065 1470 5118 vestrum,
1501 5053 1666 5108 nolite
1691 5061 1955 5114 metuere,
1981 5048 2147 5104 nolite

565 5141 782 5206 cedere,
813 5157 912 5196 nec
941 5142 1244 5200 formidetis
1273 5159 1390 5212 eos,
1431 5145 1556 5215 quia
1587 5144 1859 5200 Dominus
1888 5143 2031 5198 Deus
2057 5154 2150 5209 vc-

567 5240 681 5284 stcr
720 5231 775 5285 in
802 5232 980 5286 medio
1010 5236 1175 5288 vestri
1202 5244 1308 5300 est,
1337 5243 1392 5290 et
1415 5250 1513 5304 pro
1547 5235 1702 5290 vobis
1741 5244 1929 5288 contra
1961 5231 2147 5286 adver-

569 5323 743 5378 sarios
765 5324 1066 5393 dimicabit,
1087 5334 1147 5380 ut
1165 5335 1320 5380 eruat
1343 5342 1437 5381 vos
1451 5329 1515 5382 de
1534 5326 1772 5397 periculo
1793 5325 1970 5397 (Deut.
1987 5322 2101 5392 xx).
2125 5339 2144 5374 ι

642 5415 712 5469 Et
781 5419 1076 5473 notandum
1138 5420 1281 5489 quod
1318 5420 1600 5482 sacerdos,
1670 5419 1762 5488 qui
1834 5415 2152 5471 imminente

576 5504 736 5574 185
775 5505 886 5574 jam
933 5509 1093 5575 bello,
1146 5508 1517 5574 concionatur,
1570 5524 1676 5564 non
1718 5507 1869 5572 alibi,
1899 5505 1992 5560 sed
2029 5512 2154 5559 ante

575 5596 747 5650 aciem
770 5607 913 5654 stare
941 5601 1268 5672 prtecipitur,
1302 5609 1364 5655 ut
1389 5599 1636 5656 videlicet
1675 5613 1769 5653 eos
1791 5597 1857 5651 ad
1895 5609 2153 5666 pugnam,

575 5697 712 5756 quos
749 5687 1211 5747 adhortationibus
1236 5699 1516 5763 provocat,
1546 5690 1656 5761 ipse
1684 5703 1898 5760 quoque
1925 5689 2156 5756 prznvius

2243 4583 2469 4640 victoria
2492 4580 2807 4652 perducitur
2844 4578 2913 4632 ad
2940 4590 3218 4632 coronam.
3260 4573 3328 4626 Et
3350 4571 3474 4641 quia
3511 4568 3826 4637 Stephanus

2243 4674 2564 4745 exprimitur
2590 4678 2891 4735 coronatus,
2935 4666 3178 4737 pontifex
3205 4670 3387 4717 autem
3425 4658 3580 4729 quasi
3604 4666 3825 4727 pontem

2246 4767 2472 4831 faciens,
2523 4779 2588 4818 ac
2619 4764 2720 4818 hoc
2754 4762 2840 4817 via
2869 4760 3210 4830 sequentium
3247 4756 3470 4821 dicitur,
3501 4754 3640 4809 bene
3663 4749 3826 4806 simul

2247 4866 2538 4926 utrumque
2563 4863 2618 4908 et
2653 4853 2736 4908 sui
2785 4851 3020 4908 nominis
3060 4847 3442 4922 etymologiam
3479 4842 3743 4908 exhibuit,
3770 4849 3827 4896 et

2246 4947 2477 5005 ofﬁcium
2499 4945 2848 5018 pontiﬁcatus
2876 4943 3136 5016 implevit,
3172 4940 3299 5012 quia
3326 4938 3583 4994 nimirum
3605 4935 3729 4990 dum
3757 4933 3826 4989 ad

2247 5041 2420 5096 sancti
2473 5038 2662 5110 agonis
2713 5037 2948 5093 stadium
2986 5036 3127 5089 viam
3167 5031 3518 5102 sequentibus
3563 5027 3754 5096 aperit,
3795 5038 3826 5079 a

2239 5131 2389 5201 justo
2420 5137 2828 5185 remuneratore
2851 5129 2960 5182 Deo
2983 5140 3236 5182 coronam
3261 5123 3444 5195 gloria:
3473 5119 3600 5176 felix
3631 5118 3829 5172 trium-

2248 5225 2444 5293 pbator
2471 5222 2697 5294 accepit.

2323 5313 2704 5368 Verumtamen
2727 5311 2850 5380 quis
2875 5310 2978 5364 iste
3004 5307 3065 5361 B.
3092 5305 3399 5374 Stephanus
3425 5299 3588 5356 fuerit
3611 5309 3828 5369 genere,

2254 5414 2450 5476 quotus
2477 5406 2664 5470 etiam,
2699 5404 2814 5458 sive
2840 5399 3130 5472 quotannis
3165 5397 3218 5449 in
3241 5392 3522 5464 apostolici
3553 5386 3832 5457 regiminis

2256 5497 2618 5562 successione,
2665 5511 2772 5550 non
2804 5491 3125 5563 superﬂuum
3176 5487 3425 5542 ducimus
3474 5483 3538 5545 si,
3587 5488 3748 5549 prout
3777 5477 3832 5531 in

2257 5589 2513 5659 Catalogo
2539 5599 2874 5643 summorum
2899 5579 3222 5636 Pontiﬁcum
3257 5574 3550 5644 reperitur,
3577 5567 3832 5625 charitati

2259 5693 2453 5742 vcsmn
2483 5681 2719 5738 breviter
2745 5690 3095 5749 exponamus.
3134 5671 3235 5727 llic
3284 5670 3465 5737 itaque
3498 5665 3556 5719 Β.
3601 5660 3831 5732 Stepha-
