4184 6448
477 308 570 361 τοι

1813 305 2044 361 ΞΕΙὶΜΟ
2074 303 2327 359 XXXVII.

3608 306 3714 363 70!

473 429 574 468 nus
609 411 826 468 natione
864 406 1027 485 186
1050 413 1342 476 Romanus.
1369 430 1434 470 ex
1467 425 1618 485 patre
1645 413 1798 470 Jobio
1823 413 2030 487 [Julio],
2066 425 2108 476 Λ
2139 417 2380 483 profecto
2408 417 2555 486 palea
2585 417 2663 473 vel
2701 418 2908 472 arundo
2942 418 3167 474 dicenda
3207 435 3309 474 es..
3339 420 3490 486 Quod
3531 421 3716 490 utique

471 504 627 556 beato
656 503 881 573 principi
911 507 1272 573 apostolorum
1310 507 1470 562 Petro
1498 507 1789 577 vigesimus
1815 515 2042 574 quartus

472 590 526 644 in
560 591 816 645 Romanae
848 593 990 646 sedis
1030 593 1292 664 dignitate
1343 595 1625 649 successit.
1673 593 1826 648 Sedit
1863 602 2042 647 autem

470 692 676 750 septem
703 697 895 747 annos,
921 699 1132 739 menses
1158 685 1419 754 quinque,
1465 685 1581 740 dies
1609 687 1761 739 duos.
1791 684 1894 738 lste
1917 698 2044 737 con-

471 770 648 824 stituit
674 778 733 825 ut
759 772 1066 827 sacerdotes
1082 781 1136 826 et
1159 773 1341 828 levita)
1357 788 1694 842 nequaquam
1730 771 2044 840 quotidiano

469 873 570 913 usu
600 859 770 914 sacris
811 860 1050 915 vestibus
1082 871 1384 927 uterentur,
1427 862 1520 917 sed
1565 862 1620 915 in
1655 860 1880 916 ecclesia
1927 869 2045 913 tan-

471 955 607 1003 tum.
662 947 940 1004 Ordinavit
985 960 1162 1006 autem
1193 953 1473 1022 episcopos
1518 961 1650 1018 tres,
1700 951 2044 1022 presbyteros

470 1051 585 1100 sex,
609 1038 862 1092 diaconos
899 1038 1294 1108 quinque.‘Cui
1334 1040 1393 1094 Β.
1422 1038 1608 1095 Sixtus
1642 1040 1694 1093 in
1728 1037 2042 1109 pontificatu

469 1125 750 1190 successit,
787 1141 941 1197 teque
982 1127 1330 1198 postmodum
1382 1127 1555 1183 felicis
1597 1127 1843 1199 martyrii
1873 1127 2044 1197 gloria

468 1217 832 1272 coronandus.

537 1307 582 1364 0
607 1309 763 1364 beata
811 1317 982 1364 mater
1032 1309 1296 1374 Ecclesia,
1331 1311 1416 1365 cui
1466 1326 1614 1366 mors
1653 1311 1720 1365 ad
1749 1305 1914 1365 vitam
1942 1310 2046 1365 mi-

467 1398 605 1465 litat,
664 1399 958 1455 crudelitas
1003 1401 1442 1470 persequentium
1495 1402 1686 1472 ignara
1749 1401 2036 1464 ministrat,

467 1492 552 1545 cui
580 1487 830 1546 videlicet
859 1499 914 1545 et
939 1506 1087 1546 mors
1115 1491 1258 1562 parit
1284 1492 1338 1546 in
1366 1493 1665 1547 aeternitate
1697 1491 1954 1556 victuros,
1985 1498 2042 1546 et

466 1583 696 1650 poenalis
745 1583 1025 1654 oppressio
1089 1592 1311 1654 generat
1377 1591 1636 1654 perpetuo
1679 1585 2036 1654 regnaturos!

466 1673 650 1738 Beata,
676 1674 915 1743 inquam,
947 1683 1004 1728 et
1047 1688 1175 1729 vere
1221 1675 1345 1730 felix
1389 1674 1655 1739 Ecclesia,
1699 1675 1783 1730 cui
1815 1683 1870 1729 et
1890 1674 2040 1745 igno-

2141 504 2377 560 Joannes
2398 521 2517 561 esse
2551 518 2795 576 negatur,
2829 524 2950 563 cum
3006 510 3072 564 de
3104 509 3192 563 illo
3221 524 3290 564 ex
3325 525 3420 564 ore
3462 511 3715 567 Veritatis

2143 597 2376 651 dicitur:
2408 617 2426 648 ι
2462 598 2599 665 Quid
2621 600 2812 655 existis
2838 601 2891 654 in
2924 601 3194 656 desertum
3220 602 3404 656 videre
3431 603 3454 655 ?
3498 603 3718 656 arundi-

2144 703 2268 742 nem
2297 697 2458 743 vento
2493 690 2794 759 agitatam?
2825 709 2844 744 ι
2883 691 3096 760 (Matth.
3124 693 3224 761 XI.)
3257 692 3408 758 Quod
3439 701 3624 746 contra
3651 693 3719 747 de

2144 781 2384 849 reprobis
2411 782 2669 851 scriptum
2701 791 2823 837 est:
2869 784 3026 853 187
3075 803 3094 834 ι
3130 783 3245 837 Νοη
3275 784 3354 838 sic
3406 782 3576 852 impii,
3610 797 3717 836 non

2141 868 2240 933 sic,
2268 869 2362 924 sed
2393 879 2644 939 tanquam
2665 871 2862 940 pulvis,
2893 887 3052 940 quem
3072 872 3289 940 projieit
3307 879 3500 926 ventus
3525 886 3554 924 a
3581 870 3716 925 facie
3767 893 3770 900 ·

2141 966 2324 1011 nostra
2348 957 2519 1027 (Psal.
2547 958 2609 1028 ι).
2643 977 2662 1008 ι
2694 957 2809 1013 Non
2832 959 3020 1023 simus,
3050 957 3247 1012 fratres
3272 959 3397 1022 mei,
3422 974 3524 1012 non
3548 959 3715 1012 simus

2141 1046 2326 1114 paleae,
2365 1063 2470 1101 non
2495 1048 2662 1102 simus
2691 1049 2918 1113 zizania,
2962 1063 3082 1118 quae
3116 1050 3474 1103 ventilabrum
3515 1048 3716 1104 ultima:

2142 1137 2490 1192 discussionis
2518 1139 2776 1216 excutiat,
2825 1148 2882 1194 et
2911 1154 3033 1194 mox
3063 1139 3202 1210 ignis
3249 1148 3466 1193 aiternre
3497 1140 3718 1194 combu-

2141 1227 2335 1281 stionis
2377 1237 2589 1282 exurat.
2627 1227 3080 1284 Pertimescamus
3108 1244 3322 1298 semper
3361 1229 3504 1284 illam
3555 1237 3719 1285 evan-

2140 1315 2323 1385 gelica:
2377 1317 2814 1372 comminationis
2875 1319 3236 1384 sententiam,
3290 1335 3396 1390 qua
3465 1320 3714 1375 dicitur:

2145 1421 2164 1454 ι
2198 1403 2388 1467 Sinite,
2437 1405 2628 1474 inquit,
2668 1415 2897 1474 utraque
2948 1421 3120 1476 usque
3158 1409 3224 1462 ad
3269 1424 3521 1474 messem,
3567 1417 3624 1463 et
3662 1408 3716 1462 in

2139 1505 2382 1564 tempore
2401 1496 2599 1550 messis
2624 1496 2788 1551 dicite
2817 1496 3150 1551 messoribus
3178 1515 3192 1549 :
3220 1496 3464 1568 Colligite
3487 1498 3719 1566 primum

2138 1584 2366 1650 zizania,
2396 1593 2452 1640 et
2480 1585 2698 1656 alligate
2720 1585 3009 1642 fasciculos
3049 1587 3115 1640 ad
3145 1587 3594 1650 eomburendum,
3620 1586 3718 1640 tri-

2139 1674 2305 1728 ticum
2335 1681 2513 1729 autem
2548 1683 2875 1746 eongregate
2915 1675 2968 1728 in
3007 1674 3262 1729 horreum
3293 1689 3470 1729 meum
3500 1673 3718 1744 (Matth.

466 1764 646 1818 minize
666 1762 912 1818 confusio
945 1763 1195 1834 gloriam,
1243 1771 1298 1817 et
1333 1771 1601 1818 tormenta
1634 1763 1936 1825 victoriam,
1984 1772 2040 1818 et
2069 1757 2114 1816 Β
2141 1763 2286 1834 χιιι).
2329 1782 2348 1815 ι
2396 1763 2626 1818 Pensate
2660 1762 2944 1834 diligenter
2976 1765 3142 1818 verba
3180 1761 3456 1829 Veritatis,
3497 1775 3721 1832 pensato

466 1854 676 1908 vincula
715 1853 830 1908 sive
874 1867 1124 1909 carceres
1167 1852 1470 1907 libertatem
1501 1853 1719 1922 pariunt
1755 1853 2039 1922 sempiter-

465 1946 615 1998 nam!
651 1943 750 1998 llic
786 1951 870 1998 est
893 1942 1136 2013 profecto
1163 1957 1296 2014 ager
1320 1943 1409 1997 ille
1457 1943 1788 2008 Dominicus,
1831 1943 2038 2012 inquo

463 2049 630 2105 grana
657 2034 823 2089 tritici
870 2035 1133 2090 moritura
1159 2034 1374 2104 quidem
1406 2035 1681 2102 decidunt,
1737 2033 1830 2090 sed
1854 2032 2038 2087 multi-

463 2122 675 2192 plicatis
731 2125 1073 2190 postmodum
1133 2121 1378 2192 frugibus
1433 2121 1670 2176 rediviva
1743 2128 2039 2175 nascuntur

375 2284 385 2293 ι
463 2214 639 2287 (Joan.
702 2214 824 2285 xu).
890 2213 1017 2269 Haec
1065 2220 1150 2269 est
1203 2229 1330 2268 area
1382 2211 1470 2268 illa
1519 2214 1735 2267 Areuna
1785 2209 2038 2284 [Ornan]

461 2301 711 2371 Jebusaei,
765 2304 819 2359 in
871 2319 976 2374 qua
1021 2303 1273 2358 videlicet
1322 2303 1526 2360 hostias
1574 2303 1744 2358 David
1783 2303 2040 2374 pacificas

403 2466 416 2470 ί
461 2395 674 2459 obtulit,
697 2402 752 2448 et
772 2393 1010 2448 furorem
1039 2393 1272 2459 Domini,
1299 2409 1545 2464 repressa
1566 2394 1632 2448 ab
1654 2392 1818 2448 Israel
1846 2392 2039 2448 ultoris

461 2485 618 2555 gladii
641 2486 1032 2551 internecione,
1074 2485 1307 2555 placavit
1340 2485 1424 2557 (II
1452 2485 1581 2556 Reg.
1614 2483 1785 2556 xxrv).
1832 2485 1888 2539 In
1937 2485 2039 2540 hac

459 2593 583 2632 area
616 2577 730 2633 sive
755 2577 1008 2633 toreulari
1035 2576 1252 2632 Gedeon
1277 2577 1545 2632 frumenta
1584 2575 1850 2647 purgabat
1878 2591 2040 2631 excu-

461 2670 622 2735 tiens,
649 2684 770 2724 cum
808 2670 992 2725 videre
1019 2670 1266 2741 angelum
1315 2671 1534 2736 meruit,
1580 2680 1652 2740 et
1674 2671 1791 2741 ejus
1817 2670 2037 2726 oraculo

459 2762 586 2830 quia
632 2761 747 2830 ipse
772 2761 936 2831 lsrael
968 2760 1036 2816 de
1066 2777 1228 2816 manu
1279 2760 1490 2816 Madian
1537 2760 1864 2818 liberaturus
1893 2770 2036 2817 esset

459 2851 678 2921 agnovit
703 2847 1064 2921 (Judic.vn).ln
1087 2849 1189 2904 hac
1214 2864 1341 2904 area
1366 2849 1500 2904 Abel
1543 2849 1611 2904 de
1664 2849 2036 2920 primogenitis

459 2941 638 3012 gregis
678 2940 759 2996 sui
786 2949 842 2995 et
885 2955 1074 2994 eorum
1106 2939 1354 3010 adipibus
1383 2940 1601 3004 obtulit,
1646 2955 1765 3010 quze
1795 2939 2039 3010 profecto

459 3035 638 3088 divina
668 3033 865 3103 gratia,
902 3033 1027 3102 quia
1050 3041 1202 3102 grate
1229 3032 1488 3101 suscepit,
1519 3031 1682 3094 illico,
1714 3031 1851 3106 sicut
1882 3043 2036 3088 vetns

459 3130 690 3179 testatur
715 3123 900 3188 editio,
931 3121 1142 3176 coalitus
1165 3121 1516 3175 inflammavit
1543 3119 1694 3191 (Gen.
1720 3123 1816 3189 iv).
1851 3120 1918 3175 lu'
1936 3123 2037 3177 hac

458 3214 624 3270 etiam
653 3213 783 3269 Cain
813 3214 880 3267 de
919 3211 1162 3283 frugibus
1193 3221 1352 3267 terra:
1400 3227 1623 3267 munera
1663 3211 1876 3279 obtulit,
1917 3227 2036 3282 qure

457 3306 718 3361 Dominus
745 3305 1011 3374 despexit,
1059 3311 1222 3375 atque
1262 3304 1384 3360 ideo
1427 3319 1530 3360 non
1580 3303 1820 3374 respexit
1850 3295 2057 3370 (Ibat),

455 3397 514 3452 ln
540 3397 641 3452 hac
665 3397 928 3467 siquidem
951 3409 1101 3464 area,
1125 3395 1266 3452 sicut
1290 3406 1415 3452 sunt
1441 3395 1688 3466 quaadam
1719 3409 1784 3450 ev
1819 3395 2038 3462 tritura,

458 3502 579 3558 qua:
617 3488 830 3558 ignibus
864 3487 1151 3552 debentur,
1208 3487 1281 3542 ita
1318 3487 1482 3542 etiam
1522 3494 1648 3540 sunt
1685 3485 1923 3541 nonnulli
1972 3485 2040 3541 dc

463 3578 864 3634 trituratoribus
912 3578 1062 3648 ipsis,
1108 3576 1200 3647 qui
1247 3575 1405 3631 simul
1449 3574 1516 3629 ad
1565 3575 1740 3645 ignem
1793 3573 2038 3628 tendunt.

360 3694 368 3700 η
459 3666 586 3722 Sive
631 3665 776 3722 enim
804 3667 870 3722 de
893 3665 1074 3736 justis,
1121 3667 1235 3722 sive
1264 3667 1331 3722 de
1369 3665 1769 3735 peccatoribus,
1803 3678 1928 3719 vera
1955 3674 2041 3720 est

457 3755 683 3811 Joannis
707 3757 971 3811 sententia
1002 3772 1122 3826 qua:
1148 3757 1274 3812 dicit
1322 3773 1336 3812 :
1387 3775 1405 3810 ι
1446 3753 1624 3827 Opera
1651 3755 1795 3812 enim
1827 3755 2040 3811 illorum

459 3856 759 3917 sequuntur
784 3846 904 3904 illos
934 3847 1122 3918 (Apoc.
1156 3847 1292 3918 xiv).
1341 3866 1358 3901 ι

527 3938 828 4004 Attendite,
885 3937 1080 3994 fratres
1128 3939 1235 3993 mei
1274 3937 1634 4002 dilectissimi,
1681 3936 2039 4004 considerate,

458 4027 774 4098 perpendite
809 4027 932 4096 quia
977 4036 1086 4082 tota
1123 4026 1446 4082 universalis
1477 4025 1717 4081 Ecclesia
1757 4025 1901 4080 omni
1930 4035 2040 4080 ter-

459 4131 643 4171 rarum
686 4116 817 4172 orbe
844 4115 1036 4172 diffusa
1074 4132 1180 4173 una
1205 4126 1289 4174 est
1329 4132 1454 4173 area
1483 4117 1562 4172 sic
1591 4117 1749 4171 bonis
1778 4130 1840 4170 ac
1863 4115 2039 4196 malis,

459 4208 615 4275 Iustis
656 4217 819 4277 atque
863 4209 1153 4277 perversis,
1202 4219 1455 4278 tanquam
1486 4208 1712 4264 zizaniis
1743 4215 1798 4263 ct
1839 4206 2040 4274 tritico,

459 4306 714 4366 tanquam
759 4295 931 4367 paleis
975 4312 1041 4353 ac
1091 4297 1338 4368 frugibus
1379 4297 1558 4368 plena.
1608 4296 1715 4353 Sed
1763 4313 2043 4368 quousque

461 4387 715 4442 triturare
757 4396 914 4442 terra:
948 4389 1127 4443 cultor
1171 4389 1416 4460 incipiat,
1465 4389 1646 4444 omnia
1675 4389 2044 4446 indifferenter

460 4492 586 4532 area
625 4478 887 4545 continet,
944 4486 1000 4533 et
1029 4493 1150 4549 qua:
1174 4479 1512 4554 recondenda
1557 4488 1684 4535 sunt
1719 4481 1950 4547 horreis,
1985 4490 2044 4536 et

459 4583 579 4638 qua:
624 4568 881 4624 tradenda
924 4580 1050 4626 sunt
1093 4569 1348 4627 flammis.
1399 4570 1506 4627 Sed
1547 4572 1676 4642 quid
1703 4581 1787 4628 est
1835 4572 1889 4627 in
1917 4586 2043 4649 area

460 4659 692 4715 flammis
725 4661 1039 4730 obnoxium,
1090 4663 1218 4732 quid
1250 4664 1459 4736 horreis
1505 4665 1910 4731 reservandum,
1935 4664 2043 4720 nisi

461 4751 602 4819 quod
630 4751 864 4808 Joannes
887 4753 1127 4824 Baptista
1154 4756 1205 4809 in
1226 4755 1517 4827 Evangelia
1539 4754 1819 4812 manifeste
1840 4755 2044 4812 discer-

463 4843 682 4896 nitcum
730 4843 797 4899 de
836 4845 1060 4900 Domino
1106 4846 1354 4916 loquens,
1384 4848 1497 4902 ait:
1554 4866 1573 4899 ‹
1609 4846 1772 4916 Cujus
1811 4844 2041 4903 ventila-

463 4939 614 4986 brum
665 4933 719 4987 in
749 4949 909 4988 manu
952 4933 1091 5003 ejus,
1129 4945 1185 4990 et
1232 4938 1482 5006 purgabit
1535 4953 1716 4994 aream
1761 4953 1936 5004 suam,
1988 4945 2046 4993 et

462 5025 811 5094 congregabit
842 5025 1080 5079 triticum
1117 5025 1170 5079 in
1199 5027 1454 5083 horreum
1507 5043 1688 5094 suum,
1729 5028 1915 5098 paleas
1941 5042 2042 5084 au-

464 5119 570 5166 tem
620 5113 901 5169 comburet
945 5115 1054 5185 igni
1118 5115 1586 5188 inexstinguibili?
1620 5137 1639 5168 ι
1694 5115 1910 5187 (Matth.
1958 5120 2043 5188 ιιι)

464 5204 570 5260 Sed
602 5207 744 5262 unde
773 5208 1133 5263 discernimus
1167 5216 1348 5262 utrum
1385 5209 1554 5278 palea:
1602 5225 1670 5263 an
1701 5210 1936 5265 triticum
1963 5210 2038 5265 si-

466 5300 627 5354 mus?
673 5299 754 5354 Ex
782 5300 1048 5370 gravitate
1077 5299 1321 5370 profecto
1352 5316 1561 5355 morum
1609 5301 1692 5356 vel
1733 5302 2040 5357 inconstan-

465 5390 556 5453 tia,
591 5405 658 5445 ex
709 5391 949 5460 pondere
991 5390 1074 5445 vel
1121 5390 1355 5445 levitate.
1396 5389 1651 5460 Quisquis
1705 5393 1848 5446 enim
1900 5391 2048 5446 volu-

465 5491 672 5551 ptatum
698 5497 830 5536 aura
876 5491 1139 5551 raptatur,
1186 5481 1430 5552 quisquis
1461 5482 1673 5536 turbine
1717 5482 1918 5539 furoris
1945 5484 2044 5538 im-

465 5571 711 5640 pellitur,
783 5587 942 5642 quem
993 5572 1153 5628 modo
1207 5572 1471 5642 superbire
1528 5572 1752 5642 spiritus
1812 5573 2047 5630 inaniter

466 5661 628 5732 levat,
653 5667 810 5723 modo
841 5681 1041 5723 mceror
1084 5666 1165 5724 vel
1191 5666 1387 5737 injuria
1440 5665 1584 5722 illata
1609 5667 1932 5739 praecipitat,
1958 5667 2046 5725 hic

2138 1869 2260 1911 cum
2301 1855 2492 1910 timore
2510 1855 2655 1924 quod
2675 1855 2904 1909 dicitur:
2933 1853 3148 1924 alligatc
3178 1853 3465 1910 fasciculos
3487 1855 3552 1909 ad
3573 1869 3722 1910 com-

2138 1949 2439 2004 burendum
2465 1966 2480 2015 ;
2509 1949 2713 2003 zizania
2737 1949 2937 2018 quippe
2961 1947 3234 2003 fasciculis
3257 1946 3567 2015 alligantur,
3593 1945 3719 2015 quia

2140 2038 2192 2092 in
2243 2039 2333 2092 illo
2382 2047 2656 2108 perpetuae
2724 2038 3086 2093 damnationis
3137 2036 3388 2092 incendio
3438 2035 3722 2090 homicidae

2137 2143 2258 2183 cum
2291 2128 2858 2193 homicidis,-adulteri
2895 2142 3019 2182 cum
3060 2126 3340 2190 adulteris,
3368 2123 3570 2195 perjuri
3597 2138 3722 2178 cum

2136 2216 2385 2287 perjuris,
2426 2218 2720 2273 ineestuosi
2771 2233 2893 2272 cum
2944 2216 3292 2280 inccstuosis,
3347 2230 3453 2269 non
3509 2214 3723 2268 diverso

2140 2309 2433 2381 pmnalium
2466 2318 2856 2364 tormentorum
2884 2323 3082 2379 genere
3108 2306 3569 2375 constringuntur.
3607 2304 3722 2359 Illic

2137 2417 2232 2457 eos
2263 2400 2485 2456 infinita:
2510 2414 2684 2469 pinna:
2709 2410 2899 2469 patens
2929 2399 3187 2471 gelieunze
3217 2397 3531 2452 barathrum
3561 2395 3726 2450 devo-

2140 2502 2245 2556 rat,
2299 2492 2391 2559 qui
2449 2491 2538 2545 hic
2591 2505 2650 2545 se
2695 2498 3015 2560 arroganter
3051 2487 3108 2541 in
3154 2487 3418 2556 superbiae
3463 2485 3725 2540 cornibus

2136 2579 2504 2646 extollebant;
2538 2579 2646 2634 illic
2687 2594 2874 2634 eorum
2905 2593 3098 2634 carnes
3125 2587 3288 2646 atque
3322 2575 3585 2630 medullas
3632 2590 3723 2628 sa-

2136 2671 2276 2740 ginis
2318 2670 2550 2742 irriguas
2598 2669 2871 2739 crepitans
2921 2667 3139 2722 flamma
3183 2667 3453 2734 depascet,
3506 2664 3596 2733 qui
3635 2664 3727 2719 hic

2137 2778 2322 2819 arsere
2353 2761 2583 2828 deliciis,
2609 2771 2665 2816 et
2693 2759 2972 2817 aestuantis
2999 2758 3284 2829 explevere
3308 2757 3592 2813 illecebras
3623 2769 3724 2810 vo-

2139 2851 2380 2921 'ttptatis.

2211 2945 2351 3000 Bene
2382 2945 2565 3016 itaque
2595 2944 2849 3001 dicuntur
2878 2941 3150 3000 fasciculis
3185 2939 3426 3011 alligari,
3463 2938 3590 3009 quia
3633 2951 3728 2992 nc-

2139 3051 2410 3106 quaquam
2439 3050 2532 3092 eos
2562 3046 2690 3091 tunc
2729 3047 2954 3104 separat
2973 3035 3262 3090 diversitas
3297 3033 3538 3096 ultionis,
3581 3044 3721 3101 quos

2064 3095 2110 3159 C
2141 3095 2230 3181 hic
2267 3095 2573 3181 Isimilitudo
2618 3095 2924 3180 sociaverat
2975 3121 3290 3192 pravitatis,
3345 3131 3406 3176 et
3443 3119 3532 3189 qui
3585 3134 3728 3172 Illinc

2137 3216 2345 3272 eisdem
2397 3214 2720 3271 criminibus
2758 3223 2885 3268 sunt
2925 3213 3173 3279 obnoxii,
3203 3211 3442 3284 ejusdem
3476 3209 3725 3280 supplicii

2139 3306 2481 3375 postmodum
2532 3314 2786 3360 tenentur
2807 3304 3277 3359 animadversione
3315 3301 3618 3356 constricti.
3652 3298 3728 3354 De

2141 3391 2338 3463 quibus
2365 3391 2618 3447 omnibus
2653 3390 2781 3446 alibi
2829 3388 2931 3445 sub
2961 3390 3119 3446 unius
3161 3403 3406 3457 personze
3434 3389 3615 3457 specie
3641 3387 3728 3441 di-

2140 3484 2330 3540 citur:
2373 3501 2393 3537 ι
2425 3482 2630 3554 Ligatis
2678 3479 2928 3536 inanibus
2955 3489 3018 3535 et
3063 3480 3309 3550 pedibus,
3353 3477 3552 3531 mittite
3577 3475 3727 3531 illum

2145 3574 2200 3630 in
2241 3577 2494 3630 tenebras
2523 3572 2827 3628 exteriores
2861 3569 3060 3640 (Math.
3092 3571 3253 3637 xxii).
3291 3587 3310 3620 ι
3343 3567 3455 3622 Illic
3485 3565 3729 3626 membra

2083 3695 2110 3705 --
2143 3663 2378 3734 ligantur
2405 3663 2474 3717 ad
2500 3674 2736 3731 paruam,
2769 3673 2889 3728 qnze
2929 3658 3017 3714 hic
3064 3657 3238 3713 soluta
3286 3665 3341 3712 et
3380 3653 3549 3714 libera
3581 3653 3723 3708 fcre-

2141 3755 2343 3810 bantnr
2391 3753 2458 3808 ad
2505 3751 2740 3822 culpam.
2802 3749 2893 3804 Vel
2933 3759 3062 3804 tunc
3105 3748 3264 3818 digne
3309 3747 3724 3816 constringenda

2141 3857 2268 3904 sunt
2297 3846 2350 3900 in
2375 3843 2677 3915 suppliciis,
2706 3856 2828 3912 qua:
2857 3854 2998 3896 nunc
3039 3837 3182 3893 male
3215 3837 3378 3914 ligata
3408 3845 3532 3890 sunt
3552 3849 3582 3888 a
3609 3835 3726 3904 pie-

2145 3937 2274 3993 tatis
2321 3935 2575 4006 operibus
2619 3931 2962 4003 peragendis.
2993 3929 3108 3984 lllic
3149 3928 3344 3988 animae
3373 3925 3726 3995 reproboruin

2144 4043 2270 4085 cum
2300 4025 2630 4097 corporibus
2655 4021 2815 4078 simul
2845 4017 3266 4091 inexstinguibili
3297 4016 3614 4074 cruciantur
3637 4014 3722 4068 in-

2143 4117 2356 4182 cendio,
2378 4116 2518 4172 sicut
2549 4114 2638 4170 hic
2662 4113 2716 4169 in
2745 4109 3094 4168 exsecutione
3140 4107 3288 4178 pravi
3318 4106 3497 4178 operis
3535 4105 3729 4176 junge-

2143 4208 2360 4264 bantur.
2395 4205 2548 4262 Unde
2576 4214 2632 4261 et
2666 4217 2762 4274 per
2787 4200 3115 4270 Prophetam
3143 4198 3374 4253 dicitur:
3433 4212 3452 4247 ε
3491 4195 3729 4250 Descen-

2143 4299 2423 4356 deruntad
2451 4297 2723 4354 infernum
2747 4308 2870 4351 cum
2899 4290 3212 4347 armis-suis
3238 4287 3454 4360 (Bacch.
3483 4285 3676 4354 xxxii).
3705 4303 3725 4336 ι

2143 4392 2309 4447 Arma
2357 4391 2556 4460 quippe
2596 4385 2936 4459 peccantium
2998 4381 3241 4438 membra
3296 4388 3423 4436 sunt
3465 4375 3728 4446 corporis,

2069 4450 2121 4510 υ
2149 4481 2346 4552 quibus
2371 4450 2584 4550 reprobi
2598 4450 2855 4533 homines
2879 4472 3096 4529 diabolo
3119 4471 3378 4534 militant,
3407 4477 3464 4522 et
3484 4467 3602 4537 ejus
3629 4466 3730 4519 iiii-

2149 4575 2320 4643 perio,
2350 4585 2606 4642 perverse
2621 4569 2870 4635 vivendo,
2897 4563 3230 4623 midittrant.
3261 4562 3431 4620 Simul
3456 4575 3584 4630 ergo
3604 4573 3727 4613 cum

2149 4662 2433 4718 animabus
2450 4669 2507 4717 et
2537 4673 2765 4729 corpora
2814 4659 2868 4713 in
2917 4667 3122 4714 aeterna
3175 4663 3348 4710 morte
3379 4651 3726 4710 damnantur,

2149 4767 2271 4824 quae
2298 4751 2460 4808 simul
2494 4750 2549 4806 in
2576 4749 2728 4821 pravi
2774 4748 2956 4820 operis
3002 4743 3402 4817 perpetratione
3449 4739 3725 4793 vixerunt.

2149 4845 2227 4900 De
2256 4844 2454 4914 quibus
2488 4843 2756 4914 Propheta
2786 4841 2948 4898 dicit:
2996 4857 3014 4891 ς
3054 4837 3128 4892 lbi
3169 4835 3356 4898 Assur,
3397 4841 3452 4888 et
3479 4830 3727 4901 sepulcra

2146 4934 2263 5002 ejus
2289 4932 2477 5005 (Ibid).
2511 4950 2530 4986 ι
2573 4931 2712 4999 Quid
2747 4929 2888 4986 enim
2925 4941 3020 4997 per
3049 4925 3240 4990 Assur,
3267 4923 3558 4993 superbum
3585 4919 3730 4974 vide-

2145 5025 2272 5081 licet
2302 5039 2507 5097 regem,
2529 5025 2633 5079 nisi
2658 5019 2902 5078 diabolus
2925 5015 3262 5088 intelligitur,
3286 5014 3379 5084 qui
3407 5013 3562 5084 juxta
3585 5010 3727 5079 quod

2145 5118 2404 5187 scriptum
2434 5125 2550 5172 est:
2591 5134 2610 5166 ι
2645 5114 2763 5182 lpsc
2799 5120 2885 5166 est
2927 5123 3017 5164 rex
3060 5123 3224 5176 super
3247 5120 3438 5162 omnes
3477 5103 3613 5157 filios
3639 5117 3729 5156 su-

2144 5208 2377 5280 perbiai?
2397 5227 2417 5261 ι
2447 5205 2569 5276 (Job
2595 5219 2704 5257 xu.
2731 5199 2912 5271 )Quid
2943 5198 3212 5270 sepulcra,
3259 5197 3360 5252 nisi
3389 5205 3725 5250 mortuorum

2144 5304 2276 5352 sunt
2313 5291 2664 5349 habitacula?
2707 5299 2833 5344 tunc
2880 5299 3060 5343 autem
3108 5286 3353 5342 diabolus
3409 5283 3461 5338 in
3494 5291 3727 5336 mortem

2145 5385 2496 5444 eorruitcum
2545 5383 2615 5438 ab
2635 5391 2856 5438 auctore
2892 5381 3016 5436 vitae
3072 5375 3434 5447 superbiendo
3479 5372 3724 5428 recessit.

2145 5477 2402 5546 Quisquis
2426 5488 2555 5543 ergo
2600 5473 2854 5542 nequitia:
2883 5471 3150 5540 spiritum,
3183 5467 3274 5536 qui
3321 5479 3446 5522 vere
3481 5475 3727 5518 mortuus

2144 5582 2249 5636 est,
2277 5571 2328 5624 in
2371 5567 2453 5624 sui
2496 5566 2677 5622 cordis
2720 5563 2953 5633 hospitio
2991 5577 3086 5631 per
3120 5574 3341 5630 pravam
3397 5556 3726 5612 voluntatem

2145 5662 2395 5720 habitare
2442 5657 2727 5730 permittit,
2774 5653 2958 5726 procul
2990 5653 3152 5711 dubio
3197 5654 3263 5708 de
3317 5649 3607 5720 scinetipso
3641 5662 3727 5704 see
