4184 6450
461 406 566 464 705

1812 411 2044 470 SERMO
2085 409 2364 466 XXXVI”.

3607 413 3716 474 706

444 537 573 586 “nctn
613 539 709 600 pro
739 527 1019 582 animabus
1051 529 1245 584 vestris
1277 529 1564 594 reddituri,
1588 539 1643 583 ut
1685 541 1803 583 cum
1834 529 2026 598 gaudio
2058 537 2100 592 Α
2128 526 2409 585 cedentes,
2463 539 2556 592 per
2609 536 2840 592 pugnam
2881 530 3285 593 consequenter
3329 529 3396 581 ad
3453 528 3712 598 palmum,

445 621 553 675 huc
585 620 810 680 faciant,
845 629 898 671 ct
944 633 1048 672 non
1081 629 1396 688 gementes;
1427 621 1530 674 hoc
1558 621 1698 674 enim
1730 631 1837 674 non
1865 631 2026 688 expe-

453 710 531 765 dit
559 708 710 762 vobis
755 706 943 777 (Hebr.
979 707 1122 778 xm).
1156 713 1182 760 δ
1219 707 1276 762 Si
1313 709 1459 764 enim
1477 709 1814 778 Redemptor
1841 718 2028 763 noster

439 803 671 868 'proptcr
697 797 1016 851 Chananmte
1043 795 1316 861 meritum,
1351 811 1380 850 a
1413 793 1520 852 ﬁlia
1552 790 1670 868 ejus
1702 797 2026 853 darmonium

441 888 656 955 expulit
681 885 893 957 (Matth.
927 886 1108 955 xv),'si
1135 897 1357 956 propter
1382 887 1722 942 offerentium
1752 891 1908 943 ﬁdem
1934 899 2026 958 pa-

453 977 677 1045 ralytico
705 975 900 1029 lectum
931 984 1144 1045 gestare
1195 978 1453 1046 prmcepit
1475 977 1670 1047 (Marc.
1701 980 1784 1049 ll),
1818 979 1869 1033 si
1893 993 2024 1031 cen-

453 1065 681 1118 turionis
737 1065 988 1134 precibus
1023 1080 1275 1134 puerum,
1334 1067 1426 1136 qui
1468 1068 1606 1120 male
1651 1069 2024 1136 terquebatur,

452 1155 778 1208 incolumem
831 1155 1063 1208 reddidit
1088 1153 1304 1224 (Matth.
1337 1157 1495 1226 vm);
1532 1169 1690 1225 quam
1721 1160 2028 1213 necessario

451 1259 549 1298 nos
574 1245 913 1298 sacerdotum
940 1247 1278 1299 orationibus
1310 1247 1631 1316 indigemus,
1663 1249 1754 1316 qui
1789 1264 1885 1304 nos
1919 1249 2028 1304 Deo

448 1331 679 1386 diversis
719 1333 972 1388 vitiorum
1017 1334 1364 1404 languoribus
1412 1337 1733 1405 mg‘rolantes
1771 1329 2024 1405 oﬂ‘erunt,

438 1430 505 1474 et
538 1421 866 1489 quotidiauis
915 1424 1167 1490 precibus
1221 1427 1359 1494 apud
1407 1425 1642 1480 divinam
1686 1419 2026 1482 clementiam

432 1515 548 1580 ἰιι-ο
585 1513 742 1568 nobis
778 1513 1154 1570 indesinenter
1211 1514 1469 1571 insistunt
1507 1517 1800 1584 ?Qnorum
1837 1520 2027 1588 procul

449 1601 610 1656 dubio
637 1603 849 1658 meritis
874 1604 1241 1669 sublevamur,
1263 1605 1488 1660 etiamsi
1531 1607 1705 1662 adhuc
1735 1617 1801 1662 ex
1829 1617 2028 1663 nostra:

449 1691 788 1762 negligentiae
813 1693 1071 1764 languore
1101 1695 1481 1764 deprimimur.

520 1784 727 1841 Interea
755 1785 916 1854 plane
941 1795 996 1840 et
1022 1785 1152 1839 illud
1202 1785 1268 1840 ad
1300 1795 1536 1841 mentem
1572 1787 1712 1842 redit
1734 1789 1875 1859 quod
1901 1788 2026 1843 huic

2123 614 2226 680 per
2252 612 2482 680 palmam
2532 613 2775 679 provecti
2816 621 2954 666 sunt
2994 614 3060 667 ad
3090 628 3367 669 coronam.
3421 616 3556 672 Cum
3583 619 3714 675 visis

2121 701 2222 756 bili
2248 717 2379 758 sane
2403 702 2728 758 videbantur
2750 704 2907 760 hoste
2929 703 3240 774 conﬂigere,
3269 709 3363 761 sed
3391 707 3715 765 invisibilem

2121 788 2184 842 'in
2211 805 2277 844 eo
2312 798 2636 845 memorant
2681 792 3053 847 adversarium
3106 807 3381 863 superare.
3411 798 3714 869 Corporum

2125 879 2343 946 quidem
2374 879 2582 934 obicem
2626 881 2918 936 hostilibus
2963 881 3158 949 jaculis
3204 887 3566 952 opponebam,
3615 896 3714 944 sed

2128 985 2316 1024 eorum
2341 971 2473 1026 ﬁdes
2499 973 2864 1028 munitissima
2896 975 3094 1030 mentis
3129 988 3258 1031 arce
3281 977 3534 1044 subnixa,
3564 979 3720 1033 ine-xi-

2121 1059 2434 1129 pugnabilis
2455 1062 2750 1116 eminebat.

2201 1147 2306 1201 Sed
2331 1164 2454 1204 cum
2475 1152 2763 1221 utriusque
2790 1156 3043 1225 martyris
3073 1159 3378 1214 communia
3410 1168 3558 1230 gesta
3577 1175 3712 1230 per-

2121 1237 2420 1300 currimus,
2444 1240 2765 1294 nonnullam
2799 1246 3232 1301 conversationis
3254 1248 3399 1301 inter
3427 1263 3521 1304 eos
3549 1249 3716 1304 fuisse

2120 1325 2467 1391 distantiam,
2499 1331 2820 1396 reperimus.
2857 1332 2920 1388 Et
2958 1332 3292 1388 Hilaria-num
3319 1337 3538 1405 quidem
3556 1337 3714 1392 'iihltl

2129 1413 2460 1470 Hilarionem
2504 1418 2672 1474 fuisse
2707 1429 2917 1489 poterat
2947 1425 3069 1492 quis
3120 1440 3224 1478 non
3258 1426 3493 1481 absurde
3537 1423 3713 1496 conji-

2129 1520 2274 1570 cere,
2324 1507 2480 1574 cujus
2519 1526 2553 1562 a
2605 1511 2666 1562 Β.
2715 1511 3044 1582 Hieronymo
3072 1515 3185 1568 vita
3233 1517 3575 1582 describitur,
3611 1518 3717 1573 nisi

2129 1598 2312 1666 dispar
2335 1601 2616 1670 utriusque
2643 1605 2825 1659 exitus
2854 1607 3183 1674 prohiberet.
3239 1608 3372 1664 Nam
3414 1611 3504 1679 qni
3528 1621 3717 1666 eorum

2127 1689 2252 1742 vita:
2299 1691 2520 1756 seriem,
2576 1693 2840 1748 miracula
2875 1708 3093 1766 quoque
3140 1700 3336 1766 quibus
3377 1700 3715 1766 eﬂ'uiserane,

2127 1776 2247 1832 I'oca
2301 1780 2655 1837 nihilominus
2693 1797 2817 1854 quae
2851 1785 2964 1840 suis
3009 1787 3438 1845 habitationibus
3479 1791 3720 1845 illustrat-

447 1876 850 1946 be'ato-martyri
863 1873 1264 1945 Stephan‘o,cui
1286 1883 1521 1946 praesens
1537 1888 1715 1931 sermo
1733 1877 2026 1935 famulatus

2129 1876 2339 1933 verant,
2369 1880 2530 1937 prout
2560 1879 2914 1928 monumenta
2931 1875 3241 1940 declarant,
3279 1879 3439 1932 oculo
3461 1879 3718 1948 vigilante

449 1975 554 2033 est,
579 1966 824 2036 contigit.
843 1965 1003 2032 nam,
1033 1967 1174 2022 siem
1204 1967 1256 2020 in
1281 1968 1589 2022 authentica
1614 1969 1882 2038 passionis
1909 1969 2026 2039 eju‘s
2113 1960 2420 2026 percurrit.
2463 1975 2566 2014 non
2601 1962 2878 2016 minimam
2920 1964 3330 2020 similitudinem
3364 1968 3433 2021 'in
3457 1969 3598 2038 ipsis
3631 1971 3716 2024 να-

431 2055 1131 2122 "narratur'histtiria,‘mox
1152 2053 1215 2110 ut
1245 2057 1553 2126 baptizavit
1577 2056 1904 2125 Nemesium,
1935 2061 2026 2130 qui

436 2161 570 2204 ‘eum
580 2161 678 2217 pro
692 2147 1512 2219 cazcitate'ﬁliaesarerogaverat,
1527 2149 1714 2204 eadem
1725 2139 1952 2216 Lucilla,
1969 2152 2030 2206 li-

429 2247 536 2292 ‘cet
555 2238 753 2293 nedum
782 2237 975 2293 fuisset
1003 2237 1386 2294 lavacrb'sacri
1427 2240 1593 2294 fontis
1617 2240 1820 2305 ablut’a,
1847 2240 2026 2296 lumen

425 2323 611 2396 1,90
633 2327 855 2398 recepit.
894 2328 1155 2397 Cumque,
1202 2329 1298 2395 ait,
1340 2328 1925 2386 Ievaretnr'Ne'mesius
1961 2331 2028 2386 de

427 2431 609 2488 aqua,
631 2417 796 2487 erepit
818 2419 1055 2474 clamare
1081 2416 1322 2486 ﬁlia'ejus
1343 2420 1527 2475 dicens
1553 2439 1564 2472 :
1595 2417 1911 2477 Ecce'video
1931 2423 2029 2476 ho-

429 2501 646 2562 iminem
671 2510 770 2578 qui
797 2509 1179 2579 tetigit'oculos
1217 2521 1386 2574 meos,
1411 2520 1464 2566 et
1484 2509 1663 2565 lumen
1687 2512 2028 2581 splendidum

431 2599 592 2655 'circa
603 2607 747 2664 eum,
762 2608 925 2670 atque
937 2601 1062 2655 m'ox
1078 2599 1325 2655 subditur
1347 2619 1360 2654 :
1379 2595 2027 2670 Tunc'b‘aptizavit'lillam

431 2688 587 2759 ’ejns.
618 2689 662 2746 Ο
702 2690 973 2744 laudanda
997 2690 1178 2746 ’virtus
1221 2689 1436 2744 divina!
1467 2705 1509 2744 '0
1554 2691 1896 2760 pinatllca'nda
1945 2709 2022 2749 re-

432 2776 778 2848 'demptionis
807 2787 1009 2832 nostra:
1043 2777 1372 2832 clementia!
1414 2777 1569 2832 'Ali'us
1608 2780 1918 2848 baptiz‘atttr
1961 2773 2030 2835 ad

449 2863 653 2930 iumen,
683 2875 742 2920 et
770 2851 1130 2920 alteri-lumen
1177 2865 1439 2920 redditur.
1465 2865 1631 2920 ‘Pater
1673 2868 1878 2937 recepit
1905 2875 2030 2924 co'r-

451 2953 556 3017 dis,
585 2962 636 3008 et
677 2953 786 3008 ﬁlia
823 2956 1070 3024 protinus
1108 2955 1322 3023 aperuit
1361 2952 1549 3010 o’culos
1583 2955 1806 3012 frontis.
1857 2959 2030 3014 Ambo

434 3051 629 3098 tamen
659 3045 726 3098 ad
767 3057 934 3099 unam
976 3054 1030 3099 et
1058 3060 1240 3099 veram
1291 3049 1615 3114 perveniunt
1651 3047 1848 3114 lucem,
1901 3049 2031 3104 dum

432 3145 664 3189 omnem
698 3136 922 3206 pristini
989 3136 1192 3191 erroris
1243 3147 1504 3206 respuunt
1559 3139 1879 3195 czccitatem.
1935 3139 2032 3196 'Sic

2113 2055 2248 2101 Tum
2287 2049 2662 2105 collationibus
2707 2052 3084 2120 deprehendit.
3142 2055 3249 2110 Sed
3299 2071 3424 2110 cum
3480 2058 3716 2115 altor-ad

2123 2139 2377 2208 martyrii
2408 2143 2720 2209 pervenerit
2760 2143 3021 2212 palmam,
3072 2145 3211 2201 alter
3238 2148 3306 2203 ab
3346 2149 3452 2204 hac
3495 2151 3607 2204 Vita
3657 2151 3716 2206 in

2130 2241 2262 2297 pace
2289 2231 2572 2299 quieverit,
2605 2243 2819 2288 constat
2862 2237 3052 2305 procul
3093 2238 3256 2292 dubio
3271 2239 3339 2293 in
3361 2253 3599 2310 persona
3634 2243 3718 2297 di-

2130 2331 2338 2385 versos,
2387 2335 2524 2391 quos
2556 2324 2745 2394 utique
2787 2325 3001 2382 diverso
3044 2329 3384 2400 mig'rationis
3425 2332 3580 2402 191
3626 2349 3718 2404 ge-

2131 2415 2547 2471 nere-novimus
2579 2426 3008 2474 consummatos.
3052 2419 3156 2487 Qui
3201 2423 3459 2478 nimirum
3493 2425 3562 2478 ad
3587 2440 3718 2480 suo-

2131 2517 2251 2557 rum
2278 2505 2688 2561 similitudinein
2733 2510 3039 2577 nominum,
3074 2511 3205 2568 licet
3253 2513 3308 2569 in
3350 2517 3720 2573 'anteiio‘rihus

2117 2601 2452 2666 congruant,
2481 2597 2536 2650 in
2578 2596 2686 2652 ﬁn'e
2717 2596 3046 2656 di'sc'Ordant.

2199 2685 2393 2742 Beatus
2411 2699 2540 2741 vero
2552 2687 2810 2754 Donatus,
2825 2690 2910 2744 cui
2926 2692 3264 2760 potissimum
3275 2698 3516 2762 praesens
3543 2695 3591 2749 fa
3600 2712 3719 2750 ιιιιι-

2131 2773 2341 2830 laturus
2369 2785 2452 2832 est
2486 2790 2684 2840 sermo,
2713 2786 2774 2832 ut
2797 2778 2915 2847 ejus
2940 2781 3179 2837 Veridica
3203 2790 3434 2838 testatur
3453 2784 3707 2851 historia,

2131 2863 2343 2920 Iuliano
2369 2865 2594 2920 Caesari
2617 2883 2723 2921 non
2753 2869 2929 2923 solum
2957 2870 3013 2924 in
3042 2871 3343 2941 liberalium
3375 2874 3574 2928 artium
3601 2885 3717 2930 sta-

2114 2953 2236 3007 ‘diis
2267 2954 2666 3010 contubernalis
2695 2957 2927 3021 exstitit,
2958 2971 3148 3013 verum
3181 2960 3352 3014 etiam
3387 2975 3510 3016 cum
3537 2977 3603 3019 eo
3641 2965 3719 3018 si-

2133 3045 2241 3098 mul
2283 3046 2453 3114 prima
2493 3047 2693 3116 gradus
2719 3048 3076 3104 ecclesiastici
3122 3051 3423 3106 rudimenta
3456 3055 3714 3124 suscepit.

2127 3134 2236 3189 'Ubi
2264 3136 2554 3190 notandum
2605 3145 2661 3190 et
2704 3134 3105 3191 formidolosius
3155 3139 3500 3208 cogitandum
3549 3157 3713 3210 quam

432 3225 706 3280 "nimirum
748 3225 802 3279 Β.
835 3221 1166 3295 Stephanus,
1215 3227 1328 3296 qui,
1353 3225 1508 3295 anta
1531 3225 1789 3284 Veritatis
1813 3245 2027 3298 vocem,
2057 3218 2102 3280 C
2137 3227 2366 3298 abyssus
2411 3225 2578 3278 multa
2641 3227 2752 3279 sint
2808 3227 2989 3280 divina
3035 3226 3242 3294 judicia
3299 3226 3474 3298 (Psal.
3519 3231 3708 3302 xxxv),

433 3313 540 3368 'lux
589 3315 773 3369 mundi
831 3314 991 3384 hujus
1033 3326 1149 3368 erat
1192 3314 1371 3386 (Joan.
1411 3315 1492 3384 ιι),
1530 3317 1727 3372 ·Ιιιπιριι
1779 3320 2032 3374 cordibus

431 3402 787 3468 finl‘un'd'ebat,
824 3412 882 3457 'et
903 3404 1208 3457 animarum
1241 3404 1569 3459 sacrificium
1603 3407 1798 3462 divinis
1826 3409 2028 3462 obtuti-

452 3497 552 3549 hos
579 3494 858 3549 oli'crebat.
893 3494 1003 3550 IIoc
1032 3494 1382 3559 sacriﬁcium,
1413 3497 1612 3550 fratres
1649 3498 1776 3561 mei,
1817 3511 1938 3553 cum
1969 3499 2029 3553 Β.

452 3584 729 3653 Stephano
767 3593 826 3638 et
871 3591 973 3640 nos
1013 3599 1112 3654 pro
1159 3583 1374 3640 modulo
1424 3593 1610 3640 nostro
1659 3591 1873 3656 semper
1922 3585 2031 3642 Deo

450 3676 764 3731 studeamus
794 3675 1008 3741 olIerrc,
1039 3687 1113 3730 'ut
1159 3693 1267 3730 non
1315 3677 1484 3732 solum
1515 3679 1583 3733 de
1629 3687 1812 3733 nostra
1859 3681 2032 3736 salute

452 3766 689 3829 solliciti,
727 3767 827 3821 'sed
865 3767 935 3821 ad
983 3767 1270 3822 lucranda's
1295 3767 1462 3821 etiam
1515 3769 1885 3837 proximorum
1935 3781 2033 3825 no-

451 3861 686 3913 st‘rorum
727 3859 935 3913 animas
974 3860 1142 3913 simus
1199 3860 1430 3914 solerter
1483 3861 1707 3928 intenti;
1763 3873 2029 3932 quatenus

450 3947 575 4000 dum
606 3947 890 4002 cha'ritatis
927 3947 1107 4002 hostia
1151 3951 1202 4001 iu
1232 3959 1324 4004 ara
1366 3949 1533 4003 nostri
1581 3952 1814 4019 pectoris
1846 3952 2030 4005 adole-

452 4047 560 4102 tnr,
585 4038 772 4093 abillo
801 4039 1126 4094 sacrificium
1155 4045 1398 4094 nostrum
1433 4050 1704 4094 mercatur
1727 4045 1778 4095 in
1809 4044 2026 4097 odorem

452 4129 733 4190 suavitatis
759 4131 953 4200 accipi,
982 4132 1071 4200 qui
1101 4132 1150 4184 in
1177 4133 1276 4184 ara
1310 4133 1618 4200 crucis-pro
1639 4133 1816 4188 salute
1843 4143 2026 4187 nostra

451 4221 700 4291 dignatus
729 4229 812 4276 est
839 4221 1126 4285 immolari,
1163 4220 1320 4276 Iesus
1347 4219 1598 4277 Christus
1630 4223 1895 4279 Dominus
1933 4239 2028 4278 no-

443 4322 585 4378 ster,
613 4315 704 4382 qui
734 4312 1039 4368 cum-Patre
1069 4321 1123 4367 et
1147 4311 1352 4381 Spiritu
1371 4320 1562 4367 saneto
1585 4313 1726 4368 vivit
1750 4323 1806 4369 et
1834 4319 2027 4386 regnat

453 4407 506 4461 in
555 4405 749 4462 szeeuia
777 4405 1118 4460 smculorum.
1160 4404 1353 4459 Amen.

940 4491 1175 4552 SERMO
1233 4492 1517 4551 XXXVIII.

2115 3324 2189 3368 -et
2217 3329 2379 3383 quam
2416 3315 2672 3368 terribilis
2698 3315 2840 3369 Deus
2891 3317 2940 3368 in
2971 3318 3210 3372 consiliis
3247 3333 3412 3387 super
3439 3320 3577 3376 ﬁlios
3615 3323 3718 3375 ho-

2135 3405 2337 3457 minum
2367 3403 2541 3472 (Paul.
2586 3404 2732 3472 va).
2768 3404 2905 3458 Ecce
2947 3406 3092 3458 enim
3129 3407 3184 3459 in
3214 3421 3346 3474 agro
3372 3407 3583 3462 Domini
3607 3410 3716 3465 duo

2115 3496 2338 3563 'pariter
2377 3495 2606 3564 virgulta
2655 3505 3024 3561 succreseunt,
3077 3511 3306 3566 quorum
3352 3497 3583 3552 alterum
3618 3515 3717 3568 per

2131 3585 2398 3639 occultam
2420 3586 2650 3657 gratiam
2673 3586 2869 3640 cedrus
2893 3595 2976 3640 est
2999 3587 3258 3654 paradisi,
3285 3587 3515 3642 alterum
3542 3589 3716 3646 fomes

2119 3691 2409 3746 nunquam
2467 3677 2719 3732 ﬁniendis
2761 3685 3098 3747 prteparatur
3141 3679 3426 3732 incendiis.
3495 3679 3587 3734 Ille
3647 3682 3715 3736 de

2135 3767 2336 3821 scholis
2362 3771 2428 3821 ad
2465 3777 2714 3839 regnum,
2759 3768 2827 3821 de
2859 3781 3023 3838 regno
3051 3769 3284 3823 truditur
3311 3771 3486 3824 nudus
3523 3772 3576 3824 in
3603 3780 3714 3826 tar-

2135 3867 2342 3922 tarum;
2394 3858 2497 3911 iste
2547 3859 2799 3911 sacerdos
2843 3857 3089 3923 effectus,
3123 3861 3188 3912 de
3214 3860 3470 3914 cathedra
3506 3862 3717 3930 rapitur

2131 3950 2198 4003 ad
2227 3947 2568 4017 supplicium,
2601 3948 2667 4002 de
2689 3947 2950 4016 supplicio
2977 3960 3312 4018 purpuratus
3332 3953 3388 4003 et
3415 3960 3713 4006 coronatus

2130 4039 2374 4094 elevatur
2432 4041 2485 4093 in
2537 4039 2758 4094 cmlum.
2815 4038 2892 4092 Illi
2933 4042 3168 4095 mundus
3216 4042 3423 4109 arrisit,
3475 4044 3715 4099 caelestis

2131 4131 2248 4184 aula
2276 4147 2380 4185 non
2416 4131 2620 4200 patuit;
2659 4130 2747 4184 hic
2777 4139 3064 4199 postquam
3096 4134 3380 4186 munda-nae
3423 4143 3714 4204 tempesta.

2127 4222 2200 4275 tis
2227 4219 2568 4290 naufragium
2601 4221 2848 4290 pertulit,
2892 4222 2960 4274 ad
3008 4221 3208 4288 quietis
3254 4233 3470 4278 aeterna!
3495 4234 3717 4295 portum

2119 4309 2274 4365 -ieliei
2322 4311 2620 4364 securitate
2670 4310 2937 4380 pervenit.
2989 4310 3256 4366 Probatur
3300 4323 3481 4369 autem
3523 4316 3578 4370 in
3627 4316 3721 4375 bis.

2113 4407 2254 4458 "Vera
2284 4403 2591 4472 evangeliea
2613 4403 2710 4456 illa
2735 4403 3040 4470 sententia,
3077 4420 3183 4474 qua
3215 4405 3456 4460 dicitur:
3507 4425 3527 4458 ι
3575 4406 3714 4474 Quia

2129 4503 2289 4548 erunt
2307 4495 2414 4549 duo
2438 4496 2490 4548 in
2513 4505 2673 4564 agro;
2697 4509 2837 4548 unus
2860 4504 3263 4562 assumetur,‘et
3285 4497 3422 4551 alter
3444 4497 3710 4565 relinque-

433 4585 518 4642 ἰιε
555 4601 629 4643 ss.
667 4589 876 4642 nostro
911 4599 984 4642 Ετ
1023 4591 1308 4642 ιιιιΛίιιΑΝο
1345 4589 1701 4645 uan‘rvat'aus.
1754 4590 1847 4662 (vn
1877 4557 2106 4661 tuo)”
2134 4593 2219 4638 tur
2248 4583 2398 4655 (Luc.
2446 4584 2601 4654 xvu).
2651 4604 2678 4635 -ι
2716 4585 2958 4654 Uterque
2999 4595 3204 4650 tamen,
3235 4585 3378 4640 sicut
3405 4586 3628 4654 angelus
3653 4596 3710 4642 et

522 4680 708 4744 Adest,
738 4677 1105 4744 dilectissimi,
1157 4681 1436 4734 beatorum
1491 4689 1787 4752 martyrum
1834 4682 2028 4736 Donati

454 4781 614 4840 atque
647 4770 910 4825 illiut-iani
941 4771 1202 4839 praeclara
1233 4770 1566 4836 solemnitas,
1612 4779 1752 4842 quia,
1786 4772 1912 4826 dum
1941 4773 2029 4828 de—

451 4861 684 4915 votionis
722 4865 917 4915 vestrae
963 4859 1322 4929 frequentiam
1368 4872 1432 4914 ex
1477 4862 1711 4916 diversis
1754 4863 1808 4916 in
1857 4877 2027 4916 unum

454 4953 696 5022 partibus
746 4959 1046 5018 convocat,
1105 4957 1205 5007 nes
1254 4953 1417 5007 etiam
1467 4961 1527 5007 ut
1576 4964 1764 5008 eorum
1819 4953 2029 5022 insigne

437 5044 776 5112 'pr'aaconium
813 5047 910 5113 pro
949 5040 1166 5097 modulo
1203 5049 1386 5098 nostr‘o
1411 5049 1532 5097 'n‘on
1555 5045 1848 5098 taceamus
1891 5044 2025 5098 iuvi-

457 5142 552 5188 tat.
595 5131 720 5189 Iizec
756 5143 838 5189 est
873 5133 1024 5188 ‘ehim
1059 5133 1174 5188 dies
1203 5134 1259 5187 in
1303 5131 1408 5202 qua
1452 5135 1605 5189 triste
1633 5135 1739 5189 hoc
1769 5135 2022 5190 srcculum

439 5224 766 5280 deserentes
799 5225 1164 5293 deposuerunt
1211 5225 1482 5278 sarcinam
1507 5227 1714 5291 carnis,
1745 5236 1798 5281 et
1828 5227 2022 5281 stolam

455 5315 632 5384 adepti
678 5319 804 5370 sunt
839 5315 1104 5387 angelica:
1151 5314 1432 5369 claritatis.
1471 5315 1660 5380 Hodie,
1695 5317 2025 5387 triumphato

436 5407 684 5472 'diabolo,
715 5406 946 5478 pahn‘am
974 5403 1189 5476 gloriosi
1212 5405 1524 5460 certaminis
1553 5407 1619 5460 ad
1643 5407 2021 5476 imperatorem

455 5497 694 5553 celestis
730 5496 934 5552 militiae
983 5503 1348 5566 repertarum.
1395 5495 1563 5550 Hodie
1593 5498 1870 5567 purpurati
1901 5513 2022 5567 pro-

455 5591 573 5657 prio
635 5588 918 5660 sanguine,
961 5588 1351 5643 alternantibus
1413 5587 1648 5657 undique
1701 5588 2022 5657 hymnidicis

456 5680 766 5749 angelorum
797 5679 1046 5745 coetibus,
1081 5680 1332 5734 “vexillum
1376 5688 1607 5750 peractae
1651 5680 1890 5733 victoriae
1939 5694 2024 5734 re-

457 5770 574 5838 gnis
609 5770 918 5826 cmlcstibus
962 5771 1274 5826 intulerunt.
1306 5769 1580 5825 Gradatim
1623 5769 1886 5838 siquidem
1933 5771 2019 5825 in-

2115 4674 2394 4740 diabol'us,
2423 4674 2652 4728 diverste
2688 4674 2900 4729 scilicet
2939 4674 3258 4728 intentionis
3303 4673 3497 4727 intuitu
3534 4673 3706 4729 famu-

2128 4766 2224 4820 lati
2266 4773 2394 4821 sunt
2434 4764 2565 4820 Deo.
2595 4763 2689 4820 Ille
2725 4774 2965 4830 coaetus,
2991 4765 3091 4819 iste
3141 4763 3506 4819 indubitanter
3535 4765 3708 4822 ultro-

2131 4872 2284 4913 neus.
2331 4857 2585 4928 Nunquid
2630 4843 2774 4912 enim
2823 4867 2884 4912 et
2928 4856 3174 4910 Julianus
3221 4855 3480 4924 Apostata
3512 4857 3712 4913 divinis

2131 4949 2539 5019 obtemperasse
2585 4949 2792 5020 legibus
2844 4963 2952 5002 non
3001 4946 3360 5008 convincitur,
3411 4957 3535 5002 cum
3590 4949 3709 5018 ejus

2118 5050 2350 5097 eruenta
2393 5043 2570 5097 rabies
2603 5043 2658 5095 in
2686 5039 2886 5096 Christi
2926 5041 3195 5108 martyres
3225 5038 3494 5106 ebulliret,
3537 5050 3591 5092 et
3631 5048 3708 5093 tot

2126 5135 2280 5203 quasi
2321 5143 2562 5188 maturas
2590 5133 2884 5186 electorum
2913 5139 3124 5200 segetes
3155 5131 3206 5184 in
3248 5131 3496 5191 horreum
3527 5131 3706 5185 Domi-

2125 5226 2307 5281 nicum
2356 5223 2746 5296 persecutionis
2799 5237 2909 5277 sua)
2963 5221 3103 5276 falce
3147 5222 3399 5278 desectus
3443 5221 3709 5278 inferret?

2127 5317 2208 5373 Ad
2237 5317 2338 5370 hoc
2368 5315 2510 5369 enim
2544 5312 2825 5382 tyrannica
2866 5321 3111 5381 potestas
3151 5312 3392 5380 reprobat
3413 5320 3500 5365 est
3546 5313 3705 5366 adhi-

2128 5411 2238 5466 bita
2267 5407 2549 5468 voluntati.
2579 5416 2633 5462 et
2653 5407 2837 5478 pingui
2879 5416 3034 5460 tauro
3057 5421 3258 5460 cornua
3287 5415 3415 5458 sunt
3443 5405 3704 5460 divinitus

2129 5502 2385 5564 exaitata,
2417 5509 2474 5553 ut
2509 5500 2704 5553 summi
2732 5500 2900 5568 patris
2927 5497 3156 5552 familias
3181 5511 3364 5550 aream
3397 5497 3702 5566 ventilaret,

2130 5601 2183 5646 et
2208 5608 2237 5645 a
2263 5591 2430 5660 paleis
2451 5605 2570 5660 qua
2601 5577 2814 5660 ignibus
2857 5592 2983 5641 sunt
3019 5581 3261 5640 obnoxia:
3290 5587 3490 5641 munda
3529 5605 3704 5658 grana

2131 5691 2457 5737 secerneret.
2483 5679 2621 5734 Hinc
2642 5688 2724 5734 est
2749 5681 2890 5748 quod
2925 5675 3172 5731 Historia:
3211 5675 3430 5731 tradunt
3455 5676 3582 5733 huic
3606 5677 3703 5732 Ju-

2131 5773 2272 5826 liano
2302 5773 2442 5826 intra
2467 5770 2751 5840 quamdam
2779 5769 3073 5844 Galliarum
3101 5767 3378 5824 basilicam
3408 5771 3702 5825 constituto
