  <div class='ocr_page' id='page_1' title='image "/cluster/home/n/w/nwhite01/storage/ocr_20150623/144/umn.31951002477437p/379.png"; bbox 0 0 4184 6452; ppageno 0'>
   <div class='ocr_carea' id='block_1_1' title="bbox 468 365 584 453">
    <p class='ocr_par' dir='ltr' id='par_1_1' title="bbox 468 365 584 453">
     <span class='ocr_line' id='line_1_1' title="bbox 468 365 584 453; baseline -0.009 0"><span class='ocrx_word' id='word_1_1' title='bbox 468 365 584 453; x_wconf 71' lang='grc' dir='ltr'><strong>’το-ι</strong></span> 
     </span>
    </p>
   </div>
   <div class='ocr_carea' id='block_1_2' title="bbox 1095 363 3138 444">
    <p class='ocr_par' dir='ltr' id='par_1_2' title="bbox 1095 363 3138 444">
     <span class='ocr_line' id='line_1_2' title="bbox 1095 363 3138 444; baseline -0.012 1"><span class='ocrx_word' id='word_1_2' title='bbox 1095 390 1153 444; x_wconf 88' lang='lat' dir='ltr'><strong>S.</strong></span> <span class='ocrx_word' id='word_1_3' title='bbox 1181 384 1384 443; x_wconf 54' lang='lat' dir='ltr'><strong>PE?!“</strong></span> <span class='ocrx_word' id='word_1_4' title='bbox 1423 378 1708 439; x_wconf 76' lang='lat' dir='ltr'><strong>DAMIANI</strong></span> <span class='ocrx_word' id='word_1_5' title='bbox 1738 379 1892 434; x_wconf 65' lang='lat' dir='ltr'><strong>om.</strong></span> <span class='ocrx_word' id='word_1_6' title='bbox 1925 379 2104 429; x_wconf 72' lang='lat' dir='ltr'><strong>PAhb</strong></span> <span class='ocrx_word' id='word_1_7' title='bbox 2129 371 2256 424; x_wconf 59' lang='grc' dir='ltr'><strong>διδ</strong></span> <span class='ocrx_word' id='word_1_8' title='bbox 2294 367 2517 424; x_wconf 70' lang='lat' dir='ltr'><strong>lUslUS</strong></span> <span class='ocrx_word' id='word_1_9' title='bbox 2558 367 2619 422; x_wconf 91' lang='lat' dir='ltr'><strong>ll.</strong></span> <span class='ocrx_word' id='word_1_10' title='bbox 2651 397 2716 408; x_wconf 85' lang='lat'><strong>--</strong></span> <span class='ocrx_word' id='word_1_11' title='bbox 2749 363 3138 424; x_wconf 78' lang='lat' dir='ltr'><strong>SERMONES.</strong></span> 
     </span>
    </p>
   </div>
   <div class='ocr_carea' id='block_1_3' title="bbox 3649 371 3750 426">
    <p class='ocr_par' dir='ltr' id='par_1_3' title="bbox 3649 371 3750 426">
     <span class='ocr_line' id='line_1_3' title="bbox 3649 371 3750 426; baseline 0.02 -2"><span class='ocrx_word' id='word_1_12' title='bbox 3649 371 3750 426; x_wconf 78' lang='grc'><strong>708</strong></span> 
     </span>
    </p>
   </div>
   <div class='ocr_carea' id='block_1_4' title="bbox 482 479 3818 574">
    <p class='ocr_par' dir='ltr' id='par_1_4' title="bbox 482 479 3818 574">
     <span class='ocr_line' id='line_1_4' title="bbox 482 479 3818 574; baseline -0.009 -8"><span class='ocrx_word' id='word_1_13' title='bbox 482 522 764 571; x_wconf 89' lang='lat' dir='ltr'><strong>coronam,</strong></span> <span class='ocrx_word' id='word_1_14' title='bbox 795 519 914 574; x_wconf 75' lang='lat' dir='ltr'><strong>qua:</strong></span> <span class='ocrx_word' id='word_1_15' title='bbox 944 517 1106 571; x_wconf 87' lang='lat' dir='ltr'><strong>super</strong></span> <span class='ocrx_word' id='word_1_16' title='bbox 1148 515 1272 555; x_wconf 88' lang='lat' dir='ltr'><strong>cum</strong></span> <span class='ocrx_word' id='word_1_17' title='bbox 1303 494 1662 567; x_wconf 88' lang='lat' dir='ltr'><strong>dependebat,</strong></span> <span class='ocrx_word' id='word_1_18' title='bbox 1711 491 1766 545; x_wconf 88' lang='lat' dir='ltr'><strong>in</strong></span> <span class='ocrx_word' id='word_1_19' title='bbox 1815 487 1932 557; x_wconf 90' lang='lat' dir='ltr'><strong>ejus</strong></span> <span class='ocrx_word' id='word_1_20' title='bbox 1978 500 2064 540; x_wconf 89' lang='lat' dir='ltr'><strong>rc-</strong></span> <span class='ocrx_word' id='word_1_21' title='bbox 2092 488 2142 548; x_wconf 80' lang='grc' dir='ltr'><strong>Α</strong></span> <span class='ocrx_word' id='word_1_22' title='bbox 2167 480 2410 536; x_wconf 89' lang='lat' dir='ltr'><strong>culorum</strong></span> <span class='ocrx_word' id='word_1_23' title='bbox 2437 480 2552 536; x_wconf 86' lang='lat' dir='ltr'><strong>dic&#39;r</strong></span> <span class='ocrx_word' id='word_1_24' title='bbox 2571 488 2767 550; x_wconf 90' lang='lat' dir='ltr'><strong>potest.</strong></span> <span class='ocrx_word' id='word_1_25' title='bbox 2796 479 3063 552; x_wconf 87' lang='lat' dir='ltr'><strong>Pleraque</strong></span> <span class='ocrx_word' id='word_1_26' title='bbox 3095 480 3241 535; x_wconf 90' lang='lat' dir='ltr'><strong>enim</strong></span> <span class='ocrx_word' id='word_1_27' title='bbox 3267 480 3571 537; x_wconf 73' lang='lat' dir='ltr'><strong>c&#39;trlcstium</strong></span> <span class='ocrx_word' id='word_1_28' title='bbox 3599 482 3755 554; x_wconf 82' lang='lat' dir='ltr'><strong>signa</strong></span> <span class='ocrx_word' id='word_1_29' title='bbox 3810 527 3818 536; x_wconf 84' lang='lat'><strong>.</strong></span> 
     </span>
    </p>
   </div>
   <div class='ocr_carea' id='block_1_5' title="bbox 482 577 2073 672">
    <p class='ocr_par' dir='ltr' id='par_1_5' title="bbox 482 577 2073 672">
     <span class='ocr_line' id='line_1_5' title="bbox 482 577 2073 672; baseline -0.016 -14"><span class='ocrx_word' id='word_1_30' title='bbox 482 613 644 672; x_wconf 90' lang='lat' dir='ltr'><strong>pente</strong></span> <span class='ocrx_word' id='word_1_31' title='bbox 688 581 944 652; x_wconf 81' lang='lat' dir='ltr'><strong>verticem</strong></span> <span class='ocrx_word' id='word_1_32' title='bbox 991 592 1274 656; x_wconf 79' lang='lat' dir='ltr'><strong>cecidisse,</strong></span> <span class='ocrx_word' id='word_1_33' title='bbox 1329 598 1385 643; x_wconf 90' lang='lat' dir='ltr'><strong>et</strong></span> <span class='ocrx_word' id='word_1_34' title='bbox 1421 587 1495 640; x_wconf 91' lang='lat' dir='ltr'><strong>ita</strong></span> <span class='ocrx_word' id='word_1_35' title='bbox 1541 585 1754 652; x_wconf 88' lang='lat' dir='ltr'><strong>signum</strong></span> <span class='ocrx_word' id='word_1_36' title='bbox 1803 579 1931 650; x_wconf 88' lang='lat' dir='ltr'><strong>quia</strong></span> <span class='ocrx_word' id='word_1_37' title='bbox 1983 577 2073 632; x_wconf 88' lang='lat' dir='ltr'><strong>ille</strong></span> 
     </span>
    </p>
   </div>
   <div class='ocr_carea' id='block_1_6' title="bbox 483 669 2075 756">
    <p class='ocr_par' dir='ltr' id='par_1_6' title="bbox 483 669 2075 756">
     <span class='ocr_line' id='line_1_6' title="bbox 483 669 2075 756; baseline -0.018 -8"><span class='ocrx_word' id='word_1_38' title='bbox 483 669 702 748; x_wconf 77' lang='lat' dir='ltr'><strong>deberet</strong></span> <span class='ocrx_word' id='word_1_39' title='bbox 733 689 1027 756; x_wconf 75' lang='lat' dir='ltr'><strong>imperator</strong></span> <span class='ocrx_word' id='word_1_40' title='bbox 1059 682 1197 744; x_wconf 82' lang='lat' dir='ltr'><strong>fieri,</strong></span> <span class='ocrx_word' id='word_1_41' title='bbox 1248 681 1301 733; x_wconf 92' lang='lat' dir='ltr'><strong>in</strong></span> <span class='ocrx_word' id='word_1_42' title='bbox 1331 675 1585 746; x_wconf 78' lang='lat' dir='ltr'><strong>opinione</strong></span> <span class='ocrx_word' id='word_1_43' title='bbox 1629 669 1812 742; x_wconf 86' lang='lat' dir='ltr'><strong>populi</strong></span> <span class='ocrx_word' id='word_1_44' title='bbox 1855 676 2075 738; x_wconf 89' lang='lat' dir='ltr'><strong>porten-</strong></span> 
     </span>
    </p>
   </div>
   <div class='ocr_carea' id='block_1_7' title="bbox 485 758 2076 836">
    <p class='ocr_par' dir='ltr' id='par_1_7' title="bbox 485 758 2076 836">
     <span class='ocr_line' id='line_1_7' title="bbox 485 758 2076 836; baseline -0.015 0"><span class='ocrx_word' id='word_1_45' title='bbox 485 783 648 836; x_wconf 88' lang='lat' dir='ltr'><strong>disse.</strong></span> <span class='ocrx_word' id='word_1_46' title='bbox 679 778 785 832; x_wconf 89' lang='lat' dir='ltr'><strong>Sed</strong></span> <span class='ocrx_word' id='word_1_47' title='bbox 818 775 1012 829; x_wconf 91' lang='lat' dir='ltr'><strong>melius</strong></span> <span class='ocrx_word' id='word_1_48' title='bbox 1054 786 1152 826; x_wconf 91' lang='lat' dir='ltr'><strong>nos</strong></span> <span class='ocrx_word' id='word_1_49' title='bbox 1181 769 1461 824; x_wconf 76' lang='lat' dir='ltr'><strong>ardentem</strong></span> <span class='ocrx_word' id='word_1_50' title='bbox 1506 773 1707 819; x_wconf 90' lang='lat' dir='ltr'><strong>torrem</strong></span> <span class='ocrx_word' id='word_1_51' title='bbox 1740 761 1795 815; x_wconf 88' lang='lat' dir='ltr'><strong>in</strong></span> <span class='ocrx_word' id='word_1_52' title='bbox 1821 773 1922 815; x_wconf 91' lang='lat' dir='ltr'><strong>suo</strong></span> <span class='ocrx_word' id='word_1_53' title='bbox 1952 758 2076 828; x_wconf 91' lang='lat' dir='ltr'><strong>igne</strong></span> 
     </span>
    </p>
   </div>
   <div class='ocr_carea' id='block_1_8' title="bbox 484 848 2072 940">
    <p class='ocr_par' dir='ltr' id='par_1_8' title="bbox 484 848 2072 940">
     <span class='ocr_line' id='line_1_8' title="bbox 484 848 2072 940; baseline -0.016 -14"><span class='ocrx_word' id='word_1_54' title='bbox 484 871 859 940; x_wconf 90' lang='lat' dir='ltr'><strong>relinquimus,</strong></span> <span class='ocrx_word' id='word_1_55' title='bbox 887 875 945 920; x_wconf 91' lang='lat' dir='ltr'><strong>ut</strong></span> <span class='ocrx_word' id='word_1_56' title='bbox 969 861 1246 919; x_wconf 78' lang='lat' dir='ltr'><strong>vernantis</strong></span> <span class='ocrx_word' id='word_1_57' title='bbox 1292 857 1506 913; x_wconf 90' lang='lat' dir='ltr'><strong>arboris</strong></span> <span class='ocrx_word' id='word_1_58' title='bbox 1554 853 1793 934; x_wconf 88' lang='lat' dir='ltr'><strong>suaviter</strong></span> <span class='ocrx_word' id='word_1_59' title='bbox 1823 848 2072 906; x_wconf 90' lang='lat' dir='ltr'><strong>redolen-</strong></span> 
     </span>
    </p>
   </div>
   <div class='ocr_carea' id='block_1_9' title="bbox 485 963 1090 1028">
    <p class='ocr_par' dir='ltr' id='par_1_9' title="bbox 485 963 1090 1028">
     <span class='ocr_line' id='line_1_9' title="bbox 485 963 1090 1028; baseline -0.015 -14"><span class='ocrx_word' id='word_1_60' title='bbox 485 963 559 1014; x_wconf 87' lang='lat' dir='ltr'><strong>tia</strong></span> <span class='ocrx_word' id='word_1_61' title='bbox 592 972 749 1028; x_wconf 90' lang='lat' dir='ltr'><strong>poma</strong></span> <span class='ocrx_word' id='word_1_62' title='bbox 781 969 1090 1024; x_wconf 79' lang='lat' dir='ltr'><strong>carpamus.</strong></span> 
     </span>
    </p>
   </div>
   <div class='ocr_carea' id='block_1_10' title="bbox 514 1028 2078 1116">
    <p class='ocr_par' dir='ltr' id='par_1_10' title="bbox 514 1028 2078 1116">
     <span class='ocr_line' id='line_1_10' title="bbox 514 1028 2078 1116; baseline -0.015 -10"><span class='ocrx_word' id='word_1_63' title='bbox 514 1042 522 1051; x_wconf 79' lang='grc'><em>’</em></span> <span class='ocrx_word' id='word_1_64' title='bbox 555 1052 757 1105; x_wconf 92' lang='lat' dir='ltr'><strong>Beatus</strong></span> <span class='ocrx_word' id='word_1_65' title='bbox 785 1049 967 1116; x_wconf 78' lang='lat' dir='ltr'><strong>itaque</strong></span> <span class='ocrx_word' id='word_1_66' title='bbox 991 1045 1253 1108; x_wconf 87' lang='lat' dir='ltr'><strong>Donatus,</strong></span> <span class='ocrx_word' id='word_1_67' title='bbox 1287 1053 1450 1109; x_wconf 85' lang='lat' dir='ltr'><strong>quem</strong></span> <span class='ocrx_word' id='word_1_68' title='bbox 1485 1035 1741 1105; x_wconf 82' lang='lat' dir='ltr'><strong>templum</strong></span> <span class='ocrx_word' id='word_1_69' title='bbox 1773 1032 1875 1087; x_wconf 88' lang='lat' dir='ltr'><strong>sibi</strong></span> <span class='ocrx_word' id='word_1_70' title='bbox 1904 1028 2078 1099; x_wconf 83' lang='lat' dir='ltr'><strong>Spiri-</strong></span> 
     </span>
    </p>
   </div>
   <div class='ocr_carea' id='block_1_11' title="bbox 487 1122 2077 1204">
    <p class='ocr_par' dir='ltr' id='par_1_11' title="bbox 487 1122 2077 1204">
     <span class='ocr_line' id='line_1_11' title="bbox 487 1122 2077 1204; baseline -0.016 -7"><span class='ocrx_word' id='word_1_71' title='bbox 487 1153 573 1197; x_wconf 86' lang='lat' dir='ltr'><strong>tus</strong></span> <span class='ocrx_word' id='word_1_72' title='bbox 602 1149 824 1195; x_wconf 79' lang='lat' dir='ltr'><strong>sanctus</strong></span> <span class='ocrx_word' id='word_1_73' title='bbox 846 1138 912 1191; x_wconf 90' lang='lat' dir='ltr'><strong>ab</strong></span> <span class='ocrx_word' id='word_1_74' title='bbox 961 1135 1094 1204; x_wconf 89' lang='lat' dir='ltr'><strong>ipsis</strong></span> <span class='ocrx_word' id='word_1_75' title='bbox 1123 1133 1394 1200; x_wconf 70' lang='lat' dir='ltr'><strong>primaevae</strong></span> <span class='ocrx_word' id='word_1_76' title='bbox 1428 1128 1606 1182; x_wconf 63' lang='lat' dir='ltr'><strong>aetatis</strong></span> <span class='ocrx_word' id='word_1_77' title='bbox 1648 1122 1949 1179; x_wconf 75' lang='lat' dir='ltr'><strong>vindicavit</strong></span> <span class='ocrx_word' id='word_1_78' title='bbox 1979 1135 2077 1173; x_wconf 84' lang='lat' dir='ltr'><strong>au-</strong></span> 
     </span>
    </p>
   </div>
   <div class='ocr_carea' id='block_1_12' title="bbox 486 1214 2080 1300">
    <p class='ocr_par' dir='ltr' id='par_1_12' title="bbox 486 1214 2080 1300">
     <span class='ocr_line' id='line_1_12' title="bbox 486 1214 2080 1300; baseline -0.012 -16"><span class='ocrx_word' id='word_1_79' title='bbox 486 1231 694 1300; x_wconf 89' lang='lat' dir='ltr'><strong>spiciis,</strong></span> <span class='ocrx_word' id='word_1_80' title='bbox 729 1225 990 1281; x_wconf 89' lang='lat' dir='ltr'><strong>mollioris</strong></span> <span class='ocrx_word' id='word_1_81' title='bbox 1017 1225 1143 1278; x_wconf 78' lang='lat' dir='ltr'><strong>vitae</strong></span> <span class='ocrx_word' id='word_1_82' title='bbox 1173 1222 1514 1276; x_wconf 83' lang='lat' dir='ltr'><strong>latitudinem</strong></span> <span class='ocrx_word' id='word_1_83' title='bbox 1553 1216 1777 1287; x_wconf 80' lang='lat' dir='ltr'><strong>sprevit,</strong></span> <span class='ocrx_word' id='word_1_84' title='bbox 1805 1214 2080 1268; x_wconf 85' lang='lat' dir='ltr'><strong>abstinen-</strong></span> 
     </span>
    </p>
   </div>
   <div class='ocr_carea' id='block_1_13' title="bbox 488 1304 2082 1388">
    <p class='ocr_par' dir='ltr' id='par_1_13' title="bbox 488 1304 2082 1388">
     <span class='ocr_line' id='line_1_13' title="bbox 488 1304 2082 1388; baseline -0.012 -14"><span class='ocrx_word' id='word_1_85' title='bbox 488 1323 576 1374; x_wconf 84' lang='lat' dir='ltr'><strong>tiae</strong></span> <span class='ocrx_word' id='word_1_86' title='bbox 623 1320 800 1388; x_wconf 87' lang='lat' dir='ltr'><strong>rigore</strong></span> <span class='ocrx_word' id='word_1_87' title='bbox 841 1315 1159 1370; x_wconf 89' lang='lat' dir='ltr'><strong>illecebrosa</strong></span> <span class='ocrx_word' id='word_1_88' title='bbox 1190 1312 1372 1368; x_wconf 90' lang='lat' dir='ltr'><strong>carnis</strong></span> <span class='ocrx_word' id='word_1_89' title='bbox 1416 1309 1692 1365; x_wconf 88' lang='lat' dir='ltr'><strong>incentiva</strong></span> <span class='ocrx_word' id='word_1_90' title='bbox 1746 1304 1996 1369; x_wconf 86' lang='lat' dir='ltr'><strong>calcavit,</strong></span> <span class='ocrx_word' id='word_1_91' title='bbox 2026 1309 2082 1356; x_wconf 90' lang='lat' dir='ltr'><strong>et</strong></span> 
     </span>
    </p>
   </div>
   <div class='ocr_carea' id='block_1_14' title="bbox 489 1394 2081 1478">
    <p class='ocr_par' dir='ltr' id='par_1_14' title="bbox 489 1394 2081 1478">
     <span class='ocr_line' id='line_1_14' title="bbox 489 1394 2081 1478; baseline -0.009 -14"><span class='ocrx_word' id='word_1_92' title='bbox 489 1420 775 1478; x_wconf 89' lang='lat' dir='ltr'><strong>antequam</strong></span> <span class='ocrx_word' id='word_1_93' title='bbox 824 1424 924 1478; x_wconf 89' lang='lat' dir='ltr'><strong>per</strong></span> <span class='ocrx_word' id='word_1_94' title='bbox 973 1406 1297 1475; x_wconf 83' lang='lat' dir='ltr'><strong>dignitatem</strong></span> <span class='ocrx_word' id='word_1_95' title='bbox 1346 1399 1699 1457; x_wconf 85' lang='lat' dir='ltr'><strong>sacerdotalis</strong></span> <span class='ocrx_word' id='word_1_96' title='bbox 1746 1395 1907 1451; x_wconf 88' lang='lat' dir='ltr'><strong>oﬂicii</strong></span> <span class='ocrx_word' id='word_1_97' title='bbox 1964 1394 2081 1464; x_wconf 85' lang='lat' dir='ltr'><strong>ejus</strong></span> 
     </span>
    </p>
   </div>
   <div class='ocr_carea' id='block_1_15' title="bbox 490 1483 2080 1568">
    <p class='ocr_par' dir='ltr' id='par_1_15' title="bbox 490 1483 2080 1568">
     <span class='ocr_line' id='line_1_15' title="bbox 490 1483 2080 1568; baseline -0.008 -18"><span class='ocrx_word' id='word_1_98' title='bbox 490 1499 814 1568; x_wconf 63' lang='lat' dir='ltr'><strong>praedicaret</strong></span> <span class='ocrx_word' id='word_1_99' title='bbox 867 1497 1070 1565; x_wconf 78' lang='lat' dir='ltr'><strong>lingua,</strong></span> <span class='ocrx_word' id='word_1_100' title='bbox 1123 1492 1454 1563; x_wconf 86' lang='lat' dir='ltr'><strong>praedicabat</strong></span> <span class='ocrx_word' id='word_1_101' title='bbox 1498 1489 1612 1558; x_wconf 93' lang='lat' dir='ltr'><strong>jam</strong></span> <span class='ocrx_word' id='word_1_102' title='bbox 1665 1486 1954 1543; x_wconf 78' lang='lat' dir='ltr'><strong>efﬁcaciter</strong></span> <span class='ocrx_word' id='word_1_103' title='bbox 1979 1483 2080 1538; x_wconf 86' lang='lat' dir='ltr'><strong>sub</strong></span> 
     </span>
    </p>
   </div>
   <div class='ocr_carea' id='block_1_16' title="bbox 492 1574 2081 1654">
    <p class='ocr_par' dir='ltr' id='par_1_16' title="bbox 492 1574 2081 1654">
     <span class='ocr_line' id='line_1_16' title="bbox 492 1574 2081 1654; baseline -0.01 -13"><span class='ocrx_word' id='word_1_104' title='bbox 492 1588 740 1642; x_wconf 87' lang='lat' dir='ltr'><strong>honestis</strong></span> <span class='ocrx_word' id='word_1_105' title='bbox 786 1595 843 1641; x_wconf 92' lang='lat' dir='ltr'><strong>et</strong></span> <span class='ocrx_word' id='word_1_106' title='bbox 907 1583 1268 1654; x_wconf 87' lang='lat' dir='ltr'><strong>disciplinatis</strong></span> <span class='ocrx_word' id='word_1_107' title='bbox 1328 1580 1571 1635; x_wconf 89' lang='lat' dir='ltr'><strong>moribus</strong></span> <span class='ocrx_word' id='word_1_108' title='bbox 1619 1578 1750 1632; x_wconf 90' lang='lat' dir='ltr'><strong>vita.</strong></span> <span class='ocrx_word' id='word_1_109' title='bbox 1813 1574 2081 1629; x_wconf 88' lang='lat' dir='ltr'><strong>Nimirum</strong></span> 
     </span>
    </p>
   </div>
   <div class='ocr_carea' id='block_1_17' title="bbox 489 1665 2081 1748">
    <p class='ocr_par' dir='ltr' id='par_1_17' title="bbox 489 1665 2081 1748">
     <span class='ocr_line' id='line_1_17' title="bbox 489 1665 2081 1748; baseline -0.009 -15"><span class='ocrx_word' id='word_1_110' title='bbox 489 1680 636 1735; x_wconf 85' lang='lat' dir='ltr'><strong>illius</strong></span> <span class='ocrx_word' id='word_1_111' title='bbox 664 1679 912 1748; x_wconf 82' lang='lat' dir='ltr'><strong>exemplo</strong></span> <span class='ocrx_word' id='word_1_112' title='bbox 943 1677 1033 1748; x_wconf 91' lang='lat' dir='ltr'><strong>qui</strong></span> <span class='ocrx_word' id='word_1_113' title='bbox 1060 1676 1228 1745; x_wconf 77' lang='lat' dir='ltr'><strong>coepit</strong></span> <span class='ocrx_word' id='word_1_114' title='bbox 1259 1674 1511 1744; x_wconf 87' lang='lat' dir='ltr'><strong>primitus</strong></span> <span class='ocrx_word' id='word_1_115' title='bbox 1541 1671 1721 1726; x_wconf 90' lang='lat' dir='ltr'><strong>facere</strong></span> <span class='ocrx_word' id='word_1_116' title='bbox 1747 1678 1802 1724; x_wconf 92' lang='lat' dir='ltr'><strong>et</strong></span> <span class='ocrx_word' id='word_1_117' title='bbox 1825 1673 1946 1737; x_wconf 91' lang='lat' dir='ltr'><strong>post</strong></span> <span class='ocrx_word' id='word_1_118' title='bbox 1987 1665 2081 1720; x_wconf 90' lang='lat' dir='ltr'><strong>do-</strong></span> 
     </span>
    </p>
   </div>
   <div class='ocr_carea' id='block_1_18' title="bbox 491 1751 2076 1836">
    <p class='ocr_par' dir='ltr' id='par_1_18' title="bbox 491 1751 2076 1836">
     <span class='ocr_line' id='line_1_18' title="bbox 491 1751 2076 1836; baseline -0.011 -12"><span class='ocrx_word' id='word_1_119' title='bbox 491 1782 616 1824; x_wconf 89' lang='lat' dir='ltr'><strong>cere</strong></span> <span class='ocrx_word' id='word_1_120' title='bbox 662 1768 802 1834; x_wconf 75' lang='lat' dir='ltr'><strong>(Act.</strong></span> <span class='ocrx_word' id='word_1_121' title='bbox 856 1769 920 1836; x_wconf 86' lang='grc' dir='ltr'><strong>ι),</strong></span> <span class='ocrx_word' id='word_1_122' title='bbox 975 1765 1210 1820; x_wconf 88' lang='lat' dir='ltr'><strong>vivendo</strong></span> <span class='ocrx_word' id='word_1_123' title='bbox 1260 1762 1521 1818; x_wconf 82' lang='lat' dir='ltr'><strong>doctrinae</strong></span> <span class='ocrx_word' id='word_1_124' title='bbox 1574 1758 1773 1813; x_wconf 90' lang='lat' dir='ltr'><strong>ﬂuenta</strong></span> <span class='ocrx_word' id='word_1_125' title='bbox 1810 1751 2076 1822; x_wconf 76' lang='lat' dir='ltr'><strong>concepit,</strong></span> 
     </span>
    </p>
   </div>
   <div class='ocr_carea' id='block_1_19' title="bbox 2173 569 3752 640">
    <p class='ocr_par' dir='ltr' id='par_1_19' title="bbox 2173 569 3752 640">
     <span class='ocr_line' id='line_1_19' title="bbox 2173 569 3752 640; baseline 0.001 -16"><span class='ocrx_word' id='word_1_126' title='bbox 2173 572 2433 625; x_wconf 92' lang='lat' dir='ltr'><strong>virtutum</strong></span> <span class='ocrx_word' id='word_1_127' title='bbox 2457 572 2523 625; x_wconf 91' lang='lat' dir='ltr'><strong>ad</strong></span> <span class='ocrx_word' id='word_1_128' title='bbox 2550 581 2762 640; x_wconf 90' lang='lat' dir='ltr'><strong>tempus</strong></span> <span class='ocrx_word' id='word_1_129' title='bbox 2790 569 2947 635; x_wconf 80' lang='lat' dir='ltr'><strong>fiunt,</strong></span> <span class='ocrx_word' id='word_1_130' title='bbox 2979 579 3031 623; x_wconf 90' lang='lat' dir='ltr'><strong>at</strong></span> <span class='ocrx_word' id='word_1_131' title='bbox 3053 578 3342 640; x_wconf 87' lang='lat' dir='ltr'><strong>postquam</strong></span> <span class='ocrx_word' id='word_1_132' title='bbox 3365 584 3537 625; x_wconf 73' lang='lat' dir='ltr'><strong>semet</strong></span> <span class='ocrx_word' id='word_1_133' title='bbox 3566 578 3752 626; x_wconf 88' lang='lat' dir='ltr'><strong>osten-</strong></span> 
     </span>
    </p>
   </div>
   <div class='ocr_carea' id='block_1_20' title="bbox 2174 659 3759 730">
    <p class='ocr_par' dir='ltr' id='par_1_20' title="bbox 2174 659 3759 730">
     <span class='ocr_line' id='line_1_20' title="bbox 2174 659 3759 730; baseline 0.002 -16"><span class='ocrx_word' id='word_1_134' title='bbox 2174 675 2234 715; x_wconf 91' lang='lat' dir='ltr'><strong>sa</strong></span> <span class='ocrx_word' id='word_1_135' title='bbox 2265 660 2580 725; x_wconf 88' lang='lat' dir='ltr'><strong>claruerint,</strong></span> <span class='ocrx_word' id='word_1_136' title='bbox 2605 660 2881 714; x_wconf 88' lang='lat' dir='ltr'><strong>desinunt.</strong></span> <span class='ocrx_word' id='word_1_137' title='bbox 2913 659 2994 714; x_wconf 90' lang='lat' dir='ltr'><strong>Ad</strong></span> <span class='ocrx_word' id='word_1_138' title='bbox 3021 659 3332 715; x_wconf 63' lang='lat' dir='ltr'><strong>Israeliticae</strong></span> <span class='ocrx_word' id='word_1_139' title='bbox 3357 660 3554 730; x_wconf 90' lang='lat' dir='ltr'><strong>quippe</strong></span> <span class='ocrx_word' id='word_1_140' title='bbox 3581 660 3759 730; x_wconf 88' lang='lat' dir='ltr'><strong>plebis</strong></span> 
     </span>
    </p>
   </div>
   <div class='ocr_carea' id='block_1_21' title="bbox 2175 749 3760 821">
    <p class='ocr_par' dir='ltr' id='par_1_21' title="bbox 2175 749 3760 821">
     <span class='ocr_line' id='line_1_21' title="bbox 2175 749 3760 821; baseline 0.003 -17"><span class='ocrx_word' id='word_1_141' title='bbox 2175 749 2481 821; x_wconf 87' lang='lat' dir='ltr'><strong>ingressum</strong></span> <span class='ocrx_word' id='word_1_142' title='bbox 2511 761 2566 805; x_wconf 92' lang='lat' dir='ltr'><strong>et</strong></span> <span class='ocrx_word' id='word_1_143' title='bbox 2600 765 2752 805; x_wconf 88' lang='lat' dir='ltr'><strong>mare</strong></span> <span class='ocrx_word' id='word_1_144' title='bbox 2778 750 3058 821; x_wconf 81' lang='lat' dir='ltr'><strong>dividitur,</strong></span> <span class='ocrx_word' id='word_1_145' title='bbox 3089 759 3145 805; x_wconf 90' lang='lat' dir='ltr'><strong>et</strong></span> <span class='ocrx_word' id='word_1_146' title='bbox 3180 749 3418 806; x_wconf 90' lang='lat' dir='ltr'><strong>ﬂuminis</strong></span> <span class='ocrx_word' id='word_1_147' title='bbox 3447 752 3634 809; x_wconf 89' lang='lat' dir='ltr'><strong>alveus</strong></span> <span class='ocrx_word' id='word_1_148' title='bbox 3661 768 3760 808; x_wconf 77' lang='lat' dir='ltr'><strong>ex-</strong></span> 
     </span>
    </p>
   </div>
   <div class='ocr_carea' id='block_1_22' title="bbox 2176 837 3759 911">
    <p class='ocr_par' dir='ltr' id='par_1_22' title="bbox 2176 837 3759 911">
     <span class='ocr_line' id='line_1_22' title="bbox 2176 837 3759 911; baseline 0.001 -15"><span class='ocrx_word' id='word_1_149' title='bbox 2176 841 2429 903; x_wconf 88' lang='lat' dir='ltr'><strong>siccatur,</strong></span> <span class='ocrx_word' id='word_1_150' title='bbox 2458 841 2554 896; x_wconf 90' lang='lat' dir='ltr'><strong>scd</strong></span> <span class='ocrx_word' id='word_1_151' title='bbox 2581 840 2751 896; x_wconf 91' lang='lat' dir='ltr'><strong>semel</strong></span> <span class='ocrx_word' id='word_1_152' title='bbox 2781 839 3003 909; x_wconf 89' lang='lat' dir='ltr'><strong>impleto</strong></span> <span class='ocrx_word' id='word_1_153' title='bbox 3033 837 3230 894; x_wconf 82' lang='lat' dir='ltr'><strong>divinae</strong></span> <span class='ocrx_word' id='word_1_154' title='bbox 3265 840 3484 896; x_wconf 89' lang='lat' dir='ltr'><strong>virtutis</strong></span> <span class='ocrx_word' id='word_1_155' title='bbox 3511 842 3759 911; x_wconf 89' lang='lat' dir='ltr'><strong>imperio,</strong></span> 
     </span>
    </p>
   </div>
   <div class='ocr_carea' id='block_1_23' title="bbox 2177 929 3759 1000">
    <p class='ocr_par' dir='ltr' id='par_1_23' title="bbox 2177 929 3759 1000">
     <span class='ocr_line' id='line_1_23' title="bbox 2177 929 3759 1000; baseline 0.003 -17"><span class='ocrx_word' id='word_1_156' title='bbox 2177 939 2238 983; x_wconf 93' lang='lat' dir='ltr'><strong>ut</strong></span> <span class='ocrx_word' id='word_1_157' title='bbox 2284 929 2565 1000; x_wconf 89' lang='lat' dir='ltr'><strong>Scriptura</strong></span> <span class='ocrx_word' id='word_1_158' title='bbox 2617 937 2867 993; x_wconf 89' lang='lat' dir='ltr'><strong>testatur,</strong></span> <span class='ocrx_word' id='word_1_159' title='bbox 2904 929 3153 999; x_wconf 87' lang='lat' dir='ltr'><strong>protinus</strong></span> <span class='ocrx_word' id='word_1_160' title='bbox 3203 930 3271 984; x_wconf 90' lang='lat' dir='ltr'><strong>ad</strong></span> <span class='ocrx_word' id='word_1_161' title='bbox 3307 931 3545 1000; x_wconf 87' lang='lat' dir='ltr'><strong>priorem</strong></span> <span class='ocrx_word' id='word_1_162' title='bbox 3583 931 3759 987; x_wconf 92' lang='lat' dir='ltr'><strong>locum</strong></span> 
     </span>
    </p>
   </div>
   <div class='ocr_carea' id='block_1_24' title="bbox 2178 1021 3763 1090">
    <p class='ocr_par' dir='ltr' id='par_1_24' title="bbox 2178 1021 3763 1090">
     <span class='ocr_line' id='line_1_24' title="bbox 2178 1021 3763 1090; baseline 0.004 -16"><span class='ocrx_word' id='word_1_163' title='bbox 2178 1030 2410 1090; x_wconf 88' lang='lat' dir='ltr'><strong>utraque</strong></span> <span class='ocrx_word' id='word_1_164' title='bbox 2471 1021 2710 1076; x_wconf 90' lang='lat' dir='ltr'><strong>vicissim</strong></span> <span class='ocrx_word' id='word_1_165' title='bbox 2744 1021 2912 1075; x_wconf 88' lang='lat' dir='ltr'><strong>maris</strong></span> <span class='ocrx_word' id='word_1_166' title='bbox 2957 1021 3098 1074; x_wconf 90' lang='lat' dir='ltr'><strong>unda</strong></span> <span class='ocrx_word' id='word_1_167' title='bbox 3126 1021 3412 1088; x_wconf 87' lang='lat' dir='ltr'><strong>relabitur,</strong></span> <span class='ocrx_word' id='word_1_168' title='bbox 3436 1033 3491 1078; x_wconf 92' lang='lat' dir='ltr'><strong>ct</strong></span> <span class='ocrx_word' id='word_1_169' title='bbox 3524 1023 3763 1080; x_wconf 86' lang='lat' dir='ltr'><strong>ﬂuminis</strong></span> 
     </span>
    </p>
   </div>
   <div class='ocr_carea' id='block_1_25' title="bbox 2178 1109 3654 1184">
    <p class='ocr_par' dir='ltr' id='par_1_25' title="bbox 2178 1109 3654 1184">
     <span class='ocr_line' id='line_1_25' title="bbox 2178 1109 3654 1184; baseline -0.001 -16"><span class='ocrx_word' id='word_1_170' title='bbox 2178 1114 2260 1168; x_wconf 89' lang='lat' dir='ltr'><strong>sui</strong></span> <span class='ocrx_word' id='word_1_171' title='bbox 2293 1127 2486 1168; x_wconf 88' lang='lat' dir='ltr'><strong>cursus</strong></span> <span class='ocrx_word' id='word_1_172' title='bbox 2513 1112 2737 1167; x_wconf 89' lang='lat' dir='ltr'><strong>libertas</strong></span> <span class='ocrx_word' id='word_1_173' title='bbox 2778 1109 2934 1167; x_wconf 88' lang='lat' dir='ltr'><strong>solita</strong></span> <span class='ocrx_word' id='word_1_174' title='bbox 2968 1121 3255 1182; x_wconf 87' lang='lat' dir='ltr'><strong>reparatur</strong></span> <span class='ocrx_word' id='word_1_175' title='bbox 3281 1112 3476 1183; x_wconf 73' lang='lat' dir='ltr'><strong>(Exod.</strong></span> <span class='ocrx_word' id='word_1_176' title='bbox 3520 1113 3654 1184; x_wconf 80' lang='lat' dir='ltr'><strong>xw).</strong></span> 
     </span>
    </p>
   </div>
   <div class='ocr_carea' id='block_1_26' title="bbox 2253 1199 3763 1270">
    <p class='ocr_par' dir='ltr' id='par_1_26' title="bbox 2253 1199 3763 1270">
     <span class='ocr_line' id='line_1_26' title="bbox 2253 1199 3763 1270; baseline 0.004 -16"><span class='ocrx_word' id='word_1_177' title='bbox 2253 1201 2462 1256; x_wconf 86' lang='lat' dir='ltr'><strong>Eliseus</strong></span> <span class='ocrx_word' id='word_1_178' title='bbox 2494 1216 2617 1254; x_wconf 93' lang='lat' dir='ltr'><strong>cum</strong></span> <span class='ocrx_word' id='word_1_179' title='bbox 2665 1200 2778 1255; x_wconf 89' lang='lat' dir='ltr'><strong>Elia</strong></span> <span class='ocrx_word' id='word_1_180' title='bbox 2811 1216 2907 1270; x_wconf 88' lang='lat' dir='ltr'><strong>per</strong></span> <span class='ocrx_word' id='word_1_181' title='bbox 2945 1201 3149 1256; x_wconf 90' lang='lat' dir='ltr'><strong>siccum</strong></span> <span class='ocrx_word' id='word_1_182' title='bbox 3179 1199 3415 1256; x_wconf 91' lang='lat' dir='ltr'><strong>Jordane</strong></span> <span class='ocrx_word' id='word_1_183' title='bbox 3439 1205 3763 1260; x_wconf 89' lang='lat' dir='ltr'><strong>transmisso</strong></span> 
     </span>
    </p>
   </div>
   <div class='ocr_carea' id='block_1_27' title="bbox 2178 1290 3765 1361">
    <p class='ocr_par' dir='ltr' id='par_1_27' title="bbox 2178 1290 3765 1361">
     <span class='ocr_line' id='line_1_27' title="bbox 2178 1290 3765 1361; baseline 0.002 -14"><span class='ocrx_word' id='word_1_184' title='bbox 2178 1300 2304 1360; x_wconf 88' lang='lat' dir='ltr'><strong>post</strong></span> <span class='ocrx_word' id='word_1_185' title='bbox 2354 1290 2632 1361; x_wconf 90' lang='lat' dir='ltr'><strong>paululum</strong></span> <span class='ocrx_word' id='word_1_186' title='bbox 2686 1292 2867 1358; x_wconf 88' lang='lat' dir='ltr'><strong>rediit,</strong></span> <span class='ocrx_word' id='word_1_187' title='bbox 2909 1293 3004 1346; x_wconf 90' lang='lat' dir='ltr'><strong>sed</strong></span> <span class='ocrx_word' id='word_1_188' title='bbox 3042 1307 3256 1356; x_wconf 84' lang='lat' dir='ltr'><strong>rursus,</strong></span> <span class='ocrx_word' id='word_1_189' title='bbox 3282 1301 3339 1345; x_wconf 91' lang='lat' dir='ltr'><strong>ut</strong></span> <span class='ocrx_word' id='word_1_190' title='bbox 3363 1292 3595 1348; x_wconf 92' lang='lat' dir='ltr'><strong>liberum</strong></span> <span class='ocrx_word' id='word_1_191' title='bbox 3619 1295 3765 1350; x_wconf 90' lang='lat' dir='ltr'><strong>solus</strong></span> 
     </span>
    </p>
   </div>
   <div class='ocr_carea' id='block_1_28' title="bbox 2181 1383 3758 1456">
    <p class='ocr_par' dir='ltr' id='par_1_28' title="bbox 2181 1383 3758 1456">
     <span class='ocr_line' id='line_1_28' title="bbox 2181 1383 3758 1456; baseline 0.003 -20"><span class='ocrx_word' id='word_1_192' title='bbox 2181 1390 2487 1437; x_wconf 87' lang='lat' dir='ltr'><strong>mereretur</strong></span> <span class='ocrx_word' id='word_1_193' title='bbox 2511 1383 2844 1454; x_wconf 88' lang='lat' dir='ltr'><strong>ingressum,</strong></span> <span class='ocrx_word' id='word_1_194' title='bbox 2871 1383 3125 1453; x_wconf 91' lang='lat' dir='ltr'><strong>precibus</strong></span> <span class='ocrx_word' id='word_1_195' title='bbox 3149 1383 3464 1452; x_wconf 90' lang='lat' dir='ltr'><strong>impetravit</strong></span> <span class='ocrx_word' id='word_1_196' title='bbox 3495 1384 3605 1455; x_wconf 88' lang='lat' dir='ltr'><strong>(IV</strong></span> <span class='ocrx_word' id='word_1_197' title='bbox 3628 1385 3758 1456; x_wconf 86' lang='lat' dir='ltr'><strong>Reg.</strong></span> 
     </span>
    </p>
   </div>
   <div class='ocr_carea' id='block_1_29' title="bbox 2182 1472 3767 1543">
    <p class='ocr_par' dir='ltr' id='par_1_29' title="bbox 2182 1472 3767 1543">
     <span class='ocr_line' id='line_1_29' title="bbox 2182 1472 3767 1543; baseline 0.004 -18"><span class='ocrx_word' id='word_1_198' title='bbox 2182 1472 2265 1543; x_wconf 87' lang='grc' dir='ltr'><strong>ιι).</strong></span> <span class='ocrx_word' id='word_1_199' title='bbox 2297 1472 2534 1543; x_wconf 91' lang='lat' dir='ltr'><strong>Populus</strong></span> <span class='ocrx_word' id='word_1_200' title='bbox 2559 1473 2812 1542; x_wconf 82' lang='lat' dir='ltr'><strong>gradiens</strong></span> <span class='ocrx_word' id='word_1_201' title='bbox 2835 1487 2933 1542; x_wconf 89' lang='lat' dir='ltr'><strong>per</strong></span> <span class='ocrx_word' id='word_1_202' title='bbox 2967 1473 3242 1528; x_wconf 89' lang='lat' dir='ltr'><strong>desertum</strong></span> <span class='ocrx_word' id='word_1_203' title='bbox 3270 1474 3620 1542; x_wconf 89' lang='lat' dir='ltr'><strong>quaterdenis</strong></span> <span class='ocrx_word' id='word_1_204' title='bbox 3651 1475 3767 1531; x_wconf 85' lang='lat' dir='ltr'><strong>fere</strong></span> 
     </span>
    </p>
   </div>
   <div class='ocr_carea' id='block_1_30' title="bbox 2182 1563 3760 1629">
    <p class='ocr_par' dir='ltr' id='par_1_30' title="bbox 2182 1563 3760 1629">
     <span class='ocr_line' id='line_1_30' title="bbox 2182 1563 3760 1629; baseline 0.004 -15"><span class='ocrx_word' id='word_1_205' title='bbox 2182 1576 2450 1616; x_wconf 90' lang='lat' dir='ltr'><strong>annorum</strong></span> <span class='ocrx_word' id='word_1_206' title='bbox 2487 1563 2780 1619; x_wconf 90' lang='lat' dir='ltr'><strong>curriculis</strong></span> <span class='ocrx_word' id='word_1_207' title='bbox 2813 1563 3130 1619; x_wconf 78' lang='lat' dir='ltr'><strong>coelestibus</strong></span> <span class='ocrx_word' id='word_1_208' title='bbox 3182 1578 3314 1619; x_wconf 91' lang='lat' dir='ltr'><strong>usus</strong></span> <span class='ocrx_word' id='word_1_209' title='bbox 3346 1571 3430 1619; x_wconf 89' lang='lat' dir='ltr'><strong>est</strong></span> <span class='ocrx_word' id='word_1_210' title='bbox 3467 1563 3760 1629; x_wconf 88' lang='lat' dir='ltr'><strong>alimentis,</strong></span> 
     </span>
    </p>
   </div>
   <div class='ocr_carea' id='block_1_31' title="bbox 2181 1652 3766 1726">
    <p class='ocr_par' dir='ltr' id='par_1_31' title="bbox 2181 1652 3766 1726">
     <span class='ocr_line' id='line_1_31' title="bbox 2181 1652 3766 1726; baseline 0.002 -19"><span class='ocrx_word' id='word_1_211' title='bbox 2181 1652 2275 1707; x_wconf 88' lang='lat' dir='ltr'><strong>sed</strong></span> <span class='ocrx_word' id='word_1_212' title='bbox 2299 1662 2585 1722; x_wconf 84' lang='lat' dir='ltr'><strong>postquam</strong></span> <span class='ocrx_word' id='word_1_213' title='bbox 2613 1654 3040 1710; x_wconf 87' lang='lat' dir='ltr'><strong>Chananaeornm</strong></span> <span class='ocrx_word' id='word_1_214' title='bbox 3081 1654 3216 1709; x_wconf 85' lang='lat' dir='ltr'><strong>lines</strong></span> <span class='ocrx_word' id='word_1_215' title='bbox 3243 1655 3442 1726; x_wconf 88' lang='lat' dir='ltr'><strong>attigit,</strong></span> <span class='ocrx_word' id='word_1_216' title='bbox 3481 1663 3766 1725; x_wconf 88' lang='lat' dir='ltr'><strong>postquam</strong></span> 
     </span>
    </p>
   </div>
   <div class='ocr_carea' id='block_1_32' title="bbox 2183 1741 3767 1814">
    <p class='ocr_par' dir='ltr' id='par_1_32' title="bbox 2183 1741 3767 1814">
     <span class='ocr_line' id='line_1_32' title="bbox 2183 1741 3767 1814; baseline 0.003 -18"><span class='ocrx_word' id='word_1_217' title='bbox 2183 1741 2251 1796; x_wconf 82' lang='lat' dir='ltr'><strong>de</strong></span> <span class='ocrx_word' id='word_1_218' title='bbox 2280 1741 2525 1813; x_wconf 81' lang='lat' dir='ltr'><strong>frugibus</strong></span> <span class='ocrx_word' id='word_1_219' title='bbox 2551 1751 2709 1797; x_wconf 68' lang='lat' dir='ltr'><strong>terra:</strong></span> <span class='ocrx_word' id='word_1_220' title='bbox 2731 1743 2992 1814; x_wconf 83' lang='lat' dir='ltr'><strong>gustavit,</strong></span> <span class='ocrx_word' id='word_1_221' title='bbox 3017 1757 3144 1798; x_wconf 80' lang='lat' dir='ltr'><strong>mox</strong></span> <span class='ocrx_word' id='word_1_222' title='bbox 3173 1759 3374 1799; x_wconf 86' lang='lat' dir='ltr'><strong>manna</strong></span> <span class='ocrx_word' id='word_1_223' title='bbox 3401 1744 3618 1799; x_wconf 80' lang='lat' dir='ltr'><strong>defecit.</strong></span> <span class='ocrx_word' id='word_1_224' title='bbox 3651 1745 3767 1800; x_wconf 84' lang='lat' dir='ltr'><strong>Hoc</strong></span> 
     </span>
    </p>
   </div>
   <div class='ocr_carea' id='block_1_33' title="bbox 489 1830 3764 1928">
    <p class='ocr_par' dir='ltr' id='par_1_33' title="bbox 489 1830 3764 1928">
     <span class='ocr_line' id='line_1_33' title="bbox 489 1830 3764 1928; baseline -0.003 -31"><span class='ocrx_word' id='word_1_225' title='bbox 489 1872 612 1928; x_wconf 57' lang='lat' dir='ltr'><strong>qua,</strong></span> <span class='ocrx_word' id='word_1_226' title='bbox 652 1830 996 1926; x_wconf 54' lang='grc' dir='ltr'><strong>βοειηιοίιυηι</strong></span> <span class='ocrx_word' id='word_1_227' title='bbox 1027 1869 1124 1923; x_wconf 65' lang='grc' dir='ltr'><strong>ρον</strong></span> <span class='ocrx_word' id='word_1_228' title='bbox 1149 1853 1264 1908; x_wconf 67' lang='lat' dir='ltr'><strong>oris</strong></span> <span class='ocrx_word' id='word_1_229' title='bbox 1302 1849 1556 1922; x_wconf 70' lang='lat' dir='ltr'><strong>poculum</strong></span> <span class='ocrx_word' id='word_1_230' title='bbox 1586 1856 1642 1902; x_wconf 71' lang='grc' dir='ltr'><strong>ει</strong></span> <span class='ocrx_word' id='word_1_231' title='bbox 1669 1846 1791 1901; x_wconf 71' lang='lat' dir='ltr'><strong>aliis</strong></span> <span class='ocrx_word' id='word_1_232' title='bbox 1827 1843 2080 1913; x_wconf 65' lang='lat' dir='ltr'><strong>propina-</strong></span> <span class='ocrx_word' id='word_1_233' title='bbox 2111 1832 2157 1892; x_wconf 87' lang='lat' dir='ltr'><strong>B</strong></span> <span class='ocrx_word' id='word_1_234' title='bbox 2185 1837 2366 1928; x_wconf 66' lang='lat' dir='ltr'><strong>autem</strong></span> <span class='ocrx_word' id='word_1_235' title='bbox 2397 1830 2616 1928; x_wconf 74' lang='lat' dir='ltr'><strong>virtutis</strong></span> <span class='ocrx_word' id='word_1_236' title='bbox 2643 1831 2860 1902; x_wconf 88' lang='lat' dir='ltr'><strong>signum</strong></span> <span class='ocrx_word' id='word_1_237' title='bbox 2891 1832 2958 1887; x_wconf 91' lang='lat' dir='ltr'><strong>de</strong></span> <span class='ocrx_word' id='word_1_238' title='bbox 2983 1846 3091 1902; x_wconf 89' lang='lat' dir='ltr'><strong>quo</strong></span> <span class='ocrx_word' id='word_1_239' title='bbox 3119 1847 3264 1888; x_wconf 90' lang='lat' dir='ltr'><strong>nunc</strong></span> <span class='ocrx_word' id='word_1_240' title='bbox 3285 1832 3518 1904; x_wconf 77' lang='lat' dir='ltr'><strong>agimus,</strong></span> <span class='ocrx_word' id='word_1_241' title='bbox 3550 1841 3612 1888; x_wconf 94' lang='lat' dir='ltr'><strong>ut</strong></span> <span class='ocrx_word' id='word_1_242' title='bbox 3658 1848 3764 1888; x_wconf 91' lang='lat' dir='ltr'><strong>non</strong></span> 
     </span>
    </p>
   </div>
   <div class='ocr_carea' id='block_1_34' title="bbox 489 1931 2082 2012">
    <p class='ocr_par' dir='ltr' id='par_1_34' title="bbox 489 1931 2082 2012">
     <span class='ocr_line' id='line_1_34' title="bbox 489 1931 2082 2012; baseline -0.011 -11"><span class='ocrx_word' id='word_1_243' title='bbox 489 1948 591 2001; x_wconf 85' lang='lat' dir='ltr'><strong>vit.</strong></span> <span class='ocrx_word' id='word_1_244' title='bbox 638 1945 754 2000; x_wconf 91' lang='lat' dir='ltr'><strong>Huc</strong></span> <span class='ocrx_word' id='word_1_245' title='bbox 781 1944 995 1999; x_wconf 88' lang='lat' dir='ltr'><strong>accedit</strong></span> <span class='ocrx_word' id='word_1_246' title='bbox 1022 1941 1170 2012; x_wconf 80' lang='lat' dir='ltr'><strong>quia.</strong></span> <span class='ocrx_word' id='word_1_247' title='bbox 1203 1954 1328 1996; x_wconf 91' lang='lat' dir='ltr'><strong>cum</strong></span> <span class='ocrx_word' id='word_1_248' title='bbox 1374 1951 1432 1993; x_wconf 87' lang='lat' dir='ltr'><strong>se</strong></span> <span class='ocrx_word' id='word_1_249' title='bbox 1463 1936 1713 1992; x_wconf 86' lang='lat' dir='ltr'><strong>districta</strong></span> <span class='ocrx_word' id='word_1_250' title='bbox 1737 1931 1954 1988; x_wconf 89' lang='lat' dir='ltr'><strong>vivendi</strong></span> <span class='ocrx_word' id='word_1_251' title='bbox 1992 1944 2082 1984; x_wconf 88' lang='lat' dir='ltr'><strong>re-</strong></span> 
     </span>
    </p>
   </div>
   <div class='ocr_carea' id='block_1_35' title="bbox 491 2019 2086 2106">
    <p class='ocr_par' dir='ltr' id='par_1_35' title="bbox 491 2019 2086 2106">
     <span class='ocr_line' id='line_1_35' title="bbox 491 2019 2086 2106; baseline -0.01 -17"><span class='ocrx_word' id='word_1_252' title='bbox 491 2035 614 2106; x_wconf 87' lang='lat' dir='ltr'><strong>gula</strong></span> <span class='ocrx_word' id='word_1_253' title='bbox 643 2035 956 2106; x_wconf 86' lang='lat' dir='ltr'><strong>castigaret,</strong></span> <span class='ocrx_word' id='word_1_254' title='bbox 984 2046 1181 2101; x_wconf 92' lang='lat' dir='ltr'><strong>corpus</strong></span> <span class='ocrx_word' id='word_1_255' title='bbox 1203 2029 1318 2100; x_wconf 87' lang='lat' dir='ltr'><strong>jam</strong></span> <span class='ocrx_word' id='word_1_256' title='bbox 1346 2029 1414 2083; x_wconf 89' lang='lat' dir='ltr'><strong>ad</strong></span> <span class='ocrx_word' id='word_1_257' title='bbox 1440 2025 1760 2097; x_wconf 83' lang='lat' dir='ltr'><strong>martyrium</strong></span> <span class='ocrx_word' id='word_1_258' title='bbox 1799 2022 1902 2077; x_wconf 90' lang='lat' dir='ltr'><strong>sub</strong></span> <span class='ocrx_word' id='word_1_259' title='bbox 1932 2019 2086 2075; x_wconf 85' lang='lat' dir='ltr'><strong>labo-</strong></span> 
     </span>
    </p>
   </div>
   <div class='ocr_carea' id='block_1_36' title="bbox 492 2109 2086 2195">
    <p class='ocr_par' dir='ltr' id='par_1_36' title="bbox 492 2109 2086 2195">
     <span class='ocr_line' id='line_1_36' title="bbox 492 2109 2086 2195; baseline -0.011 -14"><span class='ocrx_word' id='word_1_260' title='bbox 492 2127 636 2181; x_wconf 86' lang='lat' dir='ltr'><strong>riosa</strong></span> <span class='ocrx_word' id='word_1_261' title='bbox 665 2125 848 2195; x_wconf 89' lang='lat' dir='ltr'><strong>quiete</strong></span> <span class='ocrx_word' id='word_1_262' title='bbox 878 2123 1169 2186; x_wconf 85' lang='lat' dir='ltr'><strong>formabat,</strong></span> <span class='ocrx_word' id='word_1_263' title='bbox 1191 2130 1266 2185; x_wconf 90' lang='lat' dir='ltr'><strong>et,</strong></span> <span class='ocrx_word' id='word_1_264' title='bbox 1296 2127 1356 2173; x_wconf 93' lang='lat' dir='ltr'><strong>ut</strong></span> <span class='ocrx_word' id='word_1_265' title='bbox 1384 2117 1520 2172; x_wconf 89' lang='lat' dir='ltr'><strong>mori</strong></span> <span class='ocrx_word' id='word_1_266' title='bbox 1557 2114 1770 2170; x_wconf 87' lang='lat' dir='ltr'><strong>tandem</strong></span> <span class='ocrx_word' id='word_1_267' title='bbox 1801 2125 1902 2182; x_wconf 91' lang='lat' dir='ltr'><strong>pro</strong></span> <span class='ocrx_word' id='word_1_268' title='bbox 1925 2109 2086 2164; x_wconf 73' lang='lat' dir='ltr'><strong>Chri-</strong></span> 
     </span>
    </p>
   </div>
   <div class='ocr_carea' id='block_1_37' title="bbox 492 2199 2082 2280">
    <p class='ocr_par' dir='ltr' id='par_1_37' title="bbox 492 2199 2082 2280">
     <span class='ocr_line' id='line_1_37' title="bbox 492 2199 2082 2280; baseline -0.012 -9"><span class='ocrx_word' id='word_1_269' title='bbox 492 2226 578 2271; x_wconf 86' lang='lat' dir='ltr'><strong>sto</strong></span> <span class='ocrx_word' id='word_1_270' title='bbox 604 2221 929 2278; x_wconf 79' lang='lat' dir='ltr'><strong>mereretur,</strong></span> <span class='ocrx_word' id='word_1_271' title='bbox 951 2201 1265 2280; x_wconf 84' lang='lat' dir='ltr'><strong>quotidiana</strong></span> <span class='ocrx_word' id='word_1_272' title='bbox 1281 2221 1340 2261; x_wconf 90' lang='lat' dir='ltr'><strong>se</strong></span> <span class='ocrx_word' id='word_1_273' title='bbox 1355 2203 1776 2260; x_wconf 81' lang='lat' dir='ltr'><strong>mortificatione</strong></span> <span class='ocrx_word' id='word_1_274' title='bbox 1791 2199 2082 2254; x_wconf 87' lang='lat' dir='ltr'><strong>mactabat.</strong></span> 
     </span>
    </p>
   </div>
   <div class='ocr_carea' id='block_1_38' title="bbox 496 2287 2081 2368">
    <p class='ocr_par' dir='ltr' id='par_1_38' title="bbox 496 2287 2081 2368">
     <span class='ocr_line' id='line_1_38' title="bbox 496 2287 2081 2368; baseline -0.011 -11"><span class='ocrx_word' id='word_1_275' title='bbox 496 2303 758 2357; x_wconf 89' lang='lat' dir='ltr'><strong>Sulcabat</strong></span> <span class='ocrx_word' id='word_1_276' title='bbox 800 2300 1036 2368; x_wconf 90' lang='lat' dir='ltr'><strong>denique</strong></span> <span class='ocrx_word' id='word_1_277' title='bbox 1082 2307 1283 2352; x_wconf 90' lang='lat' dir='ltr'><strong>terram</strong></span> <span class='ocrx_word' id='word_1_278' title='bbox 1329 2308 1487 2348; x_wconf 91' lang='lat' dir='ltr'><strong>suam</strong></span> <span class='ocrx_word' id='word_1_279' title='bbox 1516 2304 1737 2346; x_wconf 82' lang='lat' dir='ltr'><strong>vomere</strong></span> <span class='ocrx_word' id='word_1_280' title='bbox 1766 2287 2081 2357; x_wconf 80' lang='lat' dir='ltr'><strong>disciplinae,</strong></span> 
     </span>
    </p>
   </div>
   <div class='ocr_carea' id='block_1_39' title="bbox 495 2379 2084 2463">
    <p class='ocr_par' dir='ltr' id='par_1_39' title="bbox 495 2379 2084 2463">
     <span class='ocr_line' id='line_1_39' title="bbox 495 2379 2084 2463; baseline -0.012 -13"><span class='ocrx_word' id='word_1_281' title='bbox 495 2404 557 2449; x_wconf 91' lang='lat' dir='ltr'><strong>ut</strong></span> <span class='ocrx_word' id='word_1_282' title='bbox 581 2394 718 2449; x_wconf 89' lang='lat' dir='ltr'><strong>uber</strong></span> <span class='ocrx_word' id='word_1_283' title='bbox 741 2379 983 2463; x_wconf 72' lang='lat' dir='ltr'><strong>Segetum</strong></span> <span class='ocrx_word' id='word_1_284' title='bbox 998 2397 1294 2461; x_wconf 85' lang='lat' dir='ltr'><strong>proventus</strong></span> <span class='ocrx_word' id='word_1_285' title='bbox 1307 2394 1643 2455; x_wconf 87' lang='lat' dir='ltr'><strong>erumperet,</strong></span> <span class='ocrx_word' id='word_1_286' title='bbox 1655 2391 1716 2436; x_wconf 91' lang='lat' dir='ltr'><strong>ut</strong></span> <span class='ocrx_word' id='word_1_287' title='bbox 1738 2380 2084 2437; x_wconf 88' lang='lat' dir='ltr'><strong>illucescente</strong></span> 
     </span>
    </p>
   </div>
   <div class='ocr_carea' id='block_1_40' title="bbox 495 2469 2084 2552">
    <p class='ocr_par' dir='ltr' id='par_1_40' title="bbox 495 2469 2084 2552">
     <span class='ocr_line' id='line_1_40' title="bbox 495 2469 2084 2552; baseline -0.011 -12"><span class='ocrx_word' id='word_1_288' title='bbox 495 2483 736 2540; x_wconf 79' lang='lat' dir='ltr'><strong>caelestis</strong></span> <span class='ocrx_word' id='word_1_289' title='bbox 755 2481 946 2552; x_wconf 76' lang='lat' dir='ltr'><strong>gratiae</strong></span> <span class='ocrx_word' id='word_1_290' title='bbox 971 2479 1125 2534; x_wconf 89' lang='lat' dir='ltr'><strong>radio</strong></span> <span class='ocrx_word' id='word_1_291' title='bbox 1164 2475 1398 2532; x_wconf 90' lang='lat' dir='ltr'><strong>fertilius</strong></span> <span class='ocrx_word' id='word_1_292' title='bbox 1437 2472 1789 2546; x_wconf 90' lang='lat' dir='ltr'><strong>germinaret.</strong></span> <span class='ocrx_word' id='word_1_293' title='bbox 1838 2469 1972 2524; x_wconf 84' lang='lat' dir='ltr'><strong>Hinc</strong></span> <span class='ocrx_word' id='word_1_294' title='bbox 1999 2477 2084 2523; x_wconf 87' lang='lat' dir='ltr'><strong>est</strong></span> 
     </span>
    </p>
   </div>
   <div class='ocr_carea' id='block_1_41' title="bbox 496 2564 2084 2649">
    <p class='ocr_par' dir='ltr' id='par_1_41' title="bbox 496 2564 2084 2649">
     <span class='ocr_line' id='line_1_41' title="bbox 496 2564 2084 2649; baseline -0.01 -16"><span class='ocrx_word' id='word_1_295' title='bbox 496 2579 641 2649; x_wconf 90' lang='lat' dir='ltr'><strong>quod</strong></span> <span class='ocrx_word' id='word_1_296' title='bbox 678 2579 732 2632; x_wconf 88' lang='lat' dir='ltr'><strong>in</strong></span> <span class='ocrx_word' id='word_1_297' title='bbox 768 2576 955 2631; x_wconf 90' lang='lat' dir='ltr'><strong>mundi</strong></span> <span class='ocrx_word' id='word_1_298' title='bbox 981 2572 1280 2644; x_wconf 86' lang='lat' dir='ltr'><strong>primordio</strong></span> <span class='ocrx_word' id='word_1_299' title='bbox 1310 2579 1453 2627; x_wconf 89' lang='lat' dir='ltr'><strong>terra</strong></span> <span class='ocrx_word' id='word_1_300' title='bbox 1476 2568 1636 2623; x_wconf 91' lang='lat' dir='ltr'><strong>tertio</strong></span> <span class='ocrx_word' id='word_1_301' title='bbox 1667 2566 1754 2622; x_wconf 88' lang='lat' dir='ltr'><strong>die</strong></span> <span class='ocrx_word' id='word_1_302' title='bbox 1777 2564 2084 2636; x_wconf 86' lang='lat' dir='ltr'><strong>germinare</strong></span> 
     </span>
    </p>
   </div>
   <div class='ocr_carea' id='block_1_42' title="bbox 495 2649 2084 2737">
    <p class='ocr_par' dir='ltr' id='par_1_42' title="bbox 495 2649 2084 2737">
     <span class='ocr_line' id='line_1_42' title="bbox 495 2649 2084 2737; baseline -0.011 -16"><span class='ocrx_word' id='word_1_303' title='bbox 495 2666 826 2737; x_wconf 71' lang='lat' dir='ltr'><strong>praecipitur,</strong></span> <span class='ocrx_word' id='word_1_304' title='bbox 851 2671 1045 2734; x_wconf 90' lang='lat' dir='ltr'><strong>quarto</strong></span> <span class='ocrx_word' id='word_1_305' title='bbox 1059 2670 1241 2716; x_wconf 91' lang='lat' dir='ltr'><strong>autem</strong></span> <span class='ocrx_word' id='word_1_306' title='bbox 1261 2659 1392 2726; x_wconf 90' lang='lat' dir='ltr'><strong>sole,</strong></span> <span class='ocrx_word' id='word_1_307' title='bbox 1417 2657 1545 2711; x_wconf 91' lang='lat' dir='ltr'><strong>luna</strong></span> <span class='ocrx_word' id='word_1_308' title='bbox 1565 2654 1884 2722; x_wconf 64' lang='lat' dir='ltr'><strong>ueterisque</strong></span> <span class='ocrx_word' id='word_1_309' title='bbox 1897 2649 2084 2705; x_wconf 88' lang='lat' dir='ltr'><strong>sideri-</strong></span> 
     </span>
    </p>
   </div>
   <div class='ocr_carea' id='block_1_43' title="bbox 498 2745 2082 2827">
    <p class='ocr_par' dir='ltr' id='par_1_43' title="bbox 498 2745 2082 2827">
     <span class='ocr_line' id='line_1_43' title="bbox 498 2745 2082 2827; baseline -0.013 -15"><span class='ocrx_word' id='word_1_310' title='bbox 498 2759 600 2812; x_wconf 90' lang='lat' dir='ltr'><strong>bus</strong></span> <span class='ocrx_word' id='word_1_311' title='bbox 619 2756 777 2827; x_wconf 72' lang='grc'><strong>192</strong></span> <span class='ocrx_word' id='word_1_312' title='bbox 795 2754 1098 2808; x_wconf 88' lang='lat' dir='ltr'><strong>illustratur</strong></span> <span class='ocrx_word' id='word_1_313' title='bbox 1121 2750 1275 2822; x_wconf 84' lang='lat' dir='ltr'><strong>(Gen.</strong></span> <span class='ocrx_word' id='word_1_314' title='bbox 1292 2749 1332 2819; x_wconf 93' lang='grc' dir='ltr'><strong>ι)</strong></span> <span class='ocrx_word' id='word_1_315' title='bbox 1349 2765 1364 2815; x_wconf 91' lang='lat'><strong>;</strong></span> <span class='ocrx_word' id='word_1_316' title='bbox 1381 2747 1509 2818; x_wconf 88' lang='lat' dir='ltr'><strong>quia</strong></span> <span class='ocrx_word' id='word_1_317' title='bbox 1524 2745 1802 2808; x_wconf 90' lang='lat' dir='ltr'><strong>nimirum,</strong></span> <span class='ocrx_word' id='word_1_318' title='bbox 1827 2747 2082 2812; x_wconf 87' lang='lat' dir='ltr'><strong>percepto</strong></span> 
     </span>
    </p>
   </div>
   <div class='ocr_carea' id='block_1_44' title="bbox 501 2829 2084 2906">
    <p class='ocr_par' dir='ltr' id='par_1_44' title="bbox 501 2829 2084 2906">
     <span class='ocr_line' id='line_1_44' title="bbox 501 2829 2084 2906; baseline -0.014 -1"><span class='ocrx_word' id='word_1_319' title='bbox 501 2847 786 2905; x_wconf 88' lang='lat' dir='ltr'><strong>Trinitatis</strong></span> <span class='ocrx_word' id='word_1_320' title='bbox 808 2829 1014 2900; x_wconf 13' lang='lat' dir='ltr'><strong>deific‘ae</strong></span> <span class='ocrx_word' id='word_1_321' title='bbox 1041 2849 1407 2905; x_wconf 89' lang='lat' dir='ltr'><strong>sacramento,</strong></span> <span class='ocrx_word' id='word_1_322' title='bbox 1459 2837 1711 2906; x_wconf 90' lang='lat' dir='ltr'><strong>protinus</strong></span> <span class='ocrx_word' id='word_1_323' title='bbox 1741 2848 1774 2887; x_wconf 90' lang='lat' dir='ltr'><strong>a</strong></span> <span class='ocrx_word' id='word_1_324' title='bbox 1799 2832 1956 2887; x_wconf 90' lang='lat' dir='ltr'><strong>nobis</strong></span> <span class='ocrx_word' id='word_1_325' title='bbox 1986 2830 2084 2884; x_wconf 83' lang='lat' dir='ltr'><strong>bo-</strong></span> 
     </span>
    </p>
   </div>
   <div class='ocr_carea' id='block_1_45' title="bbox 502 2928 2085 3009">
    <p class='ocr_par' dir='ltr' id='par_1_45' title="bbox 502 2928 2085 3009">
     <span class='ocr_line' id='line_1_45' title="bbox 502 2928 2085 3009; baseline -0.015 -11"><span class='ocrx_word' id='word_1_326' title='bbox 502 2957 697 2998; x_wconf 91' lang='lat' dir='ltr'><strong>norum</strong></span> <span class='ocrx_word' id='word_1_327' title='bbox 726 2953 949 3009; x_wconf 90' lang='lat' dir='ltr'><strong>operum</strong></span> <span class='ocrx_word' id='word_1_328' title='bbox 1000 2934 1327 3006; x_wconf 90' lang='lat' dir='ltr'><strong>proferenda</strong></span> <span class='ocrx_word' id='word_1_329' title='bbox 1367 2938 1494 2986; x_wconf 93' lang='lat' dir='ltr'><strong>sunt</strong></span> <span class='ocrx_word' id='word_1_330' title='bbox 1516 2928 1782 3000; x_wconf 85' lang='lat' dir='ltr'><strong>germina,</strong></span> <span class='ocrx_word' id='word_1_331' title='bbox 1806 2934 1867 2978; x_wconf 90' lang='lat' dir='ltr'><strong>ut</strong></span> <span class='ocrx_word' id='word_1_332' title='bbox 1895 2935 2085 2977; x_wconf 76' lang='lat' dir='ltr'><strong>conse-</strong></span> 
     </span>
    </p>
   </div>
   <div class='ocr_carea' id='block_1_46' title="bbox 500 3013 2083 3109">
    <p class='ocr_par' dir='ltr' id='par_1_46' title="bbox 500 3013 2083 3109">
     <span class='ocr_line' id='line_1_46' title="bbox 500 3013 2083 3109; baseline -0.017 -17"><span class='ocrx_word' id='word_1_333' title='bbox 500 3044 733 3109; x_wconf 85' lang='lat' dir='ltr'><strong>quenter</strong></span> <span class='ocrx_word' id='word_1_334' title='bbox 755 3033 807 3086; x_wconf 93' lang='lat' dir='ltr'><strong>in</strong></span> <span class='ocrx_word' id='word_1_335' title='bbox 835 3045 935 3086; x_wconf 91' lang='lat' dir='ltr'><strong>nos</strong></span> <span class='ocrx_word' id='word_1_336' title='bbox 963 3028 1202 3085; x_wconf 78' lang='lat' dir='ltr'><strong>caelestis</strong></span> <span class='ocrx_word' id='word_1_337' title='bbox 1228 3024 1417 3097; x_wconf 80' lang='lat' dir='ltr'><strong>gratiae</strong></span> <span class='ocrx_word' id='word_1_338' title='bbox 1438 3022 1621 3076; x_wconf 88' lang='lat' dir='ltr'><strong>lumen</strong></span> <span class='ocrx_word' id='word_1_339' title='bbox 1641 3023 1910 3084; x_wconf 89' lang='lat' dir='ltr'><strong>erumpat.</strong></span> <span class='ocrx_word' id='word_1_340' title='bbox 1939 3013 2083 3068; x_wconf 87' lang='lat' dir='ltr'><strong>Con-</strong></span> 
     </span>
    </p>
   </div>
   <div class='ocr_carea' id='block_1_47' title="bbox 499 3105 2079 3192">
    <p class='ocr_par' dir='ltr' id='par_1_47' title="bbox 499 3105 2079 3192">
     <span class='ocr_line' id='line_1_47' title="bbox 499 3105 2079 3192; baseline -0.017 -7"><span class='ocrx_word' id='word_1_341' title='bbox 499 3105 783 3185; x_wconf 68' lang='lat' dir='ltr'><strong>venienter</strong></span> <span class='ocrx_word' id='word_1_342' title='bbox 809 3126 993 3192; x_wconf 87' lang='lat' dir='ltr'><strong>itaque</strong></span> <span class='ocrx_word' id='word_1_343' title='bbox 1036 3128 1246 3192; x_wconf 80' lang='lat' dir='ltr'><strong>martyr</strong></span> <span class='ocrx_word' id='word_1_344' title='bbox 1269 3117 1519 3189; x_wconf 88' lang='lat' dir='ltr'><strong>egregius</strong></span> <span class='ocrx_word' id='word_1_345' title='bbox 1555 3112 1705 3182; x_wconf 92' lang='lat' dir='ltr'><strong>prius</strong></span> <span class='ocrx_word' id='word_1_346' title='bbox 1726 3109 1873 3165; x_wconf 87' lang='lat' dir='ltr'><strong>velut</strong></span> <span class='ocrx_word' id='word_1_347' title='bbox 1893 3105 2079 3162; x_wconf 82' lang='lat' dir='ltr'><strong>excul-</strong></span> 
     </span>
    </p>
   </div>
   <div class='ocr_carea' id='block_1_48' title="bbox 504 3200 2085 3289">
    <p class='ocr_par' dir='ltr' id='par_1_48' title="bbox 504 3200 2085 3289">
     <span class='ocr_line' id='line_1_48' title="bbox 504 3200 2085 3289; baseline -0.016 -13"><span class='ocrx_word' id='word_1_348' title='bbox 504 3222 572 3276; x_wconf 88' lang='lat' dir='ltr'><strong>tis</strong></span> <span class='ocrx_word' id='word_1_349' title='bbox 593 3229 648 3276; x_wconf 91' lang='lat' dir='ltr'><strong>et</strong></span> <span class='ocrx_word' id='word_1_350' title='bbox 667 3215 992 3289; x_wconf 89' lang='lat' dir='ltr'><strong>persulcatis</strong></span> <span class='ocrx_word' id='word_1_351' title='bbox 1044 3212 1227 3267; x_wconf 90' lang='lat' dir='ltr'><strong>carnis</strong></span> <span class='ocrx_word' id='word_1_352' title='bbox 1273 3222 1383 3264; x_wconf 75' lang='lat' dir='ltr'><strong>sua:</strong></span> <span class='ocrx_word' id='word_1_353' title='bbox 1421 3202 1704 3260; x_wconf 89' lang='lat' dir='ltr'><strong>novalibus</strong></span> <span class='ocrx_word' id='word_1_354' title='bbox 1739 3200 1934 3254; x_wconf 89' lang='lat' dir='ltr'><strong>uberes</strong></span> <span class='ocrx_word' id='word_1_355' title='bbox 1959 3211 2085 3252; x_wconf 90' lang='lat' dir='ltr'><strong>san-</strong></span> 
     </span>
    </p>
   </div>
   <div class='ocr_carea' id='block_1_49' title="bbox 501 3291 2086 3379">
    <p class='ocr_par' dir='ltr' id='par_1_49' title="bbox 501 3291 2086 3379">
     <span class='ocr_line' id='line_1_49' title="bbox 501 3291 2086 3379; baseline -0.016 -13"><span class='ocrx_word' id='word_1_356' title='bbox 501 3319 605 3366; x_wconf 82' lang='lat' dir='ltr'><strong>ctae</strong></span> <span class='ocrx_word' id='word_1_357' title='bbox 640 3304 970 3379; x_wconf 87' lang='lat' dir='ltr'><strong>operationis</strong></span> <span class='ocrx_word' id='word_1_358' title='bbox 1003 3301 1212 3355; x_wconf 91' lang='lat' dir='ltr'><strong>fructus</strong></span> <span class='ocrx_word' id='word_1_359' title='bbox 1253 3295 1452 3359; x_wconf 88' lang='lat' dir='ltr'><strong>attulit,</strong></span> <span class='ocrx_word' id='word_1_360' title='bbox 1484 3291 1680 3348; x_wconf 90' lang='lat' dir='ltr'><strong>deinde</strong></span> <span class='ocrx_word' id='word_1_361' title='bbox 1711 3298 1966 3357; x_wconf 88' lang='lat' dir='ltr'><strong>tanquam</strong></span> <span class='ocrx_word' id='word_1_362' title='bbox 1993 3299 2086 3341; x_wconf 84' lang='lat' dir='ltr'><strong>co-</strong></span> 
     </span>
    </p>
   </div>
   <div class='ocr_carea' id='block_1_50' title="bbox 501 3380 2086 3463">
    <p class='ocr_par' dir='ltr' id='par_1_50' title="bbox 501 3380 2086 3463">
     <span class='ocr_line' id='line_1_50' title="bbox 501 3380 2086 3463; baseline -0.018 -6"><span class='ocrx_word' id='word_1_363' title='bbox 501 3415 694 3456; x_wconf 90' lang='lat' dir='ltr'><strong>ruscus</strong></span> <span class='ocrx_word' id='word_1_364' title='bbox 724 3395 964 3453; x_wconf 66' lang='lat' dir='ltr'><strong>caelestis</strong></span> <span class='ocrx_word' id='word_1_365' title='bbox 1002 3391 1190 3463; x_wconf 67' lang='lat' dir='ltr'><strong>gratiae</strong></span> <span class='ocrx_word' id='word_1_366' title='bbox 1221 3387 1410 3443; x_wconf 89' lang='lat' dir='ltr'><strong>radius</strong></span> <span class='ocrx_word' id='word_1_367' title='bbox 1452 3380 1835 3438; x_wconf 90' lang='lat' dir='ltr'><strong>miraculorum</strong></span> <span class='ocrx_word' id='word_1_368' title='bbox 1857 3391 1980 3433; x_wconf 90' lang='lat' dir='ltr'><strong>eum</strong></span> <span class='ocrx_word' id='word_1_369' title='bbox 2004 3383 2086 3430; x_wconf 85' lang='lat' dir='ltr'><strong>at-</strong></span> 
     </span>
    </p>
   </div>
   <div class='ocr_carea' id='block_1_51' title="bbox 500 3466 2084 3565">
    <p class='ocr_par' dir='ltr' id='par_1_51' title="bbox 500 3466 2084 3565">
     <span class='ocr_line' id='line_1_51' title="bbox 500 3466 2084 3565; baseline -0.02 -15"><span class='ocrx_word' id='word_1_370' title='bbox 500 3509 608 3565; x_wconf 88' lang='lat' dir='ltr'><strong>que</strong></span> <span class='ocrx_word' id='word_1_371' title='bbox 637 3493 914 3561; x_wconf 84' lang='lat' dir='ltr'><strong>signorum</strong></span> <span class='ocrx_word' id='word_1_372' title='bbox 961 3485 1184 3541; x_wconf 85' lang='lat' dir='ltr'><strong>claritas</strong></span> <span class='ocrx_word' id='word_1_373' title='bbox 1225 3478 1537 3534; x_wconf 85' lang='lat' dir='ltr'><strong>illustravit.</strong></span> <span class='ocrx_word' id='word_1_374' title='bbox 1571 3472 1724 3529; x_wconf 89' lang='lat' dir='ltr'><strong>Unde</strong></span> <span class='ocrx_word' id='word_1_375' title='bbox 1761 3470 1869 3524; x_wconf 92' lang='lat' dir='ltr'><strong>hoc</strong></span> <span class='ocrx_word' id='word_1_376' title='bbox 1889 3467 1966 3565; x_wconf 76' lang='lat' dir='ltr'><strong>illi</strong></span> <span class='ocrx_word' id='word_1_377' title='bbox 2002 3466 2084 3521; x_wconf 90' lang='lat' dir='ltr'><strong>di-</strong></span> 
     </span>
    </p>
   </div>
   <div class='ocr_carea' id='block_1_52' title="bbox 501 3556 2086 3651">
    <p class='ocr_par' dir='ltr' id='par_1_52' title="bbox 501 3556 2086 3651">
     <span class='ocr_line' id='line_1_52' title="bbox 501 3556 2086 3651; baseline -0.02 -10"><span class='ocrx_word' id='word_1_378' title='bbox 501 3556 714 3640; x_wconf 71' lang='lat' dir='ltr'><strong>vinitus</strong></span> <span class='ocrx_word' id='word_1_379' title='bbox 749 3586 1100 3651; x_wconf 88' lang='lat' dir='ltr'><strong>procuratum</strong></span> <span class='ocrx_word' id='word_1_380' title='bbox 1148 3578 1233 3626; x_wconf 91' lang='lat' dir='ltr'><strong>cst</strong></span> <span class='ocrx_word' id='word_1_381' title='bbox 1263 3577 1322 3622; x_wconf 92' lang='lat' dir='ltr'><strong>ut</strong></span> <span class='ocrx_word' id='word_1_382' title='bbox 1357 3582 1386 3620; x_wconf 92' lang='lat' dir='ltr'><strong>a</strong></span> <span class='ocrx_word' id='word_1_383' title='bbox 1415 3564 1620 3618; x_wconf 90' lang='lat' dir='ltr'><strong>lumine</strong></span> <span class='ocrx_word' id='word_1_384' title='bbox 1644 3560 1826 3614; x_wconf 88' lang='lat' dir='ltr'><strong>facere</strong></span> <span class='ocrx_word' id='word_1_385' title='bbox 1859 3556 2086 3611; x_wconf 89' lang='lat' dir='ltr'><strong>virtutes</strong></span> 
     </span>
    </p>
   </div>
   <div class='ocr_carea' id='block_1_53' title="bbox 503 3646 2084 3748">
    <p class='ocr_par' dir='ltr' id='par_1_53' title="bbox 503 3646 2084 3748">
     <span class='ocr_line' id='line_1_53' title="bbox 503 3646 2084 3748; baseline -0.022 -14"><span class='ocrx_word' id='word_1_386' title='bbox 503 3646 786 3748; x_wconf 77' lang='lat' dir='ltr'><strong>inciperet.</strong></span> <span class='ocrx_word' id='word_1_387' title='bbox 848 3669 958 3724; x_wconf 85' lang='lat' dir='ltr'><strong>Hoc</strong></span> <span class='ocrx_word' id='word_1_388' title='bbox 1008 3661 1277 3734; x_wconf 88' lang='lat' dir='ltr'><strong>siquidem</strong></span> <span class='ocrx_word' id='word_1_389' title='bbox 1323 3657 1556 3729; x_wconf 91' lang='lat' dir='ltr'><strong>primum</strong></span> <span class='ocrx_word' id='word_1_390' title='bbox 1587 3652 1733 3708; x_wconf 91' lang='lat' dir='ltr'><strong>illius</strong></span> <span class='ocrx_word' id='word_1_391' title='bbox 1760 3646 2084 3705; x_wconf 89' lang='lat' dir='ltr'><strong>miraculum</strong></span> 
     </span>
    </p>
   </div>
   <div class='ocr_carea' id='block_1_54' title="bbox 505 3739 2085 3841">
    <p class='ocr_par' dir='ltr' id='par_1_54' title="bbox 505 3739 2085 3841">
     <span class='ocr_line' id='line_1_54' title="bbox 505 3739 2085 3841; baseline -0.022 -15"><span class='ocrx_word' id='word_1_392' title='bbox 505 3739 857 3841; x_wconf 48' lang='lat' dir='ltr'><strong>quo-Sirena:</strong></span> <span class='ocrx_word' id='word_1_393' title='bbox 894 3760 1071 3816; x_wconf 82' lang='lat' dir='ltr'><strong>viduae</strong></span> <span class='ocrx_word' id='word_1_394' title='bbox 1119 3752 1314 3810; x_wconf 84' lang='lat' dir='ltr'><strong>frontis</strong></span> <span class='ocrx_word' id='word_1_395' title='bbox 1361 3747 1524 3804; x_wconf 91' lang='lat' dir='ltr'><strong>simul</strong></span> <span class='ocrx_word' id='word_1_396' title='bbox 1574 3754 1630 3801; x_wconf 91' lang='lat' dir='ltr'><strong>et</strong></span> <span class='ocrx_word' id='word_1_397' title='bbox 1682 3742 1864 3799; x_wconf 90' lang='lat' dir='ltr'><strong>cordis</strong></span> <span class='ocrx_word' id='word_1_398' title='bbox 1906 3739 2085 3794; x_wconf 88' lang='lat' dir='ltr'><strong>lumen</strong></span> 
     </span>
    </p>
   </div>
   <div class='ocr_carea' id='block_1_55' title="bbox 506 3829 2087 3930">
    <p class='ocr_par' dir='ltr' id='par_1_55' title="bbox 506 3829 2087 3930">
     <span class='ocr_line' id='line_1_55' title="bbox 506 3829 2087 3930; baseline -0.022 -15"><span class='ocrx_word' id='word_1_399' title='bbox 506 3829 740 3930; x_wconf 67' lang='lat' dir='ltr'><strong>aperuit,</strong></span> <span class='ocrx_word' id='word_1_400' title='bbox 794 3861 856 3909; x_wconf 92' lang='lat' dir='ltr'><strong>ut</strong></span> <span class='ocrx_word' id='word_1_401' title='bbox 894 3849 1151 3906; x_wconf 86' lang='lat' dir='ltr'><strong>nimirum</strong></span> <span class='ocrx_word' id='word_1_402' title='bbox 1174 3855 1229 3899; x_wconf 91' lang='lat' dir='ltr'><strong>et</strong></span> <span class='ocrx_word' id='word_1_403' title='bbox 1257 3842 1325 3897; x_wconf 90' lang='lat' dir='ltr'><strong>ab</strong></span> <span class='ocrx_word' id='word_1_404' title='bbox 1357 3838 1621 3894; x_wconf 88' lang='lat' dir='ltr'><strong>idolorum</strong></span> <span class='ocrx_word' id='word_1_405' title='bbox 1652 3847 1796 3889; x_wconf 68' lang='lat' dir='ltr'><strong>caeca</strong></span> <span class='ocrx_word' id='word_1_406' title='bbox 1821 3829 2087 3901; x_wconf 86' lang='lat' dir='ltr'><strong>supersti-</strong></span> 
     </span>
    </p>
   </div>
   <div class='ocr_carea' id='block_1_56' title="bbox 505 3923 2084 4006">
    <p class='ocr_par' dir='ltr' id='par_1_56' title="bbox 505 3923 2084 4006">
     <span class='ocr_line' id='line_1_56' title="bbox 505 3923 2084 4006; baseline -0.02 0"><span class='ocrx_word' id='word_1_407' title='bbox 505 3923 654 4006; x_wconf 67' lang='lat' dir='ltr'><strong>tione</strong></span> <span class='ocrx_word' id='word_1_408' title='bbox 686 3958 949 4003; x_wconf 89' lang='lat' dir='ltr'><strong>conversa</strong></span> <span class='ocrx_word' id='word_1_409' title='bbox 992 3948 1047 3996; x_wconf 86' lang='lat' dir='ltr'><strong>et</strong></span> <span class='ocrx_word' id='word_1_410' title='bbox 1075 3937 1181 3992; x_wconf 93' lang='lat' dir='ltr'><strong>luci</strong></span> <span class='ocrx_word' id='word_1_411' title='bbox 1211 3932 1454 4006; x_wconf 73' lang='lat' dir='ltr'><strong>pristina:</strong></span> <span class='ocrx_word' id='word_1_412' title='bbox 1487 3928 1757 3990; x_wconf 89' lang='lat' dir='ltr'><strong>restituta,</strong></span> <span class='ocrx_word' id='word_1_413' title='bbox 1798 3933 1856 3981; x_wconf 90' lang='lat' dir='ltr'><strong>et</strong></span> <span class='ocrx_word' id='word_1_414' title='bbox 1892 3923 2084 3988; x_wconf 89' lang='lat' dir='ltr'><strong>Deum,</strong></span> 
     </span>
    </p>
   </div>
   <div class='ocr_carea' id='block_1_57' title="bbox 507 4013 2086 4110">
    <p class='ocr_par' dir='ltr' id='par_1_57' title="bbox 507 4013 2086 4110">
     <span class='ocr_line' id='line_1_57' title="bbox 507 4013 2086 4110; baseline -0.019 -15"><span class='ocrx_word' id='word_1_415' title='bbox 507 4041 601 4110; x_wconf 91' lang='lat' dir='ltr'><strong>qui</strong></span> <span class='ocrx_word' id='word_1_416' title='bbox 639 4053 768 4094; x_wconf 86' lang='lat' dir='ltr'><strong>vere</strong></span> <span class='ocrx_word' id='word_1_417' title='bbox 803 4036 986 4090; x_wconf 89' lang='lat' dir='ltr'><strong>lumen</strong></span> <span class='ocrx_word' id='word_1_418' title='bbox 1015 4038 1119 4095; x_wconf 89' lang='lat' dir='ltr'><strong>est,</strong></span> <span class='ocrx_word' id='word_1_419' title='bbox 1153 4025 1378 4090; x_wconf 87' lang='lat' dir='ltr'><strong>coleret,</strong></span> <span class='ocrx_word' id='word_1_420' title='bbox 1409 4030 1464 4078; x_wconf 91' lang='lat' dir='ltr'><strong>et</strong></span> <span class='ocrx_word' id='word_1_421' title='bbox 1485 4018 1767 4076; x_wconf 89' lang='lat' dir='ltr'><strong>oculorum</strong></span> <span class='ocrx_word' id='word_1_422' title='bbox 1799 4013 2086 4084; x_wconf 87' lang='lat' dir='ltr'><strong>caliginem</strong></span> 
     </span>
    </p>
   </div>
   <div class='ocr_carea' id='block_1_58' title="bbox 509 4117 1269 4191">
    <p class='ocr_par' dir='ltr' id='par_1_58' title="bbox 509 4117 1269 4191">
     <span class='ocr_line' id='line_1_58' title="bbox 509 4117 1269 4191; baseline -0.02 -7"><span class='ocrx_word' id='word_1_423' title='bbox 509 4132 576 4185; x_wconf 84' lang='lat' dir='ltr'><strong>de</strong></span> <span class='ocrx_word' id='word_1_424' title='bbox 599 4135 795 4182; x_wconf 88' lang='lat' dir='ltr'><strong>caetero</strong></span> <span class='ocrx_word' id='word_1_425' title='bbox 821 4139 928 4179; x_wconf 92' lang='lat' dir='ltr'><strong>non</strong></span> <span class='ocrx_word' id='word_1_426' title='bbox 967 4117 1269 4191; x_wconf 81' lang='lat' dir='ltr'><strong>praeferret.</strong></span> 
     </span>
    </p>
   </div>
   <div class='ocr_carea' id='block_1_59' title="bbox 577 4193 2088 4280">
    <p class='ocr_par' dir='ltr' id='par_1_59' title="bbox 577 4193 2088 4280">
     <span class='ocr_line' id='line_1_59' title="bbox 577 4193 2088 4280; baseline -0.018 -8"><span class='ocrx_word' id='word_1_427' title='bbox 577 4218 744 4272; x_wconf 89' lang='lat' dir='ltr'><strong>Plane</strong></span> <span class='ocrx_word' id='word_1_428' title='bbox 781 4229 902 4269; x_wconf 91' lang='lat' dir='ltr'><strong>cum</strong></span> <span class='ocrx_word' id='word_1_429' title='bbox 953 4211 1111 4280; x_wconf 87' lang='lat' dir='ltr'><strong>plura</strong></span> <span class='ocrx_word' id='word_1_430' title='bbox 1149 4207 1433 4261; x_wconf 90' lang='lat' dir='ltr'><strong>videamus</strong></span> <span class='ocrx_word' id='word_1_431' title='bbox 1479 4198 1726 4271; x_wconf 88' lang='lat' dir='ltr'><strong>apicibus</strong></span> <span class='ocrx_word' id='word_1_432' title='bbox 1767 4193 1967 4250; x_wconf 86' lang='lat' dir='ltr'><strong>tradita</strong></span> <span class='ocrx_word' id='word_1_433' title='bbox 1992 4206 2088 4262; x_wconf 89' lang='lat' dir='ltr'><strong>per</strong></span> 
     </span>
    </p>
   </div>
   <div class='ocr_carea' id='block_1_60' title="bbox 509 4289 2084 4368">
    <p class='ocr_par' dir='ltr' id='par_1_60' title="bbox 509 4289 2084 4368">
     <span class='ocr_line' id='line_1_60' title="bbox 509 4289 2084 4368; baseline -0.018 -5"><span class='ocrx_word' id='word_1_434' title='bbox 509 4322 635 4365; x_wconf 84' lang='lat' dir='ltr'><strong>eum</strong></span> <span class='ocrx_word' id='word_1_435' title='bbox 669 4303 813 4357; x_wconf 85' lang='lat' dir='ltr'><strong>facta</strong></span> <span class='ocrx_word' id='word_1_436' title='bbox 835 4298 1095 4368; x_wconf 86' lang='lat' dir='ltr'><strong>stupenda</strong></span> <span class='ocrx_word' id='word_1_437' title='bbox 1122 4292 1404 4356; x_wconf 88' lang='lat' dir='ltr'><strong>miracula,</strong></span> <span class='ocrx_word' id='word_1_438' title='bbox 1431 4289 1561 4344; x_wconf 92' lang='lat' dir='ltr'><strong>illud</strong></span> <span class='ocrx_word' id='word_1_439' title='bbox 1582 4301 1753 4341; x_wconf 91' lang='lat' dir='ltr'><strong>unum</strong></span> <span class='ocrx_word' id='word_1_440' title='bbox 1780 4293 1962 4339; x_wconf 90' lang='lat' dir='ltr'><strong>tacere</strong></span> <span class='ocrx_word' id='word_1_441' title='bbox 1979 4297 2084 4337; x_wconf 93' lang='lat' dir='ltr'><strong>non</strong></span> 
     </span>
    </p>
   </div>
   <div class='ocr_carea' id='block_1_61' title="bbox 510 4371 2091 4470">
    <p class='ocr_par' dir='ltr' id='par_1_61' title="bbox 510 4371 2091 4470">
     <span class='ocr_line' id='line_1_61' title="bbox 510 4371 2091 4470; baseline -0.018 -17"><span class='ocrx_word' id='word_1_442' title='bbox 510 4406 822 4470; x_wconf 85' lang='lat' dir='ltr'><strong>possumus,</strong></span> <span class='ocrx_word' id='word_1_443' title='bbox 861 4388 1005 4460; x_wconf 89' lang='lat' dir='ltr'><strong>quod</strong></span> <span class='ocrx_word' id='word_1_444' title='bbox 1031 4383 1202 4442; x_wconf 90' lang='lat' dir='ltr'><strong>oculis</strong></span> <span class='ocrx_word' id='word_1_445' title='bbox 1227 4379 1470 4452; x_wconf 89' lang='lat' dir='ltr'><strong>quotidie</strong></span> <span class='ocrx_word' id='word_1_446' title='bbox 1508 4375 1802 4438; x_wconf 86' lang='lat' dir='ltr'><strong>cernimus,</strong></span> <span class='ocrx_word' id='word_1_447' title='bbox 1839 4371 2091 4430; x_wconf 86' lang='lat' dir='ltr'><strong>manibus</strong></span> 
     </span>
    </p>
   </div>
   <div class='ocr_carea' id='block_1_62' title="bbox 511 4465 2090 4548">
    <p class='ocr_par' dir='ltr' id='par_1_62' title="bbox 511 4465 2090 4548">
     <span class='ocr_line' id='line_1_62' title="bbox 511 4465 2090 4548; baseline -0.016 -3"><span class='ocrx_word' id='word_1_448' title='bbox 511 4465 937 4548; x_wconf 71' lang='lat' dir='ltr'><strong>contrectamus,</strong></span> <span class='ocrx_word' id='word_1_449' title='bbox 957 4489 1015 4535; x_wconf 90' lang='lat' dir='ltr'><strong>et</strong></span> <span class='ocrx_word' id='word_1_450' title='bbox 1038 4477 1118 4534; x_wconf 91' lang='lat' dir='ltr'><strong>sic</strong></span> <span class='ocrx_word' id='word_1_451' title='bbox 1138 4489 1338 4530; x_wconf 91' lang='lat' dir='ltr'><strong>novum</strong></span> <span class='ocrx_word' id='word_1_452' title='bbox 1360 4485 1576 4542; x_wconf 88' lang='lat' dir='ltr'><strong>semper</strong></span> <span class='ocrx_word' id='word_1_453' title='bbox 1593 4467 1870 4526; x_wconf 87' lang='lat' dir='ltr'><strong>obtutibus</strong></span> <span class='ocrx_word' id='word_1_454' title='bbox 1890 4465 2090 4522; x_wconf 91' lang='lat' dir='ltr'><strong>nostris</strong></span> 
     </span>
    </p>
   </div>
   <div class='ocr_carea' id='block_1_63' title="bbox 509 4556 2091 4652">
    <p class='ocr_par' dir='ltr' id='par_1_63' title="bbox 509 4556 2091 4652">
     <span class='ocr_line' id='line_1_63' title="bbox 509 4556 2091 4652; baseline -0.017 -14"><span class='ocrx_word' id='word_1_455' title='bbox 509 4580 784 4652; x_wconf 85' lang='lat' dir='ltr'><strong>objicitur,</strong></span> <span class='ocrx_word' id='word_1_456' title='bbox 828 4583 1084 4643; x_wconf 69' lang='lat' dir='ltr'><strong>tamquam</strong></span> <span class='ocrx_word' id='word_1_457' title='bbox 1116 4582 1226 4623; x_wconf 89' lang='lat' dir='ltr'><strong>non</strong></span> <span class='ocrx_word' id='word_1_458' title='bbox 1253 4565 1384 4622; x_wconf 92' lang='lat' dir='ltr'><strong>olim</strong></span> <span class='ocrx_word' id='word_1_459' title='bbox 1409 4563 1635 4628; x_wconf 86' lang='lat' dir='ltr'><strong>factum,</strong></span> <span class='ocrx_word' id='word_1_460' title='bbox 1666 4561 1762 4616; x_wconf 91' lang='lat' dir='ltr'><strong>sed</strong></span> <span class='ocrx_word' id='word_1_461' title='bbox 1786 4559 1945 4615; x_wconf 90' lang='lat' dir='ltr'><strong>modo</strong></span> <span class='ocrx_word' id='word_1_462' title='bbox 1973 4556 2091 4612; x_wconf 86' lang='lat' dir='ltr'><strong>ﬁeri</strong></span> 
     </span>
    </p>
   </div>
   <div class='ocr_carea' id='block_1_64' title="bbox 508 4648 2090 4729">
    <p class='ocr_par' dir='ltr' id='par_1_64' title="bbox 508 4648 2090 4729">
     <span class='ocr_line' id='line_1_64' title="bbox 508 4648 2090 4729; baseline -0.016 0"><span class='ocrx_word' id='word_1_463' title='bbox 508 4648 778 4729; x_wconf 83' lang='lat' dir='ltr'><strong>videatur.</strong></span> <span class='ocrx_word' id='word_1_464' title='bbox 825 4665 1025 4722; x_wconf 84' lang='lat' dir='ltr'><strong>Calicis</strong></span> <span class='ocrx_word' id='word_1_465' title='bbox 1077 4673 1273 4729; x_wconf 90' lang='lat' dir='ltr'><strong>nempe</strong></span> <span class='ocrx_word' id='word_1_466' title='bbox 1330 4657 1396 4713; x_wconf 90' lang='lat' dir='ltr'><strong>de</strong></span> <span class='ocrx_word' id='word_1_467' title='bbox 1438 4654 1641 4710; x_wconf 69' lang='lat' dir='ltr'><strong>Levita:</strong></span> <span class='ocrx_word' id='word_1_468' title='bbox 1678 4649 1928 4706; x_wconf 90' lang='lat' dir='ltr'><strong>manibus</strong></span> <span class='ocrx_word' id='word_1_469' title='bbox 1953 4648 2090 4718; x_wconf 88' lang='lat' dir='ltr'><strong>lapsi</strong></span> 
     </span>
    </p>
   </div>
   <div class='ocr_carea' id='block_1_65' title="bbox 512 4739 2091 4834">
    <p class='ocr_par' dir='ltr' id='par_1_65' title="bbox 512 4739 2091 4834">
     <span class='ocr_line' id='line_1_65' title="bbox 512 4739 2091 4834; baseline -0.016 -16"><span class='ocrx_word' id='word_1_470' title='bbox 512 4759 829 4834; x_wconf 87' lang='lat' dir='ltr'><strong>particulam</strong></span> <span class='ocrx_word' id='word_1_471' title='bbox 861 4752 1228 4811; x_wconf 87' lang='lat' dir='ltr'><strong>clandestinus</strong></span> <span class='ocrx_word' id='word_1_472' title='bbox 1258 4746 1432 4804; x_wconf 90' lang='lat' dir='ltr'><strong>hostis</strong></span> <span class='ocrx_word' id='word_1_473' title='bbox 1460 4743 1654 4801; x_wconf 89' lang='lat' dir='ltr'><strong>callida</strong></span> <span class='ocrx_word' id='word_1_474' title='bbox 1688 4739 2091 4796; x_wconf 86' lang='lat' dir='ltr'><strong>machinatione</strong></span> 
     </span>
    </p>
   </div>
   <div class='ocr_carea' id='block_1_66' title="bbox 512 4830 2091 4920">
    <p class='ocr_par' dir='ltr' id='par_1_66' title="bbox 512 4830 2091 4920">
     <span class='ocr_line' id='line_1_66' title="bbox 512 4830 2091 4920; baseline -0.016 -11"><span class='ocrx_word' id='word_1_475' title='bbox 512 4830 801 4920; x_wconf 71' lang='lat' dir='ltr'><strong>subripuit,</strong></span> <span class='ocrx_word' id='word_1_476' title='bbox 840 4855 896 4903; x_wconf 91' lang='lat' dir='ltr'><strong>et</strong></span> <span class='ocrx_word' id='word_1_477' title='bbox 928 4858 1100 4915; x_wconf 86' lang='lat' dir='ltr'><strong>usque</strong></span> <span class='ocrx_word' id='word_1_478' title='bbox 1136 4841 1294 4896; x_wconf 87' lang='lat' dir='ltr'><strong>hodie</strong></span> <span class='ocrx_word' id='word_1_479' title='bbox 1347 4839 1402 4893; x_wconf 91' lang='lat' dir='ltr'><strong>in</strong></span> <span class='ocrx_word' id='word_1_480' title='bbox 1437 4834 1708 4892; x_wconf 87' lang='lat' dir='ltr'><strong>thesauris</strong></span> <span class='ocrx_word' id='word_1_481' title='bbox 1736 4847 1847 4888; x_wconf 87' lang='lat' dir='ltr'><strong>suae</strong></span> <span class='ocrx_word' id='word_1_482' title='bbox 1874 4830 2091 4886; x_wconf 64' lang='lat' dir='ltr'><strong>malitiae</strong></span> 
     </span>
    </p>
   </div>
   <div class='ocr_carea' id='block_1_67' title="bbox 514 4921 2087 5002">
    <p class='ocr_par' dir='ltr' id='par_1_67' title="bbox 514 4921 2087 5002">
     <span class='ocr_line' id='line_1_67' title="bbox 514 4921 2087 5002; baseline -0.018 -1"><span class='ocrx_word' id='word_1_483' title='bbox 514 4946 582 5001; x_wconf 89' lang='lat' dir='ltr'><strong>ad</strong></span> <span class='ocrx_word' id='word_1_484' title='bbox 629 4943 916 5000; x_wconf 88' lang='lat' dir='ltr'><strong>clariorem</strong></span> <span class='ocrx_word' id='word_1_485' title='bbox 974 4934 1187 4992; x_wconf 88' lang='lat' dir='ltr'><strong>Domini</strong></span> <span class='ocrx_word' id='word_1_486' title='bbox 1218 4931 1445 5002; x_wconf 89' lang='lat' dir='ltr'><strong>gloriam</strong></span> <span class='ocrx_word' id='word_1_487' title='bbox 1493 4924 1750 4982; x_wconf 91' lang='lat' dir='ltr'><strong>subdolus</strong></span> <span class='ocrx_word' id='word_1_488' title='bbox 1776 4921 2087 4979; x_wconf 88' lang='lat' dir='ltr'><strong>occultavit.</strong></span> 
     </span>
    </p>
   </div>
   <div class='ocr_carea' id='block_1_68' title="bbox 513 5015 2086 5094">
    <p class='ocr_par' dir='ltr' id='par_1_68' title="bbox 513 5015 2086 5094">
     <span class='ocr_line' id='line_1_68' title="bbox 513 5015 2086 5094; baseline -0.019 1"><span class='ocrx_word' id='word_1_489' title='bbox 513 5040 686 5094; x_wconf 87' lang='lat' dir='ltr'><strong>Porro</strong></span> <span class='ocrx_word' id='word_1_490' title='bbox 710 5049 834 5089; x_wconf 89' lang='lat' dir='ltr'><strong>cum</strong></span> <span class='ocrx_word' id='word_1_491' title='bbox 855 5031 1100 5086; x_wconf 88' lang='lat' dir='ltr'><strong>videatur</strong></span> <span class='ocrx_word' id='word_1_492' title='bbox 1129 5025 1296 5081; x_wconf 91' lang='lat' dir='ltr'><strong>fundo</strong></span> <span class='ocrx_word' id='word_1_493' title='bbox 1317 5022 1502 5079; x_wconf 89' lang='lat' dir='ltr'><strong>calicis</strong></span> <span class='ocrx_word' id='word_1_494' title='bbox 1532 5027 1742 5074; x_wconf 90' lang='lat' dir='ltr'><strong>atomus</strong></span> <span class='ocrx_word' id='word_1_495' title='bbox 1772 5015 1860 5070; x_wconf 91' lang='lat' dir='ltr'><strong>ille</strong></span> <span class='ocrx_word' id='word_1_496' title='bbox 1879 5016 2086 5078; x_wconf 87' lang='lat' dir='ltr'><strong>deesse,</strong></span> 
     </span>
    </p>
   </div>
   <div class='ocr_carea' id='block_1_69' title="bbox 514 5104 2092 5191">
    <p class='ocr_par' dir='ltr' id='par_1_69' title="bbox 514 5104 2092 5191">
     <span class='ocr_line' id='line_1_69' title="bbox 514 5104 2092 5191; baseline -0.018 -7"><span class='ocrx_word' id='word_1_497' title='bbox 514 5130 697 5184; x_wconf 89' lang='lat' dir='ltr'><strong>divina</strong></span> <span class='ocrx_word' id='word_1_498' title='bbox 736 5135 950 5191; x_wconf 86' lang='lat' dir='ltr'><strong>semper</strong></span> <span class='ocrx_word' id='word_1_499' title='bbox 977 5120 1275 5174; x_wconf 88' lang='lat' dir='ltr'><strong>obsistente</strong></span> <span class='ocrx_word' id='word_1_500' title='bbox 1297 5115 1520 5177; x_wconf 80' lang='lat' dir='ltr'><strong>virtute,</strong></span> <span class='ocrx_word' id='word_1_501' title='bbox 1545 5108 1744 5165; x_wconf 89' lang='lat' dir='ltr'><strong>nullius</strong></span> <span class='ocrx_word' id='word_1_502' title='bbox 1775 5107 1896 5160; x_wconf 90' lang='lat' dir='ltr'><strong>inde</strong></span> <span class='ocrx_word' id='word_1_503' title='bbox 1917 5104 2092 5173; x_wconf 88' lang='lat' dir='ltr'><strong>liquo-</strong></span> 
     </span>
    </p>
   </div>
   <div class='ocr_carea' id='block_1_70' title="bbox 514 5193 2092 5278">
    <p class='ocr_par' dir='ltr' id='par_1_70' title="bbox 514 5193 2092 5278">
     <span class='ocr_line' id='line_1_70' title="bbox 514 5193 2092 5278; baseline -0.02 -3"><span class='ocrx_word' id='word_1_504' title='bbox 514 5221 592 5275; x_wconf 83' lang='lat' dir='ltr'><strong>ris</strong></span> <span class='ocrx_word' id='word_1_505' title='bbox 642 5216 726 5272; x_wconf 90' lang='lat' dir='ltr'><strong>vel</strong></span> <span class='ocrx_word' id='word_1_506' title='bbox 776 5211 954 5268; x_wconf 89' lang='lat' dir='ltr'><strong>tenuis</strong></span> <span class='ocrx_word' id='word_1_507' title='bbox 1011 5207 1229 5278; x_wconf 87' lang='lat' dir='ltr'><strong>quidem</strong></span> <span class='ocrx_word' id='word_1_508' title='bbox 1276 5205 1418 5258; x_wconf 86' lang='lat' dir='ltr'><strong>valet</strong></span> <span class='ocrx_word' id='word_1_509' title='bbox 1474 5200 1616 5258; x_wconf 91' lang='lat' dir='ltr'><strong>stilla</strong></span> <span class='ocrx_word' id='word_1_510' title='bbox 1647 5196 1929 5269; x_wconf 76' lang='lat' dir='ltr'><strong>perfluere.</strong></span> <span class='ocrx_word' id='word_1_511' title='bbox 1972 5193 2092 5246; x_wconf 81' lang='lat' dir='ltr'><strong>Mox</strong></span> 
     </span>
    </p>
   </div>
   <div class='ocr_carea' id='block_1_71' title="bbox 516 5287 2092 5365">
    <p class='ocr_par' dir='ltr' id='par_1_71' title="bbox 516 5287 2092 5365">
     <span class='ocr_line' id='line_1_71' title="bbox 516 5287 2092 5365; baseline -0.018 0"><span class='ocrx_word' id='word_1_512' title='bbox 516 5311 660 5364; x_wconf 85' lang='lat' dir='ltr'><strong>enim</strong></span> <span class='ocrx_word' id='word_1_513' title='bbox 690 5317 749 5362; x_wconf 90' lang='lat' dir='ltr'><strong>ut</strong></span> <span class='ocrx_word' id='word_1_514' title='bbox 778 5307 833 5361; x_wconf 85' lang='lat' dir='ltr'><strong>in</strong></span> <span class='ocrx_word' id='word_1_515' title='bbox 869 5311 1118 5359; x_wconf 88' lang='lat' dir='ltr'><strong>sanctum</strong></span> <span class='ocrx_word' id='word_1_516' title='bbox 1147 5311 1241 5351; x_wconf 89' lang='lat' dir='ltr'><strong>vas</strong></span> <span class='ocrx_word' id='word_1_517' title='bbox 1278 5295 1530 5365; x_wconf 77' lang='lat' dir='ltr'><strong>quaelibet</strong></span> <span class='ocrx_word' id='word_1_518' title='bbox 1560 5292 1702 5346; x_wconf 92' lang='lat' dir='ltr'><strong>unda</strong></span> <span class='ocrx_word' id='word_1_519' title='bbox 1729 5287 2009 5348; x_wconf 85' lang='lat' dir='ltr'><strong>dilabitur,</strong></span> <span class='ocrx_word' id='word_1_520' title='bbox 2039 5290 2092 5337; x_wconf 91' lang='lat' dir='ltr'><strong>et</strong></span> 
     </span>
    </p>
   </div>
   <div class='ocr_carea' id='block_1_72' title="bbox 517 5379 2094 5465">
    <p class='ocr_par' dir='ltr' id='par_1_72' title="bbox 517 5379 2094 5465">
     <span class='ocr_line' id='line_1_72' title="bbox 517 5379 2094 5465; baseline -0.018 -9"><span class='ocrx_word' id='word_1_521' title='bbox 517 5403 660 5456; x_wconf 87' lang='lat' dir='ltr'><strong>unda</strong></span> <span class='ocrx_word' id='word_1_522' title='bbox 707 5409 812 5465; x_wconf 91' lang='lat' dir='ltr'><strong>est,</strong></span> <span class='ocrx_word' id='word_1_523' title='bbox 864 5405 924 5451; x_wconf 92' lang='lat' dir='ltr'><strong>ut</strong></span> <span class='ocrx_word' id='word_1_524' title='bbox 953 5409 1012 5450; x_wconf 90' lang='lat' dir='ltr'><strong>se</strong></span> <span class='ocrx_word' id='word_1_525' title='bbox 1057 5387 1369 5462; x_wconf 84' lang='lat' dir='ltr'><strong>potantibus</strong></span> <span class='ocrx_word' id='word_1_526' title='bbox 1402 5383 1723 5440; x_wconf 88' lang='lat' dir='ltr'><strong>hausihilem</strong></span> <span class='ocrx_word' id='word_1_527' title='bbox 1751 5379 2008 5450; x_wconf 86' lang='lat' dir='ltr'><strong>praebeat,</strong></span> <span class='ocrx_word' id='word_1_528' title='bbox 2037 5383 2094 5429; x_wconf 90' lang='lat' dir='ltr'><strong>et</strong></span> 
     </span>
    </p>
   </div>
   <div class='ocr_carea' id='block_1_73' title="bbox 517 5469 2098 5558">
    <p class='ocr_par' dir='ltr' id='par_1_73' title="bbox 517 5469 2098 5558">
     <span class='ocr_line' id='line_1_73' title="bbox 517 5469 2098 5558; baseline -0.016 -14"><span class='ocrx_word' id='word_1_529' title='bbox 517 5486 916 5558; x_wconf 87' lang='lat' dir='ltr'><strong>quodammodo</strong></span> <span class='ocrx_word' id='word_1_530' title='bbox 944 5483 1083 5539; x_wconf 89' lang='lat' dir='ltr'><strong>unda</strong></span> <span class='ocrx_word' id='word_1_531' title='bbox 1111 5493 1217 5534; x_wconf 88' lang='lat' dir='ltr'><strong>non</strong></span> <span class='ocrx_word' id='word_1_532' title='bbox 1247 5484 1352 5539; x_wconf 90' lang='lat' dir='ltr'><strong>est,</strong></span> <span class='ocrx_word' id='word_1_533' title='bbox 1383 5483 1796 5541; x_wconf 82' lang='lat' dir='ltr'><strong>utnequaquam</strong></span> <span class='ocrx_word' id='word_1_534' title='bbox 1826 5469 1975 5522; x_wconf 88' lang='lat' dir='ltr'><strong>hiatu</strong></span> <span class='ocrx_word' id='word_1_535' title='bbox 2004 5480 2098 5520; x_wconf 89' lang='lat' dir='ltr'><strong>va-</strong></span> 
     </span>
    </p>
   </div>
   <div class='ocr_carea' id='block_1_74' title="bbox 523 5557 2097 5646">
    <p class='ocr_par' dir='ltr' id='par_1_74' title="bbox 523 5557 2097 5646">
     <span class='ocr_line' id='line_1_74' title="bbox 523 5557 2097 5646; baseline -0.017 -13"><span class='ocrx_word' id='word_1_536' title='bbox 523 5557 680 5633; x_wconf 79' lang='lat' dir='ltr'><strong>cante</strong></span> <span class='ocrx_word' id='word_1_537' title='bbox 722 5581 1056 5646; x_wconf 86' lang='lat' dir='ltr'><strong>prorumpat.</strong></span> <span class='ocrx_word' id='word_1_538' title='bbox 1115 5567 1269 5636; x_wconf 88' lang='lat' dir='ltr'><strong>Quod</strong></span> <span class='ocrx_word' id='word_1_539' title='bbox 1300 5562 1564 5635; x_wconf 91' lang='lat' dir='ltr'><strong>profecto,</strong></span> <span class='ocrx_word' id='word_1_540' title='bbox 1594 5561 1715 5630; x_wconf 88' lang='lat' dir='ltr'><strong>quia</strong></span> <span class='ocrx_word' id='word_1_541' title='bbox 1745 5568 1874 5612; x_wconf 87' lang='lat' dir='ltr'><strong>tunc</strong></span> <span class='ocrx_word' id='word_1_542' title='bbox 1893 5557 2097 5610; x_wconf 86' lang='lat' dir='ltr'><strong>factum</strong></span> 
     </span>
    </p>
   </div>
   <div class='ocr_carea' id='block_1_75' title="bbox 522 5648 2098 5732">
    <p class='ocr_par' dir='ltr' id='par_1_75' title="bbox 522 5648 2098 5732">
     <span class='ocr_line' id='line_1_75' title="bbox 522 5648 2098 5732; baseline -0.015 -10"><span class='ocrx_word' id='word_1_543' title='bbox 522 5677 626 5732; x_wconf 88' lang='lat' dir='ltr'><strong>est,</strong></span> <span class='ocrx_word' id='word_1_544' title='bbox 687 5665 1008 5720; x_wconf 86' lang='lat' dir='ltr'><strong>miraculum</strong></span> <span class='ocrx_word' id='word_1_545' title='bbox 1061 5673 1164 5725; x_wconf 85' lang='lat' dir='ltr'><strong>est,</strong></span> <span class='ocrx_word' id='word_1_546' title='bbox 1216 5658 1342 5728; x_wconf 90' lang='lat' dir='ltr'><strong>quia</strong></span> <span class='ocrx_word' id='word_1_547' title='bbox 1377 5670 1508 5710; x_wconf 89' lang='lat' dir='ltr'><strong>vero</strong></span> <span class='ocrx_word' id='word_1_548' title='bbox 1555 5666 1652 5721; x_wconf 86' lang='lat' dir='ltr'><strong>per</strong></span> <span class='ocrx_word' id='word_1_549' title='bbox 1706 5659 1814 5704; x_wconf 85' lang='lat' dir='ltr'><strong>tam</strong></span> <span class='ocrx_word' id='word_1_550' title='bbox 1845 5648 2098 5702; x_wconf 86' lang='lat' dir='ltr'><strong>diuturna</strong></span> 
     </span>
    </p>
   </div>
   <div class='ocr_carea' id='block_1_76' title="bbox 524 5736 2099 5826">
    <p class='ocr_par' dir='ltr' id='par_1_76' title="bbox 524 5736 2099 5826">
     <span class='ocr_line' id='line_1_76' title="bbox 524 5736 2099 5826; baseline -0.013 -16"><span class='ocrx_word' id='word_1_551' title='bbox 524 5766 766 5826; x_wconf 81' lang='lat' dir='ltr'><strong>tempora</strong></span> <span class='ocrx_word' id='word_1_552' title='bbox 795 5760 1123 5824; x_wconf 87' lang='lat' dir='ltr'><strong>perseverat,</strong></span> <span class='ocrx_word' id='word_1_553' title='bbox 1155 5757 1213 5803; x_wconf 93' lang='lat' dir='ltr'><strong>ut</strong></span> <span class='ocrx_word' id='word_1_554' title='bbox 1253 5747 1323 5801; x_wconf 86' lang='lat' dir='ltr'><strong>ita</strong></span> <span class='ocrx_word' id='word_1_555' title='bbox 1351 5745 1559 5814; x_wconf 87' lang='lat' dir='ltr'><strong>loquar,</strong></span> <span class='ocrx_word' id='word_1_556' title='bbox 1587 5736 1903 5795; x_wconf 80' lang='lat' dir='ltr'><strong>miraculum</strong></span> <span class='ocrx_word' id='word_1_557' title='bbox 1934 5737 2099 5790; x_wconf 79' lang='lat' dir='ltr'><strong>mira-</strong></span> 
     </span>
    </p>
   </div>
   <div class='ocr_carea' id='block_1_77' title="bbox 2187 1917 3770 1992">
    <p class='ocr_par' dir='ltr' id='par_1_77' title="bbox 2187 1917 3770 1992">
     <span class='ocr_line' id='line_1_77' title="bbox 2187 1917 3770 1992; baseline 0.004 -21"><span class='ocrx_word' id='word_1_558' title='bbox 2187 1917 2342 1984; x_wconf 78' lang='lat' dir='ltr'><strong>fides,</strong></span> <span class='ocrx_word' id='word_1_559' title='bbox 2389 1919 2484 1973; x_wconf 88' lang='lat' dir='ltr'><strong>sed</strong></span> <span class='ocrx_word' id='word_1_560' title='bbox 2521 1921 2813 1976; x_wconf 89' lang='lat' dir='ltr'><strong>manifesta</strong></span> <span class='ocrx_word' id='word_1_561' title='bbox 2863 1920 2935 1975; x_wconf 89' lang='lat' dir='ltr'><strong>sit</strong></span> <span class='ocrx_word' id='word_1_562' title='bbox 2958 1921 3114 1987; x_wconf 92' lang='lat' dir='ltr'><strong>visio,</strong></span> <span class='ocrx_word' id='word_1_563' title='bbox 3167 1921 3308 1976; x_wconf 91' lang='lat' dir='ltr'><strong>sicut</strong></span> <span class='ocrx_word' id='word_1_564' title='bbox 3330 1921 3502 1976; x_wconf 90' lang='lat' dir='ltr'><strong>semel</strong></span> <span class='ocrx_word' id='word_1_565' title='bbox 3529 1932 3770 1992; x_wconf 75' lang='lat' dir='ltr'><strong>coeperat</strong></span> 
     </span>
    </p>
   </div>
   <div class='ocr_carea' id='block_1_78' title="bbox 2184 2010 3768 2084">
    <p class='ocr_par' dir='ltr' id='par_1_78' title="bbox 2184 2010 3768 2084">
     <span class='ocr_line' id='line_1_78' title="bbox 2184 2010 3768 2084; baseline 0.003 -21"><span class='ocrx_word' id='word_1_566' title='bbox 2184 2010 2253 2065; x_wconf 91' lang='lat' dir='ltr'><strong>ad</strong></span> <span class='ocrx_word' id='word_1_567' title='bbox 2287 2010 2672 2067; x_wconf 90' lang='lat' dir='ltr'><strong>declarandum</strong></span> <span class='ocrx_word' id='word_1_568' title='bbox 2723 2013 2953 2084; x_wconf 89' lang='lat' dir='ltr'><strong>pretiosi</strong></span> <span class='ocrx_word' id='word_1_569' title='bbox 2975 2012 3234 2084; x_wconf 83' lang='lat' dir='ltr'><strong>martyris</strong></span> <span class='ocrx_word' id='word_1_570' title='bbox 3266 2013 3545 2077; x_wconf 87' lang='lat' dir='ltr'><strong>meritum,</strong></span> <span class='ocrx_word' id='word_1_571' title='bbox 3573 2013 3768 2070; x_wconf 84' lang='lat' dir='ltr'><strong>indeﬂ-</strong></span> 
     </span>
    </p>
   </div>
   <div class='ocr_carea' id='block_1_79' title="bbox 2185 2099 3770 2174">
    <p class='ocr_par' dir='ltr' id='par_1_79' title="bbox 2185 2099 3770 2174">
     <span class='ocr_line' id='line_1_79' title="bbox 2185 2099 3770 2174; baseline 0.003 -19"><span class='ocrx_word' id='word_1_572' title='bbox 2185 2099 2336 2156; x_wconf 90' lang='lat' dir='ltr'><strong>ciens</strong></span> <span class='ocrx_word' id='word_1_573' title='bbox 2383 2111 2718 2171; x_wconf 87' lang='lat' dir='ltr'><strong>perseverat.</strong></span> <span class='ocrx_word' id='word_1_574' title='bbox 2756 2119 2775 2153; x_wconf 77' lang='grc' dir='ltr'>ι</span> <span class='ocrx_word' id='word_1_575' title='bbox 2812 2100 2905 2158; x_wconf 84' lang='lat' dir='ltr'><strong>Est</strong></span> <span class='ocrx_word' id='word_1_576' title='bbox 2929 2103 3076 2158; x_wconf 90' lang='lat' dir='ltr'><strong>enim</strong></span> <span class='ocrx_word' id='word_1_577' title='bbox 3105 2102 3259 2170; x_wconf 82' lang='lat' dir='ltr'><strong>ﬁdes,</strong></span> <span class='ocrx_word' id='word_1_578' title='bbox 3290 2121 3310 2155; x_wconf 74' lang='grc' dir='ltr'><strong><em>ι</em></strong></span> <span class='ocrx_word' id='word_1_579' title='bbox 3349 2112 3410 2158; x_wconf 83' lang='grc' dir='ltr'><strong>ιιι</strong></span> <span class='ocrx_word' id='word_1_580' title='bbox 3447 2104 3770 2174; x_wconf 72' lang='lat' dir='ltr'><strong>pmdicator</strong></span> 
     </span>
    </p>
   </div>
   <div class='ocr_carea' id='block_1_80' title="bbox 2183 2192 3771 2268">
    <p class='ocr_par' dir='ltr' id='par_1_80' title="bbox 2183 2192 3771 2268">
     <span class='ocr_line' id='line_1_80' title="bbox 2183 2192 3771 2268; baseline 0.003 -22"><span class='ocrx_word' id='word_1_581' title='bbox 2183 2192 2432 2263; x_wconf 83' lang='lat' dir='ltr'><strong>egregius</strong></span> <span class='ocrx_word' id='word_1_582' title='bbox 2470 2193 2564 2256; x_wconf 87' lang='lat' dir='ltr'><strong>ait,</strong></span> <span class='ocrx_word' id='word_1_583' title='bbox 2601 2211 2639 2268; x_wconf 29' lang='lat' dir='ltr'><strong>t&#39;</strong></span> <span class='ocrx_word' id='word_1_584' title='bbox 2673 2194 3067 2264; x_wconf 90' lang='lat' dir='ltr'><strong>sperandarum</strong></span> <span class='ocrx_word' id='word_1_585' title='bbox 3099 2195 3404 2250; x_wconf 84' lang='lat' dir='ltr'><strong>substantia</strong></span> <span class='ocrx_word' id='word_1_586' title='bbox 3440 2210 3641 2260; x_wconf 76' lang='lat' dir='ltr'><strong>rerum,</strong></span> <span class='ocrx_word' id='word_1_587' title='bbox 3683 2211 3771 2251; x_wconf 90' lang='lat' dir='ltr'><strong>ar-</strong></span> 
     </span>
    </p>
   </div>
   <div class='ocr_carea' id='block_1_81' title="bbox 2184 2282 3773 2355">
    <p class='ocr_par' dir='ltr' id='par_1_81' title="bbox 2184 2282 3773 2355">
     <span class='ocr_line' id='line_1_81' title="bbox 2184 2282 3773 2355; baseline 0.004 -21"><span class='ocrx_word' id='word_1_588' title='bbox 2184 2289 2498 2351; x_wconf 90' lang='lat' dir='ltr'><strong>gumentum</strong></span> <span class='ocrx_word' id='word_1_589' title='bbox 2548 2298 2657 2338; x_wconf 92' lang='lat' dir='ltr'><strong>non</strong></span> <span class='ocrx_word' id='word_1_590' title='bbox 2689 2283 3064 2352; x_wconf 89' lang='lat' dir='ltr'><strong>apparentium</strong></span> <span class='ocrx_word' id='word_1_591' title='bbox 3095 2282 3283 2355; x_wconf 81' lang='lat' dir='ltr'><strong>(Hebr.</strong></span> <span class='ocrx_word' id='word_1_592' title='bbox 3321 2283 3422 2354; x_wconf 72' lang='lat' dir='ltr'><strong>x1).</strong></span> <span class='ocrx_word' id='word_1_593' title='bbox 3463 2305 3483 2336; x_wconf 74' lang='grc' dir='ltr'><strong><em>ι</em></strong></span> <span class='ocrx_word' id='word_1_594' title='bbox 3517 2284 3773 2341; x_wconf 80' lang='lat' dir='ltr'><strong>Enimve-</strong></span> 
     </span>
    </p>
   </div>
   <div class='ocr_carea' id='block_1_82' title="bbox 2185 2373 3772 2445">
    <p class='ocr_par' dir='ltr' id='par_1_82' title="bbox 2185 2373 3772 2445">
     <span class='ocr_line' id='line_1_82' title="bbox 2185 2373 3772 2445; baseline 0.003 -18"><span class='ocrx_word' id='word_1_595' title='bbox 2185 2388 2245 2428; x_wconf 92' lang='lat' dir='ltr'><strong>ro</strong></span> <span class='ocrx_word' id='word_1_596' title='bbox 2274 2373 2415 2429; x_wconf 91' lang='lat' dir='ltr'><strong>sicut</strong></span> <span class='ocrx_word' id='word_1_597' title='bbox 2440 2382 2631 2430; x_wconf 89' lang='lat' dir='ltr'><strong>auctor</strong></span> <span class='ocrx_word' id='word_1_598' title='bbox 2653 2373 2845 2429; x_wconf 90' lang='lat' dir='ltr'><strong>salutis</strong></span> <span class='ocrx_word' id='word_1_599' title='bbox 2867 2375 3120 2428; x_wconf 78' lang='lat' dir='ltr'><strong>humanae</strong></span> <span class='ocrx_word' id='word_1_600' title='bbox 3145 2373 3316 2428; x_wconf 88' lang='lat' dir='ltr'><strong>voluit</strong></span> <span class='ocrx_word' id='word_1_601' title='bbox 3340 2374 3392 2428; x_wconf 90' lang='lat' dir='ltr'><strong>in</strong></span> <span class='ocrx_word' id='word_1_602' title='bbox 3418 2388 3517 2429; x_wconf 86' lang='lat' dir='ltr'><strong>suo</strong></span> <span class='ocrx_word' id='word_1_603' title='bbox 3543 2389 3772 2445; x_wconf 79' lang='lat' dir='ltr'><strong>corpore</strong></span> 
     </span>
    </p>
   </div>
   <div class='ocr_carea' id='block_1_83' title="bbox 2183 2463 3771 2538">
    <p class='ocr_par' dir='ltr' id='par_1_83' title="bbox 2183 2463 3771 2538">
     <span class='ocr_line' id='line_1_83' title="bbox 2183 2463 3771 2538; baseline 0.001 -19"><span class='ocrx_word' id='word_1_604' title='bbox 2183 2463 2464 2520; x_wconf 85' lang='lat' dir='ltr'><strong>clavorum</strong></span> <span class='ocrx_word' id='word_1_605' title='bbox 2494 2467 2649 2538; x_wconf 90' lang='lat' dir='ltr'><strong>signa</strong></span> <span class='ocrx_word' id='word_1_606' title='bbox 2695 2478 3060 2535; x_wconf 89' lang='lat' dir='ltr'><strong>componere;</strong></span> <span class='ocrx_word' id='word_1_607' title='bbox 3097 2464 3172 2518; x_wconf 93' lang='lat' dir='ltr'><strong>ita</strong></span> <span class='ocrx_word' id='word_1_608' title='bbox 3198 2465 3363 2521; x_wconf 89' lang='lat' dir='ltr'><strong>etiam</strong></span> <span class='ocrx_word' id='word_1_609' title='bbox 3398 2479 3584 2519; x_wconf 91' lang='lat' dir='ltr'><strong>rarum</strong></span> <span class='ocrx_word' id='word_1_610' title='bbox 3610 2464 3771 2521; x_wconf 81' lang='lat' dir='ltr'><strong>duxit</strong></span> 
     </span>
    </p>
   </div>
   <div class='ocr_carea' id='block_1_84' title="bbox 2183 2555 3770 2625">
    <p class='ocr_par' dir='ltr' id='par_1_84' title="bbox 2183 2555 3770 2625">
     <span class='ocr_line' id='line_1_84' title="bbox 2183 2555 3770 2625; baseline 0 -15"><span class='ocrx_word' id='word_1_611' title='bbox 2183 2555 2237 2611; x_wconf 91' lang='lat' dir='ltr'><strong>in</strong></span> <span class='ocrx_word' id='word_1_612' title='bbox 2264 2556 2366 2612; x_wconf 89' lang='lat' dir='ltr'><strong>hoc</strong></span> <span class='ocrx_word' id='word_1_613' title='bbox 2395 2571 2552 2623; x_wconf 77' lang='lat' dir='ltr'><strong>sacro</strong></span> <span class='ocrx_word' id='word_1_614' title='bbox 2589 2571 2718 2613; x_wconf 87' lang='lat' dir='ltr'><strong>vase</strong></span> <span class='ocrx_word' id='word_1_615' title='bbox 2767 2556 3146 2612; x_wconf 88' lang='lat' dir='ltr'><strong>vulnusculum</strong></span> <span class='ocrx_word' id='word_1_616' title='bbox 3193 2556 3314 2612; x_wconf 89' lang='lat' dir='ltr'><strong>sine</strong></span> <span class='ocrx_word' id='word_1_617' title='bbox 3340 2555 3524 2625; x_wconf 89' lang='lat' dir='ltr'><strong>aliqua</strong></span> <span class='ocrx_word' id='word_1_618' title='bbox 3557 2570 3770 2612; x_wconf 82' lang='lat' dir='ltr'><strong>recom-</strong></span> 
     </span>
    </p>
   </div>
   <div class='ocr_carea' id='block_1_85' title="bbox 2181 2647 3768 2718">
    <p class='ocr_par' dir='ltr' id='par_1_85' title="bbox 2181 2647 3768 2718">
     <span class='ocr_line' id='line_1_85' title="bbox 2181 2647 3768 2718; baseline -0.001 -14"><span class='ocrx_word' id='word_1_619' title='bbox 2181 2649 2502 2718; x_wconf 89' lang='lat' dir='ltr'><strong>pensatione</strong></span> <span class='ocrx_word' id='word_1_620' title='bbox 2553 2663 2794 2706; x_wconf 89' lang='lat' dir='ltr'><strong>servare.</strong></span> <span class='ocrx_word' id='word_1_621' title='bbox 2824 2649 2883 2704; x_wconf 88' lang='lat' dir='ltr'><strong>In</strong></span> <span class='ocrx_word' id='word_1_622' title='bbox 2914 2648 3007 2704; x_wconf 93' lang='lat' dir='ltr'><strong>illo</strong></span> <span class='ocrx_word' id='word_1_623' title='bbox 3034 2647 3262 2712; x_wconf 71' lang='lat' dir='ltr'><strong>scilicet,</strong></span> <span class='ocrx_word' id='word_1_624' title='bbox 3305 2655 3366 2702; x_wconf 93' lang='lat' dir='ltr'><strong>ut</strong></span> <span class='ocrx_word' id='word_1_625' title='bbox 3397 2647 3768 2704; x_wconf 86' lang='lat' dir='ltr'><strong>dubitantibus</strong></span> 
     </span>
    </p>
   </div>
   <div class='ocr_carea' id='block_1_86' title="bbox 2183 2736 3765 2808">
    <p class='ocr_par' dir='ltr' id='par_1_86' title="bbox 2183 2736 3765 2808">
     <span class='ocr_line' id='line_1_86' title="bbox 2183 2736 3765 2808; baseline -0.001 -16"><span class='ocrx_word' id='word_1_626' title='bbox 2183 2736 2343 2792; x_wconf 84' lang='lat' dir='ltr'><strong>ﬁdem</strong></span> <span class='ocrx_word' id='word_1_627' title='bbox 2371 2737 2646 2808; x_wconf 55' lang='lat' dir='ltr'><strong>prebeat;</strong></span> <span class='ocrx_word' id='word_1_628' title='bbox 2677 2738 2734 2792; x_wconf 92' lang='lat' dir='ltr'><strong>in</strong></span> <span class='ocrx_word' id='word_1_629' title='bbox 2768 2736 2890 2802; x_wconf 87' lang='lat' dir='ltr'><strong>hoc,</strong></span> <span class='ocrx_word' id='word_1_630' title='bbox 2921 2747 2983 2791; x_wconf 91' lang='lat' dir='ltr'><strong>ut</strong></span> <span class='ocrx_word' id='word_1_631' title='bbox 3009 2736 3250 2791; x_wconf 83' lang='lat' dir='ltr'><strong>ﬁdelium</strong></span> <span class='ocrx_word' id='word_1_632' title='bbox 3297 2743 3510 2792; x_wconf 89' lang='lat' dir='ltr'><strong>mentes</strong></span> <span class='ocrx_word' id='word_1_633' title='bbox 3532 2736 3600 2790; x_wconf 91' lang='lat' dir='ltr'><strong>ad</strong></span> <span class='ocrx_word' id='word_1_634' title='bbox 3625 2750 3765 2806; x_wconf 68' lang='lat' dir='ltr'><strong>prae-</strong></span> 
     </span>
    </p>
   </div>
   <div class='ocr_carea' id='block_1_87' title="bbox 2183 2825 3766 2896">
    <p class='ocr_par' dir='ltr' id='par_1_87' title="bbox 2183 2825 3766 2896">
     <span class='ocr_line' id='line_1_87' title="bbox 2183 2825 3766 2896; baseline -0.001 -15"><span class='ocrx_word' id='word_1_635' title='bbox 2183 2828 2401 2882; x_wconf 91' lang='lat' dir='ltr'><strong>conium</strong></span> <span class='ocrx_word' id='word_1_636' title='bbox 2456 2841 2566 2881; x_wconf 75' lang='lat' dir='ltr'><strong>suae</strong></span> <span class='ocrx_word' id='word_1_637' title='bbox 2626 2826 2803 2880; x_wconf 87' lang='lat' dir='ltr'><strong>laudis</strong></span> <span class='ocrx_word' id='word_1_638' title='bbox 2863 2826 3146 2880; x_wconf 89' lang='lat' dir='ltr'><strong>accendat.</strong></span> <span class='ocrx_word' id='word_1_639' title='bbox 3205 2826 3262 2880; x_wconf 89' lang='lat' dir='ltr'><strong>lu</strong></span> <span class='ocrx_word' id='word_1_640' title='bbox 3318 2825 3452 2892; x_wconf 92' lang='lat' dir='ltr'><strong>illo,</strong></span> <span class='ocrx_word' id='word_1_641' title='bbox 3501 2834 3561 2880; x_wconf 93' lang='lat' dir='ltr'><strong>ut</strong></span> <span class='ocrx_word' id='word_1_642' title='bbox 3613 2825 3766 2896; x_wconf 88' lang='lat' dir='ltr'><strong>signa</strong></span> 
     </span>
    </p>
   </div>
   <div class='ocr_carea' id='block_1_88' title="bbox 2183 2913 3770 2986">
    <p class='ocr_par' dir='ltr' id='par_1_88' title="bbox 2183 2913 3770 2986">
     <span class='ocr_line' id='line_1_88' title="bbox 2183 2913 3770 2986; baseline -0.002 -15"><span class='ocrx_word' id='word_1_643' title='bbox 2183 2916 2571 2984; x_wconf 89' lang='lat' dir='ltr'><strong>redemptionis</strong></span> <span class='ocrx_word' id='word_1_644' title='bbox 2598 2915 2848 2970; x_wconf 66' lang='lat' dir='ltr'><strong>humanae</strong></span> <span class='ocrx_word' id='word_1_645' title='bbox 2881 2913 3035 2986; x_wconf 80' lang='lat'><strong>193</strong></span> <span class='ocrx_word' id='word_1_646' title='bbox 3067 2913 3228 2968; x_wconf 90' lang='lat' dir='ltr'><strong>Pater</strong></span> <span class='ocrx_word' id='word_1_647' title='bbox 3256 2914 3600 2984; x_wconf 88' lang='lat' dir='ltr'><strong>omnipotens</strong></span> <span class='ocrx_word' id='word_1_648' title='bbox 3628 2929 3770 2970; x_wconf 85' lang='lat' dir='ltr'><strong>sem-</strong></span> 
     </span>
    </p>
   </div>
   <div class='ocr_carea' id='block_1_89' title="bbox 2182 3001 3766 3078">
    <p class='ocr_par' dir='ltr' id='par_1_89' title="bbox 2182 3001 3766 3078">
     <span class='ocr_line' id='line_1_89' title="bbox 2182 3001 3766 3078; baseline -0.004 -17"><span class='ocrx_word' id='word_1_649' title='bbox 2182 3019 2280 3078; x_wconf 89' lang='lat' dir='ltr'><strong>per</strong></span> <span class='ocrx_word' id='word_1_650' title='bbox 2312 3003 2512 3070; x_wconf 88' lang='lat' dir='ltr'><strong>faciat;</strong></span> <span class='ocrx_word' id='word_1_651' title='bbox 2544 3004 2598 3058; x_wconf 93' lang='lat' dir='ltr'><strong>in</strong></span> <span class='ocrx_word' id='word_1_652' title='bbox 2625 3004 2749 3069; x_wconf 89' lang='lat' dir='ltr'><strong>isto,</strong></span> <span class='ocrx_word' id='word_1_653' title='bbox 2776 3011 2837 3058; x_wconf 92' lang='lat' dir='ltr'><strong>ut</strong></span> <span class='ocrx_word' id='word_1_654' title='bbox 2858 3018 3022 3073; x_wconf 90' lang='lat' dir='ltr'><strong>quam</strong></span> <span class='ocrx_word' id='word_1_655' title='bbox 3054 3002 3313 3058; x_wconf 89' lang='lat' dir='ltr'><strong>sublimes</strong></span> <span class='ocrx_word' id='word_1_656' title='bbox 3335 3010 3390 3058; x_wconf 90' lang='lat' dir='ltr'><strong>et</strong></span> <span class='ocrx_word' id='word_1_657' title='bbox 3416 3003 3472 3057; x_wconf 92' lang='lat' dir='ltr'><strong>in</strong></span> <span class='ocrx_word' id='word_1_658' title='bbox 3509 3002 3614 3058; x_wconf 91' lang='lat' dir='ltr'><strong>hac</strong></span> <span class='ocrx_word' id='word_1_659' title='bbox 3657 3001 3766 3056; x_wconf 89' lang='lat' dir='ltr'><strong>vita</strong></span> 
     </span>
    </p>
   </div>
   <div class='ocr_carea' id='block_1_90' title="bbox 2186 3095 3766 3165">
    <p class='ocr_par' dir='ltr' id='par_1_90' title="bbox 2186 3095 3766 3165">
     <span class='ocr_line' id='line_1_90' title="bbox 2186 3095 3766 3165; baseline -0.001 -16"><span class='ocrx_word' id='word_1_660' title='bbox 2186 3110 2374 3161; x_wconf 86' lang='lat' dir='ltr'><strong>servos</strong></span> <span class='ocrx_word' id='word_1_661' title='bbox 2401 3109 2530 3151; x_wconf 92' lang='lat' dir='ltr'><strong>suos</strong></span> <span class='ocrx_word' id='word_1_662' title='bbox 2554 3095 2752 3150; x_wconf 78' lang='lat' dir='ltr'><strong>efﬁciat</strong></span> <span class='ocrx_word' id='word_1_663' title='bbox 2773 3135 2789 3161; x_wconf 95' lang='lat'><strong>,</strong></span> <span class='ocrx_word' id='word_1_664' title='bbox 2819 3095 3049 3164; x_wconf 90' lang='lat' dir='ltr'><strong>quisque</strong></span> <span class='ocrx_word' id='word_1_665' title='bbox 3088 3095 3197 3150; x_wconf 90' lang='lat' dir='ltr'><strong>Deo</strong></span> <span class='ocrx_word' id='word_1_666' title='bbox 3221 3097 3446 3151; x_wconf 91' lang='lat' dir='ltr'><strong>devotus</strong></span> <span class='ocrx_word' id='word_1_667' title='bbox 3486 3102 3766 3165; x_wconf 89' lang='lat' dir='ltr'><strong>agnoscat.</strong></span> 
     </span>
    </p>
   </div>
   <div class='ocr_carea' id='block_1_91' title="bbox 2111 3169 3767 3255">
    <p class='ocr_par' dir='ltr' id='par_1_91' title="bbox 2111 3169 3767 3255">
     <span class='ocr_line' id='line_1_91' title="bbox 2111 3169 3767 3255; baseline 0.001 -21"><span class='ocrx_word' id='word_1_668' title='bbox 2111 3169 2159 3234; x_wconf 84' lang='lat' dir='ltr'>C</span> <span class='ocrx_word' id='word_1_669' title='bbox 2259 3184 2338 3240; x_wconf 82' lang='lat' dir='ltr'><strong>Ne</strong></span> <span class='ocrx_word' id='word_1_670' title='bbox 2374 3186 2496 3255; x_wconf 90' lang='lat' dir='ltr'><strong>quis</strong></span> <span class='ocrx_word' id='word_1_671' title='bbox 2528 3192 2705 3238; x_wconf 88' lang='lat' dir='ltr'><strong>autem</strong></span> <span class='ocrx_word' id='word_1_672' title='bbox 2743 3199 2843 3239; x_wconf 92' lang='lat' dir='ltr'><strong>nos</strong></span> <span class='ocrx_word' id='word_1_673' title='bbox 2870 3191 3061 3252; x_wconf 84' lang='lat' dir='ltr'><strong>arguat</strong></span> <span class='ocrx_word' id='word_1_674' title='bbox 3088 3183 3314 3238; x_wconf 90' lang='lat' dir='ltr'><strong>summis</strong></span> <span class='ocrx_word' id='word_1_675' title='bbox 3346 3197 3512 3252; x_wconf 90' lang='lat' dir='ltr'><strong>parva</strong></span> <span class='ocrx_word' id='word_1_676' title='bbox 3542 3197 3767 3254; x_wconf 85' lang='lat' dir='ltr'><strong>compo-</strong></span> 
     </span>
    </p>
   </div>
   <div class='ocr_carea' id='block_1_92' title="bbox 2187 3273 3768 3344">
    <p class='ocr_par' dir='ltr' id='par_1_92' title="bbox 2187 3273 3768 3344">
     <span class='ocr_line' id='line_1_92' title="bbox 2187 3273 3768 3344; baseline -0.003 -12"><span class='ocrx_word' id='word_1_677' title='bbox 2187 3291 2352 3341; x_wconf 90' lang='lat' dir='ltr'><strong>nere,</strong></span> <span class='ocrx_word' id='word_1_678' title='bbox 2383 3290 2490 3330; x_wconf 89' lang='lat' dir='ltr'><strong>non</strong></span> <span class='ocrx_word' id='word_1_679' title='bbox 2522 3275 2836 3344; x_wconf 83' lang='lat' dir='ltr'><strong>ignoramus</strong></span> <span class='ocrx_word' id='word_1_680' title='bbox 2859 3273 3108 3328; x_wconf 89' lang='lat' dir='ltr'><strong>eumdem</strong></span> <span class='ocrx_word' id='word_1_681' title='bbox 3143 3273 3413 3328; x_wconf 88' lang='lat' dir='ltr'><strong>viviﬂcum</strong></span> <span class='ocrx_word' id='word_1_682' title='bbox 3447 3274 3768 3343; x_wconf 86' lang='lat' dir='ltr'><strong>sanguinem</strong></span> 
     </span>
    </p>
   </div>
   <div class='ocr_carea' id='block_1_93' title="bbox 2189 3363 3766 3435">
    <p class='ocr_par' dir='ltr' id='par_1_93' title="bbox 2189 3363 3766 3435">
     <span class='ocr_line' id='line_1_93' title="bbox 2189 3363 3766 3435; baseline -0.004 -12"><span class='ocrx_word' id='word_1_683' title='bbox 2189 3368 2244 3423; x_wconf 91' lang='lat' dir='ltr'><strong>in</strong></span> <span class='ocrx_word' id='word_1_684' title='bbox 2279 3366 2445 3422; x_wconf 87' lang='lat' dir='ltr'><strong>calice</strong></span> <span class='ocrx_word' id='word_1_685' title='bbox 2479 3366 2626 3430; x_wconf 84' lang='lat' dir='ltr'><strong>ﬁeri,</strong></span> <span class='ocrx_word' id='word_1_686' title='bbox 2665 3365 2757 3435; x_wconf 92' lang='lat' dir='ltr'><strong>qui</strong></span> <span class='ocrx_word' id='word_1_687' title='bbox 2794 3365 2860 3420; x_wconf 90' lang='lat' dir='ltr'><strong>de</strong></span> <span class='ocrx_word' id='word_1_688' title='bbox 2894 3379 3123 3434; x_wconf 91' lang='lat' dir='ltr'><strong>corpore</strong></span> <span class='ocrx_word' id='word_1_689' title='bbox 3163 3364 3375 3419; x_wconf 85' lang='lat' dir='ltr'><strong>Domini</strong></span> <span class='ocrx_word' id='word_1_690' title='bbox 3411 3379 3508 3434; x_wconf 92' lang='lat' dir='ltr'><strong>per</strong></span> <span class='ocrx_word' id='word_1_691' title='bbox 3540 3363 3766 3418; x_wconf 89' lang='lat' dir='ltr'><strong>vulnera</strong></span> 
     </span>
    </p>
   </div>
   <div class='ocr_carea' id='block_1_94' title="bbox 2191 3455 3769 3528">
    <p class='ocr_par' dir='ltr' id='par_1_94' title="bbox 2191 3455 3769 3528">
     <span class='ocr_line' id='line_1_94' title="bbox 2191 3455 3769 3528; baseline -0.003 -15"><span class='ocrx_word' id='word_1_692' title='bbox 2191 3459 2404 3514; x_wconf 83' lang='lat' dir='ltr'><strong>diversa</strong></span> <span class='ocrx_word' id='word_1_693' title='bbox 2446 3455 2720 3528; x_wconf 79' lang='lat' dir='ltr'><strong>proﬂuxit.</strong></span> <span class='ocrx_word' id='word_1_694' title='bbox 2769 3455 2864 3510; x_wconf 90' lang='lat' dir='ltr'><strong>Ille</strong></span> <span class='ocrx_word' id='word_1_695' title='bbox 2908 3455 3164 3509; x_wconf 91' lang='lat' dir='ltr'><strong>nimirum</strong></span> <span class='ocrx_word' id='word_1_696' title='bbox 3208 3455 3580 3509; x_wconf 90' lang='lat' dir='ltr'><strong>tenuissimum</strong></span> <span class='ocrx_word' id='word_1_697' title='bbox 3620 3462 3769 3509; x_wconf 87' lang='lat' dir='ltr'><strong>creat</strong></span> 
     </span>
    </p>
   </div>
   <div class='ocr_carea' id='block_1_95' title="bbox 2186 3541 3770 3616">
    <p class='ocr_par' dir='ltr' id='par_1_95' title="bbox 2186 3541 3770 3616">
     <span class='ocr_line' id='line_1_95' title="bbox 2186 3541 3770 3616; baseline -0.003 -16"><span class='ocrx_word' id='word_1_698' title='bbox 2186 3560 2454 3610; x_wconf 90' lang='lat' dir='ltr'><strong>vermem,</strong></span> <span class='ocrx_word' id='word_1_699' title='bbox 2491 3545 2583 3616; x_wconf 91' lang='lat' dir='ltr'><strong>qui</strong></span> <span class='ocrx_word' id='word_1_700' title='bbox 2611 3553 2667 3599; x_wconf 89' lang='lat' dir='ltr'><strong>et</strong></span> <span class='ocrx_word' id='word_1_701' title='bbox 2697 3557 2977 3600; x_wconf 91' lang='lat' dir='ltr'><strong>enormem</strong></span> <span class='ocrx_word' id='word_1_702' title='bbox 3007 3543 3251 3599; x_wconf 91' lang='lat' dir='ltr'><strong>condidit</strong></span> <span class='ocrx_word' id='word_1_703' title='bbox 3278 3542 3638 3612; x_wconf 88' lang='lat' dir='ltr'><strong>elephantem.</strong></span> <span class='ocrx_word' id='word_1_704' title='bbox 3670 3541 3770 3597; x_wconf 83' lang='lat' dir='ltr'><strong>Mi-</strong></span> 
     </span>
    </p>
   </div>
   <div class='ocr_carea' id='block_1_96' title="bbox 2188 3631 3768 3696">
    <p class='ocr_par' dir='ltr' id='par_1_96' title="bbox 2188 3631 3768 3696">
     <span class='ocr_line' id='line_1_96' title="bbox 2188 3631 3768 3696; baseline -0.002 -8"><span class='ocrx_word' id='word_1_705' title='bbox 2188 3634 2374 3690; x_wconf 82' lang='lat' dir='ltr'><strong>rabilis</strong></span> <span class='ocrx_word' id='word_1_706' title='bbox 2409 3648 2540 3689; x_wconf 91' lang='lat' dir='ltr'><strong>sane</strong></span> <span class='ocrx_word' id='word_1_707' title='bbox 2574 3633 2716 3688; x_wconf 90' lang='lat' dir='ltr'><strong>Deus</strong></span> <span class='ocrx_word' id='word_1_708' title='bbox 2749 3647 2860 3687; x_wconf 89' lang='lat' dir='ltr'><strong>non</strong></span> <span class='ocrx_word' id='word_1_709' title='bbox 2894 3631 3068 3687; x_wconf 89' lang='lat' dir='ltr'><strong>solum</strong></span> <span class='ocrx_word' id='word_1_710' title='bbox 3107 3631 3162 3686; x_wconf 93' lang='lat' dir='ltr'><strong>in</strong></span> <span class='ocrx_word' id='word_1_711' title='bbox 3208 3646 3302 3696; x_wconf 87' lang='lat' dir='ltr'><strong>se.</strong></span> <span class='ocrx_word' id='word_1_712' title='bbox 3355 3633 3449 3688; x_wconf 90' lang='lat' dir='ltr'><strong>sed</strong></span> <span class='ocrx_word' id='word_1_713' title='bbox 3497 3632 3660 3686; x_wconf 85' lang='lat' dir='ltr'><strong>etiam</strong></span> <span class='ocrx_word' id='word_1_714' title='bbox 3713 3631 3768 3696; x_wconf 74' lang='lat' dir='ltr'><strong>in</strong></span> 
     </span>
    </p>
   </div>
   <div class='ocr_carea' id='block_1_97' title="bbox 2186 3719 3767 3792">
    <p class='ocr_par' dir='ltr' id='par_1_97' title="bbox 2186 3719 3767 3792">
     <span class='ocr_line' id='line_1_97' title="bbox 2186 3719 3767 3792; baseline -0.004 -12"><span class='ocrx_word' id='word_1_715' title='bbox 2186 3724 2389 3780; x_wconf 87' lang='lat' dir='ltr'><strong>sanctis</strong></span> <span class='ocrx_word' id='word_1_716' title='bbox 2419 3722 2532 3778; x_wconf 91' lang='lat' dir='ltr'><strong>suis</strong></span> <span class='ocrx_word' id='word_1_717' title='bbox 2563 3720 2755 3792; x_wconf 77' lang='lat' dir='ltr'><strong>(Paul.</strong></span> <span class='ocrx_word' id='word_1_718' title='bbox 2783 3735 2929 3774; x_wconf 81' lang='lat' dir='ltr'><strong>vau</strong></span> <span class='ocrx_word' id='word_1_719' title='bbox 2953 3719 2994 3789; x_wconf 92' lang='lat'><strong>).</strong></span> <span class='ocrx_word' id='word_1_720' title='bbox 3029 3719 3132 3786; x_wconf 86' lang='lat' dir='ltr'><strong>Qui</strong></span> <span class='ocrx_word' id='word_1_721' title='bbox 3165 3733 3290 3774; x_wconf 91' lang='lat' dir='ltr'><strong>cum</strong></span> <span class='ocrx_word' id='word_1_722' title='bbox 3319 3733 3418 3790; x_wconf 92' lang='lat' dir='ltr'><strong>pro</strong></span> <span class='ocrx_word' id='word_1_723' title='bbox 3457 3728 3644 3774; x_wconf 89' lang='lat' dir='ltr'><strong>nostra</strong></span> <span class='ocrx_word' id='word_1_724' title='bbox 3681 3733 3767 3774; x_wconf 88' lang='lat' dir='ltr'><strong>sa-</strong></span> 
     </span>
    </p>
   </div>
   <div class='ocr_carea' id='block_1_98' title="bbox 2187 3812 3772 3884">
    <p class='ocr_par' dir='ltr' id='par_1_98' title="bbox 2187 3812 3772 3884">
     <span class='ocr_line' id='line_1_98' title="bbox 2187 3812 3772 3884; baseline -0.001 -14"><span class='ocrx_word' id='word_1_725' title='bbox 2187 3817 2298 3871; x_wconf 89' lang='lat' dir='ltr'><strong>lute</strong></span> <span class='ocrx_word' id='word_1_726' title='bbox 2323 3814 2548 3873; x_wconf 86' lang='lat' dir='ltr'><strong>calicem</strong></span> <span class='ocrx_word' id='word_1_727' title='bbox 2587 3813 2853 3884; x_wconf 89' lang='lat' dir='ltr'><strong>passionis</strong></span> <span class='ocrx_word' id='word_1_728' title='bbox 2881 3813 3131 3883; x_wconf 87' lang='lat' dir='ltr'><strong>dignatus</strong></span> <span class='ocrx_word' id='word_1_729' title='bbox 3157 3823 3242 3868; x_wconf 90' lang='lat' dir='ltr'><strong>est</strong></span> <span class='ocrx_word' id='word_1_730' title='bbox 3266 3812 3470 3880; x_wconf 90' lang='lat' dir='ltr'><strong>bibere,</strong></span> <span class='ocrx_word' id='word_1_731' title='bbox 3501 3812 3645 3868; x_wconf 87' lang='lat' dir='ltr'><strong>idem</strong></span> <span class='ocrx_word' id='word_1_732' title='bbox 3686 3821 3772 3869; x_wconf 87' lang='lat' dir='ltr'><strong>est</strong></span> 
     </span>
    </p>
   </div>
   <div class='ocr_carea' id='block_1_99' title="bbox 2187 3900 3769 3975">
    <p class='ocr_par' dir='ltr' id='par_1_99' title="bbox 2187 3900 3769 3975">
     <span class='ocr_line' id='line_1_99' title="bbox 2187 3900 3769 3975; baseline -0.003 -15"><span class='ocrx_word' id='word_1_733' title='bbox 2187 3913 2242 3961; x_wconf 90' lang='lat' dir='ltr'><strong>et</strong></span> <span class='ocrx_word' id='word_1_734' title='bbox 2268 3904 2362 3975; x_wconf 90' lang='lat' dir='ltr'><strong>qui</strong></span> <span class='ocrx_word' id='word_1_735' title='bbox 2396 3903 2715 3974; x_wconf 88' lang='lat' dir='ltr'><strong>sanguinem</strong></span> <span class='ocrx_word' id='word_1_736' title='bbox 2750 3918 2906 3958; x_wconf 92' lang='lat' dir='ltr'><strong>suum</strong></span> <span class='ocrx_word' id='word_1_737' title='bbox 2948 3903 3013 3957; x_wconf 88' lang='lat' dir='ltr'><strong>de</strong></span> <span class='ocrx_word' id='word_1_738' title='bbox 3049 3901 3222 3957; x_wconf 90' lang='lat' dir='ltr'><strong>fracto</strong></span> <span class='ocrx_word' id='word_1_739' title='bbox 3259 3900 3430 3957; x_wconf 90' lang='lat' dir='ltr'><strong>calice</strong></span> <span class='ocrx_word' id='word_1_740' title='bbox 3477 3917 3585 3957; x_wconf 90' lang='lat' dir='ltr'><strong>non</strong></span> <span class='ocrx_word' id='word_1_741' title='bbox 3625 3902 3769 3972; x_wconf 80' lang='lat' dir='ltr'><strong>pati-</strong></span> 
     </span>
    </p>
   </div>
   <div class='ocr_carea' id='block_1_100' title="bbox 2190 3993 3768 4060">
    <p class='ocr_par' dir='ltr' id='par_1_100' title="bbox 2190 3993 3768 4060">
     <span class='ocr_line' id='line_1_100' title="bbox 2190 3993 3768 4060; baseline -0.002 -10"><span class='ocrx_word' id='word_1_742' title='bbox 2190 4005 2269 4050; x_wconf 76' lang='lat' dir='ltr'><strong>tur</strong></span> <span class='ocrx_word' id='word_1_743' title='bbox 2302 4007 2576 4050; x_wconf 89' lang='lat' dir='ltr'><strong>emanare.</strong></span> <span class='ocrx_word' id='word_1_744' title='bbox 2605 3993 2859 4060; x_wconf 88' lang='lat' dir='ltr'><strong>Pensate,</strong></span> <span class='ocrx_word' id='word_1_745' title='bbox 2887 3993 3083 4050; x_wconf 87' lang='lat' dir='ltr'><strong>fratres</strong></span> <span class='ocrx_word' id='word_1_746' title='bbox 3112 3993 3457 4059; x_wconf 72' lang='lat' dir='ltr'><strong>charissimi&#39;,</strong></span> <span class='ocrx_word' id='word_1_747' title='bbox 3486 3993 3532 4049; x_wconf 90' lang='lat' dir='ltr'><strong>si</strong></span> <span class='ocrx_word' id='word_1_748' title='bbox 3560 4002 3768 4047; x_wconf 89' lang='lat' dir='ltr'><strong>tantum</strong></span> 
     </span>
    </p>
   </div>
   <div class='ocr_carea' id='block_1_101' title="bbox 2187 4083 3771 4156">
    <p class='ocr_par' dir='ltr' id='par_1_101' title="bbox 2187 4083 3771 4156">
     <span class='ocr_line' id='line_1_101' title="bbox 2187 4083 3771 4156; baseline 0.001 -16"><span class='ocrx_word' id='word_1_749' title='bbox 2187 4087 2273 4141; x_wconf 91' lang='lat' dir='ltr'><strong>vir</strong></span> <span class='ocrx_word' id='word_1_750' title='bbox 2306 4086 2408 4142; x_wconf 91' lang='lat' dir='ltr'><strong>iste</strong></span> <span class='ocrx_word' id='word_1_751' title='bbox 2436 4085 2611 4156; x_wconf 92' lang='lat' dir='ltr'><strong>potuit</strong></span> <span class='ocrx_word' id='word_1_752' title='bbox 2647 4085 2786 4155; x_wconf 91' lang='lat' dir='ltr'><strong>apud</strong></span> <span class='ocrx_word' id='word_1_753' title='bbox 2818 4086 2985 4140; x_wconf 90' lang='lat' dir='ltr'><strong>Deum</strong></span> <span class='ocrx_word' id='word_1_754' title='bbox 3008 4123 3024 4148; x_wconf 96' lang='lat'><strong>,</strong></span> <span class='ocrx_word' id='word_1_755' title='bbox 3056 4093 3116 4138; x_wconf 92' lang='lat' dir='ltr'><strong>ut</strong></span> <span class='ocrx_word' id='word_1_756' title='bbox 3143 4083 3194 4138; x_wconf 89' lang='lat' dir='ltr'><strong>in</strong></span> <span class='ocrx_word' id='word_1_757' title='bbox 3226 4084 3320 4139; x_wconf 90' lang='lat' dir='ltr'><strong>vili</strong></span> <span class='ocrx_word' id='word_1_758' title='bbox 3347 4084 3595 4151; x_wconf 90' lang='lat' dir='ltr'><strong>vasculo,</strong></span> <span class='ocrx_word' id='word_1_759' title='bbox 3625 4087 3771 4155; x_wconf 90' lang='lat' dir='ltr'><strong>quod</strong></span> 
     </span>
    </p>
   </div>
   <div class='ocr_carea' id='block_1_102' title="bbox 2187 4175 3772 4245">
    <p class='ocr_par' dir='ltr' id='par_1_102' title="bbox 2187 4175 3772 4245">
     <span class='ocr_line' id='line_1_102' title="bbox 2187 4175 3772 4245; baseline -0.002 -12"><span class='ocrx_word' id='word_1_760' title='bbox 2187 4176 2358 4233; x_wconf 85' lang='lat' dir='ltr'><strong>semel</strong></span> <span class='ocrx_word' id='word_1_761' title='bbox 2385 4176 2653 4242; x_wconf 90' lang='lat' dir='ltr'><strong>obtinuit,</strong></span> <span class='ocrx_word' id='word_1_762' title='bbox 2683 4175 2881 4230; x_wconf 89' lang='lat' dir='ltr'><strong>mutari</strong></span> <span class='ocrx_word' id='word_1_763' title='bbox 2911 4187 3018 4229; x_wconf 91' lang='lat' dir='ltr'><strong>non</strong></span> <span class='ocrx_word' id='word_1_764' title='bbox 3046 4175 3257 4244; x_wconf 90' lang='lat' dir='ltr'><strong>possit;</strong></span> <span class='ocrx_word' id='word_1_765' title='bbox 3289 4183 3547 4245; x_wconf 91' lang='lat' dir='ltr'><strong>quantum</strong></span> <span class='ocrx_word' id='word_1_766' title='bbox 3573 4177 3772 4245; x_wconf 86' lang='lat' dir='ltr'><strong>peterit</strong></span> 
     </span>
    </p>
   </div>
   <div class='ocr_carea' id='block_1_103' title="bbox 2187 4268 3772 4342">
    <p class='ocr_par' dir='ltr' id='par_1_103' title="bbox 2187 4268 3772 4342">
     <span class='ocr_line' id='line_1_103' title="bbox 2187 4268 3772 4342; baseline 0.001 -17"><span class='ocrx_word' id='word_1_767' title='bbox 2187 4284 2288 4340; x_wconf 85' lang='lat' dir='ltr'><strong>pro</strong></span> <span class='ocrx_word' id='word_1_768' title='bbox 2337 4268 2662 4338; x_wconf 89' lang='lat' dir='ltr'><strong>redemptis,</strong></span> <span class='ocrx_word' id='word_1_769' title='bbox 2714 4269 3091 4324; x_wconf 88' lang='lat' dir='ltr'><strong>tantummodo</strong></span> <span class='ocrx_word' id='word_1_770' title='bbox 3136 4269 3184 4323; x_wconf 88' lang='lat' dir='ltr'><strong>si</strong></span> <span class='ocrx_word' id='word_1_771' title='bbox 3226 4270 3454 4341; x_wconf 88' lang='lat' dir='ltr'><strong>vestigia</strong></span> <span class='ocrx_word' id='word_1_772' title='bbox 3496 4271 3772 4342; x_wconf 88' lang='lat' dir='ltr'><strong>sequimur</strong></span> 
     </span>
    </p>
   </div>
   <div class='ocr_carea' id='block_1_104' title="bbox 2189 4355 3772 4430">
    <p class='ocr_par' dir='ltr' id='par_1_104' title="bbox 2189 4355 3772 4430">
     <span class='ocr_line' id='line_1_104' title="bbox 2189 4355 3772 4430; baseline 0.001 -16"><span class='ocrx_word' id='word_1_773' title='bbox 2189 4359 2604 4428; x_wconf 76' lang='lat' dir='ltr'><strong>Redemptoris?</strong></span> <span class='ocrx_word' id='word_1_774' title='bbox 2634 4355 2804 4426; x_wconf 86' lang='lat' dir='ltr'><strong>Hujus</strong></span> <span class='ocrx_word' id='word_1_775' title='bbox 2827 4359 2994 4430; x_wconf 91' lang='lat' dir='ltr'><strong>igitur</strong></span> <span class='ocrx_word' id='word_1_776' title='bbox 3020 4359 3166 4414; x_wconf 89' lang='lat' dir='ltr'><strong>beati</strong></span> <span class='ocrx_word' id='word_1_777' title='bbox 3202 4363 3456 4430; x_wconf 88' lang='lat' dir='ltr'><strong>martyris</strong></span> <span class='ocrx_word' id='word_1_778' title='bbox 3491 4368 3772 4416; x_wconf 89' lang='lat' dir='ltr'><strong>teneamus</strong></span> 
     </span>
    </p>
   </div>
   <div class='ocr_carea' id='block_1_105' title="bbox 2188 4447 3769 4518">
    <p class='ocr_par' dir='ltr' id='par_1_105' title="bbox 2188 4447 3769 4518">
     <span class='ocr_line' id='line_1_105' title="bbox 2188 4447 3769 4518; baseline 0 -15"><span class='ocrx_word' id='word_1_779' title='bbox 2188 4462 2435 4503; x_wconf 90' lang='lat' dir='ltr'><strong>normam</strong></span> <span class='ocrx_word' id='word_1_780' title='bbox 2459 4487 2474 4514; x_wconf 91' lang='lat'><strong>,</strong></span> <span class='ocrx_word' id='word_1_781' title='bbox 2505 4448 2550 4502; x_wconf 92' lang='lat' dir='ltr'><strong>si</strong></span> <span class='ocrx_word' id='word_1_782' title='bbox 2581 4447 2891 4518; x_wconf 89' lang='lat' dir='ltr'><strong>pertingere</strong></span> <span class='ocrx_word' id='word_1_783' title='bbox 2931 4447 3184 4517; x_wconf 90' lang='lat' dir='ltr'><strong>cupimus</strong></span> <span class='ocrx_word' id='word_1_784' title='bbox 3217 4448 3286 4502; x_wconf 90' lang='lat' dir='ltr'><strong>ad</strong></span> <span class='ocrx_word' id='word_1_785' title='bbox 3314 4463 3594 4504; x_wconf 90' lang='lat' dir='ltr'><strong>coronam.</strong></span> <span class='ocrx_word' id='word_1_786' title='bbox 3628 4449 3769 4504; x_wconf 87' lang='lat' dir='ltr'><strong>lnsi-</strong></span> 
     </span>
    </p>
   </div>
   <div class='ocr_carea' id='block_1_106' title="bbox 2116 4536 3771 4610">
    <p class='ocr_par' dir='ltr' id='par_1_106' title="bbox 2116 4536 3771 4610">
     <span class='ocr_line' id='line_1_106' title="bbox 2116 4536 3771 4610; baseline 0 -14"><span class='ocrx_word' id='word_1_787' title='bbox 2116 4539 2170 4602; x_wconf 91' lang='lat' dir='ltr'><strong>D</strong></span> <span class='ocrx_word' id='word_1_788' title='bbox 2195 4538 2460 4610; x_wconf 80' lang='lat' dir='ltr'><strong>gnisenim</strong></span> <span class='ocrx_word' id='word_1_789' title='bbox 2487 4538 2577 4593; x_wconf 90' lang='lat' dir='ltr'><strong>hic</strong></span> <span class='ocrx_word' id='word_1_790' title='bbox 2601 4539 2686 4592; x_wconf 89' lang='lat' dir='ltr'><strong>vir</strong></span> <span class='ocrx_word' id='word_1_791' title='bbox 2711 4545 2859 4593; x_wconf 91' lang='lat' dir='ltr'><strong>tanto</strong></span> <span class='ocrx_word' id='word_1_792' title='bbox 2887 4536 3166 4608; x_wconf 88' lang='lat' dir='ltr'><strong>religionis</strong></span> <span class='ocrx_word' id='word_1_793' title='bbox 3194 4549 3250 4593; x_wconf 92' lang='lat' dir='ltr'><strong>et</strong></span> <span class='ocrx_word' id='word_1_794' title='bbox 3277 4537 3579 4594; x_wconf 90' lang='lat' dir='ltr'><strong>honestatis</strong></span> <span class='ocrx_word' id='word_1_795' title='bbox 3603 4537 3771 4596; x_wconf 85' lang='lat' dir='ltr'><strong>fuisse</strong></span> 
     </span>
    </p>
   </div>
   <div class='ocr_carea' id='block_1_107' title="bbox 2193 4628 3770 4704">
    <p class='ocr_par' dir='ltr' id='par_1_107' title="bbox 2193 4628 3770 4704">
     <span class='ocr_line' id='line_1_107' title="bbox 2193 4628 3770 4704; baseline -0.002 -16"><span class='ocrx_word' id='word_1_796' title='bbox 2193 4630 2535 4704; x_wconf 87' lang='lat' dir='ltr'><strong>cognoscitur</strong></span> <span class='ocrx_word' id='word_1_797' title='bbox 2589 4629 2768 4684; x_wconf 88' lang='lat' dir='ltr'><strong>nitore</strong></span> <span class='ocrx_word' id='word_1_798' title='bbox 2819 4629 3176 4698; x_wconf 91' lang='lat' dir='ltr'><strong>conspicuus,</strong></span> <span class='ocrx_word' id='word_1_799' title='bbox 3232 4636 3342 4683; x_wconf 88' lang='lat' dir='ltr'><strong>tam</strong></span> <span class='ocrx_word' id='word_1_800' title='bbox 3394 4628 3770 4700; x_wconf 90' lang='lat' dir='ltr'><strong>multiplicium</strong></span> 
     </span>
    </p>
   </div>
   <div class='ocr_carea' id='block_1_108' title="bbox 2192 4719 3768 4790">
    <p class='ocr_par' dir='ltr' id='par_1_108' title="bbox 2192 4719 3768 4790">
     <span class='ocr_line' id='line_1_108' title="bbox 2192 4719 3768 4790; baseline -0.003 -11"><span class='ocrx_word' id='word_1_801' title='bbox 2192 4725 2454 4778; x_wconf 87' lang='lat' dir='ltr'><strong>virtutum</strong></span> <span class='ocrx_word' id='word_1_802' title='bbox 2500 4719 2722 4775; x_wconf 88' lang='lat' dir='ltr'><strong>ﬂoribus</strong></span> <span class='ocrx_word' id='word_1_803' title='bbox 2770 4719 3086 4786; x_wconf 89' lang='lat' dir='ltr'><strong>adornatus,</strong></span> <span class='ocrx_word' id='word_1_804' title='bbox 3124 4729 3204 4787; x_wconf 91' lang='lat' dir='ltr'><strong>ut,</strong></span> <span class='ocrx_word' id='word_1_805' title='bbox 3240 4719 3456 4790; x_wconf 90' lang='lat' dir='ltr'><strong>utrique</strong></span> <span class='ocrx_word' id='word_1_806' title='bbox 3490 4720 3768 4775; x_wconf 90' lang='lat' dir='ltr'><strong>hominum</strong></span> 
     </span>
    </p>
   </div>
   <div class='ocr_carea' id='block_1_109' title="bbox 2194 4809 3768 4884">
    <p class='ocr_par' dir='ltr' id='par_1_109' title="bbox 2194 4809 3768 4884">
     <span class='ocr_line' id='line_1_109' title="bbox 2194 4809 3768 4884; baseline -0.001 -16"><span class='ocrx_word' id='word_1_807' title='bbox 2194 4813 2380 4884; x_wconf 90' lang='lat' dir='ltr'><strong>generi</strong></span> <span class='ocrx_word' id='word_1_808' title='bbox 2416 4813 2608 4866; x_wconf 90' lang='lat' dir='ltr'><strong>ductor</strong></span> <span class='ocrx_word' id='word_1_809' title='bbox 2642 4810 2892 4876; x_wconf 88' lang='lat' dir='ltr'><strong>idoneus,</strong></span> <span class='ocrx_word' id='word_1_810' title='bbox 2943 4819 2999 4866; x_wconf 91' lang='lat' dir='ltr'><strong>et</strong></span> <span class='ocrx_word' id='word_1_811' title='bbox 3045 4811 3376 4882; x_wconf 85' lang='lat' dir='ltr'><strong>martyribus</strong></span> <span class='ocrx_word' id='word_1_812' title='bbox 3423 4809 3651 4868; x_wconf 85' lang='lat' dir='ltr'><strong>suﬂieiat</strong></span> <span class='ocrx_word' id='word_1_813' title='bbox 3701 4812 3768 4867; x_wconf 90' lang='lat' dir='ltr'><strong>ad</strong></span> 
     </span>
    </p>
   </div>
   <div class='ocr_carea' id='block_1_110' title="bbox 2194 4901 3768 4974">
    <p class='ocr_par' dir='ltr' id='par_1_110' title="bbox 2194 4901 3768 4974">
     <span class='ocr_line' id='line_1_110' title="bbox 2194 4901 3768 4974; baseline -0.002 -13"><span class='ocrx_word' id='word_1_814' title='bbox 2194 4902 2534 4974; x_wconf 80' lang='lat' dir='ltr'><strong>exemplum,</strong></span> <span class='ocrx_word' id='word_1_815' title='bbox 2575 4910 2630 4957; x_wconf 91' lang='lat' dir='ltr'><strong>et</strong></span> <span class='ocrx_word' id='word_1_816' title='bbox 2663 4901 2719 4955; x_wconf 91' lang='lat' dir='ltr'><strong>in</strong></span> <span class='ocrx_word' id='word_1_817' title='bbox 2757 4915 2892 4971; x_wconf 89' lang='lat' dir='ltr'><strong>pace</strong></span> <span class='ocrx_word' id='word_1_818' title='bbox 2932 4901 3240 4973; x_wconf 89' lang='lat' dir='ltr'><strong>degentium</strong></span> <span class='ocrx_word' id='word_1_819' title='bbox 3279 4903 3496 4958; x_wconf 90' lang='lat' dir='ltr'><strong>erudiat</strong></span> <span class='ocrx_word' id='word_1_820' title='bbox 3547 4901 3768 4958; x_wconf 80' lang='lat' dir='ltr'><strong>institu-</strong></span> 
     </span>
    </p>
   </div>
   <div class='ocr_carea' id='block_1_111' title="bbox 2197 4991 3768 5061">
    <p class='ocr_par' dir='ltr' id='par_1_111' title="bbox 2197 4991 3768 5061">
     <span class='ocr_line' id='line_1_111' title="bbox 2197 4991 3768 5061; baseline -0.003 -11"><span class='ocrx_word' id='word_1_821' title='bbox 2197 5004 2330 5050; x_wconf 90' lang='lat' dir='ltr'><strong>tum.</strong></span> <span class='ocrx_word' id='word_1_822' title='bbox 2369 4993 2468 5048; x_wconf 88' lang='lat' dir='ltr'><strong>Per</strong></span> <span class='ocrx_word' id='word_1_823' title='bbox 2501 4991 2740 5061; x_wconf 87' lang='lat' dir='ltr'><strong>regulam</strong></span> <span class='ocrx_word' id='word_1_824' title='bbox 2780 4991 2981 5061; x_wconf 90' lang='lat' dir='ltr'><strong>quippe</strong></span> <span class='ocrx_word' id='word_1_825' title='bbox 3017 4991 3264 5046; x_wconf 82' lang='lat' dir='ltr'><strong>dislricte</strong></span> <span class='ocrx_word' id='word_1_826' title='bbox 3295 4992 3509 5047; x_wconf 85' lang='lat' dir='ltr'><strong>vivendi</strong></span> <span class='ocrx_word' id='word_1_827' title='bbox 3549 4993 3615 5046; x_wconf 93' lang='lat' dir='ltr'><strong>ad</strong></span> <span class='ocrx_word' id='word_1_828' title='bbox 3653 4991 3768 5061; x_wconf 88' lang='lat' dir='ltr'><strong>pal-</strong></span> 
     </span>
    </p>
   </div>
   <div class='ocr_carea' id='block_1_112' title="bbox 2197 5082 3770 5153">
    <p class='ocr_par' dir='ltr' id='par_1_112' title="bbox 2197 5082 3770 5153">
     <span class='ocr_line' id='line_1_112' title="bbox 2197 5082 3770 5153; baseline -0.003 -13"><span class='ocrx_word' id='word_1_829' title='bbox 2197 5100 2343 5140; x_wconf 91' lang='lat' dir='ltr'><strong>mam</strong></span> <span class='ocrx_word' id='word_1_830' title='bbox 2377 5082 2578 5138; x_wconf 89' lang='lat' dir='ltr'><strong>meruit</strong></span> <span class='ocrx_word' id='word_1_831' title='bbox 2606 5083 2894 5152; x_wconf 90' lang='lat' dir='ltr'><strong>pervenire</strong></span> <span class='ocrx_word' id='word_1_832' title='bbox 2920 5082 3202 5153; x_wconf 90' lang='lat' dir='ltr'><strong>martyrii;</strong></span> <span class='ocrx_word' id='word_1_833' title='bbox 3233 5090 3288 5136; x_wconf 90' lang='lat' dir='ltr'><strong>et</strong></span> <span class='ocrx_word' id='word_1_834' title='bbox 3315 5082 3518 5137; x_wconf 90' lang='lat' dir='ltr'><strong>idcirco</strong></span> <span class='ocrx_word' id='word_1_835' title='bbox 3548 5082 3770 5136; x_wconf 88' lang='lat' dir='ltr'><strong>armatis</strong></span> 
     </span>
    </p>
   </div>
   <div class='ocr_carea' id='block_1_113' title="bbox 2197 5172 3766 5236">
    <p class='ocr_par' dir='ltr' id='par_1_113' title="bbox 2197 5172 3766 5236">
     <span class='ocr_line' id='line_1_113' title="bbox 2197 5172 3766 5236; baseline -0.005 -4"><span class='ocrx_word' id='word_1_836' title='bbox 2197 5175 2533 5233; x_wconf 88' lang='lat' dir='ltr'><strong>carniﬂcium</strong></span> <span class='ocrx_word' id='word_1_837' title='bbox 2590 5173 2841 5228; x_wconf 89' lang='lat' dir='ltr'><strong>manibus</strong></span> <span class='ocrx_word' id='word_1_838' title='bbox 2897 5173 2950 5227; x_wconf 93' lang='lat' dir='ltr'><strong>in</strong></span> <span class='ocrx_word' id='word_1_839' title='bbox 3003 5173 3252 5227; x_wconf 81' lang='lat' dir='ltr'><strong>examine</strong></span> <span class='ocrx_word' id='word_1_840' title='bbox 3297 5186 3402 5226; x_wconf 89' lang='lat' dir='ltr'><strong>non</strong></span> <span class='ocrx_word' id='word_1_841' title='bbox 3454 5172 3766 5236; x_wconf 90' lang='lat' dir='ltr'><strong>succubuit,</strong></span> 
     </span>
    </p>
   </div>
   <div class='ocr_carea' id='block_1_114' title="bbox 2196 5262 3767 5340">
    <p class='ocr_par' dir='ltr' id='par_1_114' title="bbox 2196 5262 3767 5340">
     <span class='ocr_line' id='line_1_114' title="bbox 2196 5262 3767 5340; baseline -0.003 -18"><span class='ocrx_word' id='word_1_842' title='bbox 2196 5270 2323 5340; x_wconf 90' lang='lat' dir='ltr'><strong>quia</strong></span> <span class='ocrx_word' id='word_1_843' title='bbox 2370 5267 2522 5337; x_wconf 90' lang='lat' dir='ltr'><strong>prius</strong></span> <span class='ocrx_word' id='word_1_844' title='bbox 2555 5263 2751 5320; x_wconf 89' lang='lat' dir='ltr'><strong>occulti</strong></span> <span class='ocrx_word' id='word_1_845' title='bbox 2788 5263 3122 5319; x_wconf 91' lang='lat' dir='ltr'><strong>insidiatoris</strong></span> <span class='ocrx_word' id='word_1_846' title='bbox 3158 5262 3434 5317; x_wconf 91' lang='lat' dir='ltr'><strong>machinas</strong></span> <span class='ocrx_word' id='word_1_847' title='bbox 3473 5278 3580 5317; x_wconf 89' lang='lat' dir='ltr'><strong>non</strong></span> <span class='ocrx_word' id='word_1_848' title='bbox 3613 5277 3767 5317; x_wconf 87' lang='lat' dir='ltr'><strong>ener-</strong></span> 
     </span>
    </p>
   </div>
   <div class='ocr_carea' id='block_1_115' title="bbox 2197 5356 3768 5432">
    <p class='ocr_par' dir='ltr' id='par_1_115' title="bbox 2197 5356 3768 5432">
     <span class='ocr_line' id='line_1_115' title="bbox 2197 5356 3768 5432; baseline -0.008 -10"><span class='ocrx_word' id='word_1_849' title='bbox 2197 5367 2339 5421; x_wconf 90' lang='lat' dir='ltr'><strong>viter</strong></span> <span class='ocrx_word' id='word_1_850' title='bbox 2383 5361 2678 5432; x_wconf 90' lang='lat' dir='ltr'><strong>superavit.</strong></span> <span class='ocrx_word' id='word_1_851' title='bbox 2729 5359 2850 5414; x_wconf 84' lang='lat' dir='ltr'><strong>Ideo</strong></span> <span class='ocrx_word' id='word_1_852' title='bbox 2895 5357 3248 5428; x_wconf 84' lang='lat' dir='ltr'><strong>triumphavit</strong></span> <span class='ocrx_word' id='word_1_853' title='bbox 3296 5356 3351 5410; x_wconf 89' lang='lat' dir='ltr'><strong>in</strong></span> <span class='ocrx_word' id='word_1_854' title='bbox 3390 5357 3598 5422; x_wconf 92' lang='lat' dir='ltr'><strong>stadio,</strong></span> <span class='ocrx_word' id='word_1_855' title='bbox 3644 5357 3768 5425; x_wconf 88' lang='lat' dir='ltr'><strong>quia</strong></span> 
     </span>
    </p>
   </div>
   <div class='ocr_carea' id='block_1_116' title="bbox 2198 5447 3640 5518">
    <p class='ocr_par' dir='ltr' id='par_1_116' title="bbox 2198 5447 3640 5518">
     <span class='ocr_line' id='line_1_116' title="bbox 2198 5447 3640 5518; baseline -0.008 -5"><span class='ocrx_word' id='word_1_856' title='bbox 2198 5455 2394 5513; x_wconf 89' lang='lat' dir='ltr'><strong>occulti</strong></span> <span class='ocrx_word' id='word_1_857' title='bbox 2430 5453 2602 5508; x_wconf 88' lang='lat' dir='ltr'><strong>hostis</strong></span> <span class='ocrx_word' id='word_1_858' title='bbox 2634 5450 2857 5506; x_wconf 86' lang='lat' dir='ltr'><strong>insidias</strong></span> <span class='ocrx_word' id='word_1_859' title='bbox 2887 5455 3290 5518; x_wconf 90' lang='lat' dir='ltr'><strong>contempserat</strong></span> <span class='ocrx_word' id='word_1_860' title='bbox 3321 5447 3375 5501; x_wconf 91' lang='lat' dir='ltr'><strong>in</strong></span> <span class='ocrx_word' id='word_1_861' title='bbox 3406 5448 3640 5502; x_wconf 87' lang='lat' dir='ltr'><strong>occulto.</strong></span> 
     </span>
    </p>
   </div>
   <div class='ocr_carea' id='block_1_117' title="bbox 2268 5537 3770 5608">
    <p class='ocr_par' dir='ltr' id='par_1_117' title="bbox 2268 5537 3770 5608">
     <span class='ocr_line' id='line_1_117' title="bbox 2268 5537 3770 5608; baseline -0.009 -7"><span class='ocrx_word' id='word_1_862' title='bbox 2268 5545 2350 5602; x_wconf 89' lang='lat' dir='ltr'><strong>Ob</strong></span> <span class='ocrx_word' id='word_1_863' title='bbox 2397 5546 2500 5600; x_wconf 83' lang='lat' dir='ltr'><strong>hoc</strong></span> <span class='ocrx_word' id='word_1_864' title='bbox 2544 5556 2730 5598; x_wconf 87' lang='lat' dir='ltr'><strong>semen</strong></span> <span class='ocrx_word' id='word_1_865' title='bbox 2770 5539 2922 5594; x_wconf 88' lang='lat' dir='ltr'><strong>verbi</strong></span> <span class='ocrx_word' id='word_1_866' title='bbox 2959 5539 3075 5608; x_wconf 86' lang='lat' dir='ltr'><strong>ejus</strong></span> <span class='ocrx_word' id='word_1_867' title='bbox 3113 5537 3167 5591; x_wconf 91' lang='lat' dir='ltr'><strong>in</strong></span> <span class='ocrx_word' id='word_1_868' title='bbox 3207 5537 3367 5591; x_wconf 91' lang='lat' dir='ltr'><strong>alieni</strong></span> <span class='ocrx_word' id='word_1_869' title='bbox 3415 5537 3594 5591; x_wconf 87' lang='lat' dir='ltr'><strong>cordis</strong></span> <span class='ocrx_word' id='word_1_870' title='bbox 3640 5549 3770 5604; x_wconf 87' lang='lat' dir='ltr'><strong>agro</strong></span> 
     </span>
    </p>
   </div>
   <div class='ocr_carea' id='block_1_118' title="bbox 2199 5624 3770 5704">
    <p class='ocr_par' dir='ltr' id='par_1_118' title="bbox 2199 5624 3770 5704">
     <span class='ocr_line' id='line_1_118' title="bbox 2199 5624 3770 5704; baseline -0.01 -10"><span class='ocrx_word' id='word_1_871' title='bbox 2199 5636 2500 5701; x_wconf 88' lang='lat' dir='ltr'><strong>convaluit,</strong></span> <span class='ocrx_word' id='word_1_872' title='bbox 2537 5634 2663 5704; x_wconf 89' lang='lat' dir='ltr'><strong>quia</strong></span> <span class='ocrx_word' id='word_1_873' title='bbox 2699 5630 2850 5701; x_wconf 88' lang='lat' dir='ltr'><strong>prius</strong></span> <span class='ocrx_word' id='word_1_874' title='bbox 2886 5628 2954 5683; x_wconf 89' lang='lat' dir='ltr'><strong>ad</strong></span> <span class='ocrx_word' id='word_1_875' title='bbox 2993 5627 3363 5683; x_wconf 89' lang='lat' dir='ltr'><strong>maturitatem</strong></span> <span class='ocrx_word' id='word_1_876' title='bbox 3404 5624 3644 5694; x_wconf 83' lang='lat' dir='ltr'><strong>ejusdem</strong></span> <span class='ocrx_word' id='word_1_877' title='bbox 3684 5639 3770 5679; x_wconf 88' lang='lat' dir='ltr'><strong>sa-</strong></span> 
     </span>
    </p>
   </div>
   <div class='ocr_carea' id='block_1_119' title="bbox 2202 5712 3765 5798">
    <p class='ocr_par' dir='ltr' id='par_1_119' title="bbox 2202 5712 3765 5798">
     <span class='ocr_line' id='line_1_119' title="bbox 2202 5712 3765 5798; baseline -0.013 -14"><span class='ocrx_word' id='word_1_878' title='bbox 2202 5728 2334 5786; x_wconf 85' lang='lat' dir='ltr'><strong>toris</strong></span> <span class='ocrx_word' id='word_1_879' title='bbox 2371 5724 2685 5798; x_wconf 86' lang='lat' dir='ltr'><strong>operatione</strong></span> <span class='ocrx_word' id='word_1_880' title='bbox 2716 5718 2985 5792; x_wconf 89' lang='lat' dir='ltr'><strong>pervenit.</strong></span> <span class='ocrx_word' id='word_1_881' title='bbox 3023 5717 3290 5774; x_wconf 86' lang='lat' dir='ltr'><strong>Nimirum</strong></span> <span class='ocrx_word' id='word_1_882' title='bbox 3324 5714 3653 5771; x_wconf 74' lang='lat' dir='ltr'><strong>Praedicator</strong></span> <span class='ocrx_word' id='word_1_883' title='bbox 3683 5712 3765 5765; x_wconf 82' lang='lat' dir='ltr'><strong>in-</strong></span> 
     </span>
    </p>
   </div>
  </div>
