4184 6454
405 351 509 406 709

1714 363 1947 419 SER-M0
2010 367 2248 422 λλλιλ.

3558 395 3661 448 ‘HO

405 468 604 537 signis,
659 464 817 536 quia,
870 469 1025 539 juxta
1082 470 1339 528 Veritatis
1386 488 1572 528 vocem
1593 514 1608 538 ,
1658 475 1748 529 lux
1794 477 1976 531 mundi
2005 488 2053 546 Α
2083 477 2220 532 tincs
2251 481 2618 552 margaritam.
2645 483 2980 544 'l‘liesaurum
3003 506 3204 562 servas,
3233 499 3446 555 cuinon
3474 518 3662 562 aurum

404 555 569 623 hujus
597 565 715 608 erat
745 557 763 626 (
788 556 949 610 Joun.
982 559 1072 627 ι),
1113 559 1291 616 lumen
1332 562 1585 618 cordibus
1619 563 1975 631 infundebat,

402 645 582 714 ignem
617 647 769 702 verbi
811 650 1116 703 auditorum
1152 651 1427 706 mentibus
1466 653 1784 723 ingerebat,
1827 665 1881 709 et
1920 655 1974 709 in

400 736 611 790 unitate
655 737 780 792 lidei
819 739 965 792 velut
1000 756 1164 794 unum
1204 757 1399 812 corpus
1437 743 1774 798 diversorum
1812 747 1974 801 corde

401 824 687 880 conﬁabat.
730 826 880 895 Quod
915 828 1156 897 profecto
1203 833 1520 900 mysterium
1571 834 1780 904 Moyses
1830 835 1972 890 desi-

397 921 711 983 gnat,vcum
744 915 912 970 dicit:
945 933 964 967 ι
997 916 1170 971 Tollet
1195 921 1451 975 sacerdos
1479 920 1737 991 pugillum
1761 922 1969 989 simila,

2079 565 2236 636 digne
2282 570 2538 636 conferri,
2573 589 2679 628 non
2711 576 2815 632 ulla
2861 583 3228 649 quarumlibet
3256 603 3417 659 opum
3448 609 3658 654 summa
3703 621 3708 629 ·

2076 655 2218 709 valet
2240 660 2466 728 :equari.
2505 660 2658 716 Unde
2679 680 2784 719 non
2822 667 2938 736 jam
2978 670 3213 728 Aritium
3241 655 3308 732 es
3339 695 3490 738 more
3514 686 3653 740 dica-

2074 751 2172 815 ris,
2218 755 2457 822 quodab
2487 757 2738 814 ariditate
2772 769 2930 817 terrae
2970 765 3065 820 tibi
3094 779 3308 826 constat
3333 788 3527 830 nomen
3556 779 3660 833 im-

2071 839 2331 908 positum,
2390 843 2484 897 sed
2535 854 2591 899 tu
2636 848 2908 904 Auritium
2954 854 3133 922 potius
3186 874 3214 912 a
3264 864 3658 930 pretiosissimo

2070 926 2278 983 scilicet
2318 931 2458 986 sacri
2487 934 2768 993 cadaveris
2790 954 2945 1007 auro,
2970 945 3113 1012 quod
3143 946 3197 1000 in
3227 926 3328 1006 tuis
3357 953 3656 1015 visceribus

397 1017 520 1071 quae
550 1017 845 1071 conspersa
877 1013 962 1060 est
990 1005 1111 1062 oleo
1129 1047 1144 1074 ,
1174 1016 1230 1062 et
1261 1016 1431 1063 totum
1463 1010 1615 1076 tbus,
1645 1013 1787 1080 quod
1811 1027 1973 1081 super
2068 1019 2328 1083 probatur
2355 1021 2644 1079 occultum.

395 1089 631 1145 similam
683 1093 919 1162 positum
955 1105 1078 1161 est;
1139 1095 1486 1166 adolebitque
1519 1097 1648 1153 illud
1683 1099 1738 1153 in
1773 1098 1965 1166 altari,

391 1179 448 1235 in
489 1182 878 1238 monimentum
925 1184 1108 1242 odoris
1154 1187 1461 1242 suavissimi
1498 1190 1725 1246 Domino
1759 1191 1964 1260 (Leuit.

388 1269 510 1342 vr).
542 1288 563 1324 ι
593 1272 732 1338 Quid
768 1273 914 1329 enim
950 1290 1047 1344 per
1078 1276 1345 1344 similam,
1383 1279 1488 1333 nisi
1533 1289 1719 1334 sancta
1763 1281 1968 1337 electo-

390 1375 514 1415 rum
540 1361 854 1432 designatur
883 1363 1170 1420 Ecclesia?
1204 1367 1333 1434 Quae
1370 1368 1626 1423 nimirum
1665 1370 1793 1425 dum
1827 1386 1959 1426 eon-

388 1451 732 1507 venientibus
757 1454 987 1510 invicem
1019 1457 1354 1512 credentium
1383 1458 1654 1531 colligitur
1681 1463 1958 1529 membris,

387 1540 542 1608 quasi
579 1543 755 1597 simila
794 1559 861 1598 ex
900 1546 1084 1601 multis
1127 1545 1382 1602 frumenti
1421 1550 1799 1621 conspergitur
1831 1567 1958 1622 gra-

385 1631 492 1686 nis.
535 1631 603 1684 Et
637 1633 779 1688 sicut
811 1636 988 1692 simila
1027 1638 1171 1693 inter
1203 1638 1402 1694 molam
1439 1653 1726 1712 utramque
1775 1653 1958 1698 conte-

384 1721 544 1787 ritur,
577 1733 636 1778 ut
664 1739 693 1778 a
725 1724 914 1780 farinae
938 1727 1152 1799 siligine
1180 1732 1498 1786 cantabrum
1529 1743 1849 1803 separetur:
1879 1737 1954 1790 ita

2140 1111 2299 1167 Beata
2343 1115 2504 1184 igitur
2542 1126 2597 1172 et
2637 1119 2787 1175 dives
2831 1130 2992 1178 terrae
3037 1139 3193 1193 vena,
3235 1145 3354 1199 quae
3379 1137 3533 1204 quasi
3563 1154 3652 1194 su-

2064 1217 2235 1272 perno
2257 1205 2371 1275 regi
2406 1205 2545 1263 facta
2577 1211 2924 1280 depositaria,
2967 1216 3092 1271 illud
3121 1223 3363 1277 recondit
3387 1225 3648 1284 talentum

2064 1296 2177 1349 suis
2217 1295 2416 1352 ﬁnibus
2443 1302 2730 1368 creditum,
2760 1307 2902 1373 quod
2931 1309 2983 1362 in
3018 1310 3104 1365 die
3131 1314 3492 1373 restitutionis
3530 1336 3646 1375 coe-

2062 1382 2286 1479 lestibus
2315 1397 2398 1442 est
2425 1391 2823 1462 gazOphylaciis
2853 1395 3217 1469 inferendum,
3246 1405 3335 1459 ubi
3357 1407 3466 1461 vivi
3511 1408 3651 1479 lapi-

2062 1470 2157 1528 des
2196 1481 2252 1528 et
2303 1475 2458 1544 igniti
2498 1488 2760 1547 perpetuo
2805 1481 3068 1552 rutilant,
3114 1488 3205 1545 ubi
3252 1492 3483 1548 triclinia
3513 1470 3646 1554 auro

2060 1561 2327 1618 radiantia
2363 1576 2648 1622 vernantes
2678 1574 2984 1642 margaritae
3023 1575 3323 1638 luculenter
3359 1597 3642 1642 exornant.

2057 1647 2211 1714 Quod
2260 1652 2514 1708 nimirum
2561 1664 2687 1710 tunc
2732 1658 3100 1719 indubitanter
3145 1666 3475 1739 implebitur,
3517 1690 3641 1732 cum

2049 1735 2299 1806 jubilaeus
2324 1751 2507 1798 noster
2552 1746 2856 1814 advenerit,
2909 1767 3031 1805 cum
3077 1735 3318 1812 extrema
3368 1735 3467 1819 illa
3514 1765 3642 1821 tuba

387 1812 536 1867 velut
583 1815 726 1871 inter
763 1817 920 1886 duas,
960 1819 1094 1890 legis
1121 1821 1327 1878 scilicet
1356 1832 1412 1878 et
1448 1824 1750 1896 Evangelii,
1789 1828 1958 1884 molas
1986 1833 2033 1892 B
2062 1842 2166 1881 non
2207 1829 2318 1898 jam
2368 1831 2576 1902 legalis,
2623 1835 2716 1889 sed
2763 1812 3062 1904 iudicialis.
3083 1842 3340 1915 clangere

382 1912 570 1957 sancta
621 1905 860 1962 Ecclesia
897 1910 1204 1981 stringitur,
1245 1921 1304 1966 ut
1343 1912 1539 1968 litterae
1577 1917 1889 1986 superﬁcies
1923 1935 1954 1973 a

383 1995 615 2050 medulla
645 1999 866 2067 spiritus
889 2000 1244 2058 discernatur.
1272 2004 1400 2071 Quae
1422 2006 1671 2062 videlicet
1690 2008 1950 2076 Ecclesia,

384 2093 444 2136 ut
472 2100 658 2140 revera
687 2089 982 2157 spiritualis
1010 2092 1210 2159 simila,
1240 2094 1364 2148 dum
1393 2111 1490 2164 per
1519 2112 1712 2166 aquam
1745 2101 1950 2169 baptis-

379 2175 540 2229 matis
586 2177 821 2233 adunata
844 2220 859 2246 ,
901 2191 956 2235 et
989 2182 1109 2238 oleo
1143 2183 1466 2240 Chrismatis
1503 2195 1588 2242 est
1623 2204 1941 2258 conspersa,

379 2262 504 2332 igne
544 2279 760 2336 quoque
809 2272 982 2325 sancti
1031 2271 1271 2342 Spiritus
1316 2275 1580 2342 solidata,
1631 2278 1735 2345 sit,
1788 2280 1946 2348 juxta

376 2350 728 2420 Apostolum:
761 2373 779 2406 ι
813 2356 999 2413 Hostia
1039 2359 1148 2415 Deo
1183 2363 1576 2434 beneplacens,
1615 2375 1671 2421 et
1708 2368 1948 2436 perfecta

379 2437 571 2530 (Bent.
602 2443 1002 2514 x11).t_’l‘bure
1050 2459 1265 2518 autem,
1310 2456 1454 2523 quod
1500 2459 1733 2525 positum
1782 2475 1947 2530 super

377 2528 609 2584 similam
659 2533 879 2603 dicitur,
915 2537 1155 2606 ejusdem
1195 2541 1448 2598 Ecclesiae
1483 2547 1657 2602 oratio
1694 2528 1943 2621 designa-

380 2623 485 2670 tur.
515 2617 667 2675 Sicut
709 2622 762 2676 in
810 2624 1130 2699 Apocalypsi
1181 2629 1405 2687 Joannis
1449 2636 1780 2704 ostenditur,
1814 2617 1942 2695 cum

378 2709 508 2764 dicit
547 2729 560 2764 :
612 2731 631 2763 ι
661 2713 794 2780 Quia
838 2718 1032 2786 phialae
1081 2721 1253 2791 plenae
1298 2724 1772 2782 odoramentorum
1819 2738 1945 2785 sunt

377 2801 650 2858 orationes
681 2816 993 2863 sanctorum
1024 2811 1222 2882 (Apoc.
1257 2830 1285 2868 v
1307 2814 1348 2886 ).
1383 2835 1402 2867 ι

447 2916 598 2973 llanc
645 2920 826 2990 itaque
887 2925 1115 2980 similam
1165 2927 1275 2983 Deo
1329 2931 1519 2986 beatus
1579 2935 1832 2991 sacerdos
1889 2944 1944 2990 et

375 3016 586 3077 martyr
616 3007 856 3065 Donatus
888 3013 1116 3078 obtulit,
1148 3025 1203 3069 et
1231 3017 1282 3069 in
1319 3019 1709 3074 monimentum
1736 3023 1946 3078 suavis.

374 3096 498 3150 simi
528 3098 714 3154 odoris
747 3101 1000 3168 adolevit,
1029 3121 1150 3158 cum
1185 3106 1393 3174 plebem
1423 3109 1702 3178 gentilium
1727 3112 1782 3166 in
1818 3113 1941 3168 uni-

2057 1916 2209 1973 Sicut
2229 1922 2371 1975 enim
2384 1924 2650 1992 septimus
2667 1926 2802 1994 dies,
2829 1927 2903 1982 ita
2929 1937 2981 1985 et
3001 1931 3252 2002 jubilaeus
3267 1951 3439 1995 annus
3453 1916 3640 2000 feriart

2053 2001 2384 2081 praecipitur,
2412 2031 2510 2086 per
2540 2032 2698 2088 quem
2730 2020 2982 2078 videlicet
3008 2001 3239 2082 aeternae
3263 2030 3386 2086 vitae
3421 2036 3636 2104 requies

2053 2098 2334 2169 ﬁguratur.

2121 2189 2452 2247 Adveniente
2502 2193 2663 2264 igitur
2713 2194 2936 2253 Jubilaeo
2987 2200 3114 2256 tuba
3136 2203 3303 2270 canit,
3331 2214 3387 2261 et
3408 2223 3534 2264 mox
3562 2211 3631 2265 ad

2053 2280 2304 2349 antiquas
2329 2285 2696 2352 possessiones
2725 2301 2855 2342 suas
2878 2290 3249 2361 unusquisque
3295 2299 3626 2366 revertitur;

2051 2369 2196 2438 quia,
2227 2373 2694 2444 appropinquante
2722 2375 2967 2445 judicio:
3018 2378 3074 2433 ln
3125 2395 3257 2437 voce
3285 2383 3630 2458 Archangeli,

2049 2457 2104 2512 in
2138 2462 2426 2516 novissima
2462 2464 2589 2519 tuba
2622 2463 2674 2536 (I
2723 2464 3000 2538 Themv),
3048 2471 3259 2526 cunctis
3311 2457 3632 2532 mortalibus

2047 2563 2268 2604 suorum
2328 2567 2616 2623 corporum
2677 2558 2948 2624 possessio
3003 2569 3307 2630 reparatur.
3372 2564 3629 2624 Testante

2044 2642 2244 2696 etenim
2291 2641 2498 2699 Paulo:
2544 2661 2564 2697 ι
2609 2644 2778 2700 Canet
2808 2647 2964 2713 tuba,
3014 2657 3066 2703 et
3105 2652 3302 2704 mortui
3345 2666 3628 2726 resurgunt

2045 2729 2341 2802 incorrupti
2374 2733 2426 2803 (Ι
2462 2733 2584 2788 Cor.
2623 2740 2734 2806 xv).
2783 2755 2802 2788 ι
2845 2735 3025 2791 Beatae
3051 2738 3155 2792 illae
3185 2740 3396 2805 anima),
3429 2742 3627 2800 fratres

2044 2821 2174 2885 mei,
2226 2837 2345 2892 quae
2397 2831 2542 2890 tunc,
2575 2825 2700 2878 dum
2755 2825 2868 2879 suis
2910 2839 2968 2879 se
3013 2829 3329 2897 corporibus
3373 2829 3621 2900 induunt,

2042 2923 2352 2968 sanctorum
2384 2925 2678 2988 martyrum
2706 2917 3046 2986 participium
3077 2920 3395 2974 sortiuntur.
3445 2919 3618 2991 Beati,

2044 3000 2136 3070 qui
2162 3001 2241 3056 sic
2271 3018 2414 3057 nunc
2437 3005 2501 3057 ad
2531 3014 2843 3058 sanctorum
2890 3007 3177 3061 memorias
3223 3010 3522 3076 excubant,
3564 3021 3626 3065 ut

2045 3104 2234 3144 eorum
2261 3092 2362 3146 sibi
2401 3093 2468 3146 ad
2515 3093 2830 3147 imitandum
2887 3110 3100 3164 semper
3143 3099 3389 3166 exempla
3431 3115 3624 3170 propo-

375 3193 486 3240 tate
513 3187 734 3256 spiritus
759 3192 825 3244 ad
856 3193 979 3247 ﬁdei
1015 3205 1353 3251 sacramenta
1390 3162 1672 3254 convertit.
1707 3199 1944 3259 Fructus

2045 3189 2212 3246 nant;
2245 3181 2335 3250 qui
2366 3183 2443 3236 sic
2468 3197 2652 3236 eorum
2680 3162 3048 3241 solemnitatem
3078 3187 3344 3244 laudando
3372 3191 3622 3261 frequen-

372 3273 635 3342 siquideni
683 3279 982 3335 animarum
1031 3283 1085 3337 ir.
1128 3295 1421 3354 conspectu
1464 3288 1559 3342 Dei
1606 3290 1936 3361 fragrantius

371 3363 610 3429 redolet,
642 3379 804 3435 quam
827 3367 931 3422 ulla
957 3372 1193 3427 suavitas
1218 3373 1376 3446 194
1394 3377 1805 3432 sacriﬁciorum.
1825 3378 1941 3434 Hoc

370 3455 713 3522 sacriﬁcium,
742 3456 935 3515 fratres
966 3461 1092 3527 mei,
1141 3478 1262 3517 cum
1306 3465 1465 3520 beato
1510 3468 1714 3522 Donato
1742 3479 1798 3524 et
1840 3485 1939 3526 nos

367 3561 467 3616 pro
493 3547 704 3602 modulo
727 3559 913 3604 nostro
933 3566 1145 3621 semper
1166 3554 1276 3608 Deo
1305 3556 1613 3612 studeamus
1641 3557 1854 3626 offerre,
1880 3569 1938 3616 ut

368 3650 474 3690 non
504 3637 672 3692 solum
703 3641 770 3693 de
797 3649 979 3695 nostra
1009 3643 1181 3698 salute
1209 3643 1443 3712 solliciti,
1493 3648 1586 3702 sed
1630 3649 1696 3704 ad
1721 3648 1937 3705 lucran-

367 3727 464 3781 das
513 3728 677 3782 etiam
731 3731 1100 3799 proximorum
1156 3743 1460 3789 nostrorum
1514 3737 1722 3794 animas
1765 3739 1935 3796 simus

366 3816 593 3872 solerter
617 3820 806 3874 intenti
833 3837 848 3886 ;
890 3831 1174 3890 quatenus,
1201 3823 1326 3880 dum
1356 3826 1637 3883 cbaritatis
1676 3829 1851 3885 hostia
1880 3831 1934 3886 in

366 3920 458 3959 ara
486 3907 652 3962 nostri
682 3911 914 3978 pectoris
961 3912 1226 3979 adoletur,
1264 3915 1332 3968 ab
1362 3915 1454 3971 illo
1483 3917 1810 3975 sacriﬁcium
1837 3937 1934 3976 no—

363 4003 532 4049 strum
573 4006 845 4052 mereatur
875 3999 928 4053 in
956 3999 1178 4056 odorem
1221 4003 1506 4060 suavitatis
1529 4006 1720 4076 accipi,
1751 4009 1840 4078 qui
1877 4009 1930 4065 in

361 4100 455 4139 ara
484 4087 660 4143 crucis
688 4103 785 4158 pro
815 4089 988 4145 Salute
1016 4099 1199 4146 nostra
1225 4093 1474 4165 d‘gnatus
1515 4104 1600 4151 est
1641 4098 1930 4154 immolari.

432 4197 606 4254 Tanto
653 4211 915 4269 praeterea
960 4203 1046 4257 vir
1083 4212 1303 4260 sanctus
1352 4205 1497 4262 circa
1549 4223 1676 4264 suos
1717 4222 1930 4282 quoque

359 4289 482 4343 lidei
512 4290 628 4346 zelo
662 4291 922 4358 fervebat,
970 4302 1029 4346 ut
1053 4295 1277 4364 gentiles
1308 4296 1483 4352 adhuc
1506 4311 1628 4352 eum
1680 4310 1930 4369 parentes

359 4378 674 4448 abjicerent,
719 4389 773 4434 et
818 4381 970 4436 dulce
1013 4384 1207 4452 pignus
1267 4400 1297 4438 a
1345 4385 1458 4440 suis
1501 4401 1722 4456 prorsus
1765 4388 1928 4446 aﬁ‘ec-

360 4469 502 4524 tibus
557 4469 903 4536 abdicarent;
955 4473 1048 4526 sed
1091 4475 1430 4542 postmodum
1486 4490 1582 4530 eos
1625 4486 1680 4530 et
1715 4478 1779 4530 ad
1803 4478 1924 4534 ﬁdei

357 4557 675 4612 Christianae
703 4567 1039 4614 sacramenta
1066 4559 1334 4629 perduxit,
1361 4569 1415 4616 et
1443 4561 1661 4634 insuper
1689 4565 1757 4618 ad
1786 4581 1930 4619 mar-

357 4646 555 4716 tyrium
586 4647 689 4703 sibi
713 4662 948 4718 congrua
977 4649 1317 4704 ordinatione
1335 4652 1614 4721 praemisit.
1645 4653 1796 4709 Unde
1820 4655 1931 4710 cla-

356 4750 449 4790 rus
495 4737 597 4790 iste
637 4737 779 4804 inter
817 4737 1005 4792 beatos
1045 4750 1310 4810 martyres
1339 4738 1462 4810 jure
1494 4745 1792 4800 censendus
1821 4754 1926 4809 est,

355 4831 446 4899 qui
481 4830 620 4885 ﬁlius
649 4830 808 4885 simul
835 4840 888 4885 et
908 4839 1064 4899 pater
1081 4840 1166 4886 est
1192 4844 1510 4904 martyrum.
1542 4835 1708 4891 Filius
1742 4838 1926 4907 utique

353 4934 452 4990 per
481 4927 728 4973 naturam
754 4936 770 4984 ;
803 4928 958 4988 pater
985 4935 1081 4990 per
1110 4921 1317 4976 collata:
1340 4922 1464 4977 ﬁdei
1503 4926 1756 4992 gratiam,
1800 4943 1924 4983 eos-

353 5027 460 5081 que
503 5021 651 5081 grata
698 5011 1066 5066 vicissitudine
1093 5011 1274 5079 genuit
1301 5011 1430 5076 Deo,
1471 5029 1498 5066 a
1530 5016 1722 5083 quibus
1749 5017 1922 5072 fuerat

355 5104 567 5174 genitus
588 5102 807 5156 mundo.
835 5102 983 5155 Beati
1004 5101 1093 5170 qui
1117 5101 1170 5155 in
1192 5103 1500 5157 haereditate
1525 5113 1736 5160 terrena
1762 5107 1918 5161 talem

355 5205 589 5262 genuere
650 5201 938 5262 parentes,
982 5209 1079 5263 per
1127 5208 1285 5262 quem
1348 5195 1593 5250 videlicet
1654 5197 1707 5251 in
1776 5209 1919 5255 terra

359 5282 645 5336 viventium
717 5297 1072 5352 supernorum
1142 5283 1272 5337 ﬁunt
1332 5284 1528 5338 civium
1591 5288 1911 5343 colueredes.

359 5371 560 5427 Laetare
589 5369 877 5433 ettu,felix
907 5374 1159 5438 Aritium,
1199 5375 1340 5445 quod
1381 5375 1536 5428 talem
1579 5379 1819 5433 meruisti
1851 5396 1916 5434 ex

357 5467 532 5518 divina
586 5465 906 5520 liberalitate
953 5475 1256 5535 patronum.
1305 5465 1530 5530 Lcetarc,
1576 5467 1814 5535 inquam,
1866 5479 1921 5524 et

359 5557 482 5610 totis
533 5558 584 5609 iu
637 5557 862 5610 Domino
915 5557 1210 5612 visceribus
1250 5557 1546 5626 gratulare;
1589 5559 1736 5626 quia,
1793 5561 1917 5615 dum

357 5647 494 5700 sacri
531 5647 771 5714 corporis
813 5647 863 5700 in
915 5657 1005 5700 tuo
1031 5647 1234 5715 gremio
1271 5645 1522 5702 coufovcs
1543 5647 1769 5717 glebam,
1799 5650 1916 5703 dia-

357 5738 582 5792 dematis
614 5737 827 5798 superni
858 5737 998 5800 regis
1017 5737 1328 5793 solemniter
1357 5735 1760 5803 imprime-udam
1789 5753 1917 5794 con-

2045 3280 2180 3334 tant.
2211 3282 2270 3326 ut
2302 3281 2477 3326 tamen
2519 3273 2748 3328 vivendo
2775 3275 2844 3328 ab
2871 3289 3060 3330 eorum
3092 3279 3308 3334 tramite
3342 3297 3446 3334 non
3478 3297 3626 3338 rece-

2043 3360 2189 3414 dant.
2237 3359 2464 3414 Sanctos
2491 3362 2634 3415 enim
2661 3371 2927 3432 martyres
2963 3366 3260 3433 sequimur,
3290 3371 3360 3434 si,
3388 3371 3514 3425 dum
3545 3373 3622 3429 illi

2037 3467 2260 3508 suorum
2318 3463 2759 3523 contempserunt
2806 3470 3094 3524 corporum
3145 3462 3456 3527 passiones,
3516 3478 3618 3520 nos

2038 3544 2200 3598 etiam
2229 3544 2409 3598 carnis
2438 3555 2638 3598 nostra:
2664 3546 2977 3601 studeamus
3005 3547 3256 3619 frangere
3284 3551 3611 3609 Voluntates.

2110 3633 2269 3706 195
2287 3633 2617 3689 Veneremur
2645 3621 2845 3706 itaque,
2865 3635 3078 3703 fratres,
3095 3647 3150 3693 et
3177 3641 3316 3694 votis
3344 3656 3408 3696 ac
3437 3642 3614 3714 dignis

2036 3724 2363 3781 honoremus
2383 3725 2653 3795 obsequiis
2677 3727 2861 3782 beatos
2883 3728 3016 3783 istos
3037 3738 3325 3801 martyres,
3350 3733 3613 3789 Donatum

2035 3815 2281 3873 videlicet
2310 3827 2472 3886 atque
2493 3815 2862 3872 Hilarianum:
2885 3833 2982 3888 per
2995 3833 3148 3888 quos,
3175 3831 3428 3888 tanquam
3450 3823 3615 3892 gemi-

2035 3922 2134 3962 nos
2175 3908 2388 3978 superni
2425 3906 2644 3962 luminis
2666 3908 2874 3976 oculos,
2919 3910 3258 3980 omnipotens
3285 3913 3424 3966 Deus
3450 3914 3616 3970 totius

2034 3997 2243 4055 Tuscia:
2281 4012 2478 4068 corpus
2523 3997 2689 4053 voluit
2731 3998 3041 4066 illustrare;
3071 4007 3151 4066 ut,
3195 4001 3321 4056 dum
3350 4001 3614 4072 gloriosos

2032 4099 2298 4159 martyres
2323 4104 2466 4144 nunc
2494 4089 2724 4144 amando
2754 4097 2809 4144 et
2839 4090 3097 4145 imitando
3117 4093 3517 4161 prosequimur,
3542 4095 3610 4150 ad

2031 4179 2411 4249 imperatorem
2461 4189 2780 4251 martyrum,
2811 4181 2940 4250 ipsis
2971 4181 3449 4250 intercedentibus,
3486 4200 3614 4255 per-

2029 4273 2216 4327 venire
2251 4285 2576 4336 mereamur,
2623 4270 2909 4326 Dominum
2947 4279 3192 4328 nostrum
3233 4273 3417 4329 Jesum
3456 4267 3614 4332 Chri-

2030 4370 2193 4424 stum,
2221 4360 2311 4430 qui
2351 4376 2470 4416 cum
2500 4361 2608 4415 Deo
2636 4359 2796 4418 Patre
2821 4371 2875 4416 et
2917 4359 3121 4431 Spiritu
3153 4371 3343 4420 sancto
3381 4365 3517 4421 vivit
3555 4375 3612 4422 et

2031 4459 2219 4522 regnat
2247 4452 2299 4504 in
2322 4451 2513 4505 saecula
2543 4451 2881 4505 sarculorum.
2905 4451 3100 4506 Amen.

2553 4556 2783 4612 SERMO
2819 4555 3059 4611 XXXIX.

2188 4624 2256 4701 bs
2293 4663 2495 4702 sane-ro
2528 4661 2778 4700 cassuno
2816 4662 3069 4701 manus
3108 4650 3226 4720 (xm
3263 4651 3433 4722 ως).

2099 4738 2442 4793 Admirabilis
2489 4745 2544 4790 et
2585 4735 2817 4806 gloriosa
2861 4738 3032 4791 nostri
3062 4738 3387 4808 dispensatio
3411 4739 3605 4796 Condi-

2029 4831 2185 4896 toris,
2217 4829 2414 4884 fratres
2437 4828 2760 4893 cbarissimi,
2791 4829 2860 4882 ita
2892 4844 3106 4882 cursum
3137 4839 3332 4884 nostrae
3361 4832 3603 4903 mortali-

2031 4921 2156 4975 tatis
2201 4917 2454 4984 instituit,
2505 4927 2565 4970 ut
2607 4931 2704 4986 per
2754 4909 3154 4970 succedentium
3201 4918 3600 4975 vicissitudines

2030 5021 2351 5081 temporum,
2399 5009 2628 5064 diversae
2657 5006 2805 5062 nobis
2831 5003 3237 5061 victoriosorum
3273 5008 3474 5064 Christi
3505 5012 3600 5065 mi.

2025 5101 2178 5156 litum
2213 5099 2528 5156 festivitates
2554 5102 2864 5156 occurrant,
2891 5107 3008 5161 qua:
3039 5105 3251 5152 nostros
3294 5101 3504 5162 animos
3530 5100 3597 5153 ad

2027 5208 2264 5247 amorem
2301 5191 2442 5245 illius
2480 5202 2701 5242 summa:
2729 5196 2784 5241 et
2812 5190 3078 5244 continua:
3108 5191 3461 5250 solemnitatis
3511 5211 3598 5250 ac-

2026 5285 2276 5339 cendant.
2309 5283 2473 5335 Plane
2513 5294 2633 5334 cum
2674 5281 2842 5335 totius
2863 5281 2988 5336 anni
3019 5283 3277 5338 circulum
3305 5288 3596 5355 triumpha-

2027 5373 2165 5428 libus
2211 5372 2367 5429 modo
2417 5378 2736 5437 martyrum,
2796 5370 2955 5425 modo
3003 5372 3368 5428 confessorum
3425 5376 3592 5430 titulis

2027 5466 2165 5520 Deus
2215 5463 2553 5531 omnipotens
2594 5463 2787 5530 variat,
2846 5464 2971 5533 quid
3040 5466 3181 5518 aliud
3235 5481 3396 5534 quam
3451 5468 3595 5528 velut

2024 5565 2224 5610 scrtum
2251 5555 2429 5625 gloriae
2451 5555 2733 5619 construit,
2769 5556 2909 5623 quod
2933 5555 3114 5624 utique
3141 5558 3331 5611 decora
3360 5557 3599 5621 liliorum

2024 5659 2184 5717 atque
2215 5646 2750 5700 rosarum'varietate
2776 5645 3106 5719 depingitur?
3123 5647 3264 5703 Inter
3285 5665 3419 5721 quas
3440 5649 3613 5716 nimi-

2025 5754 2142 5793 rum
2172 5737 2509 5804 festivitates,
2538 5747 2588 5792 et
2617 5738 2875 5794 hodierna
2909 5756 3012 5801 non
3057 5740 3306 5815 ignobilis
3331 5753 3443 5814 est,
3475 5753 3596 5813 uip-
3667 5742 3669 5745 ’
