4184 6454
546 424 647 485 7il

547 590 821 703 geminum
867 606 1053 675 rutilat
1079 614 1308 671 duorum
1346 608 1528 662 lumen
1558 609 1851 657 astrorum.
2012 603 2141 693 pro-

551 680 692 777 iecto
740 712 883 783 regis
927 705 1115 764 aeterni
1173 693 1531 757 'strenu'issimi
1571 688 1868 747 bellatures
1910 680 2169 769 diversis,

550 773 765 882 quidem
791 773 942 865 locis,
968 795 1198 853 diversis
1221 788 1543 860 subjac‘uere
1569 777 1882 851 suppliciis;
1915 773 2011 829 sed
2024 774 2140 825 una

550 864 766 970 titrique
815 864 933 950 erat
991 903 1155 945 causa
1200 879 1553 942 certaminis,
1609 874 1735 945 quia
1788 872 1896 949 non
1955 864 2142 935 dispar

542 954 842 1059 ’utruinque
870 984 1209 1040 animaverat
1252 970 1522 1045 professio
1554 960 1821 1021 veritatis.
1851 954 2143 1015 Enimvero

552 1050 863 1143 Cassianus,
892 1073 978 1129 cui
1014 1066 1357 1142 potissimum
1403 1056 1761 1116 famulaturus
1812 1060 1896 1106 est
1941 1050 2141 1112 sermo,

553 1173 647 1229 diu
674 1140 889 1240 quidem
920 1140 1098 1226 latuit,
1139 1157 1233 1214 sed
1261 1169 1385 1210 cum
1419 1150 1486 1205 ad
1512 1152 1792 1204 certamen
1819 1140 2142 1211 perventum

554 1225 656 1326 est,
691 1225 832 1328 lquid
867 1225 1196 1312 acrimoniae,
1232 1241 1367 1313 quid
1410 1237 1637 1308 saporis,
1667 1228 1796 1304 quid
1813 1225 2146 1285 fortitudinis

556 1318 785 1423 granum
845 1343 1049 1413 sinapis
1107 1334 1442 1397 occultaret,
1501 1325 1730 1397 aperuit.
1780 1322 1926 1380 imo,
1991 1318 2146 1388 juxta

546 1432 795 1498 nominis
823 1436 905 1493 sui
934 1429 1283 1504 praesagium,
1330 1435 1452 1477 cum
1492 1418 1552 1473 in
1597 1412 1865 1486 passionis
1894 1407 1998 1479 pila
2027 1420 2148 1476 per-

561 1495 872 1589 secutorem
907 1495 1157 1578 manibus
1183 1513 1337 1571 tundi
1385 1509 1549 1579 coepit
1584 1506 1640 1560 et
1670 1503 1855 1566 atteri,
1882 1502 2007 1554 mox
2034 1495 2146 1551 fra-

562 1620 828 1693 grantiam
878 1606 1166 1669 odoriferae
1209 1602 1512 1666 suavitatis,
1561 1611 1680 1668 qua:
1724 1593 1786 1647 in
1840 1605 1897 1644 se
1925 1589 2146 1653 latebat,

563 1682 815 1783 aspersit.
853 1698 1010 1762 Casia
1045 1692 1309 1770 siquidem
1355 1690 1562 1762 species
1583 1690 1664 1742 est
1686 1682 2001 1765 aromatica,
2030 1686 2151 1747 qum

566 1768 772 1873 integra
819 1795 1037 1867 quidem
1085 1768 1283 1871 nullius
1327 1786 1451 1840 esse
1492 1778 1707 1833 videtur
1753 1772 1965 1836 odoris;
2016 1768 2147 1821 trita

562 1864 747 1947 aute'r'n
776 1864 1036 1942 naturalis
1070 1864 1178 1934 vim
1207 1873 1489 1932 suavitatis
1515 1864 1736 1924 emittit.
2018 1938 2021 1943 Α

626 1976 831 2039 Beatus
873 1981 1058 2046 itaque
1079 1960 1392 2032 ‘Ca3sianus,
1424 1972 1484 2018 ut
1511 1969 1784 2032 gestorum
1818 1950 1957 2008 illius
1983 1948 2152 2004 t‘est‘a—

568 2084 657 2129 tur
701 2042 1119 2133 historia,_dum
1167 2054 1473 2118 scholarum
1504 2050 1691 2107 doctor
1720 2047 1998 2107 eximeret,
2029 2042 2155 2097 bre-

568 2165 834 2234 vibusque
854 2159 996 2215 notis
1016 2154 1180 2210 verba
1199 2142 1656 2220 comprehendere
1675 2152 1872 2211 pueros
1891 2134 2153 2200 erudiret,

569 2270 667 2326 pro
691 2226 794 2308 title
815 2247 1017 2305 Christi
1038 2246 1103 2299 ad
1133 2239 1484 2311 quaestionem
1505 2235 1768 2289 deducws
1784 2239 1887 2285 est.
1912 2226 2156 2294 Cumque

538 2319 689 2412 ,aelo
730 2352 1023 2397 succensus
1062 2332 1189 2389 ﬁdei
1224 2328 1465 2400 iudicum
1494 2323 1711 2379 decreta
1762 2319 2153 2379 contemneret,

570 2443 631 2490 et
654 2428 918 2488 sacriﬁcia
942 2423 1168 2498 profana
1196 2419 1449 2483 calcaret,
1483 2410 1867 2482 discipulorum
1907 2403 2158 2460 manibus

572 2530 643 2585 ad
670 2523 1018 2583 crueiandum
1039 2516 1268 2573 traditus
1290 2519 1411 2582 est;
1438 2517 1498 2565 ut
1518 2504 1623 2562 illis
1647 2518 1802 2559 versa
1825 2501 1944 2555 vice
1970 2512 2158 2585 poenas

571 2619 896 2681 exsolveret,
934 2626 1069 2684 quos
1113 2609 1228 2680 ipse
1269 2594 1468 2662 dudum
1498 2599 1598 2656 'sub
1642 2594 1940 2665 disciplinae
1984 2584 2162 2684 ferula

576 2680 887 2768 terruisset.
912 2680 1030 2759 Dio:
1062 2703 1243 2769 itaque
1277 2692 1606 2751 indumentis
1648 2695 1865 2769 exutus,
1910 2680 2162 2737 manibus

576 2766 699 2873 post
725 2809 872 2868 terga
921 2766 1402 2863 ligatum—armato
1445 2770 1600 2852 stylis
1639 2786 1695 2832 et
1733 2766 1930 2829 tabulis
1961 2784 2162 2840 puero-

576 2861 700 2947 rum
754 2861 1046 2941 [aientium
1098 2878 1312 2950 agmine
1354 2866 1860 2929 circumfunditur;
1920 2861 2013 2930 qui
2068 2873 2166 2911 un-

1155 406 1211 466 S.
1245 401 1450 463 PETRI
1489 399 1772 457 DAMIANt
1808 394 1961 450 OPI’.
1993 388 2171 446 PARS
2211 387 2340 445 SEU
2381 384 2616 443 TOMUS
2655 385 2715 441 li.
2746 415 2817 426 -—
2848 381 3234 441 SERMONES.

547 539 713 615 polyti
759 530 967 591 scilicet
1008 526 1062 580 ct
1100 518 1345 579 Cassiani
1376 514 1694 585 mar‘tyr’um,
1730 520 1850 577 quae
1880 512 2137 615 Enquam
2167 513 2215 572 Α
2243 499 2373 563 bat;
2406 498 2547 552 sicut
2567 495 2682 565 jam
2714 496 2767 550 in
2800 495 2913 564 ipsa
2946 496 3294 615 sacresangcta
3320 499 3379 546 et
3408 490 3635 562 mystica
3661 498 3817 557 cinna
3910 546 3933 578 .

974 606 979 615 ε
1086 614 1089 615 ,
1346 608 1361 615 -
1418 610 1422 614 .
1625 609 1635 615 .
1684 614 1691 615 ,
1728 611 1823 615 πμ
1931 594 1980 615 --ε
2012 603 2110 615 -..Α
2247 588 2372 615 λεια.
2405 585 2675 615 ,ιεηεηηηο
2709 584 2821 615 mm,
2855 601 2867 615 .
2911 602 2930 615 .
2968 582 3121 615 νηιιη
3152 597 3196 615 ιι.
3246 594 3367 615 ωιτη
3419 578 3509 615 -..ἴ
3551 582 3697 615 ὒνιῖυἷο
3733 599 3821 615 ..ν-Α

3709 374 3817 428 7i2

2244 588 2377 644 dicit
2402 585 2678 657 discipulis
2709 584 2823 641 suis
2854 601 2867 638 :
2910 602 2930 636 ι
2968 582 3122 639 Vado
3151 572 3217 637 ad
3246 594 3368 637 eum
3418 578 3511 653 qui
3551 582 3701 638 misit
3732 599 3821 642 me

2244 679 2579 753 (Joan.vn).
2607 698 2626 732 ι
2651 679 2765 735 Sed
2792 674 2920 733 dum
2948 677 3192 733 ascendit
3217 676 3435 742 Bethel,
3467 676 3524 732 id
3548 684 3663 742 est,
3692 675 3819 732 dum

2242 785 2341 842 per
2389 770 2769 827 sacratissima:
2814 769 3091 826 Passienis
3127 784 3239 824 sua:
3275 767 3593 839 mysterium
3643 767 3822 823 redire

2245 866 2527 924 contendit
2563 865 2632 922 ad
2669 862 2921 932 Patrem,
2960 863 3113 935 pueri
3153 863 3305 934 parvi
3344 861 3549 933 egressi
3586 861 3653 917 de
3689 861 3822 917 civi-

2232 956 2380 1025 tate,
2410 956 2641 1013 illudunt
2670 956 2741 1022 ei,
2766 956 3048 1011 dicentes:
3073 972 3092 1005 ι
3115 953 3362 1010 Ascende
3387 952 3558 1019 calve,
3586 950 3822 1009 ascende

2245 1050 2416 1106 calve.
2468 1068 2487 1101 ι
2520 1044 2657 1115 Quia
2695 1042 2890 1112 Judaei,
2928 1042 3077 1103 omni
3116 1040 3399 1114 gravitatis
3445 1053 3501 1099 et
3545 1043 3824 1113 sapientia:

2246 1141 2488 1213 pondere
2516 1138 2706 1204 vacui,
2741 1137 2938 1207 illaque
2967 1130 3199 1206 pueritia
3255 1132 3467 1206 parvuli
3506 1134 3576 1188 de
3604 1148 3710 1213 qua
3744 1133 3825 1213 di—

2248 1210 2429 1286 citur:
2469 1249 2488 1281 ι
2523 1220 2840 1283 Maledictus
2886 1240 3023 1297 puer
3071 1233 3290 1279 centum
3342 1238 3607 1279 annorum
3642 1210 3823 1293 ,(Isat'.

2248 1337 2350 1377 va
2376 1319 2396 1392 )
2419 1361 2434 1385 ,
2467 1339 2485 1373 ι
2517 1334 2639 1373 eum
2680 1317 2749 1372 ad
2780 1306 2989 1381 locum,
3022 1313 3113 1384 qui
3153 1299 3351 1369 dieitur
3380 1311 3658 1376 calvariw,
3696 1318 3821 1382 per-

2252 1413 2512 1475 trahunt,
2560 1419 2724 1478 atque
2759 1407 3021 1462 adversus
3050 1420 3174 1461 eum
3218 1402 3475 1473 viperinis
3512 1403 3828 1457 irrisionum

2249 1515 2303 1561 et
2338 1490 2748 1575 opprobriorum
2777 1497 2932 1553 furiis
2962 1496 3310 1552 inardescunt
3333 1494 3616 1555 scalvariae
3646 1502 3827 1548 autem

2250 1596 2403 1651 locus
2430 1593 2518 1648 ille
2549 1591 2830 1647 dicebatur
2865 1601 2896 1641 a
2929 1584 3163 1643 calvitiis
3201 1584 3527 1654 amputatis,
3558 1583 3686 1652 quia
3721 1582 3831 1638 illic

2253 1681 2558 1741 damnatitii
2588 1670 2845 1735 decollari
2878 1680 3293 1733 consueverant.

2325 1766 2395 1830 Et
2451 1773 2750 1829 notandum
2793 1769 2919 1840 quia
2952 1766 3108 1838 pueri
3138 1764 3344 1837 egressi
3383 1758 3449 1821 de
3488 1754 3708 1819 civitate
3744 1763 3830 1819 di-

2179 1861 2228 1922 B
2260 1873 2496 1922 cuntur:
2530 1861 2817 1932 quoniam,
2849 1859 2991 1923 sicut
3013 1855 3301 1928 Apostolus
3328 1855 3404 1910 ait
3432 1869 3448 1909 :
3481 1874 3500 1906 ι
3534 1854 3607 1911 Ut
3634 1854 3861 1911 sancti-,

2257 1948 2445 2012 ﬁcaret
2464 1958 2568 2024 per
2594 1966 2751 2008 suum
2780 1949 3097 2020 sanguinem
3126 1944 3413 2017 populum,
3442 1953 3598 1999 extra
3614 1953 3833 2016 portam

2210 2124 2225 2135 α
2254 2059 2448 2116 passus
2484 2050 2569 2099 est
2603 2039 2865 2097 Dominus
2886 2038 2913 2111 (
2937 2035 3073 2092 Heb.
3113 2052 3211 2092 xm
3235 2036 3276 2107 ).
3309 2053 3328 2087 ι
3356 2033 3528 2091 Porro
3564 2033 3709 2104 quod
3747 2049 3835 2119 se-

2258 2112 2460 2206 quitur,
2502 2131 2762 2202 quoniam
2787 2141 2813 2180 ἰ
2844 2126 3052 2199 egressi
3091 2125 3197 2181 duo
3235 2125 3349 2181 ursi
3386 2123 3454 2180 de
3492 2121 3662 2190 saltu,
3701 2112 3837 2179 dila-

2258 2231 2589 2280 ceraverunt
2624 2235 2693 2276 ex
2727 2219 2808 2274 eis
2845 2216 3203 2288 quadraginta
3239 2216 3374 2271 duo‘s
3409 2230 3629 2285 pueros,
3689 2233 3709 2267 ι
3736 2229 3836 2286 per

2257 2322 2544 2370 numerum
2593 2318 2885 2381 puerorum
2942 2306 3199 2360 numerus
3251 2303 3495 2373 signatur
3545 2312 3833 2357 annorum.

2261 2403 2686 2475 Quadra‘gesimo
2726 2397 2972 2455 semme
3027 2396 3224 2466 quippe
3268 2409 3410 2448 anno
3455 2403 3578 2464 post
3624 2394 3838 2449 Domini

2261 2470 2570 2567 passionem
2592 2530 2608 2557 ,
2639 2492 2780 2546 sicut
2808 2486 3046 2543 historiae
3074 2487 3326 2548 tradunt,
3360 2482 3515 2538 Titu‘s
3544 2492 3600 2537 et
3626 2470 3835 2554 Vespa-

2264 2588 2449 2643 sianus
2469 2624 2484 2651 ,
2517 2583 2622 2637 duo
2653 2594 2808 2650 reges
2838 2577 2904 2632 de
2933 2572 3084 2632 silvis
3121 2574 3394 2646 gentium,
3436 2583 3689 2642 tanquam
3730 2576 3836 2629 duo

2264 2674 2479 2732 feroces
2509 2671 2655 2738 ursi,
2687 2670 2756 2726 de
2794 2666 2933 2724 saltu
2970 2662 3211 2722 ferarum
3253 2665 3683 2719 dilaceraverunt
3706 2679 3840 2737 pue-

2269 2781 2400 2827 ros;
2441 2762 2568 2832 quia
2607 2760 2889 2815 venientes
2926 2754 2995 2811 ad
3026 2755 3294 2811 excidium
3333 2753 3707 2822 Hierusalem,
3746 2754 3839 2822 de-

2267 2862 2608 2917 bellaverunt
2642 2857 2696 2910 in
2735 2854 2918 2909 furore
2954 2852 3188 2907 Judzeos.
3228 2850 3335 2906 Per
3370 2865 3568 2920 pueros
3604 2864 3732 2921 ergo
3766 2850 3840 2905 si-

578 2982 741 3050 dique
794 2942 1163 3044 compunctus.
1195 2977 1357 3036 atque
1401 2965 1725 3029 discerptus,
1779 2963 1894 3008 toto
1936 2961 2167 3018 corpore
2269 2947 2508 3020 gniﬁeati
2560 2953 2690 3001 sunt
2732 2944 2825 3014 qui
2875 2943 3161 2999 Dominum
3208 2942 3636 3008 crUciﬂxe‘runt;
3685 2943 3839 3013 pueri

578 3034 870 3126 iaderatur.
919 3034 1156 3116 -Novum
1231 3034 1390 3127 plane
1472 3059 1528 3105 et
1598 3046 1915 3101 inusitatum
2000 3045 2169 3127 genus
2271 3050 2484 3112 quoque
2539 3045 2666 3093 sum
2707 3036 2800 3107 qui
2838 3034 2899 3089 Β,
2932 3035 3259 3091 Cassianum
3296 3043 3589 3105 marlyrem
3622 3034 3838 3090 πρωθ-

584 3155 828 3228 martyrii
856 3152 1118 3221 insignem
1150 3147 1256 3200 Deo
1282 3149 1575 3210 martyrem
1600 3131 1960 3228 consecravit.
2003 3126 2171 3228 IVide-
2192 3200 2238 3228 Ἄ
2274 3142 2420 3189 runt.
2462 3130 2706 3202 Utraque
2741 3129 2950 3186 scilicet
2988 3144 3096 3184 non
3136 3128 3397 3183 innocens
3435 3127 3665 3196 pueritia
3692 3168 3707 3190 ,
3747 3128 3840 3183 sed

589 3260 676 3304 tur
701 3214 878 3300 autem
932 3214 1048 3295 hinc
1091 3232 1335 3305 martyrii
1382 3227 1591 3298 species
1640 3223 1707 3278 ad
1757 3217 2160 3277 similitudinem

2271 3223 2465 3280 artifex
2502 3230 2558 3279 et
2608 3236 2875 3278 venenosa
2924 3220 3149 3276 malitia.
3188 3219 3413 3275 Occisus
3471 3229 3556 3272 est
3592 3218 3841 3274 Christus

580 3332 1024 3408 comparandam,
1056 3326 1186 3384 ηιιιίῖ
1229 3321 1421 3378 melius
1466 3330 1625 3388 Ροεεθ
1670 3322 1971 3382 congruere
2005 3308 2170 3378 (illam
2260 3316 2371 3384 'pro
2430 3310 2727 3377 Cassiano,
2783 3307 2993 3365 occisus
3039 3315 3124 3363 est
3178 3307 3473 3364 Cassianus
3528 3322 3626 3378 pro
3676 3304 3841 3362 Citri-

587 3398 855 3500 ipsi-regi
907 3430 1204 3491 martyrum
1260 3412 1489 3470 Domino
1557 3404 1849 3463 Salvatori.
1910 3401 2048 3487 Nam
2115 3407 2172 3456 et
2264 3412 2394 3468 ‘sto;
2446 3402 2704 3456 Demi'nus
2727 3414 2826 3470 pro
2884 3413 3074 3464 servo,
3113 3405 3168 3454 et
3205 3413 3397 3453 servus
3433 3413 3532 3469 pro
3570 3398 3838 3463 Domino;

590 3487 679 3578 ille
727 3534 758 3572 a
803 3487 933 3572 suis
984 3487 1234 3567 fidelibus
1286 3504 1502 3561 occisus
1549 3507 1671 3563 est,
1731 3494 1930 3552 ludatis
1978 3489 2169 3547 Videli-
2269 3493 2482 3550 dicebat
2511 3492 2654 3547 enim
2682 3507 2697 3545 :
2727 3509 2746 3541 ι
2778 3489 2917 3557 Quid
2946 3488 3243 3545 retribuam
3280 3489 3507 3543 Domino
3535 3504 3633 3558 pro
3668 3487 3845 3543 omni-

584 3620 710 3677 εθιν
744 3607 906 3679 196
933 3603 1132 3677 quibus
1161 3608 1426 3671 Praecepta
1460 3591 1711 3662 Decalosi
1740 3588 1962 3679 91⁸091⁸ξο
1993 3584 2166 3679 digito
2264 3585 2404 3650 bus,
2458 3599 2578 3654 qua:
2630 3581 2884 3637 retribuit
2930 3582 3106 3636 mihi?
3132 3580 3370 3636 Calicem
3409 3579 3664 3636 salutaris
3701 3579 3844 3635 acci-

588 3674 895 3770 deseri—pvta'
909 3674 1238 3756 tradiderat,
1271 3702 1410 3759 quos
1445 3680 1786 3740 caeremoniis
1842 3678 1957 3733 suis
2001 3674 2170 3730 sacri-

593 3767 949 3860 ﬁcioru'mque
981 3785 1176 3842 ritibus
1202 3781 1576 3842 instruxerat;
1606 3786 1744 3844 quos
1773 3777 1923 3826 certe
1954 3767 2022 3823 ad
2050 3782 2169 3822 om-

582 3899 716 3940 nem
732 3858 955 3936 vivendi
981 3873 1354 3932 rectitudinem
1375 3909 1391 3937 ,
1418 3879 1674 3937 tanquam
1696 3871 1912 3918 teneros
1934 3858 2034 3915 sub
2058 3858 2171 3913 dis-

592 3975 791 4044 ciplina
830 3985 1056 4043 pueros,
1085 3966 1486 4025 informaverat.
1526 3960 1678 4016 Sicut
1706 3957 1823 4027 ipse
1847 3969 1944 4025 per
1979 3951 2172 4007 lsaiam

541 4122 544 4125 λ
586 4066 729 4120 τιιὶρὶι
765 4080 779 4117 :
819 4082 837 4114 ι
875 4060 1044 4116 Filios
1096 4055 1326 4112 enutrivi
1392 4061 1449 4109 et
1505 4049 1779 4114 exaltavi,
1831 4044 1933 4115 ipsi
1991 4052 2170 4097 autem

591 4160 921 4225 spreverunt
968 4164 1053 4203 me
1102 4146 1253 4218 (Isa.
1335 4143 1416 4216 ι).
1465 4161 1486 4194 ι
1520 4140 1654 4195 Nam
1702 4148 1756 4194 et
1804 4136 1878 4191 illi
1924 4132 2173 4190 carnales

602 4224 864 4298 ismclita:
892 4226 1184 4309 puerorum
1213 4235 1431 4290 nomine
1461 4231 1608 4302 digni
1633 4229 1877 4292 fuerant,
1907 4224 2001 4294 qui
2025 4238 2175 4278 man-

2269 3678 2447 3747 piam,
2484 3685 2538 3730 et
2576 3688 2771 3731 nomen
2801 3674 3026 3729 Domini
3065 3674 3329 3729 invocabo
3367 3671 3559 3743 (Psal.
3605 3688 3708 3728 cxv
3731 3676 3772 3744 ).
3818 3692 3838 3726 ι

2268 3767 2380 3823 Sed
2407 3766 2494 3822 ille
2522 3766 2660 3821 mori
2687 3765 2939 3836 dignatus
2963 3771 3077 3832 est,
3107 3771 3163 3818 ut
3191 3763 3337 3820 hunc
3363 3762 3431 3819 de
3450 3758 3555 3819 “sub
3577 3762 3708 3836 jugo
3734 3754 3845 3820 ier-

2264 3859 2379 3914 'r'ea:
2416 3856 2693 3914 servitutis
2725 3856 3016 3924 educeret;
3050 3855 3140 3911 isti
3176 3855 3313 3911 mori
3352 3852 3610 3911 donatum
3639 3864 3755 3923 est,
3787 3864 3846 3909 ut

2273 3948 2341 4004 ad
2373 3942 2745 4002 haereditatem
2782 3938 3053 4011 ﬁliorum,
3091 3944 3178 4001 cui
3218 3944 3487 4014 ascriptus
3523 3953 3642 4000 erat
3665 3985 3680 4011 ,
3719 3961 3842 4001 cum

2272 4038 2442 4111 gloria
2490 4037 2822 4109 perveniret.
2852 4030 3015 4106 197
3045 4034 3138 4089 ille
3183 4036 3419 4106 suscepit
3467 4043 3731 4101 mortem,
3783 4044 3846 4090 ut

2272 4139 2503 4187 mortem
2550 4133 2606 4186 in
2656 4147 2752 4186 sua
2800 4140 2965 4184 carne
3014 4128 3359 4191 destrueret;
3403 4128 3505 4183 iste
3552 4128 3688 4182 mori
3740 4143 3845 4181 non

2268 4220 2484 4287 timuit,
2536 4229 2598 4275 ut
2644 4220 2713 4275 ad
2757 4222 3034 4274 auctorem
3089 4218 3217 4273 vita:
3255 4217 3514 4288 triumphi
3554 4217 3637 4273 sui
3672 4218 3848 4271 vietor

596 4334 726 4388 (lata
784 4306 918 4399 legis
969 4328 1464 4398 prophetarumqqe
1518 4320 1774 4391 mysteria
1834 4332 1941 4371 non
2019 4313 2173 4370 senili
2269 4310 2503 4380 insignia
2540 4312 2863 4379 reportaret.
2897 4306 2992 4361 ille
3014 4312 3393 4376 persecutores
3442 4306 3658 4370 habuit,
3712 4318 3848 4374 quos

604 4421 871 4495 gravitate
908 4395 1227 4491 pensabant,
1291 4415 1385 4470 sed
1420 4412 1600 4468 omnia
1635 4406 2074 4481 superﬁcietenus
2111 4419 2175 4460 ac
2270 4408 2588 4465 creaverat,
2624 4400 2733 4453 iste
2770 4404 2864 4453 eos
2902 4395 3190 4452 carniﬁces
3255 4396 3476 4467 pertulit
3514 4406 3648 4464 quos
3685 4397 3847 4451 'doce-

607 4486 891 4586 pueriliter
908 4486 1324 4578 intelligebant;
1358 4501 1651 4572 quodcum
1683 4499 1895 4554 diversa
1926 4494 2169 4563 Scriptu—
2193 4548 2247 4586 ἢ
2271 4491 2384 4547 bat.
2438 4489 2547 4545 Sed
2598 4488 2849 4544 Christus
2898 4488 2955 4542 in
3003 4497 3244 4559 martyre
3280 4498 3379 4541 suo
3408 4486 3714 4557 pugnabat,
3755 4486 3849 4559 qui

604 4585 789 4659 rarum
820 4600 989 4674 possit
1018 4597 1341 4654 auctoritate
1362 4586 1603 4659 ﬁrmari,
1631 4591 1683 4646 id
1708 4597 1914 4644 tantum
1945 4585 2172 4641 suiiiciat

602 4695 695 4750 hic
725 4703 1020 4765 apponere,
1066 4687 1209 4758 quod
1244 4674 1427 4765 'Eliseo
1460 4680 1738 4753 pr0phetaa
1774 4676 1968 4748 legitur
2003 4674 2173 4730 conti-

601 4787 765 4857 gisse.
808 4783 941 4837 Nam
990 4784 1113 4837 cum
1163 4758 1478 4831 ascenderet
1538 4778 1635 4842 per
1671 4769 1812 4823 viam
1865 4768 1983 4835 quae
2031 4762 2175 4818 daeit

604 4873 828 4939 Bethel,
884 4870 1036 4943 pueri
1090 4867 1242 4939 parvi
1281 4864 1483 4935 egressi
1521 4863 1590 4917 de
1626 4861 1843 4916 civitate
1880 4857 2180 4933 illudebant

604 4967 677 5029 ei,
699 4966 972 5019 dicentes:
1002 4979 1020 5012 ι
1049 4958 1316 5023 Ascende,
1339 4955 1516 5018 calve;
1547 4951 1795 5015 a‘scende,
1826 4947 1995 5002 calve.
2027 4967 2044 4998 ι
2075 4944 2178 5013 Qui

606 5074 734 5115 cum
768 5057 1114 5127 respexisset,
1149 5052 1284 5107 vidit
1319 5064 1433 5127 eos,
1474 5056 1531 5106 et
1565 5044 1840 5100 maledixit
1877 5043 1956 5097 eis
1990 5042 2043 5094 in
2086 5044 2173 5092 no-

610 5151 758 5206 mine
795 5126 1026 5201 Domini.
1066 5144 1296 5212 Moxque
1332 5126 1616 5211 Scriptura
1653 5131 1960 5201 subjungit:
1994 5149 2012 5180 ‹
2043 5127 2180 5194 Quia

608 5237 816 5313 egressi
847 5243 975 5292 sunt
1002 5234 1110 5288 duo
1140 5231 1251 5286 ursi
1290 5231 1356 5285 de
1392 5227 1566 5294 saltu,
1606 5233 1661 5280 et
1698 5224 2075 5277 laceraverunt
2110 5230 2179 5269 ex

609 5308 692 5388 eis
729 5326 1086 5401 quadraginta
1123 5322 1259 5377 duos
1294 5334 1492 5391 pueros
1531 5315 1654 5391 (IV
1686 5315 1817 5386 Reg.
1857 5312 1954 5381 ιι).
1988 5329 2006 5360 ι
2035 5308 2182 5363 Sane

616 5399 761 5493 quid“
791 5435 888 5490 per
936 5415 1206 5479 Eliseum,
1245 5412 1349 5467 nisi
1388 5404 1649 5465 Mediator
1682 5406 1777 5461 Dei
1812 5411 1867 5457 et
1901 5399 2178 5456 hominum

618 5491 777 5569 debet
814 5506 1081 5578 intelligi?
1118 5502 1257 5572 Quid
1296 5515 1423 5555 vero
1460 5514 1558 5569 per
1588 5497 1807 5559 Bethel,
1844 5508 1963 5563 quae
1997 5491 2181 5543 domus

622 5600 716 5657 Dei
749 5602 1154 5670 interpretatur,
1194 5594 1298 5650 nisi
1337 5590 1616 5649 beatitudo
1650 5585 1889 5645 caelestis
1921 5580 2182 5653 exprimi-

622 5689 752 5742 tur?
779 5669 1057 5744 Perviam
1089 5700 1219 5757 ergo
1256 5690 1377 5753 qute
1414 5680 1571 5738 ducit
1592 5675 1776 5733 Bethel
1805 5714 1821 5740 ,
1859 5669 2186 5739 Redemptor

627 5788 811 5832 noster
855 5776 1206 5841 ascendebat,
1248 5772 1463 5844 quando
1509 5766 1745 5839 passioni
1793 5760 2186 5832 appropinqua-

2273 4583 2546 4657 pugnandi
2574 4581 3168 4637 vlres‘a‘dministrahat
3196 4597 3210 4644 ;
3245 4580 3297 4633 in
3329 4584 3394 4634 e‘o
3418 4579 3567 4634 solus
3598 4579 3708 4648 ipse
3735 4579 3850 4632 vin-

2276 4675 2434 4728 cebat
2470 4671 2744 4741 qni'illum
2779 4670 2920 4722 inter
2946 4669 3247 4724 certamina
3280 4668 3592 4723 'roborabat.
3627 4660 3762 4721 Nam
3792 4672 3850 4721 et

2274 4770 2391 4816 teta
2420 4750 2746 4814 universalis
2774 4757 3039 4820 Ecclesia,
3068 4759 3330 4812 virtutum
3366 4756 3534 4811 ‘artnis
3569 4755 3843 4817 aecineta,

2278 4858 2469 4905 contra
2500 4848 2771 4902 diabolum
2804 4862 2901 4917 per
2934 4854 3105 4902 tntum
3136 4848 3382 4903 mortalis
3410 4848 3534 4901 vitae
3564 4844 3722 4914 hujus
3751 4860 3847 4900 ex-

2283 4952 2501 4998 cursum
2533 4942 2585 4995 in
2618 4938 2832 4996 Christo
2861 4938 3117 5004 dimicat,
3149 4942 3203 4995 in
3240 4938 3459 4996 Christo
3493 4948 3705 5007 semper
3741 4944 3847 4992 non

2278 5044 2412 5097 sua,
2436 5031 2537 5085 sed
2558 5028 2681 5097 ejus
2710 5030 2908 5085 virtute
2936 5028 3250 5097 triumphat.
3283 5026 3434 5083 Hanc
3454 5027 3616 5097 plane
3651 5041 3719 5080 ex
3755 5038 3854 5078 an-

2278 5123 2432 5192 tiquo
2470 5122 2628 5177 hoste
2661 5121 2949 5177 victoriam
2972 5161 2988 5189 ,
3029 5121 3156 5192 quia
3194 5119 3367 5175 noluit
3404 5117 3687 5192 Synagoga
3714 5159 3730 5185 ,
3761 5130 3852 5173 su-

2279 5212 2458 5281 scepit
2490 5208 2751 5265 Ecclesia.

2357 5302 2508 5372 Quod
2531 5303 2703 5367 vobis,
2725 5299 3268 5364 fratres'charissinii,
3285 5297 3475 5354 melius
3495 5296 3850 5360 ostendimus,

2284 5395 2331 5451 si
2359 5394 2558 5449 veteris
2586 5394 2929 5448 instrumenti
2959 5391 3240 5445 victoriam
3258 5430 3274 5454 ,
3307 5402 3427 5460 quae
3452 5400 3551 5459 per
3579 5387 3852 5443 mulierem

2286 5486 2427 5541 facta
2460 5493 2561 5548 est,
2584 5484 2649 5537 ad
2681 5484 2994 5537 memoriam
3025 5490 3359 5534 revocemu's.
3397 5477 3559 5538 Nam.
3589 5487 3646 5530 ut
3670 5477 3856 5546 paucis

2282 5576 2465 5631 Verbis
2503 5590 2658 5629 sacra
2698 5573 3188 5642 comprehendatur
3216 5570 3465 5632 historia,
3497 5570 3700 5624 Debora
3726 5583 3855 5638 pro-

2283 5669 2474 5737 phetes
2504 5678 2638 5719 uxor
2664 5663 2949 5733 Lapidoth,
2982 5662 3255 5732 judicabat
3286 5661 3538 5732 populum
3590 5659 3678 5716 illo
3723 5667 3856 5711 tent-

2285 5771 2438 5843 pore,
2467 5764 2521 5813 et
2547 5755 2769 5812 sedebat
2811 5754 2909 5810 sub
2946 5753 3120 5824 palma
3149 5755 3293 5809 inter
3321 5753 3489 5807 ltama
3552 5761 3605 5806 ιιι
3636 5749 3850 5810 Bethel,
