4184 6460
241 359 347 430 713

1721 309 1970 422 seaMo
1992 325 2292 441 Axxx1x.
2329 435 2336 441 ,

3639 318 3743 413 714

225 493 302 553 in
329 498 525 553 monte
550 489 844 565 Ephraim,
869 487 1369 564 ascendebantque
1390 487 1462 547 ad
1491 503 1619 546 eam
1639 485 1746 546 ﬁlii
1771 485 1947 554 Israel
1967 435 2214 554 Atelligi
2233 485 2260 541 ?
2305 483 2450 541 Nam
2493 497 2628 541 cum
2655 481 3103 540 catechumenus
3131 478 3358 537 lavacro
3387 478 3533 538 sacri
3571 477 3748 538 fontis

239 584 298 641 in
360 595 534 641 omne
583 577 874 654 judicium
923 579 1070 648 (Iud.
1128 581 1231 646 Iv).
1292 575 1400 635 Sed
1464 576 1545 634 sic
1600 573 1672 632 ad
1729 575 1957 634 exitum

241 671 490 730 celerius
536 667 894 742 pervenitur,
946 667 1016 737 si,
1063 666 1202 724 dum
1258 665 1500 723 historia
1555 663 1794 735 texitur,
1857 677 1958 735 per

243 765 434 834 partes
475 755 708 815 interim
745 759 1092 828 exponatur.
1139 754 1244 811 Per
1277 753 1560 811 Deboram
1612 768 1769 823 sane,
1823 767 1957 824 qua

246 850 467 920 loquela
518 847 641 904 sive
693 846 818 916 apis
871 843 1303 916 interpretatur,
1351 841 1648 916 prophetia
1699 857 1816 900 non
1863 841 1959 898 in-

245 936 661 997 convenienter
688 930 982 1005 accipitur.
1028 931 1169 1004 Apis
1205 931 1417 1005 quippe
1451 930 1762 1001 melliﬁeat,
1804 937 1858 990 et
1889 929 1960 988 de

249 1023 547 1102 prophetia
591 1039 694 1097 per
747 1020 1112 1079 Psalmistam
1171 1013 1429 1078 dicitur:
1479 1044 1505 1071 (ί
1537 1019 1720 1090 Quam
1771 1019 1960 1076 dulcia

248 1115 516 1173 faucibus
562 1112 710 1170 meis
755 1110 988 1184 eloquia
1037 1115 1156 1180 tua,
1206 1109 1472 1181 Domine,
1522 1125 1694 1183 super
1744 1109 1857 1166 mel
1907 1114 1963 1166 et

248 1204 450 1262 favum
480 1201 568 1259 ori
595 1199 759 1258 meo!
799 1201 963 1271 (Psat.
996 1200 1222 1271 CXVIII.)
1248 1223 1273 1246 »
1303 1197 1543 1256 Interim
1583 1197 1717 1256 nolo
1747 1213 1848 1256 vos
1886 1197 1977 1254 la--

247 1295 383 1360 teat,
422 1286 806 1357 dilectissimi,
842 1285 980 1359 quia
1020 1285 1255 1344 historia
1305 1285 1448 1355 hac,
1491 1301 1668 1359 quam
1713 1291 1963 1342 tractan-

248 1380 383 1440 dam
414 1396 487 1438 ex
526 1379 823 1437 occasione
858 1378 1241 1451 suscepimus,
1280 1376 1544 1449 pluribus
1577 1376 1798 1448 indiget
1835 1392 1964 1435 ver-

251 1468 364 1540 bis,
395 1468 535 1542 quia
563 1466 763 1525 multis
786 1470 870 1523 est
893 1467 1108 1539 repleta
1129 1464 1416 1540 mysteriis
1442 1484 1452 1522 :
1477 1465 1571 1524 sed
1603 1480 1730 1522 eam
1755 1461 1965 1522 idcirco

253 1557 365 1616 sub
415 1554 697 1615 brevitate
744 1553 1162 1624 contrahimus,
1207 1561 1272 1611 ut
1313 1553 1679 1611 dilectionem
1717 1558 1966 1610 vestram

253 1643 600 1721 prolixitatis
621 1643 792 1702 tadio
813 1658 930 1702 non
947 1656 1274 1716 gravemus.
1304 1641 1747 1700 Consideremus
1772 1643 1968 1716 itaque

256 1736 359 1795 ubi
388 1735 584 1792 sedem
616 1731 828 1791 habere
850 1730 1143 1806 prophetia
1172 1730 1539 1801 describitur,
1571 1730 1839 1790 videlicet
1860 1729 1968 1789 sub

2037 572 2426 646 immergitur,
2475 577 2750 644 tanquam
2797 569 2990 629 Sisara
3027 583 3161 628 cum
3200 583 3307 628 suo
3345 569 3623 639 exercitu,
3664 568 3750 628 sic

2037 662 2434 737 nequissimus
2473 662 2710 736 spiritus
2743 677 2876 720 eum
2909 660 3021 730 his,
3049 676 3182 734 qua
3210 659 3322 717 sibi
3349 659 3624 730 militant,
3657 659 3746 718 vi-

2039 753 2134 810 tiis
2162 752 2436 811 omnibus
2462 768 2692 811 necesse
2722 758 2804 810 est
2829 752 3166 826 perimatur.
3209 750 3524 824 Respondit
3551 757 3749 809 autem

2039 843 2254 901 Barach
2287 843 2360 900 ad
2392 842 2671 902 Deboram
2696 867 2708 900 :
2736 842 2798 902 Si
2822 843 2986 901 venis
3013 857 3262 910 mecum,
3293 843 3538 912 vadam;
3571 842 3620 899 si
3650 857 3755 900 no-

2041 932 2218 990 lueris
2258 931 2476 1003 venire,
2525 947 2638 990 non
2681 947 2934 1004 pergam.
2973 933 3056 989 Ac
3086 932 3134 989 si
3165 932 3412 989 carnalis
3445 931 3542 988 ille
3572 931 3752 990 Israel

2040 1022 2356 1096 prophetia
2393 1022 2728 1096 respondeat
2765 1040 2777 1078 :
2827 1022 2950 1080 Nisi
2994 1022 3165 1096 juxta
3203 1023 3441 1093 litteras,
3482 1028 3537 1080 et
3583 1021 3752 1094 quasi

2043 1109 2362 1170 secundum
2401 1111 2746 1169 muliebrem
2773 1110 3136 1169 intellectum
3170 1117 3223 1169 te
3260 1127 3487 1170 mecum
3527 1125 3754 1182 semper

2043 1198 2320 1266 habuero,
2358 1197 2657 1270 spirituale
2689 1205 2976 1257 certamen
3012 1198 3249 1272 aggredi
3283 1213 3397 1256 non
3437 1212 3748 1272 prasumo.

2045 1286 2151 1345 Cui
2179 1287 2398 1344 Debora
2423 1310 2434 1343 :
2462 1287 2562 1344 Ibo
2595 1287 2830 1362 quidem
2863 1294 3073 1359 tecum,
3103 1288 3202 1348 sed
3235 1288 3338 1346 tibi
3369 1287 3604 1346 victoria
3636 1300 3754 1345 non

2046 1378 2425 1450 reputabitur,
2475 1378 2612 1450 quia
2663 1379 2725 1436 in
2766 1394 3006 1437 manum
3045 1379 3309 1438 mulieris
3363 1381 3617 1440 tradetur
3662 1378 3754 1438 Si-

2046 1483 2191 1526 sara.
2244 1465 2416 1528 Velut
2453 1467 2502 1525 si
2549 1473 2817 1527 vetustus
2864 1467 2966 1525 ille
3006 1468 3256 1542 p0pulus
3298 1467 3501 1528 audit:
3541 1467 3756 1526 Tecum
3836 1505 3839 1512 ι

2047 1551 2282 1627 quidem
2310 1553 2421 1610 erit
2451 1554 2724 1626 exterior,
2754 1561 2820 1613 ut
2849 1553 3124 1628 postulas,
3157 1554 3487 1628 prophetia;
3526 1554 3625 1614 sed
3651 1555 3763 1628 spi-

2049 1642 2316 1700 ritualem
2355 1657 2427 1700 ex
2459 1642 2703 1716 antiquo
2750 1643 2913 1701 hoste
2951 1642 3339 1718 triumphum,
3381 1658 3496 1703 non
3537 1649 3622 1715 tu,
3663 1641 3762 1702 sed

2049 1737 2243 1790 sancta
2271 1731 2461 1804 potius
2493 1731 2778 1789 obtinebit
2804 1731 3075 1790 Ecclesia.
3110 1731 3204 1789 illi
3235 1737 3408 1802 certe,
3439 1730 3528 1790 illi
3555 1747 3763 1804 prove-

257 1825 469 1901 palma,
497 1823 634 1897 quia
669 1837 816 1895 quos
853 1820 1185 1895 pr0phetica
1215 1819 1472 1879 doctrina
1498 1820 1618 1879 suis
1648 1821 1964 1880 institutio-
1989 1811 2174 1898 ﬁniet
2197 1819 2328 1892 jure
2368 1817 2623 1888 victoria,
2657 1835 2790 1892 qua
2823 1821 2886 1878 in
2917 1818 3230 1892 Scriptura
3269 1819 3582 1894 mysteriis,
3621 1820 3765 1879 dum

259 1914 435 1973 nibus
463 1911 672 1983 erudit,
705 1910 775 1968 ad
806 1910 1056 1984 palmam
1088 1925 1355 1984 superna
1376 1909 1691 1968 vocationis
1711 1909 1966 1980 adducit,

261 2002 521 2075 dumque
553 2015 650 2073 per
679 2013 807 2056 eam
847 1996 1112 2056 homines
1150 1997 1386 2056 vivendi
1426 1997 1688 2071 ordinem
1720 1998 1970 2066 discunt,

268 2091 540 2148 vitiorum
567 2085 976 2145 rebellantium
1004 2087 1248 2144 victores
1275 2086 1446 2145 ﬁunt.
1479 2085 1596 2143 Nec
1619 2092 1974 2159 pratereun-

267 2179 408 2238 dum
439 2177 590 2252 quod
633 2176 783 2234 inter
821 2174 1002 2233 Rama
1040 2181 1094 2234 et
1130 2174 1330 2234 Bethel
1369 2174 1584 2234 sedisse
1623 2175 1975 2248 perhibetur.

272 2268 457 2327 Rama
485 2267 775 2340 siquidem
809 2265 1041 2332 excelsa,
1074 2265 1274 2324 Bethel
1311 2267 1500 2322 domus
1531 2269 1649 2336 Dei,
1688 2267 1835 2325 sicut
1859 2265 1978 2340 jam

272 2359 558 2428 diximus,
599 2356 1028 2429 interpretatur.
1071 2356 1244 2414 Recte
1284 2355 1462 2429 igitur
1497 2355 1795 2429 prophetia
1831 2355 1982 2413 inter

277 2449 458 2507 Rama
491 2451 547 2504 et
585 2444 783 2504 Bethel
828 2444 1082 2502 habitare
1123 2444 1502 2516 describitur;
1545 2446 1682 2520 quia
1719 2443 1984 2518 quisquis

276 2534 626 2612 propheticis
645 2533 834 2591 studet
858 2532 1167 2606 invigilare
1189 2533 1484 2604 doctrinis,
1514 2533 1780 2607 quisquis
1806 2547 1986 2590 sacra—

278 2639 411 2683 rum
440 2622 866 2695 Scripturarum
888 2621 1110 2679 sincere
1140 2627 1300 2679 vacat
1329 2621 1594 2695 eloquiis,
1626 2620 1708 2680 sic
1732 2620 1790 2698 ip
1816 2619 1987 2678 domo

282 2713 385 2772 Dei
414 2727 516 2786 per
541 2708 893 2769 desiderium
921 2711 1134 2768 mentis
1161 2710 1464 2778 inhabitat,
1511 2716 1576 2767 ut
1605 2725 1717 2767 non
1753 2709 1989 2766 infirma

281 2809 339 2859 et
393 2803 817 2869 momentanea,
863 2797 960 2857 sed
1008 2799 1237 2857 excelsa
1287 2797 1476 2871 potius
1517 2804 1689 2870 atque
1738 2795 1992 2856 calestia

285 2905 511 2964 semper
539 2890 813 2964 inquirat.

357 2979 498 3038 Hac
527 2979 751 3038 vocavit
787 2978 861 3037 ad
889 2995 950 3038 se
981 2977 1220 3037 Barach.
1257 2978 1432 3036 Porro
1463 2977 1680 3036 Barach
1712 2979 1994 3051 interpre-

287 3075 440 3128 tatur
475 3071 791 3126 coruscatio.
821 3069 1152 3127 Coruscatio
1189 3075 1382 3127 autem
1423 3067 1590 3126 habet
1627 3067 1861 3142 quidem
1903 3068 1995 3125 lu-

2057 1907 2375 1983 Spiritualis
2404 1907 2801 1981 intelligentia
2840 1908 3158 1967 medullam
3187 1911 3418 1984 quarit,
3454 1909 3768 1969 occidentis

2058 1997 2263 2056 littera
2293 1998 2480 2070 paleas
2521 2013 2865 2071 magnopere
2893 2013 3008 2056 non
3039 1999 3300 2056 attendit.

2131 2085 2453 2144 Commisso
2487 2085 2680 2158 itaque
2715 2087 2865 2144 bello
2906 2086 3138 2145 tandem
3176 2087 3323 2160 fugit
3353 2087 3544 2148 Sisara
3574 2087 3637 2146 in
3664 2087 3771 2148 do-

2063 2191 2227 2234 mum
2256 2174 2442 2245 Jaliel,
2482 2175 2828 2249 alienigena
2857 2175 3125 2234 videlicet
3153 2176 3440 2236 mulieris.
3470 2178 3612 2248 Qua
3637 2193 3772 2250 pro-

2067 2264 2208 2322 fecto
2259 2263 2474 2322 sitienti
2523 2271 2710 2322 utrem
2756 2264 2920 2323 lactis
2964 2266 3191 2339 aperuit
3240 2272 3295 2324 et
3334 2274 3536 2340 potum
3573 2266 3767 2337 dedit;

2066 2352 2274 2411 deinde
2297 2352 2530 2410 clavum
2562 2352 2622 2410 in
2655 2353 2955 2412 cerebrum
2995 2354 3124 2428 ejus
3155 2369 3256 2428 per
3298 2363 3526 2430 tempus
3548 2363 3776 2416 utrum-

2068 2457 2180 2514 que
2222 2439 2446 2510 deﬁxit,
2498 2440 2697 2511 sicque
2727 2439 2789 2498 in
2833 2441 3088 2499 hominis
3139 2441 3326 2516 specie
3377 2458 3780 2517 perversorum

2069 2531 2334 2589 omnium
2365 2535 2535 2602 caput
2565 2529 2860 2588 diabolum
2891 2531 3194 2590 interfecit.
3233 2532 3381 2602 Quid
3409 2534 3563 2591 enim
3589 2532 3780 2604 Jahel,

2071 2635 2202 2693 qua
2234 2623 2474 2675 ascensio
2501 2619 2927 2693 interpretatur,
2957 2621 3071 2679 nisi
3095 2628 3349 2679 sanctam
3379 2621 3642 2694 designat
3671 2621 3783 2679 Ec-

2071 2710 2327 2782 clesiam,
2362 2727 2462 2784 per
2491 2726 2667 2784 quam
2698 2710 2963 2769 videlicet
2995 2711 3177 2769 solam
3207 2711 3502 2770 beatitudo
3535 2711 3788 2770 calestis

2073 2800 2442 2860 ostenditur?
2473 2799 2639 2859 Unde
2668 2807 2723 2858 et
2757 2801 3058 2875 Synagoga
3085 2802 3157 2860 de
3185 2803 3389 2861 eadem
3415 2801 3669 2861 Ecclesia
3697 2801 3788 2860 di-

2076 2889 2152 2947 cit
2178 2889 2239 2947 in
2266 2887 2548 2947 Canticis:
2578 2913 2603 2941 α
2643 2889 2782 2958 Qua
2810 2897 2894 2949 est
2932 2892 3061 2961 ista,
3103 2907 3240 2964 qua
3277 2891 3535 2950 ascendit
3573 2889 3644 2949 de
3687 2890 3790 2949 de-

2078 2987 2228 3037 serto
2256 2978 2479 3036 deliciis
2506 2977 2771 3050 afﬂuens,
2800 2979 3007 3037 innixa
3027 2996 3200 3054 super
3221 2980 3498 3039 dilectum
3524 2977 3738 3039 suum?
3765 3001 3788 3031 ι

2081 3070 2259 3138 (Cant.
2294 3071 2445 3137 VIII.)
2473 3067 2612 3126 Hac
2651 3068 2862 3127 mulier
2895 3071 3224 3143 alienigena
3261 3071 3394 3142 fuit,
3423 3072 3563 3144 quia
3602 3075 3797 3129 sancta

285 3174 432 3229 cem,
471 3159 568 3217 sed
612 3173 731 3255 non
763 3156 1510 3255 Id‘i'utiusﬂperm'anentem,
1558 3157 1690 3255 Mox
1733 3157 1889 3255 enim
1929 3157 2334 3255 utCEcclesia
2373 3156 2444 3255 de
2492 3156 2812 3229 gentilitate
2860 3159 3154 3231 processit.
3208 3158 3347 3218 Hac
3399 3158 3796 3219 Israelitarum

287 3247 482 3306 lucere
511 3246 734 3319 incipit,
757 3244 916 3304 illico
939 3244 1147 3304 deﬁcit.
1182 3245 1401 3304 Barach
1435 3245 1612 3318 igitur
1645 3245 1750 3303 iste
1773 3243 1990 3302 Israeli-
2023 3243 2306 3306 “hostem
2345 3246 2507 3320 prius
2549 3247 2690 3304 lacte
2729 3248 2964 3321 potavit,
3011 3256 3204 3324 postea
3241 3249 3424 3322 pilum
3458 3250 3630 3324 capiti
3669 3249 3796 3322 ejus

291 3335 386 3394 tici
425 3334 624 3410 pOpuli
656 3335 902 3408 ﬁguram
937 3340 1112 3404 tenet,
1158 3334 1261 3408 qui
1300 3334 1523 3406 primus
1561 3333 1824 3392 omnium
1867 3348 1999 3405 pro-
2080 3337 2276 3395 inﬁxit
2301 3355 2316 3407 ;
2346 3336 2484 3410 quia
2511 3337 2754 3395 humani
2790 3338 3018 3410 generis
3047 3339 3375 3410 inimicum,
3404 3355 3578 3413 quem
3602 3346 3796 3398 sancta

290 3427 531 3503 pheticis
559 3427 878 3486 instructus
907 3426 1176 3496 oraculis,
1206 3425 1638 3499 aliquantulum
1671 3425 1905 3497 quidem
1937 3424 2000 3480 in
2083 3426 2246 3499 prius
2270 3424 2524 3482 Ecclesia
2550 3425 2853 3484 carnaliter
2871 3426 3120 3484 vivendo
3150 3427 3398 3500 lactavit,
3429 3428 3797 3500 postmodum

289 3523 515 3591 accepta
549 3517 672 3589 lege
709 3515 954 3587 refulsit,
1006 3515 1105 3574 sed
1157 3515 1320 3573 brevi
1371 3521 1622 3588 tempore
1656 3511 1997 3571 coruscavit.
2083 3516 2461 3590 spiritualiter
2483 3517 2897 3586 conversando,
2929 3517 3179 3593 quodam
3199 3519 3469 3576 acumine
3488 3533 3555 3577 ac
3579 3519 3796 3578 virtute

290 3606 358 3664 In
388 3606 514 3679 lege
543 3606 778 3680 quippe,
814 3604 884 3662 de
913 3619 1027 3678 qua
1052 3605 1272 3662 dictum
1301 3609 1384 3662 est
1424 3627 1436 3661 :
1495 3628 1520 3651 ‹‹
1551 3603 1815 3661 Lucerna
1839 3600 2002 3675 pedi-
2083 3606 2270 3664 crucis
2297 3606 2600 3664 exstinxit.
2633 3606 2756 3664 Nisi
2791 3607 2950 3665 enim
2976 3606 3321 3666 insatiabilis
3352 3606 3640 3666 homicida
3674 3623 3798 3679 per-

291 3696 399 3754 bus
438 3695 584 3753 meis
623 3693 867 3752 verbum
909 3700 1095 3763 tuum,
1140 3693 1405 3764 Domine,
1445 3700 1499 3750 et
1543 3692 1743 3751 lumen
1783 3689 2003 3749 semitis
2084 3694 2364 3753 ditionem
2389 3694 2634 3753 humani
2660 3696 2889 3768 generis
2909 3694 3250 3768 inexplebili
3273 3711 3505 3769 prorsus
3525 3696 3797 3756 aviditate

294 3784 436 3844 meis
479 3787 652 3854 (Psal.
711 3788 938 3854 CXVIII),
969 3809 995 3832 ι»
1047 3783 1324 3858 antiquus
1369 3781 1470 3840 ille
1516 3781 1764 3856 populus
1815 3782 2004 3839 lucere
2085 3785 2285 3854 sitiret,
2316 3785 2387 3842 de
2415 3785 2516 3842 illo
2541 3792 2690 3844 certe
2717 3783 3008 3859 Scriptura
3035 3801 3150 3843 non
3182 3785 3428 3843 diceret:
3459 3809 3484 3836 ιι
3515 3784 3798 3843 Absorbe-

294 3873 484 3948 capit,
514 3872 612 3932 sed
637 3873 823 3931 desiit.
855 3874 1173 3932 Coruscum
1196 3872 1362 3946 quasi
1386 3871 1558 3930 clara
1582 3871 1718 3930 vita
1744 3870 2002 3944 protulit,
2086 3874 2170 3933 bit
2224 3875 2490 3944 ﬂuvium,
2550 3880 2605 3932 et
2654 3890 2771 3933 non
2822 3874 3145 3944 mirabitur,
3195 3881 3249 3932 et
3293 3875 3464 3933 habet
3522 3873 3796 3933 ﬁduciam

295 3963 392 4020 sed
420 3962 485 4020 in
516 3962 724 4021 lucidis
753 3962 1023 4036 operibus
1061 3977 1176 4020 non
1213 3961 1544 4036 permansit.
1586 3962 1734 4019 Nam
1760 3961 1904 4020 dum
1923 3961 2006 4019 di-
2087 3965 2242 4038 quod
2273 3965 2481 4022 inﬂuat
2507 3963 2774 4022 Jordanis
2805 3964 2864 4022 in
2890 3979 2953 4022 os
2983 3964 3108 4037 ejus
3140 3965 3255 4037 (Job
3285 3968 3400 4036 XL).
3439 3986 3460 4014 ι
3515 3963 3631 4023 Lac
3661 3980 3796 4023 vero

293 4059 488 4111 cerent
520 4054 534 4111 :
574 4075 595 4104 ι
629 4053 860 4123 Omnia,
915 4068 1049 4126 qua
1098 4053 1434 4126 praceperit
1481 4052 1647 4110 nobis
1696 4051 2004 4121 Dominus,
2088 4053 2311 4111 fructus
2341 4057 2428 4110 est
2458 4053 2671 4124 carnis,
2704 4057 2760 4110 et
2791 4050 3190 4110 blandimenta
3226 4052 3474 4111 carnalis
3515 4052 3800 4126 signiﬁcat

295 4148 351 4200 et
377 4142 690 4201 audiemus
727 4149 783 4200 et
821 4141 1122 4213 faciemus,
1156 4167 1182 4190 »
1216 4157 1344 4200 ecce
1379 4141 1548 4215 quasi
1590 4141 1695 4199 lux
1738 4155 2002 4198 corusca-
2089 4142 2422 4216 voluptatis.

297 4232 470 4291 tionis
497 4229 640 4288 198
664 4239 897 4305 exorta;
933 4234 1031 4291 sed
1056 4232 1198 4306 dum
1220 4237 1452 4306 repente
1482 4237 1788 4290 curvarent
1814 4247 2006 4304 genua
2161 4231 2432 4302 Quandiu
2465 4248 2601 4306 ergo
2638 4231 2872 4307 gentilis
2909 4232 3158 4308 populus
3189 4233 3362 4308 juxta
3394 4233 3581 4308 legem
3610 4234 3800 4294 carnis

295 4328 427 4379 ante
450 4321 610 4394 Baal,
642 4337 771 4380 ecce
817 4322 1139 4402 coruscatio
1167 4321 1472 4380 videbatur
1501 4322 1804 4379 exstincta.
1848 4319 2010 4378 Dixit
2092 4321 2431 4394 voluptuose
2484 4321 2652 4391 vixit,
2703 4327 2976 4396 tanquam
3030 4322 3136 4394 lac,
3179 4322 3256 4381 ita
3301 4323 3439 4381 vita
3489 4320 3630 4378 199
3677 4338 3802 4383 sua

296 4428 432 4486 ergo
487 4412 705 4472 Debora
745 4412 816 4471 ad
870 4412 1130 4472 Barach:
1176 4434 1204 4466 «
1237 4412 1511 4485 Pracepit
1555 4409 1659 4469 tibi
1724 4412 2008 4470 Dominus
2090 4410 2395 4469 mollitiem
2449 4410 2693 4482 sitienti,
2745 4418 2986 4470 mortem
3035 4418 3291 4470 nostram
3331 4411 3559 4471 diabolo
3607 4412 3803 4485 propi-

300 4503 450 4561 Deus
475 4501 688 4560 Israel:
716 4501 878 4560 Tolle
918 4514 1106 4561 tecum
1146 4501 1345 4560 decem
1376 4501 1562 4560 millia
1593 4508 1976 4575 pugnatorum

2091 4499 2271 4556 navit.
2303 4501 2378 4556 At
2399 4507 2701 4574 postquam
2725 4501 2835 4558 sub
2856 4500 3092 4574 spiritus
3113 4516 3174 4558 se
3194 4500 3498 4573 disciplina
3522 4499 3807 4560 constrin-

1985 4547 1998 4571 ν

300 4551 450 4561 ,ηπ
475 4551 688 4560 --._--.
723 4551 878 4560 --.--
920 4551 1106 4561 πη...
1148 4551 1345 4560 ηπ...
1378 4551 1562 4560 ._-.---
1596 4551 1864 4575 Paw---
1884 4551 1998 4571 _---,
2303 4551 2376 4556 -_-
2402 4551 2701 4574 ,πη-ηπ--
2725 4551 2831 4558 -_-
2856 4551 3090 4574 7----“
3114 4551 3173 4558 η
3198 4551 3498 4573 -----,..----
3526 4551 3780 4560 --η-η-..

294 4598 352 4650 et
384 4591 528 4649 vade
558 4590 620 4649 in
652 4597 904 4649 montem
944 4590 1194 4650 Thabor.
1229 4593 1348 4664 Ego
1387 4597 1581 4650 autem
1613 4591 1894 4649 adducam
1929 4590 1998 4648 ad
2023 4551 2198 4659 Dxit,
2243 4588 2475 4646 invicta
2511 4604 2647 4646 mox
2695 4589 2882 4648 crucis
2913 4606 3073 4648 arma
3121 4590 3417 4661 corripuit,
3460 4590 3802 4663 hostemque

298 4685 350 4736 te
379 4678 440 4736 in
469 4678 660 4737 locum
697 4679 966 4738 torrentis
993 4679 1161 4738 Cison
1200 4676 1450 4738 Sisaram
1480 4677 1797 4752 principem
1831 4693 2000 4734 exer-

294 4769 443 4827 citus
475 4767 669 4840 Jabin,
700 4775 756 4827 et
780 4785 987 4828 currus
1015 4770 1140 4844 ejus
1165 4785 1514 4844 omnemque
1541 4768 2000 4835 multitudinem,

295 4856 632 4932 tradamque
663 4873 759 4917 eos
787 4859 848 4916 in
882 4874 1062 4916 manu
1106 4863 1199 4916 tua
1233 4859 1378 4928 (Iud.
1418 4857 1515 4929 Iv).
1543 4881 1568 4907 η
1612 4857 1913 4930 Tanquam
1953 4855 2002 4912 si

296 4961 397 5020 per
426 4946 812 5020 propheticam
840 4946 1159 5005 doctrinam
1184 4945 1361 5018 priori
1389 4945 1601 5019 populo
1632 4945 1784 5002 Deus
1809 4943 1996 5002 omni-

296 5041 497 5108 potens
526 5035 709 5093 dicat:
739 5035 941 5094 Decem
970 5041 1252 5109 pracepta
1281 5033 1421 5107 legis
1444 5049 1695 5104 assume,
1730 5040 1783 5091 et
1814 5034 2002 5091 virtu-

299 5130 420 5182 tum
467 5124 696 5182 culmen
737 5125 1002 5196 ascende,
1043 5124 1239 5196 sicque
1278 5123 1651 5196 reproborum
1684 5122 2002 5195 principem

296 5228 362 5271 ac
391 5213 568 5272 totius
599 5213 924 5288 iniquitatis
961 5221 1275 5286 auctorem,
1305 5228 1398 5270 me
1428 5211 1532 5270 tibi
1571 5211 1722 5269 vires
1749 5210 2002 5269 admini-

298 5308 532 5373 strante,
559 5311 874 5378 prosterne.

367 5392 487 5453 Nec
513 5397 981 5468 pratereundum
1010 5395 1163 5470 quod
1194 5393 1456 5466 princeps
1497 5392 1598 5450 ille
1643 5391 1868 5450 militia
1911 5391 2003 5450 Si-

299 5497 444 5554 sara,
486 5484 589 5557 qui
621 5485 929 5559 perditioni
968 5484 1247 5558 proxima
1279 5485 1400 5541 erat
1437 5481 1744 5553 obnoxius,
1783 5485 1855 5540 ad
1891 5487 2002 5539 tor-

299 5579 524 5633 rentem
553 5574 725 5634 Cison
753 5575 1195 5651 promittebatur
1223 5579 1390 5633 antea
1417 5572 1810 5634 deducendus.
1853 5573 2004 5645 Quid

299 5663 460 5724 enim
487 5679 589 5740 per
620 5669 931 5724 torrentem
961 5662 1153 5734 Cison,
1191 5663 1307 5723 nisi
1340 5662 1662 5737 baptismus
1694 5662 1861 5724 debet
1905 5665 2002 5725 in-

588 5781 845 5844 ΡΑτιιοι..
877 5778 1124 5842 CXLIV.

2089 4678 2291 4735 salutis
2325 4678 2616 4745 humana,
2657 4693 2829 4754 quem
2860 4680 3085 4738 dudum
3116 4677 3427 4751 voluptatis
3457 4676 3601 4735 lacte
3644 4683 3801 4750 pota-

2090 4775 2265 4838 verat,
2298 4784 2455 4826 nunc
2481 4768 2840 4842 panitentia
2869 4768 3090 4826 munita
3120 4766 3406 4840 prasidio,
3428 4765 3585 4838 ligno
3616 4772 3804 4824 trans-

2089 4859 2238 4918 ﬁxit.
2273 4857 2367 4917 Sic
2403 4859 2599 4932 itaque
2630 4875 2806 4934 quem
2832 4857 3144 4918 Israelitica
3181 4857 3342 4930 plebs
3382 4871 3657 4931 superare
3686 4872 3801 4914 non

2088 4951 2292 5025 potuit,
2327 4949 2632 5024 peregrina
2688 4949 2918 5018 mulier,
2951 4949 3059 5006 hoc
3112 4954 3196 5005 est
3243 4947 3474 5021 gentilis
3528 4946 3802 5018 Ecclesia,

2087 5040 2209 5098 solo
2239 5039 2429 5098 crucis
2460 5039 2616 5112 ligno
2645 5036 2965 5111 prostravit.

2161 5127 2311 5185 Hinc
2361 5135 2441 5186 est
2488 5125 2639 5201 quod
2686 5132 2740 5183 et
2780 5124 2875 5182 hic
2924 5123 3348 5184 invictissimus
3393 5123 3603 5183 Christi
3642 5121 3811 5181 miles

2090 5214 2153 5273 B.
2189 5213 2497 5273 Cassianus
2530 5214 2680 5269 inter
2710 5211 3054 5283 gravissima
3102 5228 3406 5286 panarum
3449 5226 3682 5269 suarum
3711 5215 3814 5269 tor-

2090 5310 2283 5363 menta
2335 5302 2590 5377 superari
2646 5317 2758 5358 non
2811 5303 3016 5376 potuit,
3067 5301 3204 5377 quia
3253 5318 3367 5360 non
3421 5317 3557 5360 eum
3626 5301 3812 5360 ferrea

2089 5393 2263 5451 lorica
2309 5388 2704 5459 circumdedit,
2755 5406 2871 5448 non
2923 5391 3088 5462 galea
3142 5391 3367 5448 cristata
3414 5391 3682 5464 protexit,
3711 5389 3814 5448 sed

2089 5483 2319 5556 lignum
2365 5482 2760 5541 tantummodo
2801 5482 2988 5540 crucis
3026 5481 3288 5540 armavit.
3337 5481 3483 5539 Nam
3523 5478 3638 5556 qui
3668 5478 3814 5556 ligni

2093 5572 2272 5647 hujus
2293 5571 2512 5632 vexillo
2533 5573 2820 5644 munitur,
2846 5571 3163 5646 spiritualis
3182 5571 3462 5649 nequitia
3481 5571 3818 5632 conﬂictum

2091 5679 2348 5725 securus
2390 5663 2736 5740 aggreditur.
2802 5661 2926 5723 Hoc
2978 5663 3214 5738 signum
3256 5668 3457 5723 contra
3509 5661 3696 5724 David
3745 5660 3820 5722 ad

3461 5777 3533 5838 23
