4184 6448
390 289 494 348 715

952 370 957 375 ἡ
1010 281 1070 345 8.
1111 282 1334 346 PETRI
1372 280 1694 344 DAMIANI
1732 280 1890 342 OPP.
1933 278 2124 342 PARS
2163 278 2306 343 SEU
2352 281 2602 345 TOMUS
2638 283 2714 344 II.
2757 316 2821 328 —
2865 285 3278 349 SEBMONES.

3788 294 3893 353 716

389 412 537 471 bella
576 411 976 486 congrediens,
1022 410 1391 469 Pbilislhasus
1427 409 1738 484 sacrilegus
1774 407 2430 481 ignorabat,Acrucem,
2479 416 2536 470 et
2586 412 2990 487 unusquisque
3040 418 3301 473 nostrum
3350 414 3585 475 solerter
3627 417 3892 494 invigilet

387 509 561 577 atque
613 501 825 561 idcirco
876 515 1013 559 mox
1070 501 1133 559 in
1195 501 1380 559 fronte
1436 516 1740 574 percussus
1786 499 2007 557 interiit
2058 502 2104 572 (Ι

390 598 522 664 Reg.
558 592 734 663 XVII),
770 590 872 650 ubi
902 591 1118 650 scilicet
1144 584 1279 650 vitae
1302 590 1414 649 sibi
1442 590 1804 665 signaculum
1838 606 1953 649 non
1986 589 2097 648 im-

388 681 613 757 pressit.
647 680 771 739 Hoc
797 679 1031 752 signum
1069 680 1272 739 salutis
1308 680 1370 739 in
1402 680 1586 739 fronte
1617 679 1965 754 depingitur,
1997 678 2098 737 ubi

390 770 655 829 videlicet
695 771 957 828 sacerdos
988 769 1337 829 summusin
1378 770 1502 840 lege
1542 770 1671 828 auri
1713 768 1987 827 laminam
2034 767 2098 825 in

389 861 632 937 gloriam
662 868 718 919 et
753 860 1015 921 decorem
1051 878 1263 935 ponere
1283 860 1594 935 jubebatur
1618 861 1816 930 (Exod.
1850 862 2094 929 XXVIII),

389 952 451 1010 in
482 967 596 1025 qua
624 951 837 1011 scilicet
881 952 1096 1011 lamina
1142 951 1286 1011 illud
1338 951 1653 1025 gloriosum
1704 956 1761 1008 et
1804 949 2097 1007 ineffabile

389 1057 601 1100 nomen
657 1041 886 1100 Domini
951 1049 1449 1115 tetragrammaton
1508 1041 1808 1100 videbatur
1862 1040 2095 1099 exscul-

387 1134 575 1205 ptum.
610 1128 773 1200 Quod
801 1131 1082 1190 nimirum
1113 1130 1252 1206 quid
1280 1130 1440 1189 aliud
1468 1146 1642 1205 quam
1672 1144 1902 1189 crucem
1932 1130 2094 1188 vide-

389 1220 563 1279 batur
606 1221 936 1294 exprimere
989 1218 1338 1280 Salvatoris?
1367 1218 1528 1278 Sicut
1574 1219 1729 1277 enim
1770 1234 1913 1277 crux
1959 1234 2098 1294 qua-

390 1315 519 1367 tuor
550 1308 721 1367 habet
750 1324 985 1379 cornua,
1021 1314 1076 1367 et
1100 1308 1183 1366 ita
1203 1323 1415 1367 nomen
1455 1306 1603 1366 illud
1625 1314 1873 1384 quatuor
1893 1306 2098 1365 litteris

397 1403 637 1456 constat.

457 1488 620 1546 Crux
639 1504 701 1546 er
712 1503 783 1562 go
794 1487 1021 1546 decoret
1047 1486 1228 1560 gloria
1241 1484 1605 1544 sacerdotalis
1628 1483 1801 1542 ofﬁcii
1826 1483 1885 1542 in
1913 1484 2098 1542 fronte

390 1575 648 1647 ponitur,
667 1582 733 1634 ut
757 1574 1190 1650 superliminari
1220 1575 1427 1632 domus
1452 1573 1591 1646 agni
1620 1588 1822 1631 cruore
1844 1573 2092 1646 perfuso,

389 1664 740 1722 transeuntis
766 1663 958 1737 angeli
984 1662 1215 1738 gladius
1243 1663 1520 1721 evadatur
1538 1663 1732 1733 (Ea-od.
1760 1663 1884 1733 XII).
1916 1662 2098 1721 Econ-

2181 512 2416 572 pravam
2466 499 2525 557 in
2578 515 2639 558 se
2694 503 3006 574 reprimere
3052 501 3433 562 voluntatem.
3489 505 3739 580 Signum
3785 510 3894 568 hoc

2183 586 2317 644 vitae
2360 602 2476 646 non
2519 589 2919 662 exprimamus
2952 588 3353 650 tantummodo
3379 592 3440 649 in
3468 593 3653 653 fronte
3678 596 3890 669 carnis,

2181 677 2277 735 sed
2320 678 2698 738 recondamus
2733 680 2972 755 insuper
3004 681 3231 740 intimis
3261 682 3583 744 visceribus
3623 695 3794 746 castas
3837 692 3895 746 et

2180 768 2389 826 sobriae
2410 767 2739 839 voluntatis,
2771 772 3077 846 implentes
3102 772 3249 831 illud
3277 774 3432 845 quod
3461 790 3686 849 sponsae
3716 793 3890 850 spon-

2180 872 2282 914 sus
2310 857 2475 931 jubet
2502 857 2562 916 in
2592 858 2843 918 Canticis
2874 884 2886 918 :
2934 886 2959 908 ‹‹
3004 859 3160 919 Ρο118
3194 877 3306 933 1118,
3343 862 3554 937 inquit,
3595 874 3661 925 ut
3695 866 3892 942 signa-

2181 945 2381 1005 culum
2435 964 2608 1021 super
2649 965 2746 1008 cor
2788 955 2972 1019 tuum,
3026 957 3091 1008 ut
3138 950 3507 1024 signaculum
3547 970 3724 1028 super
3760 956 3893 1015 bra-

2180 1035 2381 1094 chium
2413 1041 2577 1096 tuum
2605 1038 2785 1108 (Cant.
2814 1042 2961 1108 VIII).
2998 1059 3024 1090 »
3056 1038 3427 1112 Perspicuum
3463 1048 3547 1099 est
3576 1043 3715 1116 quia
3737 1043 3892 1118 quod

2166 1141 2279 1209 _cor
2325 1126 2554 1199 cogitat,
2592 1127 2898 1187 brachium
2945 1132 3232 1201 operatur.
3265 1126 3369 1186 Ille
3415 1144 3550 1205 ergo
3596 1132 3892 1193 Christum

2181 1229 2353 1287 snper
2402 1230 2500 1273 cor
2546 1230 2722 1273 suum
2758 1218 2927 1289 quasi
2975 1218 3345 1293 signaculum
3389 1220 3568 1294 ponit,
3610 1220 3712 1293 qui
3755 1236 3890 1279 eum

2182 1302 2523 1362 medullitus
2548 1303 2757 1377 diligit,
2784 1307 2886 1380 qui
2915 1306 2987 1365 ad
3013 1323 3151 1366 eum
3188 1308 3475 1368 ferventer
3500 1308 3752 1379 anhelat,
3787 1307 3891 1384 qui

2182 1404 2317 1450 eum
2343 1393 2521 1451 anxie
2552 1393 2788 1466 ﬂagitat,
2819 1395 2920 1468 qui
2955 1395 3015 1453 in
3051 1396 3176 1468 ejus
3210 1395 3495 1456 desiderio
3516 1398 3731 1472 jugiter
3759 1413 3893 1472 per-

2183 1486 2422 1537 severat.
2464 1478 2569 1538 Ille
2602 1495 2738 1539 vero
2768 1497 2940 1555 super
2980 1482 3278 1541 brachium
3319 1500 3494 1543 suum
3530 1487 3688 1560 ponit
3720 1484 3892 1544 Chri-

2182 1577 2357 1642 stum,
2394 1570 2495 1644 qui
2549 1573 2915 1633 extrinsecus
2953 1590 3187 1650 quoque
3238 1574 3367 1646 ejus
3412 1576 3698 1636 mandatis
3740 1576 3891 1634 insi-

2182 1666 2356 1727 stens,
2401 1675 2578 1734 quem
2617 1661 2680 1719 in
2717 1662 3037 1722 visceribus
3074 1663 3263 1723 cordis
3305 1665 3571 1738 occultat,
3605 1666 3777 1724 etiam
3826 1665 3891 1723 in

386 1758 474 1811 tra
496 1753 558 1811 in
584 1754 689 1812 bac
712 1753 965 1827 corporis
993 1759 1151 1827 parte
1168 1767 1269 1810 rex
1290 1751 1390 1809 ille
1415 1750 1577 1810 Ozias
1605 1750 1760 1825 lepra
1791 1767 2097 1825 percussus
2118 1748 2510 1832 Boperationc
2539 1750 2912 1809 demonstrat.
2945 1751 3090 1810 Nam
3119 1758 3174 1811 et
3210 1767 3314 1811 nos
3340 1753 3402 1812 in
3433 1754 3693 1829 quolibet
3718 1769 3894 1812 mem-

388 1850 471 1901 est
509 1847 585 1914 (II
619 1847 746 1903 Par.
782 1851 978 1914 XXVI),
1004 1846 1174 1918 juxta
1218 1842 1517 1918 Prophetas
1558 1858 1755 1902 vocem
1805 1842 2051 1904 dicentis
2085 1866 2097 1905 :

387 1956 414 1985 α
474 1932 655 2009 Imple
706 1933 881 1992 facies
927 1917 1126 1993 eorum
1172 1917 1494 2007 ignominia
1543 1938 1711 2003 (Psal.
1759 1940 2016 2005 LXXXII),
2071 1957 2098 1990 ››

387 2021 492 2096 qui
516 2022 657 2081 dum
696 2021 872 2095 regali
904 2021 1161 2080 culmine
1189 2030 1524 2096 arroganter
1550 2022 1847 2094 intumuit,
1881 2023 2100 2081 sacriﬁ-

386 2109 552 2168 candi
612 2110 926 2181 licentiam,
978 2124 1108 2186 quae
1147 2111 1285 2170 solis
1331 2110 1645 2171 debebatur
1688 2112 2096 2185 sacerdotibus,

387 2202 620 2261 sibimet
643 2203 964 2277 usurpavit.

458 2290 579 2349 Hoc
615 2291 855 2364 signum
892 2290 1074 2349 David
1117 2290 1179 2349 in
1218 2291 1427 2366 spiritu
1466 2292 1791 2366 praevidens
1843 2291 2097 2367 gratula-

384 2379 621 2439 bundus
668 2380 854 2439 aiebat
902 2404 914 2437 :
971 2404 992 2432 ι
1035 2378 1347 2453 Signatum
1399 2387 1484 2439 est
1536 2397 1709 2455 super
1757 2397 1862 2440 nos
1898 2383 2100 2441 lumen

386 2468 584 2527 vultus
634 2469 741 2541 tui,
799 2468 1075 2539 Domine;
1131 2468 1379 2541 ideoque
1421 2469 1767 2543 subjungit:
1808 2493 1833 2523 (1
1882 2470 2100 2531 Dedisti

393 2555 652 2616 laetitiam
682 2559 740 2616 in
775 2558 944 2617 corde
988 2575 1117 2637 meo
1147 2563 1317 2630 (Psal.
1345 2565 1447 2630 ιν).
1482 2583 1502 2612 ι
1546 2560 1731 2631 Quam
1764 2562 2096 2635 pretiosum,

394 2661 689 2719 quamque
724 2646 1037 2706 mirificum
1076 2649 1261 2708 crucis
1294 2648 1529 2722 signum
1568 2656 1681 2722 est,
1723 2650 1923 2708 fratres
1960 2651 2096 2721 mei,

382 2736 538 2809 quod
571 2744 626 2795 et
657 2738 936 2812 superbos
972 2754 1235 2813 quosque
1284 2756 1416 2798 cum
1459 2741 1583 2814 ipso
1621 2746 1851 2799 auctore
1890 2756 2096 2813 super—

387 2822 501 2882 biaa
538 2826 851 2896 destruxit,
879 2832 935 2883 et
970 2843 1071 2901 pro
1107 2827 1333 2886 Christo
1371 2836 1649 2887 certantes
1672 2828 1734 2886 in
1766 2837 2096 2902 provectum

391 2915 592 2991 gloriae
634 2917 1002 2989 triumphalis
1039 2918 1246 2976 attollit
1283 2921 1295 2978 !
1338 2940 1364 2972 ‹‹
1401 2920 1563 2992 Ecce,
1603 2920 1798 2994 inquit
1839 2919 2095 2993 Simeon,

388 3006 609 3079 positus
635 3013 719 3063 est
747 3005 843 3062 hic
871 3006 930 3063 in
964 3008 1218 3079 ruinam,
1244 3013 1298 3066 et
1327 3009 1390 3066 in
1428 3009 1905 3068 resurrectionem
1943 3010 2098 3067 mul-

384 3101 573 3154 torum
621 3094 677 3151 in
729 3094 903 3152 Israel
955 3098 1102 3168 (Luc.
1152 3098 1229 3167 11).
1266 3120 1286 3145 ι
1333 3095 1672 3166 Pretiosum,
1720 3099 1982 3171 inquam,
2015 3097 2091 3153 si-

350 3183 566 3255 gnum
598 3182 808 3254 crucis,
850 3182 972 3251 sed,
1014 3189 1183 3255 prout
1213 3190 1502 3255 gestamus
1531 3184 1592 3241 in
1630 3184 1829 3254 fronte,
1872 3183 2096 3243 utinam

385 3278 681 3344 portemus
709 3270 770 3327 in
800 3270 986 3329 corde.
1022 3270 1126 3328 Ille
1149 3272 1305 3330 enim
1335 3273 1492 3331 cordi
1516 3289 1623 3331 suo
1652 3273 1883 3346 signum
1912 3276 2098 3333 crucis

383 3359 663 3418 veraciter
712 3360 884 3417 habet
939 3361 1312 3434 impressum,
1356 3362 1462 3435 qui
1515 3361 1831 3434 Christum,
1871 3365 1975 3437 qui
2033 3364 2093 3421 in

384 3463 552 3507 cruce
602 3464 928 3523 suspensus
985 3457 1088 3520 est,
1148 3450 1357 3524 diligit,
1405 3451 1509 3525 qui
1555 3468 1692 3511 eum
1741 3457 1857 3511 toto
1911 3451 2097 3511 cordis

382 3553 576 3597 amore
601 3538 1026 3612 complectitur,
1057 3540 1157 3614 qui
1187 3547 1339 3598 certe
1379 3540 1437 3598 in
1485 3556 1552 3599 eo
1598 3540 1728 3600 totis
1779 3541 2097 3601 visceribus

380 3626 711 3693 delectatur,
745 3628 847 3702 qui
886 3643 1136 3703 quaeque
1167 3630 1241 3688 ab
1269 3645 1336 3688 eo
1360 3629 1647 3703 prohibita
1691 3631 1927 3706 respuit,
1962 3648 2095 3706 quae

380 3723 518 3776 sunt
554 3717 843 3789 mandata,
885 3733 1019 3777 cum
1060 3734 1256 3778 amore
1291 3720 1557 3778 custodit.
1593 3720 1739 3778 Sunt
1780 3721 1938 3778 enim
1974 3722 2092 3778 ini-

381 3807 727 3866 micicrucis
756 3808 969 3867 Christi
997 3826 1266 3884 quorum,
1295 3817 1359 3869 ut
1408 3810 1716 3885 Apostolus
1761 3812 1860 3882 ait,
1909 3835 1925 3861 α
1961 3811 2098 3869 finis

383 3894 671 3966 interitus,
702 3902 757 3952 et
786 3895 1047 3966 gloriain
1078 3899 1416 3958 confusione
1444 3900 1721 3973 ipsorum,
1749 3899 1851 3972 qui
1873 3907 2094 3958 terrena

385 3988 619 4060 sapiunt
648 3988 814 4053 (Phil.
849 3995 953 4051 III).
990 4013 1013 4069 ιι⁵
1047 3988 1267 4049 Suntet
1294 3992 1465 4050 amici
1493 3992 1677 4050 crucis
1693 3989 1924 4059 Christi,
1951 4006 2096 4063 quo-

387 4091 517 4134 rum
554 4074 818 4132 videlicet
851 4080 1208 4139 conversatio
1247 4080 1307 4138 in
1355 4081 1514 4140 cmlis
1549 4090 1651 4140 est.
1684 4082 1751 4140 In
1798 4079 2096 4139 tremendo

389 4179 593 4236 nempe
640 4164 859 4236 judicio
908 4165 1057 4225 inter
1101 4169 1363 4228 sinistros
1416 4170 1539 4236 erit,
1581 4169 1852 4245 quisquis
1905 4168 2098 4226 vitalis

386 4253 567 4325 hujus
594 4251 744 4323 signi
772 4253 1161 4314 characterem
1187 4273 1305 4315 non
1340 4258 1596 4316 habebit.
1630 4258 1745 4315 Nec
1775 4258 1847 4315 ab
1876 4273 1962 4325 eo,
1996 4257 2097 4330 qui

387 4337 705 4399 cruciﬁxus
728 4345 830 4409 est,
855 4340 1049 4414 judice
1072 4344 1273 4401 referet
1298 4344 1623 4417 praemium,
1648 4344 1748 4418 qui
1776 4342 1885 4400 sibi
1910 4344 2100 4402 crucis

390 4430 620 4503 insigne
644 4443 759 4486 11011
788 4430 1049 4488 ostendet
1071 4432 1438 4505 impressum.
1468 4433 1531 4491 In
1563 4432 1711 4491 libro
1738 4433 1952 4508 quippe
1970 4432 2097 4490 Eze-

390 4522 595 4581 chielis
625 4520 733 4578 hoc
761 4522 995 4594 signum
1027 4521 1306 4581 Dominus
1333 4523 1392 4581 in
1432 4523 1716 4582 frontibus
1742 4522 2096 4596 gementium

393 4620 449 4671 et
479 4609 803 4671 dolentium
847 4612 1107 4687 μνία-11111
1142 4613 1399 4685 imprimi
1437 4638 1449 4671 :
1480 4614 1686 4672 deinde
1717 4621 1952 4673 cwteros
1981 4631 2101 4672 om-

394 4721 515 4773 nes,
546 4705 647 4779 qui
687 4702 829 4761 200
880 4703 1099 4778 absque
1148 4705 1252 4762 hoc
1299 4705 1464 4778 signo
1508 4705 1715 4777 reperti
1763 4710 1921 4776 sunt,
1946 4706 2110 4779 jubet

392 4794 571 4853 occidi
610 4797 824 4867 (Ezech.
862 4802 967 4859 IX).
1003 4792 1145 4850 Nam
1173 4792 1220 4849 si
1247 4792 1554 4865 diligenter
1580 4792 1943 4866 inspicimus,
1984 4793 2110 4867 ipsa

395 4897 628 4957 quoque
674 4882 943 4939 mandata
994 4880 1202 4939 veteris
1255 4879 1634 4938 Instrumenti
1684 4890 2111 4938 sacramentum

395 4972 582 5032 crucis
630 4971 885 5028 redolere
940 4969 1243 5028 sentimus.
1280 4970 1423 5029 Cum
1469 4968 1626 5027 enim
1671 4969 1766 5027 lex
1827 4968 2112 5027 divinitus

396 5062 526 5120 data
557 5060 668 5119 sub
709 5058 941 5117 denario
977 5074 1222 5119 numero
1261 5059 1522 5129 traditur,
1571 5060 1673 5133 qui
1708 5059 1969 5117 videlicet
2000 5074 2111 5117 nu-

400 5170 596 5212 merus
627 5168 727 5226 per
754 5151 807 5208 X
848 5151 1095 5207 litteram
1130 5149 1483 5220 designatur,
1514 5150 1651 5223 quid
1700 5149 1760 5206 in
1815 5149 1922 5206 hoc
1952 5147 2113 5205 aliud

403 5258 575 5315 quam
623 5240 808 5315 ﬁgura
855 5239 1043 5297 crucis
1091 5236 1492 5310 exprimitur?
1534 5236 1672 5294 Haec
1716 5236 1872 5294 enim
1929 5235 2114 5292 littera

401 5330 589 5389 crucis
619 5329 786 5387 habet
812 5326 1080 5401 speciem,
1106 5340 1261 5399 quae,
1292 5325 1434 5382 dum
1462 5324 1766 5382 denarium
1800 5339 2115 5383 numerum

403 5416 466 5475 in
506 5433 566 5476 se
610 5414 1061 5492 comprehendit,
1097 5412 1256 5472 cruci
1308 5412 1556 5471 militare
1602 5412 1799 5472 omnia
1851 5412 2118 5470 mandata

404 5503 550 5580 legis
580 5506 876 5565 evidenter
901 5502 1170 5565 ostendit.

483 5593 767 5653 Amemus
813 5609 970 5669 ergo,
1021 5589 1421 5661 dilectissimi,
1470 5588 1795 5663 Christum,
1854 5604 2117 5650 amemus

2184 1838 2285 1895 bro
2314 1843 2508 1897 nostro
2536 1839 2775 1912 signum
2798 1841 3092 1915 ponimus,
3123 1848 3187 1900 ut
3222 1844 3326 1914 rei,
3357 1859 3492 1916 quae
3523 1843 3689 1902 nobis
3717 1843 3892 1901 chara

2183 1933 2286 1997 est,
2319 1928 2659 1987 memoriam
2708 1944 2821 1988 non
2863 1930 3189 2004 perdamus.
3224 1931 3520 1991 Habeatur
3554 1948 3689 2008 ergo
3725 1932 3894 1991 Chri-

2183 2023 2306 2075 stus
2333 2017 2392 2074 in
2424 2017 2615 2090 corde,
2648 2017 2927 2078 habeatur
2955 2026 3011 2079 et
3047 2020 3108 2079 in
3147 2022 3476 2095 operatione
3503 2022 3893 2095 signaculum,

2183 2112 2246 2162 ut
2274 2107 2399 2178 ejus
2433 2105 2493 2163 in
2541 2105 2707 2164 nobis
2736 2121 2961 2179 semper
2989 2107 3120 2165 viva
3157 2109 3457 2187 memoria,
3485 2116 3542 2168 et
3578 2109 3898 2183 subrepen-

2184 2195 2332 2253 tium
2386 2195 2801 2268 cogitationum
2835 2213 3011 2271 prava
3059 2206 3397 2273 compescat,
3426 2206 3479 2258 et
3524 2200 3588 2258 in
3632 2199 3726 2258 his
3761 2214 3897 2272 quae

2181 2285 2542 2343 extrinsecus
2574 2286 2824 2359 agimus,
2864 2285 3142 2345 Cruciﬁxi
3180 2287 3566 2347 characterem
3597 2288 3898 2348 evidenter

2180 2374 2469 2433 exhibeat.
2511 2374 2824 2434 Enimvero
2879 2376 2927 2433 si
2985 2375 3154 2435 nobis
3208 2376 3473 2436 Christus
3525 2377 3891 2451 signaculum

2183 2463 2376 2535 fuerit,
2402 2470 2457 2521 et
2486 2463 2611 2538 ipse
2638 2479 2743 2523 nos
2777 2463 2888 2522 sibi
2916 2473 3075 2539 grata
3100 2465 3500 2524 vicissitudine
3527 2466 3896 2539 signaculum

2180 2540 2359 2626 ponit.
2388 2553 2573 2613 Juxta
2603 2554 2758 2629 quod
2789 2554 3102 2613 Zorobabel
3144 2553 3279 2613 duci
3315 2554 3537 2614 Iudaeas
3578 2554 3895 2629 pollicetur,

2179 2641 2379 2700 dicens
2408 2663 2431 2699 τ
2461 2663 2487 2695 (1
2521 2643 2587 2700 111
2635 2642 2734 2700 illa
2781 2642 2875 2701 die
2912 2644 3225 2717 suscipiam
3264 2651 3337 2716 te,
3368 2644 3703 2717 Zorobabel,
3731 2659 3896 2704 serve

2181 2748 2367 2804 meus,
2401 2740 2455 2790 et
2491 2748 2702 2806 ponam
2756 2740 2806 2791 te
2860 2734 3009 2793 sicut
3056 2734 3422 2808 signaculum
3477 2735 3539 2793 in
3590 2740 3897 2807 conspectu

2180 2836 2307 2879 meo
2363 2823 2533 2891 (Agg.
2565 2827 2647 2891 11).
2689 2847 2716 2871 ››
2772 2821 2839 2879 In
2893 2830 3200 2896 conspectu
3254 2839 3504 2899 namque
3557 2823 3659 2882 Dei
3699 2824 3896 2896 justus

2179 2908 2326 2966 sicut
2378 2909 2749 2983 signaculum
2789 2911 3045 2984 ponitur,
3077 2912 3216 2986 quia
3251 2927 3352 2986 per
3387 2912 3647 2971 continui
3683 2913 3899 2971 amoris

2178 3000 2420 3071 gratiam
2452 2999 2512 3058 111
2549 3001 2676 3076 ejus
2704 3001 2984 3060 memoria
3029 3017 3255 3076 semper
3282 3002 3547 3062 habetur.
3572 3005 3649 3062 At
3675 3009 3892 3074 contra,

2184 3086 2260 3145 de
2298 3089 2478 3163 impio
2512 3105 2641 3165 rege
2676 3090 2976 3164 Jecbonia,
3009 3091 3133 3167 qui,
3176 3092 3454 3166 quoniam
3491 3092 3594 3151 Dei
3631 3093 3897 3166 omnipo-

2186 3178 2358 3238 tentis
2398 3180 2705 3239 immemor
2734 3186 2875 3252 erat,
2907 3180 2965 3239 in
3012 3182 3138 3256 ejus
3175 3188 3231 3240 et
3265 3182 3391 3257 ipse
3417 3199 3535 3241 non
3565 3183 3898 3241 merebatur

2185 3285 2313 3327 esse
2348 3271 2629 3328 memoria
2663 3294 2675 3328 :
2713 3296 2738 3319 ιι
2770 3269 2830 3329 Si
2855 3270 3049 3340 fuerit,
3072 3270 3280 3345 inquit,
3312 3272 3616 3331 Jecbonias
3639 3270 3898 3330 annulus

2185 3358 2387 3417 dexter
2412 3358 2472 3416 in
2506 3375 2682 3418 manu
2714 3359 3029 3429 mea,.inde
3057 3359 3301 3418 evellam
3328 3376 3465 3419 eum
3494 3364 3621 3431 (Jer.
3654 3363 3828 3429 XXII).
3866 3383 3890 3411 ι

2256 3448 2436 3519 Quam
2460 3447 2798 3507 inviolabile
2816 3449 3167 3522 firmumque
3188 3448 3555 3522 signaculum
3581 3448 3646 3506 B.
3677 3454 3898 3521 martyr

2183 3536 2491 3596 Cassianus
2533 3537 2592 3596 in
2622 3546 2846 3610 pectore
2875 3553 2982 3596 suo
3026 3544 3295 3612 posuerat
3334 3537 3648 3610 Christum,
3680 3536 3782 3611 qui
3831 3537 3895 3596 in

2187 3632 2357 3685 tantze
2393 3625 2529 3684 fidei
2581 3628 2901 3685 constantia
2947 3626 3268 3685 immobilis
3314 3625 3726 3701 permanebat!
3775 3624 3896 3683 illi-

2184 3715 2402 3774 duntur
2424 3716 2607 3789 plagae
2634 3714 2960 3780 verberum,
2984 3714 3332 3790 inﬂiguntur
3361 3714 3600 3775 vulnera
3630 3714 3896 3789 punctio-

2188 3820 2350 3874 num,
2382 3804 2788 3877 intorquentur
2829 3802 3165 3861 irrisionum
3190 3802 3404 3875 jacula,
3438 3802 3678 3862 vincula
3705 3802 3896 3860 mani-

2185 3890 2294 3949 bus
2328 3891 2726 3950 innectuntur.
2764 3889 3000 3949 Accedit
3030 3896 3084 3948 et
3128 3891 3359 3949 nuditas
3399 3892 3670 3965 corporis,
3705 3889 3804 3948 sed
3842 3894 3897 3948 et

2185 3983 2573 4055 spectaculum
2625 3982 3183 4041 circumlatrantium
3238 3983 3499 4057 undique
3549 3983 3892 4042 derisorum.

2185 4071 2341 4130 Inter
2398 4072 2499 4130 hos
2554 4071 2938 4147 procellarum
2997 4071 3367 4131 saevientium
3431 4071 3711 4142 turbines,
3745 4071 3898 4129 inter

2184 4159 2321 4218 istas
2369 4161 2622 4234 denique
2665 4159 3152 4220 crebrescentium
3196 4161 3551 4235 grandinum
3603 4164 3899 4234 tempesta-

2187 4257 2288 4321 tes,
2319 4259 2429 4309 stat
2467 4251 2636 4309 firma
2666 4252 2935 4310 columna
2977 4249 3079 4307 Dei
3126 4265 3360 4323 prorsus
3403 4247 3742 4308 immobilis.
3768 4248 3893 4307 Non

2186 4340 2530 4412 concutitur,
2564 4355 2681 4398 non
2732 4346 3066 4413 quassatur;
3102 4337 3201 4395 sed
3246 4336 3445 4413 lapidi,
3496 4353 3675 4411 super
3720 4351 3895 4411 quem

2192 4430 2429 4487 fundata
2477 4436 2581 4494 est,
2621 4435 2771 4487 recta
2818 4442 3044 4501 semper
3098 4432 3154 4485 et
3204 4427 3374 4485 firma
3425 4432 3753 4484 constanter
3798 4425 3892 4482 in-

2194 4520 2416 4579 nititur.
2450 4519 2685 4578 Dicebat
2729 4518 2889 4576 enim
2925 4536 2937 4576 :
2975 4541 2994 4566 ιι
3031 4516 3172 4587 Quis
3218 4533 3310 4576 me
3356 4515 3640 4589 separabit
3681 4531 3714 4573 a
3751 4515 3892 4573 cha-

2193 4607 2357 4666 ritate
2411 4604 2677 4666 Christi?
2735 4603 3176 4664 tribulatione
3233 4604 3547 4678 angustia?
3593 4619 3668 4662 an
3709 4618 3905 4678 perse-

2195 4701 2348 4756 cutio
2375 4697 2404 4756 ?
2437 4714 2511 4755 an
2565 4696 2793 4753 fames?
2835 4709 2907 4751 an
2960 4692 3195 4754 auditas
3222 4693 3251 4753 ‘?
3293 4710 3368 4753 an
3416 4692 3786 4768 periculum?
3832 4706 3908 4749 an

2195 4787 2469 4859 gladius?
2503 4809 2528 4841 »
2571 4788 2741 4858 (Rom.
2776 4786 2919 4854 VIII.)
2955 4780 3047 4840 Illi
3090 4783 3431 4842 frendebant
3471 4782 3776 4853 dentibus;
3801 4781 3911 4839 iste

2200 4881 2355 4939 mitis
2387 4879 2534 4951 Agni
2578 4876 2787 4936 mundi
2825 4879 3052 4949 peccata
3093 4873 3346 4934 tollentis
3386 4874 3720 4949 patientiam
3755 4869 3908 4945 cogi-

2201 4965 2371 5024 tabat.
2405 4967 2543 5025 201
2611 4968 2923 5027 Carnifices
2958 4966 3266 5028 inferendo
3310 4964 3592 5040 supplicia
3631 4960 3911 5021 satiabant

2199 5064 2497 5117 cruentam
2547 5059 2637 5117 sui
2675 5058 2918 5133 pectoris
2970 5058 3227 5126 rabiem;
3274 5055 3380 5135 iste
3407 5054 3528 5127 jam
3570 5065 3810 5112 securus
3845 5048 3910 5106 in

2201 5155 2392 5205 mente
2433 5147 2698 5205 versabat
2745 5146 2994 5205 caelestis
3037 5144 3240 5220 gloriae
3290 5141 3648 5214 dignitatem.
3699 5139 3907 5211 Atque,

2202 5247 2264 5296 ut
2307 5237 2386 5295 ita
2435 5236 2709 5306 dixerim,
2757 5244 2960 5294 cautus
3009 5250 3075 5293 ac
3118 5232 3375 5308 prudens
3419 5230 3527 5288 iste
3572 5227 3910 5302 negotiator,

2204 5328 2406 5387 fratres
2438 5325 2572 5397 mei,
2609 5339 2786 5398 quam
2828 5322 3023 5382 felices
3056 5336 3191 5380 cum
3230 5324 3663 5377 remuneratore
3687 5320 3913 5375 certan-

2207 5414 2350 5471 tium
2406 5411 2631 5471 Christo
2680 5408 2979 5470 nundinas
3029 5403 3435 5465 contrahebat!
3463 5398 3792 5478 Deponebat
3834 5398 3914 5457 si-

2205 5504 2444 5578 quidem
2485 5503 2770 5563 sarcinam
2810 5499 3024 5571 carnis,
3052 5502 3225 5572 atque
3258 5493 3331 5554 ad
3367 5494 3571 5554 stolam
3611 5488 3918 5578 festinabat

2206 5577 2485 5667 angelicae
2539 5589 2834 5651 claritatis.
2893 5583 3195 5646 Deferebat
3271 5583 3515 5643 ferulam
3588 5577 3915 5641 crudelium
