4184 6462
349 358 454 414 717

1900 357 2147 418 SERMO
2184 361 2304 419 XL.

3748 381 3854 439 718

349 495 687 556 puerorum,
746 487 808 539 ut
864 488 1195 541 sanctorum
1245 484 1408 542 ﬁeret
1464 484 1653 542 socius
1704 484 2478 560 angelorumApotuerunt,
2539 488 2705 549 Matri
2765 508 2900 551 vero
2945 495 3223 555 cmlorum
3279 500 3483 572 palatia
3538 511 3854 577 penetranti

351 569 734 644 Postponebat
777 571 1174 645 magisterium
1206 573 1421 632 litteras
1448 574 1746 644 edocendi,
1785 581 1956 651 atque
1996 578 2066 635 ad
2149 574 2330 634 Filius
2382 577 2535 668 ipse,
2567 596 2697 638 cum
2742 589 2853 640 tota
2904 583 3064 642 curia
3117 592 3232 643 tam
3279 569 3629 659 angelorum
3681 610 3854 668 quam

348 658 498 718 illud
538 675 731 718 unum
764 659 1028 719 alacriter
1075 662 1412 736 properabat
1459 661 1735 735 Verbum,
1780 667 1875 724 cui
1920 667 2066 725 mili-

351 753 472 805 tant
502 754 708 805 cuncta
730 763 829 820 per
848 747 1046 806 orbem
1069 750 1368 808 volumina
1391 751 1731 814 litterarum.
1767 752 2063 812 Christum

349 834 665 893 Dominum
723 843 1004 906 nostrum,
1058 837 1158 910 qui
1203 854 1336 896 cum
1383 839 1500 897 Deo
1529 839 1696 897 Patre
1729 840 1789 898 in
1842 844 2063 901 unitate

349 924 604 998 Spiritus
638 927 821 984 sancti
854 926 1002 985 vivit
1029 933 1084 986 et
1114 935 1312 1000 regnat
1342 929 1402 986 in
1435 930 1645 989 saecula
1688 931 2060 993 saaculorum.

347 1016 556 1074 Amen.

989 1089 1011 1111 "
1031 1085 1280 1148 SERMO
1299 1089 1420 1148 XL.

346 1184 409 1230 IN
439 1184 839 1233 ASSUMPTIONE
856 1186 1216 1235 BEATISSIME
1233 1169 1438 1236 MAIfIzE
1458 1189 1734 1238 VIHGINIS.
1758 1186 1866 1249 (XV
1893 1186 2060 1252 AUG.)

419 1280 529 1339 Hic
577 1288 758 1339 totum
816 1283 1078 1341 decurrat
1123 1283 1448 1358 ingenium,
1503 1294 1558 1345 et
1605 1303 1816 1346 aureus
1871 1305 2059 1348 sermo

350 1375 467 1429 tota
500 1371 749 1429 reluceat
785 1372 1094 1446 majestate.
1131 1373 1471 1432 Voluntaria
1501 1376 1618 1433 oris
1659 1377 1840 1434 nostri
1881 1377 2057 1435 bene-

348 1459 559 1533 placita
586 1463 758 1528 (Psal.
790 1467 1000 1529 CXVIII)
1037 1461 1204 1520 faciat
1241 1461 1355 1520 sibi
1388 1464 1642 1537 genitrix
1675 1464 1793 1535 Dei,
1825 1466 2058 1526 domina

350 1548 581 1618 mundi,
629 1548 759 1606 coeli
792 1550 1010 1623 regina.
1047 1551 1178 1626 Ipsa
1209 1568 1441 1611 sensum
1480 1563 1667 1625 acuat,
1699 1557 1910 1630 dirigat
1940 1566 2056 1632 sty-

354 1639 498 1710 lum,
539 1644 594 1694 et
643 1637 902 1710 linguam
942 1640 1208 1712 pauperis
1250 1641 1566 1700 venustiori
1605 1651 1892 1718 respergat
1937 1646 2056 1704 elo-

349 1726 508 1800 quio.
556 1726 812 1786 Illustret
868 1727 1051 1786 lucem
1098 1729 1248 1786 hanc
1293 1729 1516 1787 lumine
1554 1731 1804 1802 clariori,
1851 1741 1905 1790 et
1948 1750 2056 1793 suo

2139 665 2429 738 justorum
2459 667 2791 729 solemniter
2817 687 3145 743 occurrens,
3179 677 3372 735 evexit
3398 681 3467 738 ad
3512 665 3857 745 beatae—con-

2143 753 2432 813 sistorium
2471 757 2763 830 sessionis,
2803 767 2858 818 et
2891 763 2969 819 ait
2999 781 3012 819 :
3045 788 3070 811 «ι
3104 763 3244 822 Tota
3286 765 3525 838 pulchra
3562 787 3642 840 es,
3669 774 3856 834 amica

2143 860 2291 937 mea,
2323 852 2376 902 et
2409 849 2634 937 macula
2671 865 2785 909 non
2827 858 2912 910 est
2940 852 3001 911 in
3044 860 3099 911 te
3131 857 3305 925 (Cant.
3347 863 3446 930 Iv).
3479 881 3506 913 »
3541 862 3684 920 Tota
3721 866 3852 937 pul-

2141 933 2297 1028 chra,
2327 936 2463 1009 quia
2497 944 2609 996 tota
2637 940 2935 1013 deificata;
2976 943 3199 1002 macula
3229 961 3344 1004 non
3375 953 3459 1005 est
3496 950 3558 1007 in
3602 957 3672 1011 te.
3714 933 3852 1028 quia

2145 1019 2394 1109 Spiritus
2441 1033 2673 1085 sanctus
2709 1031 3043 1103 supervenit
3080 1033 3141 1090 in
3177 1039 3247 1104 te,
3284 1035 3385 1109 qui
3427 1043 3479 1095 te
3519 1019 3848 1102 munda‘vit.

2145 1107 2251 1199 Sed
2308 1117 2362 1168 et
2409 1113 2582 1186 Virgo
2617 1116 2883 1188 gratiosis
2933 1122 3230 1180 cumulata
3276 1107 3646 1199 muneribus,
3697 1137 3852 1188 tanta

2141 1198 2492 1272 benignitate
2522 1203 2794 1264 Davidico
2831 1211 3084 1268 sermoni
3125 1214 3449 1285 respondet,
3487 1198 3734 1277 summa;
3759 1220 3850 1278 di-

2139 1289 2428 1357 gnationis
2483 1289 2795 1350 claritatem
2843 1298 3184 1357 admirans:
3235 1326 3260 1350 ιι
3295 1301 3553 1362 Teuuisti
3606 1321 3846 1366 manum

2140 1374 2436 1434 dexteram
2459 1393 2669 1451 meam,
2701 1388 2754 1438 et
2791 1383 2850 1440 in
2885 1384 3180 1444 voluntate
3213 1395 3307 1446 tua
3336 1390 3629 1451 deduxisti
3657 1409 3770 1464 me,
3793 1402 3849 1452 et

2140 1478 2275 1522 cum
2301 1466 2484 1538 gloria
2514 1471 2825 1543 suscepisti
2852 1488 2942 1531 me
2974 1478 3142 1534 (Psal.
3173 1484 3384 1546 LXXII).
3420 1501 3447 1532 »
3477 1480 3619 1540 Nota
3645 1485 3851 1543 verbo-

2139 1573 2270 1615 rum
2322 1560 2672 1630 positionem
2718 1562 3005 1622 differenti
3045 1567 3335 1636 graduum
3373 1570 3739 1632 distinctione
3768 1576 3846 1633 si-

2137 1652 2390 1717 gnatam.
2436 1646 2716 1720 Tenuisti,
2760 1651 2972 1726 inquit,
3017 1670 3256 1714 manum
3297 1658 3595 1718 dexteram
3633 1677 3843 1734 meam,

2139 1735 2273 1807 quia
2305 1741 2359 1791 et
2386 1736 2432 1793 si
2466 1737 2610 1795 laeva
2653 1747 2748 1797 tua
2789 1742 2897 1799 sub
2934 1744 3118 1815 capite
3155 1761 3304 1818 meo,
3344 1746 3577 1807 dextera
3607 1759 3701 1808 tua
3723 1751 3847 1824 jam

351 1817 663 1875 conventui
696 1832 858 1875 suam
894 1818 1263 1891 praesentiam
1299 1818 1514 1877 donare
1542 1820 1835 1893 dignetur.
1867 1821 2114 1898 Subli-B
2139 1823 2505 1897 amplexatur
2534 1842 2646 1884 me.
2684 1828 2753 1886 Et
2794 1830 2854 1888 in
2896 1831 3196 1890 voluntate
3245 1841 3344 1891 tua
3383 1835 3677 1896 deduxisti
3724 1817 3845 1910 ine,

353 1905 466 1962 mis
500 1905 608 1963 ista
658 1906 799 1971 dies,
856 1913 910 1964 et
962 1906 1347 1979 splendidiore
1393 1909 1511 1967 sole
1556 1910 1939 1984 refulgurans,
1999 1913 2057 1970 in

353 2006 468 2065 qua
511 1992 686 2067 Virgo
721 1995 929 2067 regalis
971 1995 1042 2052 ad
1085 1995 1360 2054 thronum
1401 1997 1505 2055 Dei
1546 1997 1728 2056 Patris
1769 2000 2057 2070 evehitur,

350 2089 404 2138 et
444 2082 503 2138 in
540 2082 728 2156 ipsius
767 2083 1068 2141 Trinitatis
1096 2085 1228 2142 sede
1259 2087 1524 2158 reposita,
1571 2095 1840 2146 naturam
1887 2089 2056 2148 etiam

351 2171 670 2244 angelicam
711 2172 982 2230 sollicitat
1005 2174 1074 2232 ad
1110 2175 1445 2234 videndum.
1487 2177 1628 2235 Tota
1663 2177 2058 2250 conglomera-

352 2265 446 2318 tur
473 2260 810 2333 angelorum
840 2262 1181 2335 frequentia,
1222 2268 1288 2320 ut
1327 2263 1517 2323 videat
1553 2267 1814 2338 reginam
1853 2268 2059 2325 seden-

353 2355 466 2405 tem
498 2365 530 2406 a
562 2349 786 2408 dextris
819 2351 1050 2409 Domini
1082 2353 1382 2422 virtutum,
1434 2354 1496 2411 in
1541 2355 1750 2414 vestitu
1789 2357 2060 2415 deaurato

353 2439 519 2506 (Psal.
577 2441 758 2511 XLIV),
815 2440 876 2497 in
933 2457 1166 2514 corpore
1223 2458 1448 2516 semper
1501 2443 1888 2514 immaculato,
1946 2447 2059 2505 cir-

350 2528 676 2586 cumdatam
721 2529 1011 2600 varietate,
1063 2530 1341 2588 virtutum
1389 2531 1809 2606 multiplicitate
1852 2535 2060 2593 distin-

353 2621 500 2673 ctam
511 2663 522 2674 .

430 2705 573 2763 Haec
603 2713 688 2762 est
719 2704 818 2763 illa
848 2706 970 2763 dies
998 2721 1130 2780 quae
1150 2707 1427 2766 caelorum
1450 2707 1705 2768 ofﬁcinas
1734 2709 2060 2770 sublimiori

357 2795 569 2869 gaudio
598 2796 943 2866 cumulavit,
983 2813 1181 2855 annua
1221 2798 1463 2868 mundo,
1503 2799 1723 2873 angelis
1763 2803 2058 2871 continua,

351 2885 702 2943 continuans
745 2884 1011 2943 homines
1067 2887 1285 2961 angelis
1341 2895 1396 2945 et
1440 2888 1673 2961 angelos
1725 2889 2061 2949 hominibus

356 2972 508 3031 felici
559 2973 931 3031 fcederatione
985 2977 1359 3048 conjungens.
1421 2976 1656 3036 Intuere
1711 2978 2062 3037 mentalibus

353 3061 538 3121 oculis
585 3062 801 3120 Filium
846 3063 1272 3134 ascendentem,
1309 3071 1364 3122 et
1403 3065 1643 3123 Matrem
1683 3074 2058 3140 assumptam,

355 3159 409 3210 et
459 3151 681 3208 videbis
727 3151 948 3226 aliquid
988 3152 1369 3211 excellentius
1418 3155 1476 3211 in
1526 3157 1876 3214 Ascensione
1927 3157 2057 3217 Filii

356 3240 644 3311 exhiberi,
688 3249 743 3300 et
773 3241 994 3317 aliquid
1034 3243 1342 3314 gloriosius
1382 3243 1440 3300 in
1486 3247 1893 3318 Assumptione
1931 3247 2062 3306 Vir-

357 3330 511 3405 ginis
556 3331 956 3389 demonstrari.
1012 3331 1286 3390 Ascendit
1331 3333 1487 3390 enim
1531 3333 1790 3392 Salvator
1833 3335 1891 3392 in
1943 3352 2064 3394 cce-

361 3421 484 3478 lum
517 3420 872 3494 potestativae
910 3421 1143 3478 virtutis
1174 3421 1437 3494 imperio,
1479 3423 1625 3480 sicut
1662 3424 1966 3495 Dominus,
2011 3432 2066 3482 et

355 3507 607 3579 Greater,
644 3508 986 3582 angelorum
1016 3509 1320 3566 comitatus
1358 3509 1654 3585 obsequio,
1695 3527 1809 3568 non
1841 3513 2064 3571 auxilio

357 3596 560 3655 fultus.
629 3596 944 3668 Assumpta
981 3603 1065 3654 est
1098 3594 1277 3653 Maria
1318 3597 1375 3654 in
1435 3598 1666 3669 coelum,
1717 3600 1808 3656 sed
1867 3601 2064 3673 gratiae

359 3684 722 3744 sublevantis
777 3685 1012 3759 judicio,
1079 3684 1488 3743 comitantibus
1541 3695 1595 3744 et
1645 3688 2065 3748 auxiliantibus

361 3773 603 3845 angelis,
647 3789 820 3848 quam
866 3773 1205 3831 sublevabat
1255 3775 1458 3846 gratia,
1503 3792 1614 3834 non
1655 3784 1879 3835 natura.
1930 3778 2064 3835 Ideo

355 3859 480 3918 dies
528 3860 654 3918 haec
699 3860 1052 3934 Assumptio,
1111 3861 1388 3920 Ascensio
1447 3862 1547 3920 illa
1597 3871 1868 3933 vocatur;
1927 3879 2064 3922 cum

351 3949 511 4008 aliud
540 3949 615 4006 sit
643 3951 915 4022 potentia,
957 3950 1120 4010 aliud
1156 3953 1570 4024 misericordia,
1614 3955 1917 4028 solumque
1957 3955 2060 4013 soli

354 4040 429 4096 sit
465 4038 839 4113 privilegium
883 4040 1138 4098 Creatori
1169 4049 1435 4100 naturam
1475 4059 1668 4101 rerum
1709 4045 1934 4118 propria
1962 4060 2062 4118 po-

356 4135 552 4186 testate
597 4129 949 4202 supergredi.
992 4129 1113 4187 Hoc
1151 4136 1236 4188 est
1281 4129 1426 4188 illud
1463 4132 1860 4202 excellentius,
1906 4133 2061 4206 quod

353 4219 462 4277 sibi
517 4219 773 4278 vindicat
827 4235 1002 4293 super
1055 4227 1373 4278 creaturam
1433 4219 1682 4293 Greater,
1735 4222 1832 4279 ubi
1889 4223 2058 4279 etiam

354 4309 836 4383 superabundans
871 4316 926 4366 et
960 4308 1272 4382 singularis
1302 4311 1486 4384 gratia
1520 4326 1634 4368 non
1666 4312 1872 4369 audeat
1907 4311 2059 4382 aspi-

357 4414 503 4456 rare.

431 4484 538 4546 Sed
568 4488 619 4545 si
648 4485 954 4558 diligenter
979 4488 1345 4548 attendamus
1372 4489 1783 4548 Ascensionem
1817 4489 1968 4558 Filii,
2005 4495 2060 4547 et

358 4542 1086 4650 Matris—Assumptionem,
1127 4577 1498 4636 inveniemus
1545 4577 1794 4651 profecto
1834 4542 2120 4650 aliquidD

355 4663 510 4738 quod
543 4678 648 4722 nos
685 4663 981 4722 invenisse
1010 4666 1412 4740 gaudebimus.
1454 4666 1798 4724 Ascendenti
1849 4667 2060 4738 quippe

358 4755 606 4814 Domino
643 4770 871 4829 egressa
899 4761 985 4812 est
1007 4754 1238 4812 obviam
1267 4755 1457 4813 omnis
1487 4754 1588 4812 illa
1623 4754 1917 4812 beatorum
1953 4754 2062 4826 spi-

356 4844 574 4903 rituum
624 4843 868 4916 gloriosa
927 4843 1183 4911 societas,
1232 4845 1464 4918 quando
1511 4851 1736 4901 natura:
1779 4841 2060 4917 superiori

356 4933 609 5007 praetulit
663 4935 1018 4999 inferiorem,
1066 4930 1212 4988 202
1275 4940 1329 4991 et
1382 4931 1809 4990 inconvertibili
1871 4947 2060 4989 sacra-

358 5028 550 5081 mento
578 5030 906 5096 susceptum
944 5021 1240 5080 hominem
1268 5022 1328 5078 in
1356 5021 1479 5094 ipsa
1509 5020 1829 5077 divinitatis
1858 5019 2060 5077 clausit

356 5111 677 5170 identitate.
726 5110 1178 5171 Occurrentibus
1219 5117 1412 5174 autem
1456 5109 1700 5184 angelis,
1750 5108 2062 5167 electorum

357 5201 605 5272 animas,
646 5216 792 5275 quas
832 5215 1031 5259 secum
1063 5197 1359 5268 educebat,
1397 5198 1682 5272 adjunxit,
1713 5208 1768 5256 et
1797 5199 1878 5258 sic
1905 5207 2062 5257 utro-

357 5305 607 5364 rumque
637 5289 974 5363 triumphali
1003 5302 1207 5360 pompa
1231 5287 1514 5345 deductus
1540 5287 1610 5344 ad
1641 5287 1884 5357 Patrem,
1911 5288 2065 5346 sedet

357 5382 429 5438 ad
474 5380 776 5438 dexteram
817 5376 1150 5450 majestatis.
1196 5375 1406 5434 Attolle
1445 5377 1564 5449 jam
1604 5377 1800 5434 oculos
1839 5378 1910 5435 ad
1954 5379 2064 5435 As-

363 5469 760 5542 sumptionem
788 5465 1064 5540 Virginis,
1098 5473 1173 5538 et,
1205 5465 1360 5522 salva
1389 5464 1522 5522 Filii
1551 5466 1861 5538 majestate,
1898 5468 2066 5524 inve-

358 5551 488 5616 nies
512 5570 820 5616 occursum
843 5555 1020 5629 hujus
1052 5569 1276 5628 pompae
1304 5569 1420 5613 non
1452 5552 1814 5612 mediocriter
1840 5553 2064 5627 dignio-

2141 1926 2254 1968 non
2285 1911 2347 1968 in
2385 1928 2507 1970 mea
2537 1915 2914 1988 sublimitate,
2948 1919 3085 1993 quia
3117 1928 3292 1978 totum
3337 1938 3482 1996 opus
3510 1925 3711 1994 gratiae
3739 1933 3845 1997 est,

2141 2012 2258 2086 non
2315 2005 2560 2058 naturae.
2608 2001 2679 2059 Et
2724 2020 2855 2061 cum
2905 2006 3085 2079 gloria
3135 2011 3432 2081 suscepisti
3479 2026 3605 2081 me;
3663 2013 3846 2086 gloria

2142 2085 2341 2158 utique
2380 2086 2648 2159 gloriosa,
2690 2107 2863 2164 quam
2905 2110 3019 2152 non
3070 2097 3249 2165 novit,
3289 2099 3399 2156 nisi
3434 2099 3534 2173 qui
3576 2085 3750 2170 dedit,
3791 2109 3846 2160 et

2141 2173 2237 2229 cui
2272 2173 2488 2232 donare
2517 2177 2786 2248 dignatus
2817 2188 2921 2238 est.

2216 2261 2458 2320 Attende
2488 2273 2680 2323 autem
2713 2267 3078 2340 diligentiam
3111 2278 3167 2328 et
3193 2275 3664 2346 consequentiam
3700 2275 3848 2335 Scri-

2145 2357 2458 2423 pturarum.
2509 2353 2760 2427 Spiritus
2804 2358 2958 2415 enim
2998 2368 3248 2430 sanctus,
3293 2363 3355 2420 in
3392 2363 3562 2434 cujus
3611 2365 3846 2435 fabrica,

2145 2447 2258 2496 tam
2290 2440 2510 2499 Veteris
2536 2459 2707 2516 quam
2746 2443 2892 2503 Novi
2927 2446 3277 2506 Testamenti
3309 2451 3414 2508 fuit
3437 2453 3735 2525 compositi
3766 2455 3848 2511 fa-

2145 2529 2378 2599 bricata,
2404 2533 2814 2592 Ascensionem
2856 2537 3006 2603 Filii,
3050 2546 3105 2595 et
3142 2540 3341 2598 Matris
3379 2543 3849 2616 Assumptionem

2144 2616 2321 2674 simili
2371 2621 2520 2693 style
2560 2624 2984 2693 perambulans,
3028 2634 3112 2684 ter
3148 2628 3460 2701 interrogat
3491 2654 3502 2687 :
3539 2655 3563 2680 «
3594 2629 3738 2700 Quis
3768 2641 3852 2691 est

2144 2706 2288 2762 iste?
2313 2727 2338 2757 »
2367 2708 2529 2778 (Psal.
2555 2712 2748 2779 XXIII.)
2776 2710 2845 2768 Et
2870 2713 3033 2770 tertio
3058 2716 3253 2786 repetit
3283 2735 3295 2773 :
3322 2738 3348 2769 ‹‹
3374 2716 3514 2784 Qum
3539 2726 3622 2774 est
3644 2718 3794 2776 ista?
3824 2744 3845 2770 ι

2145 2795 2316 2865 (Cant.
2349 2799 2445 2869 III.)
2468 2797 2729 2857 Primum
2753 2800 2824 2857 de.
2846 2801 3011 2869 Filio,
3031 2813 3222 2876 postea
3241 2806 3310 2862 de
3328 2806 3505 2864 Matre
3527 2807 3848 2867 videamus.

2145 2883 2212 2941 In
2239 2885 2442 2957 spiritu
2473 2887 2827 2946 fortitudinis
2862 2889 3122 2949 Salvator
3141 2893 3211 2950 ad
3239 2893 3452 2951 inferos
3475 2893 3849 2968 descendens,

2145 2974 2416 3030 contrivit
2464 2983 2651 3046 portas
2703 2992 2902 3044 cereas,
2954 2988 3006 3036 et
3056 2987 3243 3038 vectes
3293 2982 3503 3040 ferreos
3553 2985 3851 3058 confregit,

2146 3069 2200 3119 et
2222 3063 2561 3134 gehennalis
2584 3064 2717 3122 olla:
2738 3064 3029 3138 dissipatis
3053 3067 3458 3140 fragminibus.
3493 3077 3678 3130 totum
3703 3072 3854 3132 illud

2150 3151 2357 3209 infelix
2406 3152 2798 3210 habitaculum
2851 3155 3087 3213 ruinosa
3123 3159 3504 3217 concussione
3548 3160 3853 3233 succussit,

2150 3241 2647 3299 conclamantibus
2683 3243 2940 3313 angelis:
2968 3265 2995 3296 «
3022 3245 3276 3304 Attollite
3306 3255 3512 3318 portas,
3545 3249 3850 3322 principes,

2146 3336 2366 3387 vestras
2401 3333 2566 3406 (Psal.
2601 3332 2811 3402 XXIII);
2852 3354 2871 3379 η
2923 3332 3029 3400 illi,
3061 3333 3163 3405 qui
3195 3335 3480 3406 superbiae
3514 3335 3678 3407 lapsu
3710 3337 3856 3394 irre-

2146 3416 2441 3474 mediahili
2469 3423 2830 3483 corruerunt,
2865 3417 3225 3487 ignoratione
3257 3419 3627 3491 dedignatisz
3669 3429 3850 3480 retor-

2144 3513 2322 3577 quent
2351 3527 2362 3562 :
2396 3530 2420 3551 ‹‹
2442 3504 2586 3573 Quis
2606 3512 2690 3561 est
2712 3505 2816 3561 iste
2850 3520 2950 3562 rex
2978 3503 3255 3576 gloriae?»
3286 3508 3474 3575 (Ibid.)
3507 3508 3617 3568 Hic
3643 3518 3725 3568 est
3756 3509 3856 3569 ille

2146 3593 2444 3665 insipiens,
2466 3591 2566 3666 qui
2592 3591 2741 3650 dixit
2763 3592 2820 3650 in
2847 3593 3014 3650 corde
3035 3609 3140 3652 suo
3165 3617 3177 3651 :
3204 3617 3231 3648 (ι
3253 3595 3377 3654 NOII
3404 3604 3488 3654 est
3509 3597 3662 3656 Deus
3685 3602 3851 3668 (Psal.

2146 3683 2291 3747 XIII).
2327 3702 2352 3732 »
2385 3680 2452 3736 Et
2486 3699 2496 3736 :
2527 3703 2546 3730 ι
2575 3679 2776 3738 Nescio
2821 3681 3158 3753 Dominum,
3193 3690 3249 3740 et
3281 3683 3456 3741 Israel
3490 3701 3602 3743 non
3650 3685 3853 3744 dimit-

2147 3776 2259 3826 tam
2307 3770 2505 3834 (Eacod.
2550 3776 2634 3836 V).
2675 3795 2700 3817 »
2747 3769 2954 3842 Angeli
3009 3769 3161 3843 pacis
3207 3771 3562 3830 conﬁdenter
3604 3774 3854 3846 ingemi-

2148 3864 2286 3914 nant
2313 3877 2326 3914 :
2357 3880 2382 3910 «
2411 3857 2695 3916 Dominus
2730 3859 2910 3928 fortis,
2959 3865 3014 3914 et
3053 3868 3271 3930 potens,
3325 3859 3609 3919 Dominus
3652 3869 3853 3934 potens

2144 3949 2204 4005 in
2254 3949 2454 4022 prmlio
2490 3952 2652 4019 (Psal.
2689 3955 2888 4018 XXIII);
2918 3971 2942 3998 υ
2981 3949 3141 4006 fortis
3176 3950 3245 4006 ad
3275 3959 3526 4008 vestram
3559 3952 3852 4012 fortitudi-

2148 4052 2278 4093 nem
2313 4035 2752 4102 inlirmandam;
2792 4043 2991 4108 potens
3017 4036 3087 4092 ad
3123 4044 3368 4094 vestram
3401 4037 3717 4110 potentiam
3750 4057 3850 4098 va-

2143 4128 2473 4196 cuandam;
2524 4129 2583 4184 in
2631 4126 2828 4200 przelio
2867 4127 2968 4185 illo
3000 4129 3201 4201 utique
3229 4128 3486 4202 salutari,
3535 4147 3651 4205 quo
3695 4140 3852 4206 pote-

2143 4225 2314 4277 states
2360 4232 2553 4274 aereas
2602 4217 2975 4289 singulariter
3024 4216 3358 4276 debellavit.
3409 4217 3738 4294 Resurgens
3781 4222 3854 4281 ab

2141 4309 2362 4378 inferis,
2394 4316 2449 4366 et
2479 4307 2758 4366 solemnis
2790 4307 3044 4366 victoriae
3074 4307 3294 4366 vexilla
3325 4319 3643 4382 reportans,
3669 4313 3854 4370 homi-

2142 4413 2275 4455 nem
2306 4397 2536 4454 unitum
2563 4396 2693 4465 sibi,
2722 4411 2898 4468 quem
2940 4411 3243 4470 nunquam
3273 4396 3513 4468 dimisit,
3545 4401 3849 4456 resuscita-

2143 4485 2244 4553 vit,
2266 4491 2322 4541 et
2343 4483 2764 4557 triumphatrici
2790 4484 2980 4556 palma
3001 4484 3165 4542 caelis
3188 4483 3472 4554 invectus,
3503 4484 3654 4542 Patri
3679 4500 3848 4543 ovem

2141 4573 2535 4634 centesimam.
2581 4590 2757 4646 quam
2805 4573 3127 4646 perdiderat
3171 4577 3311 4646 (Luc.
3359 4579 3483 4646 XV),
3529 4591 3848 4648 repraesen-

2148 4671 2289 4729 tans,
2326 4662 2488 4719 audit
2515 4661 2587 4719 ab
2614 4663 2878 4736 angelis:
2917 4688 2936 4711 ε
2965 4661 3109 4731 Quis
3135 4669 3220 4719 est
3260 4663 3364 4719 iste
3407 4679 3511 4720 rex
3539 4665 3784 4734 gloriae?
3820 4691 3844 4713 -

2142 4754 2240 4812 sed
2270 4761 2325 4812 et
2362 4754 2577 4813 eisdem
2604 4753 3102 4811 conclamantibus
3132 4771 3144 4808 :
3182 4778 3200 4800 «-
3236 4752 3520 4811 Dominus
3560 4755 3844 4814 virtutum

2142 4841 2263 4915 ipse
2283 4851 2366 4900 est
2389 4859 2494 4900 rex
2518 4843 2719 4916 gloriae
2741 4844 2908 4909 (Psat.
2936 4844 3147 4908 XXIII);
3178 4860 3202 4888 »
3233 4839 3511 4896 cmlorum
3536 4840 3848 4900 insonuere

2146 4932 2372 5005 palatia,
2413 4941 2467 4990 et
2515 4940 2627 4989 tota
2684 4928 3102 5004 supercoelestis
3154 4927 3366 4985 domus
3423 4929 3846 5002 profusioribus

2146 5021 2376 5094 gaudiis
2405 5020 2745 5078 inundavit:
2778 5033 2909 5075 vere
2930 5017 3215 5074 Dominus
3243 5017 3518 5076 virtutum
3541 5018 3598 5074 in
3630 5018 3844 5076 Resur-

2147 5112 2397 5168 rectione
2453 5113 2723 5167 virtutem
2782 5107 3013 5176 faciens,
3053 5121 3228 5179 quam
3276 5114 3408 5164 ante
3454 5121 3569 5164 non
3617 5107 3844 5178 fecerat,

2149 5199 2439 5257 redimens
2477 5184 2730 5264 servum,
2769 5205 2824 5253 et
2857 5210 2957 5268 pro
2988 5210 3154 5252 servo
3193 5196 3380 5254 lilium
3410 5195 3682 5253 efﬁciens.
3715 5196 3845 5254 Gla-

2153 5289 2380 5346 rissima
2419 5294 2611 5344 autem
2644 5284 3014 5342 Ascensionis
3057 5284 3171 5353 die,
3212 5285 3463 5358 quando,
3515 5284 3849 5344 videntibus

2150 5375 2468 5448 discipulis,
2515 5381 2599 5431 est
2636 5375 2893 5431 elevatus
2920 5373 2979 5429 in
3013 5374 3224 5430 ccelum
3255 5375 3450 5444 (Marc.
3497 5376 3649 5443 XVI),
3688 5390 3849 5432 suin-

2154 5481 2316 5524 mum
2362 5463 2528 5533 illud,
2584 5460 2727 5518 203
2787 5461 3285 5534 reverendumque
3340 5462 3646 5534 collegium
3695 5463 3855 5521 venit

2158 5555 2390 5614 obviam
2435 5551 2825 5626 Redemptori,
2856 5558 2910 5608 et
2938 5549 3128 5608 omnis
3167 5550 3267 5607 illa
3308 5557 3422 5608 tam
3462 5552 3854 5612 assistentium

367 5661 511 5704 rem.
596 5643 716 5704 Soli
792 5644 1004 5718 quippe
1079 5643 1271 5717 angeli
1335 5641 1700 5716 Redemptori
1771 5659 2070 5704 occurrere
2158 5657 2338 5716 quam
2383 5641 2837 5700 ministrantium
2876 5637 3213 5712 angelorum
3253 5641 3564 5701 auctoritas
3607 5641 3864 5701 cucurrit
