4178 6474
348 347 455 409 719

966 347 1025 408 S.
1069 345 1291 407 PETRI
1329 344 1651 406 DAMIANI
1688 344 1845 404 OPP.
1890 340 2084 405 PARS
2123 341 2265 402 SEU
2304 343 2556 406 TOMUS
2594 344 2669 404 II.
2712 376 2777 388 -
2820 343 3251 407 SERMONES.,

3744 351 3853 412 720

345 477 418 536 ad
447 473 689 547 Filium,
718 481 775 534 et
808 474 1210 535 ascendentem
1247 475 1539 535 demirans
1566 474 1646 532 ait
1678 493 1691 534 :
1738 496 1759 528 ι
1795 473 1938 544 Quis
1966 471 2413 544 estAsublime;
2443 479 2500 531 et
2529 479 2654 531 orat
2678 471 2877 533 beatus
2906 472 3015 532 Job
3043 478 3110 531 ut
3141 474 3196 533 ei
3232 475 3414 535 multa
3443 445 3849 550 suppressione

342 564 476 637 iste,
505 563 609 637 qui
638 562 796 622 venit
823 561 895 620 de
923 561 1124 633 Edom,
1156 562 1350 621 tinctis
1384 561 1641 620 vestibus
1671 562 1741 620 de
1768 560 1943 619 Bosra
1971 559 1998 618 ἱ)
2027 581 2055 615 ››

344 657 474 725 (Isa.
533 656 721 721 LXIII.)
774 650 1047 709 Videntes
1093 652 1250 710 enim
1296 666 1431 711 eum
1473 651 1780 726 sanguinei
1829 649 2056 709 ruboris

344 740 505 801 unda
547 741 869 815 perfusum,
897 740 1188 799 mirantur
1231 740 1357 814 ejus
1406 740 1759 813 patientiam,
1787 745 1843 797 et
1880 738 2053 797 saevi-

344 829 483 888 tiam
510 827 871 898 Judzeorum,
900 828 1003 903 qui
1030 844 1146 887 non
1174 835 1311 888 sunt
1338 827 1508 886 veriti
1546 827 1761 887 Filium
1788 827 1891 885 Dei
1916 841 2053 884 cru-

339 919 423 976 cis
452 916 774 990 ignominia
808 917 1209 976 condemnare.
1255 940 1276 967 α
1312 916 1612 986 Gradiens,
1653 916 1953 990 inquiunt,
1980 915 2051 973 .in

339 1006 716 1066 multitudine
753 1005 1113 1065 fortitudinis
1144 1022 1265 1065 suae
1293 1008 1483 1075 (Ιὸἱά.)
1514 1026 1526 1064 :
1567 1030 1587 1056 ι
1623 1021 1741 1064 non
1772 1006 1959 1063 solum
1985 1005 2049 1063 in

335 1096 697 1168 fortitudine,
751 1097 850 1155 sed
896 1098 1067 1156 etiam
1118 1098 1180 1155 in
1231 1098 1605 1157 multitudine
1652 1095 2044 1166 fortitudinis;

334 1188 473 1262 quia
500 1187 665 1246 nulla
706 1187 979 1247 fortitudo
1008 1188 1211 1247 fortior
1246 1189 1373 1258 fuit,
1409 1204 1585 1263 quam
1613 1187 1900 1247 redimere
1924 1202 2045 1244 ser-

337 1295 499 1350 vum,
530 1286 587 1338 et
628 1280 690 1337 in
749 1278 1072 1338 divinitatis
1120 1279 1358 1338 dextera
1409 1286 1683 1353 perpetuo
1744 1277 2041 1337 collocare.

405 1366 513 1426 Ha;
550 1375 685 1427 sunt
713 1367 834 1426 illas
872 1383 1041 1427 voces
1073 1383 1206 1442 qua,
1234 1368 1676 1426 descendentem
1702 1366 1775 1425 ad
1806 1358 2042 1436 inferos,

332 1455 407 1513 ab
477 1453 680 1512 inferis
759 1460 1173 1526 resurgentem,
1222 1454 1625 1512 ascendentem
1697 1453 1769 1511 ad
1847 1453 2041 1522 cmlos,

330 1542 674 1602 multiformi
703 1542 992 1616 praeconio
1021 1549 1472 1617 prosequuntur.
1505 1540 1617 1600 Sed
1650 1541 1772 1616 jam
1814 1546 2044 1599 verten—

331 1631 444 1689 dus
495 1636 580 1690 est
639 1629 824 1704 stylus
876 1629 949 1687 ad
1003 1634 1258 1687 sanctam
1306 1634 1659 1691 sanctarum,
1699 1635 1755 1685 et
1805 1626 2041 1685 illorum

331 1720 642 1780 verborum
696 1717 995 1778 enodanda
1037 1719 1372 1792 pr0prietas,
1426 1734 1557 1795 quae
1608 1717 1834 1792 Virgini
1872 1716 2040 1775 matri

2132 560 2452 632 claudatur,
2482 562 2682 620 dicens
2733 581 2745 620 :
2794 559 2942 617 204
2987 587 3012 610 «
3068 562 3194 622 Non
3248 564 3441 624 videat
3481 573 3673 625 ortum
3717 582 3851 626 sur-

2132 650 2321 722 gentis
2369 664 2595 708 aurorae
2644 652 2756 723 (Job
2813 652 2920 722 in}.
2956 674 2981 699 ν»
3041 650 3209 710 Tuus
3258 659 3343 711 est
3398 653 3544 726 dies,
3579 654 3847 727 Domine,

2133 739 2195 800 in
2220 756 2336 815 quo
2367 741 2549 799 Adam
2577 749 2662 799 est
2689 741 2994 811 conditus;
3028 747 3125 801 tua
3146 748 3234 801 est
3255 759 3394 816 nox,
3421 744 3483 803 in
3511 761 3628 819 qua
3659 746 3849 805 Adam

2133 844 2167 887 a
2213 829 2306 887 die
2351 836 2436 887 est
2472 829 2724 903 ejectus;
2784 836 2845 888 tu
2888 830 3199 889 fabricatus
3244 848 3306 891 es
3347 830 3639 905 auroram,
3670 834 3728 892 id
3763 841 3849 894 est

2139 915 2433 990 Virginem
2484 923 2724 981 matrem
2757 935 2771 973 :
2802 923 2857 975 et
2886 916 3090 988 solem,
3127 916 3321 978 Solem
3361 920 3629 979 videlicet
3669 921 3846 995 justi-

2134 1005 2247 1074 tias,
2277 1006 2378 1080 qui
2407 1005 2479 1063 de
2516 1006 2789 1080 virginali
2816 1005 3069 1064 thalamo
3099 1010 3483 1067 consurrexit.
3519 1009 3666 1068 Nam
3696 1010 3847 1069 sicut

2130 1108 2341 1151 aurora
2370 1095 2683 1153 terminum
2723 1093 2923 1163 noctis,
2952 1094 3068 1153 diei
3106 1095 3458 1171 principium
3494 1097 3692 1157 adesse
3728 1105 3843 1157 tes-

2135 1186 2305 1253 tatur,
2356 1182 2437 1241 sic
2481 1190 2536 1240 et
2582 1182 2758 1257 Virgo
2796 1190 3022 1243 noctem
3059 1185 3286 1259 expulit
3323 1187 3751 1260 sempiternam,
3788 1192 3845 1246 et

2131 1268 2203 1328 de
2228 1269 2320 1328 die
2350 1270 2525 1343 diem,
2555 1271 2626 1329 de
2652 1277 2802 1330 terra
2828 1287 2953 1331 suae
2976 1272 3328 1347 virginitatis
3353 1280 3643 1346 exortum,
3676 1274 3845 1335 terris

2130 1357 2371 1416 infudit.

2199 1448 2591 1522 Progreditur,
2632 1450 2848 1525 inquit,
2892 1452 3058 1525 quasi
3105 1452 3304 1526 procul
3345 1453 3657 1527 egreditur,
3704 1456 3843 1530 quia

2126 1537 2345 1610 procul,
2396 1543 2451 1596 et
2502 1538 2573 1597 de
2625 1538 2849 1598 ultimis
2896 1540 3117 1600 ﬁnibus
3168 1542 3422 1617 pretium
3476 1545 3604 1618 ejus
3656 1549 3841 1616 (Prov.

2126 1631 2330 1696 XXXI).
2360 1629 2608 1698 Aurora,
2662 1629 2797 1703 quia
2841 1630 3025 1689 noctis
3067 1630 3222 1702 ﬁnis,
3265 1640 3321 1691 et
3367 1632 3516 1692 lucis
3557 1635 3837 1710 initium;

2124 1733 2500 1791 consurgens,
2530 1720 2668 1795 quia
2716 1721 2787 1781 de
2828 1722 3066 1781 cadente
3102 1738 3527 1799 supersurgens
3576 1728 3835 1788 materia.

329 1815 467 1869 sunt
517 1808 838 1883 specialiter
893 1806 1169 1866 dedicata.
1222 1807 1332 1867 Sed
1385 1808 1470 1867 uti
1532 1805 2373 1890 superliminaremBPulchra
2419 1814 2483 1865 ut
2540 1807 2699 1868 luna.
2740 1808 2888 1879 Quid
2928 1810 3072 1870 luna
3110 1810 3430 1886 pulchrius,
3477 1829 3613 1873 cum
3658 1815 3840 1875 stellis

329 1898 562 1957 titulum
619 1897 683 1955 in
741 1897 925 1955 fronte
978 1895 1162 1954 futuri
1209 1895 1439 1955 aadificii
1487 1911 1897 1970 proponamus,
1948 1895 2039 1952 di-

327 2003 526 2047 camus
575 1986 825 2045 breviter
886 1984 1025 2060 quia
1097 1984 1281 2059 prima
1346 1984 1719 2058 interrogatio
1770 1984 2042 2043 convenit

324 2076 452 2150 ejus
476 2074 794 2144 Nativitati,
825 2072 1076 2132 secunda
1099 2074 1226 2146 ejus
1251 2074 1695 2143 conversationi,
1722 2073 1887 2131 tertia
1926 2074 2040 2131 As-

325 2164 661 2238 sumptioni.
704 2185 726 2215 ι
761 2162 902 2232 Qum
930 2170 1015 2222 est
1049 2164 1176 2235 ista,
1210 2186 1231 2215 ι
1289 2163 1482 2237 inquit
1522 2163 1768 2237 Spiritus
1806 2170 2037 2222 sanctus

325 2255 397 2314 de
442 2255 566 2330 ejus
610 2253 938 2325 Nativitate,
970 2277 998 2308 α
1039 2270 1173 2328 quas
1215 2254 1597 2327 progreditur,
1637 2254 1789 2313 sicut
1829 2269 2036 2312 aurora

321 2358 694 2418 consurgens,
726 2342 968 2417 pulchra
1000 2350 1066 2401 ut
1101 2342 1261 2416 luna,
1294 2342 1473 2401 electa
1496 2342 1579 2401 'ut
1623 2342 1728 2412 sol,
1761 2341 2035 2401 terribilis

320 2441 387 2493 ut
437 2440 755 2492 castrorum
809 2432 959 2491 acies
1018 2432 1280 2491 ordinata
1307 2434 1336 2489 τ
1368 2455 1393 2483 α
1425 2434 1600 2503 (Cant.
1634 2432 1735 2503 VI.)
1772 2431 1912 2489 Haec
1949 2437 2036 2490 est

323 2542 352 2576 ‹‹
385 2535 521 2595 quae
568 2518 813 2579 nescivit
859 2526 1051 2578 torum
1099 2519 1159 2577 in
1194 2517 1401 2577 delicto
1445 2522 1598 2591 (Sap.
1648 2523 1752 2589 Ill).
1788 2541 1809 2570 ι
1857 2518 2033 2592 Virgo

318 2609 424 2669 Dei
466 2608 616 2667 Filio
663 2608 1034 2683 singulariter
1066 2615 1411 2678 consecrata,
1465 2606 1785 2681 specialiter
1835 2613 2031 2664 sancto

318 2703 623 2775 conjugata
679 2699 949 2773 Spiritui.
1013 2722 1035 2752 ι
1096 2700 1241 2770 Quae
1288 2698 1666 2773 progreditur,
1722 2723 1749 2747 ››
1813 2697 2026 2773 inquit,

318 2813 344 2842 α
377 2790 526 2849 sicut
569 2805 774 2849 aurora
821 2805 1193 2862 consurgens.
1228 2810 1256 2843 »
1287 2788 1470 2859 Quam
1504 2788 1737 2860 elegans
1785 2793 1841 2844 et
1876 2788 2030 2845 clara

316 2877 657 2950 similitudo,
689 2885 745 2935 et
800 2893 873 2935 ex
928 2878 1091 2937 illius
1140 2876 1448 2949 disciplina
1505 2874 1879 2948 descendens,
1922 2875 2027 2949 qui

316 2982 617 3027 summum
685 2965 982 3039 sapientiae:
1040 2967 1258 3025 fontem
1310 2966 1373 3024 in
1425 2965 1676 3024 Canticis
1726 2963 2029 3023 afﬂuenter

313 3054 554 3115 inclusit
573 3059 584 3113 !

383 3146 452 3205 In
494 3144 814 3202 meridiano
862 3144 1083 3202 lumine
1130 3142 1357 3216 primus
1404 3141 1503 3200 ille
1546 3155 1753 3215 parens
1802 3149 2024 3198 creatus

308 3243 414 3307 est,
443 3236 627 3293 factus
658 3235 728 3292 ad
756 3234 1070 3308 imaginem
1101 3240 1155 3292 et
1187 3230 1631 3291 similitudinem
1672 3228 2019 3288 Conditoris.

2122 1894 2559 1954 coruscantibus
2581 1896 2641 1954 in
2670 1898 2947 1971 signifero
2976 1898 3163 1958 limite
3189 1900 3548 1975 reliquorum
3578 1903 3835 1962 siderum

2120 1982 2488 2056 splendorem
2536 1985 2817 2045 excedit?
2866 1986 3178 2047 Considera
3214 2004 3391 2063 quam
3433 1990 3730 2050 stellarum
3778 1997 3839 2050 et

2120 2086 2321 2129 serena
2369 2072 2632 2143 vibratio,
2679 2090 2855 2149 quam
2898 2075 3228 2135 luminosus
3260 2079 3454 2152 fulgor
3492 2079 3833 2139 circularem

2118 2159 2317 2218 orbem
2345 2162 2485 2220 tanti
2514 2162 2721 2221 sideris
2739 2165 3145 2237 superfundat,
3164 2172 3230 2225 ut
3255 2167 3507 2226 aliorum
3533 2168 3833 2229 luminum

2114 2246 2432 2306 claritatem
2484 2265 2601 2309 non
2655 2250 3019 2311 mediocriter
3060 2253 3352 2313 oﬂ‘uscet?
3398 2255 3493 2315 Sic
3539 2263 3596 2315 et
3656 2256 3834 2332 Virgo

2115 2334 2267 2394 inter
2291 2337 2518 2395 animas
2546 2346 2871 2398 sanctorum
2900 2348 2956 2399 et
2982 2342 3324 2416 angelorum
3351 2344 3558 2403 choros
3586 2361 3832 2419 supere-

2116 2427 2348 2486 minens
2399 2434 2455 2486 et
2502 2436 2716 2500 evecta,
2772 2430 2978 2501 menita
3032 2431 3398 2505 singulorum
3446 2439 3503 2491 et
3558 2435 3828 2494 omnium

2114 2514 2315 2574 titulos
2338 2516 2642 2575 antecedit.
2671 2517 3109 2588 Quantumlibet
3134 2518 3268 2578 aliae
3292 2519 3475 2579 stellae
3506 2521 3827 2594 reluceant,

2110 2601 2251 2661 luna
2282 2611 2469 2664 tamen
2510 2612 2569 2663 et
2610 2607 3010 2682 magnitudine
3041 2609 3378 2683 praeeminet
3415 2616 3469 2668 et
3499 2609 3824 2683 splendore.

2112 2691 2208 2751 Sic
2235 2700 2543 2769 utramque
2578 2702 2849 2757 naturam
2878 2698 3051 2772 Virgo
3082 2699 3401 2773 singularis
3428 2708 3741 2774 exsuperat
3769 2708 3828 2760 et

2108 2782 2495 2841 immensitate
2540 2786 2743 2857 gratim
2790 2794 2845 2844 et
2886 2788 3111 2861 fulgore
3150 2788 3456 2848 virtutum.
3509 2789 3701 2849 Electa
3759 2796 3824 2850 ut

2108 2871 2213 2929 sol.
2247 2870 2411 2928 Hanc
2436 2872 2666 2929 attende
2699 2873 3169 2946 similitudinem,
3202 2892 3320 2951 qua
3350 2876 3515 2935 nulla
3553 2877 3615 2936 in
3648 2878 3823 2938 rebus

2108 2959 2314 3017 mundi
2342 2966 2523 3032 potest
2553 2976 2677 3019 esse
2706 2962 3031 3022 sublimior.
3067 2964 3227 3022 Nihil
3259 2966 3419 3024 enim
3451 2966 3656 3025 habuit
3688 2965 3819 3041 Spi-

2106 3049 2253 3107 ritus
2277 3048 2339 3107 in
2372 3048 2704 3110 visibilibus
2742 3054 3019 3112 creaturis
3056 3055 3454 3122 excellentius,
3499 3056 3595 3116 cui
3624 3058 3819 3117 excel-

2108 3138 2346 3196 lentiam
2384 3138 2640 3211 Virginis
2673 3149 3044 3215 compararet.
3086 3144 3271 3204 Multo
3305 3145 3463 3204 enim
3498 3146 3671 3205 altius
3707 3148 3819 3205 ali-

2105 3226 2245 3299 quid
2278 3226 2447 3285 habet
2480 3227 2709 3288 claritas
2745 3229 2882 3288 solis
2919 3246 3096 3304 quam
3132 3232 3330 3305 lunae;
3369 3232 3509 3307 quia
3541 3239 3596 3292 et
3633 3234 3681 3293 si
3717 3234 3817 3294 illa

306 3326 457 3397 Quid
500 3325 658 3383 enim
699 3323 929 3395 clarius,
957 3338 1133 3397 quam
1167 3329 1422 3380 creatum
1464 3319 1689 3378 Creanti
1730 3334 1851 3389 non
1900 3334 2023 3376 esse
2103 3317 2356 3375 minores
2375 3317 2569 3377 stellas
2599 3320 2886 3390 obscurat,
2914 3336 3031 3380 non
3057 3328 3247 3381 tamen
3279 3325 3508 3397 penitus
3531 3325 3810 3400 occultat;

306 3411 709 3474 dissimilem?
752 3436 773 3466 α
811 3412 1133 3483 Faciamus,
1169 3411 1389 3485 inquit,
1436 3410 1732 3467 hominem
1768 3407 1839 3465 ad
1873 3408 2018 3466 ima-
2099 3406 2196 3464 hic
2229 3422 2365 3465 vero
2416 3407 2666 3467 lucidius
2709 3408 3142 3482 incandescens,
3172 3412 3253 3469 ita
3295 3412 3407 3471 sibi
3452 3413 3711 3474 siderum
3760 3421 3817 3473 et

306 3509 504 3581 ginem
526 3511 581 3564 et
606 3502 1051 3563 similitudinem
1082 3507 1337 3560 nostram
1373 3501 1525 3570 (Gen.
1553 3503 1614 3569 ι).
1649 3499 2019 3572 nlmaginem
2098 3494 2258 3552 lunae
2307 3495 2454 3569 rapit
2509 3496 2875 3570 ροείῐὶοηθω,
2907 3503 2972 3557 ιιι
3028 3498 3149 3568 Sint.
3199 3501 3368 3573 quasi
3423 3518 3540 3561 non
3591 3503 3727 3575 sint,
3758 3508 3815 3563 et

302 3594 459 3655 dedit
503 3595 557 3653 ei
609 3595 673 3653 in
728 3592 1065 3657 aeternitate,
1105 3590 1546 3650 similitudinem
1600 3589 1663 3647 in
1712 3590 2011 3662 moribus;
2098 3582 2285 3640 videri
2317 3599 2431 3642 non
2466 3585 2703 3658 possint.

299 3689 363 3744 ut
395 3683 468 3742 sit
492 3683 701 3742 similis
732 3681 1008 3753 Creatori,
1039 3680 1089 3739 si
1128 3695 1245 3738 non
1277 3679 1595 3750 identitate,
1629 3678 2015 3739 similitudine
2169 3671 2452 3731 Similiter
2497 3681 2552 3732 et
2605 3674 2765 3748 virga
2810 3674 2989 3746 Jesse,
3022 3676 3144 3733 veri
3183 3679 3398 3748 praevia
3442 3678 3706 3749 luminis,
3748 3679 3812 3739 in

300 3779 511 3831 tamen.
574 3771 684 3832 Sed
736 3771 857 3843 ille,
913 3770 1053 3828 tanti
1102 3758 1394 3843 privilegii
1448 3767 1728 3842 dignitate
1786 3768 2011 3842 rejecta,
2094 3761 2196 3820 illa
2223 3763 2607 3822 inaccessibili
2642 3764 2770 3823 luce
2813 3765 3132 3839 perlucens,
3167 3767 3249 3825 sic
3285 3775 3667 3844 utrorumque
3692 3770 3811 3845 spi-

298 3868 571 3937 apostatae
600 3861 837 3936 spiritus
865 3859 1008 3918 falsa
1037 3859 1419 3935 promissione
1450 3857 1728 3916 delinitus
1756 3858 2010 3929 inlimsit,
2095 3854 2311 3911 rituum
2353 3853 2580 3913 hebetat
2618 3854 2975 3928 dignitatem,
3021 3864 3083 3916 ut
3115 3858 3178 3916 in
3218 3861 3642 3933 comparatione
3678 3862 3810 3920 Vir-

299 3957 356 4009 et
384 3968 445 4009 se
470 3966 605 4010 cum
639 3949 968 4023 posteritate
1005 3962 1111 4006 sua
1149 3953 1441 4022 perpetuae
1477 3946 1648 4005 morti
1679 3946 2008 4016 destinavit,

294 4046 350 4099 et
398 4038 667 4097 tenebris.
701 4039 791 4096 Ab
830 4038 932 4096 illa
980 4038 1121 4094 hora
1160 4036 1411 4095 tenebrte.
1452 4036 1615 4092 facta;
1653 4040 1788 4093 sunt
1836 4048 2012 4108 super

297 4128 631 4187 universam
672 4133 885 4184 terram
910 4141 1094 4198 usque
1128 4125 1198 4182 ad
1232 4123 1569 4197 Virginem;
1602 4137 1706 4180 nec
1732 4122 2008 4181 inventus

292 4223 378 4275 est
418 4213 633 4287 aliquis
666 4214 769 4285 qui
816 4214 908 4270 vel
954 4215 1139 4269 exiret
1181 4212 1251 4269 de
1298 4212 1571 4282 tenebris,
1604 4209 1697 4267 vel
1742 4210 2006 4269 tenebras

292 4303 620 4376 dissiparet;
672 4300 769 4357 sed
814 4300 1034 4357 mundo
1081 4304 1369 4356 crescente
1408 4298 1697 4356 concrevit
1745 4305 1801 4355 et
1845 4306 2006 4357 tene-

290 4393 458 4451 brosa
500 4403 730 4459 vorago,
761 4388 941 4446 donec
984 4388 1043 4445 in
1089 4385 1491 4444 densissimam
1530 4387 1864 4459 conglobata
1914 4389 2002 4445 ni-

291 4478 611 4552 gredinem,
648 4476 973 4535 humanum
1009 4490 1195 4549 genus
1234 4480 1397 4532 nocte
1439 4473 1676 4532 terribili
1716 4474 1997 4548 sepelivit.

292 4568 433 4625 Haec
468 4573 552 4624 est
580 4564 680 4622 illa
709 4580 828 4623 nox
878 4564 1158 4633 solitaria,
1189 4578 1295 4621 nec
1336 4563 1507 4624 laude
1547 4564 1742 4637 digna,
1767 4565 1838 4623 de
1886 4580 2000 4639 qua

290 4657 566 4730 scriptum
607 4661 692 4713 est
727 4678 739 4712 :
782 4677 809 4708 «
844 4654 1093 4712 Posuisti
1146 4652 1428 4724 tenebras,
1469 4659 1523 4711 et
1568 4654 1712 4711 facta
1756 4660 1840 4713 est
1882 4670 1996 4713 nox

288 4748 452 4819 (Psal.
486 4744 624 4815 CIII).
669 4765 696 4797 ι)
752 4743 819 4801 In
878 4742 999 4816 ipsa
1053 4742 1506 4815 pertransierant
1557 4759 1757 4801 omnes
1804 4744 1999 4804 bestias

285 4836 489 4904 silvae,
544 4836 680 4908 quia
729 4833 994 4891 crudeles
1050 4837 1104 4890 et
1152 4831 1418 4890 indomiti
1474 4832 1709 4905 spiritus
1766 4832 2001 4893 dimotis

287 4924 598 5000 repagulis,
632 4924 960 4981 humanum
992 4938 1176 4996 genus
1202 4920 1333 4980 totis
1361 4920 1583 4980 viribus
1611 4922 1997 4983 obtriverunt.

291 5016 402 5077 Sed
453 5021 583 5072 nata
618 5008 852 5083 Virgine
894 5010 1146 5068 surrexit
1188 5023 1427 5080 aurora;
1475 5010 1611 5082 quia
1660 5009 1836 5068 Maria
1880 5012 1999 5069 veri

290 5109 506 5183 praevia
557 5103 817 5173 luminis,
879 5101 1176 5160 nativitate
1230 5118 1333 5160 sua
1391 5118 1561 5160 mane
1607 5102 2000 5161 clarissimum

289 5197 598 5257 serenavit.
631 5193 769 5252 Haec
808 5197 893 5250 est
923 5192 1085 5249 stella
1117 5192 1395 5249 matutina
1426 5194 1486 5250 in
1520 5193 1709 5251 medio
1748 5193 1996 5263 nebulae,

292 5302 422 5359 quae
478 5286 539 5343 in
591 5282 719 5342 cmli
778 5280 1009 5339 cardine
1052 5295 1280 5337 summo
1319 5280 1623 5353 splendore
1671 5294 1997 5352 corllscans,

290 5374 489 5432 orbem
540 5372 838 5432 subditum
892 5368 1384 5443 splendidioribus
1452 5370 1629 5427 radiis
1698 5370 1996 5427 incolorat.

293 5461 433 5520 Haec
483 5468 567 5518 est
618 5476 844 5531 aurora,
892 5472 1066 5533 quam
1114 5456 1393 5529 sequitur,
1439 5456 1556 5514 imo
1606 5457 1677 5515 de
1728 5474 1842 5532 qua
1893 5473 1998 5516 na-

293 5550 471 5610 scitur
540 5548 634 5608 Sol
697 5549 958 5622 justitiae,
1023 5546 1206 5606 solius
1282 5546 1524 5605 claritati
1596 5548 1995 5609 succumbens.

292 5642 434 5701 Haec
458 5646 543 5699 est
566 5654 792 5712 aurora,
820 5654 998 5714 quam
1037 5639 1139 5699 ille
1166 5653 1281 5698 non
1320 5636 1465 5698 vidit
1499 5639 1602 5712 qui
1636 5639 1781 5699 vidit
1823 5653 1998 5701 omne

2090 3941 2245 4014 ginis
2294 3957 2400 3999 nec
2447 3942 2669 4017 possint
2718 3958 2826 4003 nec
2875 3944 3119 4005 debeant
3173 3962 3464 4022 apparere.
3498 3953 3591 4009 An
3643 3957 3811 4025 putas

2091 4030 2243 4105 quod
2292 4046 2407 4089 non
2456 4032 2857 4090 contremiscat
2906 4038 3020 4092 tota
3078 4034 3377 4095 rationalis
3427 4045 3689 4098 creatura
3735 4040 3807 4099 ad

2086 4120 2627 4192 contemplationem
2654 4128 2828 4180 tantm
2852 4122 3152 4196 dignitatis
3180 4123 3209 4182 Ῡ
3237 4124 3551 4185 Considera
3582 4133 3640 4186 et
3670 4144 3807 4203 qum

2087 4207 2149 4265 in
2181 4208 2361 4279 cmlis,
2412 4215 2467 4267 et
2512 4225 2647 4284 quas
2693 4211 2755 4269 in
2811 4212 2978 4270 terris
3033 4213 3091 4270 in
3154 4213 3396 4287 Virgine
3446 4216 3804 4288 refabricata,

2088 4294 2298 4366 Deum,
2349 4296 2450 4369 qui
2494 4297 2708 4356 coelum
2752 4298 2944 4372 palma
2985 4301 3241 4374 metitur,
3297 4303 3543 4378 virginei
3586 4308 3806 4366 ventris

2086 4384 2365 4444 brevitate
2388 4388 2748 4459 conclusum,
2780 4389 3234 4463 redemptionem
3268 4393 3603 4465 hominum,
3633 4411 3807 4470 ange-

2090 4476 2281 4536 lorum
2310 4479 2809 4551 restaurationem,
2842 4481 3097 4556 denique
3124 4483 3409 4557 quidquid
3438 4492 3544 4556 est,
3578 4485 3711 4555 fuit,
3746 4493 3803 4545 et

2024 4539 2196 4624 Derit
2226 4583 2327 4641 per
2364 4568 2627 4641 Virginis
2656 4539 2888 4628 uterum
2927 4539 3300 4641 renovatum:
3318 4566 3377 4630 et
3404 4539 3544 4631 tunc
3573 4573 3675 4632 tibi
3697 4539 3802 4634 co-

2085 4654 2283 4729 gitatio
2343 4661 2607 4729 suggeret
2647 4656 2801 4730 quod
2846 4657 3059 4717 locutio
3109 4659 3503 4719 demonstrare
3543 4676 3661 4720 non
3698 4677 3802 4737 po-

2087 4751 2213 4803 test.
2262 4744 2476 4816 Electa,
2514 4745 2726 4819 inquit,
2774 4745 2874 4805 sed
2926 4754 2980 4805 et
3032 4750 3350 4822 prmelecta.
3389 4749 3465 4809 Ut
3508 4751 3613 4823 sol,
3664 4753 3802 4826 quia

2086 4835 2238 4892 sicut
2275 4835 2359 4894 sol
2405 4836 2564 4894 solus
2611 4837 2809 4896 orbem
2857 4836 3182 4912 illuminat;
3211 4841 3295 4901 sic
3331 4841 3459 4901 haec
3495 4843 3615 4901 sola
3660 4841 3799 4901 soli-

2085 4924 2234 4982 diori
2265 4926 2488 4985 lumine
2518 4933 2574 4985 et
2599 4927 2835 5001 angelos
2867 4935 2922 4986 et
2952 4929 3220 4990 homines
3249 4932 3519 4991 illustrat.
3553 4932 3801 4991 Terribi-

2088 5012 2157 5069 lis
2184 5021 2246 5071 ut
2269 5022 2585 5074 castrorum
2616 5017 2767 5074 acies
2794 5017 3078 5090 ordinata,
3108 5019 3384 5078 terribilis
3409 5020 3796 5091 daemonibus,

2084 5100 2345 5160 ordinata
2415 5105 2743 5176 virtutibus,
2793 5105 3104 5180 singularis
3171 5111 3345 5167 timor
3407 5111 3798 5184 malignorum

2084 5191 2419 5265 spirituum,
2464 5195 2729 5267 specialis
2766 5211 2929 5255 amor
2965 5198 3183 5257 civium
3225 5198 3544 5259 beatorum.
3590 5200 3797 5276 Sequi-

2086 5286 2178 5340 tur
2197 5283 2267 5340 de
2296 5283 2424 5357 ejus
2446 5287 2881 5345 conversatione
2907 5306 2920 5345 :
2948 5312 2974 5337 οι
3005 5286 3149 5356 Quas
3176 5298 3258 5346 est
3284 5287 3412 5358 ista,
3443 5304 3578 5365 qua;
3604 5305 3797 5349 ascen-

2083 5372 2166 5430 dit
2210 5388 2310 5446 per
2348 5374 2659 5449 desertum,
2689 5377 2838 5437 sicut
2872 5378 3101 5451 virgula
3139 5379 3287 5437 fumi
3325 5395 3401 5439 ex
3438 5383 3797 5441 aromatibus

2085 5465 2361 5536 myrrhas,
2391 5472 2446 5523 et
2472 5466 2676 5538 thuris,
2710 5474 2766 5526 et
2794 5467 3055 5527 universi
3088 5466 3347 5541 pulveris
3374 5470 3742 5545 pigmentarii
3763 5471 3794 5531 ?

2081 5550 2194 5608 Ista
2228 5558 2313 5611 est
2353 5554 2608 5628 speciosa
2649 5555 2803 5615 inter
2840 5555 2988 5615 tilias
3022 5556 3343 5619 Jerusalem
3392 5564 3573 5632 (om.
3619 5566 3724 5631 ιιι).
3755 5584 3785 5611 ι-

2078 5640 2381 5703 Desertum
2403 5650 2488 5704 est
2512 5647 2747 5707 vastitas
2767 5647 2946 5724 hujus
2966 5649 3196 5725 mundi,
3217 5650 3280 5710 in
3299 5666 3419 5726 quo
3440 5651 3643 5713 bestiae
3661 5652 3787 5727 agri
