4178 6456
372 229 476 289 721
1915 233 2063 294 ΒΕΗΙ

2148 233 2165 293 )
2201 234 2354 296 XLI.
3769 238 3876 300 722

370 354 980 433 frequentiusludunt,
997 354 1098 413 ubi
1115 355 1896 433 princepsillenequissimus
1911 356 2074 417 omni
2094 358 2278 419 Anon
2310 363 2554 430 tantum,
2583 366 2870 434 quantum
2899 362 3224 422 contractae.
3267 361 3492 421 Crebris
3529 363 3689 422 enim
3727 370 3866 424 tun-

367 447 709 508 fortitudine
728 445 1104 519 principatur.
1129 447 1431 508 Desertum
1451 457 1644 509 autem
1665 450 1894 522 dicitur,
1910 455 2079 525 quasi
2163 451 2425 511 siouibus
2457 453 2800 525 supertritae,
2832 453 3200 512 remotiorem
3228 454 3402 512 etiam
3441 454 3634 513 locum
3669 454 3862 513 odori-

370 537 708 597 derelictum
750 549 785 591 a
823 532 1102 593 virtutum
1147 536 1662 609 administratione,
1710 554 1846 598 cum
1878 556 2078 600 earum
2164 541 2282 600 fera
2308 543 2713 616 conspersione
2752 544 3096 603 refundunt.
3137 544 3232 603 Sic
3275 553 3329 602 et
3368 545 3612 603 virtutes
3639 545 3702 603 in
3731 561 3867 620 pace

368 632 710 698 conventus,
733 623 1065 682 abundante
1087 625 1406 701 iniquitate,
1429 628 1502 685 ad
1522 628 1782 700 proprios
1811 633 1971 687 ortus
1993 645 2080 687 re-

369 717 668 775 volaverit.
700 713 845 774 205
873 713 1016 782 Quae
1043 717 1320 785 ascendit,
1353 718 1558 791 inquit.
1585 718 1652 775 In
1678 719 1855 792 hujus
1876 721 2074 778 saeculi

369 804 655 862 vanitates
697 821 901 864 omnes
945 805 1037 864 vel
1083 805 1427 863 descendere
1478 806 1568 863 vel
1616 806 2072 881 cadere'cogno-

370 899 634 962 scuntur,
669 909 948 967 rarasque
978 893 1081 967 qui
1119 909 1237 951 non
1285 895 1376 952 vel
1423 893 1731 953 descendat
1777 896 1867 954 vel
1913 897 2074 955 cadat

367 981 433 1039 in
484 981 661 1054 hujus
718 981 1233 1040 turbulentissimae
1289 984 1696 1054 profunditatis
1770 1001 2068 1046 oceanum.

371 1068 506 1129 Sola
549 1070 648 1128 illa
688 1075 872 1129 mater
909 1076 966 1128 et
1002 1070 1122 1128 ﬁlia
1155 1071 1438 1130 Creatoris
1474 1088 1580 1132 nec
1625 1075 1918 1134 descendit
1968 1094 2074 1136 nec

365 1157 591 1227 cecidit,
633 1157 731 1215 sed
777 1159 848 1215 de
897 1157 1110 1215 virtute
1153 1157 1213 1215 in
1260 1159 1527 1216 virtutem
1567 1161 1884 1220 ascendens
1931 1179 2072 1222 con-

367 1247 755 1306 summatione
804 1247 1086 1305 virtutum
1153 1249 1354 1306 vestita
1406 1256 1506 1306 est.
1569 1249 1824 1318 Qualiter
1877 1260 2071 1312 autem

362 1331 662 1392 ascendit?
711 1333 860 1392 sicut
904 1334 1150 1407 virgula,
1201 1335 1411 1409 inquit,
1461 1337 1629 1396 fumi.
1683 1338 1793 1397 Sed
1834 1348 1888 1398 et
1947 1343 2072 1402 haec

363 1423 618 1497 operatio
653 1438 841 1502 \quam
889 1423 1242 1496 significanti
1295 1423 1678 1482 similitudine
1719 1426 1794 1484 sit
1824 1428 2067 1502 signata,

364 1512 650 1585 recollige.
692 1510 929 1584 Virgula
961 1510 1106 1569 fumi
1136 1517 1285 1569 recta
1323 1520 1425 1582 est,
1466 1513 1719 1584 subtilis,
1761 1515 2067 1590 odorifera,

364 1609 420 1661 et
465 1609 681 1676 quanto
725 1602 910 1676 magis
949 1602 1011 1659 in
1054 1617 1184 1660 aera
1235 1603 1586 1674 extenditur,
1626 1612 1780 1664 tanto
1819 1609 2070 1680 amplius

2159 631 2395 705 quidem
2429 631 2649 688 fortiter
2676 632 2950 704 redolent,
2983 635 3080 692 sed
3125 633 3326 692 fortius
3363 634 3428 690 in
3473 633 3866 704 tribulatione,

2159 720 2296 792 quia
2337 719 2517 776 virtus
2548 719 2609 777 in
2639 735 2773 792 pace
2812 721 3151 794 acquiritur,
3188 722 3245 778 in
3293 721 3690 794 persecutione
3732 737 3863 795 pro-

2159 807 2347 877 batur,
2381 807 2725 880 approbatur
2756 808 2815 864 in
2857 809 3114 867 victoria.
3159 809 3478 868 Universus
3507 826 3640 883 ergo
3671 810 3864 883 pulvis

2156 897 2573 970 pigmentarius
2602 897 2664 954 in
2698 897 2936 971 Virgine
2968 900 3257 972 conjeclus
3294 906 3398 970 est,
3442 897 3585 954 206
3623 899 3760 971 quia
3799 899 3860 956 in

2157 1001 2223 1042 ea
2261 985 2543 1043 virtutum
2580 994 2902 1044 conventus
2946 987 3326 1045 reverendum
3378 986 3489 1045 sibi
3539 986 3860 1046 thalamum

2155 1073 2527 1144 consecravit,
2574 1081 2630 1131 et
2667 1075 2715 1130 si
2751 1076 2973 1132 caeteris
3002 1076 3105 1148 'per
3148 1083 3338 1149 partes
3371 1075 3617 1151 Spiritus
3657 1075 3862 1145 afﬂuit,

2157 1160 2354 1218 Mariae
2382 1169 2572 1219 tamen
2612 1169 2724 1221 tota
2765 1165 3062 1236 plenitudo
3103 1165 3303 1238 gratiae
3352 1165 3703 1237 supervenit.
3749 1165 3866 1222 Nec

2157 1249 2398 1321 integras
2436 1250 2670 1308 fuerunt
2697 1252 2754 1308 in
2797 1268 2863 1309 ea
2899 1253 3134 1326 species,
3175 1253 3269 1311 sed
3313 1254 3376 1310 in
3413 1253 3862 1311 subtilissimum

2155 1339 2552 1409 comminutze,
2604 1339 2742 1410 quia
2784 1340 2906 1412 ipsa
2943 1345 3026 1398 est
3059 1357 3211 1416 qua},
3248 1343 3579 1401 fortioribus
3619 1342 3861 1402 tribula-

2156 1425 2382 1485 tionum
2407 1427 2630 1484 malleis
2659 1443 3046 1500 supergressa,
3074 1430 3220 1487 vidit
3243 1422 3416 1488 Suum
3438 1436 3493 1486 et
3517 1429 3616 1487 Dei
3647 1429 3862 1487 Filium

2153 1513 2308 1586 afﬁgi
2337 1515 2511 1585 cruci,
2561 1514 2795 1572 militari
2840 1515 3036 1574 lancea
3075 1516 3393 1588 vulnerari,
3437 1525 3491 1574 et
3528 1518 3678 1576 inter
3715 1517 3862 1576 duos

2155 1601 2405 1662 latrones
2434 1604 2690 1677 positum
2719 1606 2983 1678 expirare
3015 1607 3188 1677 (Joan.
3219 1608 3370 1678 XIX).

362 1691 656 1750 dilatatur.
691 1690 784 1750 Sic
809 1698 866 1749 et
890 1691 1227 1762 angelorum
1269 1693 1466 1766 regina
1499 1700 1764 1753 recta-est
1787 1697 1848 1754 ia
1883 1698 2070 1756 subli-
2090 1713 2137 1772 Β
2233 1690 2510 1765 Sequitur
2543 1692 2613 1750 de
2650 1693 2776 1764 ejus
2813 1695 3226 1767 Assumptione
3251 1715 3263 1754 :
3287 1696 3429 1765 Quae
3459 1701 3542 1754 est
3570 1697 3698 1766 ista,
3730 1711 3864 1769 qua:

364 1781 563 1838 mitate
608 1781 1079 1850 conversationis,
1132 1781 1269 1854 quia
1306 1783 1470 1855 virga
1511 1783 1863 1857 directiouis,
1919 1787 2077 1861 virga

365 1869 527 1941 regni
564 1869 796 1926 Domini
845 1872 1015 1938 (Psal.
1059 1875 1243 1939 XLIV).
1299 1869 1538 1928 Subtilis
1572 1873 1633 1929 in
1669 1873 1896 1932 deitatis
1936 1891 2074 1934 con-

366 1960 757 2033 templatione,
795 1960 933 2033 quia
979 1960 1102 2034 ipsa
1155 1966 1239 2018 est
1275 1976 1407 2035 quae
1459 1962 1833 2022 conservabat
1878 1967 2076 2024 omnia

363 2049 539 2108 verba
565 2049 711 2121 haec,
753 2050 1052 2108 conferens
1084 2049 1145 2106 in
1176 2048 1345 2108 corde
1383 2065 1490 2108 suo
1526 2053 1680 2120 (Luc.
1723 2056 1806 2120 II).
1867 2051 2072 2111 Odori-

361 2137 481 2196 fera
509 2141 571 2195 in
609 2138 892 2196 virtutum
920 2137 1212 2210 opinione,
1258 2138 1396 2210 quia
1429 2139 1723 2197 currimus
1747 2140 1805 2197 in
1838 2141 2070 2199 odorem

362 2233 794 2299 unguentorum
819 2241 1058 2285 suorum
1085 2228 1266 2294 (Cant.
1297 2230 1358 2294 ι).
1387 2227 1650 2299 Angusta
1685 2227 1746 2284 in
1781 2234 2066 2301 tempora-

360 2317 538 2386 libus,
567 2309 706 2390 qnia
733 2332 848 2375 non
881 2325 998 2374 erat
1036 2317 1088 2373 ei
1130 2315 1290 2374 locus
1335 2317 1394 2373 in
1433 2315 1753 2376 diversorio
1791 2318 1939 2391 (Luc.
1984 2323 2067 2391 II).

359 2405 426 2464 In
456 2405 854 2478 spiritualibus
892 2405 1144 2473 dilatata,
1175 2404 1312 2478 quia
1350 2405 1530 2462 astitit
1559 2405 1760 2478 regina
1787 2423 1821 2464 a
1850 2407 2071 2466 dextris

359 2495 589 2554 Domini
630 2497 802 2561 (Psal.
852 2498 1036 2563 XLIV).
1084 2493 1226 2550 Haic
1263 2499 1349 2551 est
1377 2494 1539 2565 virga
1571 2495 1671 2552 illa
1716 2510 1828 2569 qua
1865 2501 2068 2554 retun-

355 2584 576 2642 duntur
617 2584 869 2657 impetus
915 2582 1347 2640 adversantium
1395 2582 1821 2642 daemoniorum
1857 2586 2067 2658 :virga

354 2672 567 2743 Aaron,
615 2687 716 2745 per
751 2687 929 2745 quam
967 2671 1120 2729 fiunt
1150 2670 1314 2743 signa
1343 2676 1400 2728 et
1428 2670 1736 2729 mirabilia.
1779 2672 2059 2732 Baculum

350 2767 544 2819 autem
601 2759 787 2818 crucis
831 2757 1107 2832 intellige,
1153 2775 1268 2834 quo
1323 2775 1439 2818 non
1491 2760 1679 2818 solum
1730 2761 2063 2820 verberatus

351 2858 456 2921 est,
487 2851 585 2910 sed
610 2857 667 2910 et
693 2851 914 2911 occisus
941 2849 1039 2908 ille
1067 2849 1410 2909 insanabilis
1449 2853 1510 2924 [f.
1557 2851 1918 2926 insatiabilis]
1955 2853 2064 2910 ho-

351 2939 579 3004 micida.
609 2940 713 3012 qui
743 2938 1027 2998 mortibus
1055 2937 1360 2996 hominum
1394 2939 1649 3012 pascitur
1684 2946 1740 2996 et
1779 2940 2058 2997 nutritur.

349 3027 415 3086 In
445 3026 682 3100 Virgine
709 3027 869 3099 virga
907 3033 962 3083 et
1003 3025 1205 3084 baculo
1237 3041 1404 3084 cruce
1448 3026 1791 3085 miserorum
1841 3043 1968 3101 spes
2004 3034 2058 3085 et

347 3116 656 3174 consolatio
679 3117 1022 3174 continetur.
1068 3113 1230 3174 Sicut
1266 3115 1536 3174 sublimis
1576 3115 1858 3189 Propheta
1903 3117 2056 3175 clara

350 3219 487 3262 voce
522 3204 769 3263 declarat
801 3224 812 3262 :
843 3203 1088 3278 «Virga,
1129 3205 1336 3278 inquit,
1383 3212 1498 3275 tua,
1539 3211 1595 3263 et
1636 3206 1880 3264 baculus
1918 3213 2055 3264 tuus

346 3292 469 3365 ipse
499 3307 589 3349 me
621 3292 909 3351 consolata
939 3299 1075 3351 sunt
1104 3295 1267 3364 (Psal.
1301 3295 1474 3365 XXII).
1516 3316 1538 3344 ιι

420 3379 694 3454 Sequitur
723 3399 734 3438 :
766 3381 850 3439 Ex
876 3381 1234 3439 aromatibus
1261 3383 1512 3454 myrrhae
1538 3388 1593 3439 et
1623 3381 1826 3440 thuris.
1859 3382 2054 3440 Nomi-

348 3476 562 3528 nantur
589 3469 823 3542 species,
855 3471 925 3528 de
954 3469 1167 3544 quibus
1193 3472 1504 3527 aromatica
1534 3469 1759 3541 virgula
1789 3469 2054 3528 subleva-

2156 1781 2413 1849 asyendit
2448 1781 2519 1839 de
2558 1783 2798 1854 deserto,
2840 1783 3062 1842 deliciis
3100 1784 3363 1857 afﬂuens,
3422 1786 3628 1844 inniXa
3695 1802 3866 1860 super

2155 1869 2432 1928 dilectum
2460 1872 2678 1928 suum?
2707 1870 2846 1929 Haec
2874 1877 2960 1928 est
2989 1872 3188 1946 regina
3224 1873 3346 1945 illa,
3387 1889 3565 1948 quam
3603 1875 3863 1932 videntes

2153 1959 2290 2017 ﬁliae
2331 1958 2492 2030 Sion,
2543 1981 2564 2010 ι
2603 1961 2992 2020 beatissimam
3031 1963 3511 2035 praedicaverunt,
3553 1969 3610 2022 et
3643 1963 3859 2037 reginae

2154 2047 2538 2106 laudaverunt
2563 2063 2690 2106 eam
2721 2051 2898 2119 (Cant.
2931 2057 3035 2120 VI).
3067 2075 3093 2102 υ
3143 2051 3416 2108 Ascendit
3454 2057 3648 2110 autem
3688 2052 3859 2111 hodie

2151 2137 2222 2195 de
2247 2139 2494 2206 deserto,
2523 2139 2583 2196 id
2610 2146 2694 2197 est
2731 2140 2801 2198 de
2840 2142 3078 2211 mundo,
3112 2141 3184 2198 ad
3215 2140 3426 2213 regalis
3456 2141 3650 2200 throni
3683 2141 3856 2200 celsi-

2153 2226 2413 2284 tudinem
2461 2227 2792 2286 sublimata.
2839 2227 3092 2301 Deliciis,
3142 2229 3354 2302 inquit,
3398 2229 3661 2288 afﬂuens.
3714 2228 3860 2289 Vere

2149 2313 2418 2385 affluens,
2450 2315 2586 2386 quia
2618 2336 2646 2368 «
2679 2315 2878 2374 multm
2907 2315 3046 2373 filiae
3071 2323 3571 2390 congregaverunt
3599 2317 3854 2388 divitias,

2149 2403 2276 2462 haec
2298 2419 2666 2476 supergressa
2692 2410 2775 2462 est
2805 2404 3108 2462 universas
3131 2407 3303 2476 (Prov.
3337 2410 3530 2479 XXIX).
3559 2429 3584 2455 υ
3620 2404 3862 2464 Delicia-

2149 2509 2279 2551 rum
2314 2499 2511 2550 autem
2540 2493 2665 2565 ejus
2695 2508 2809 2550 non
2844 2499 2930 2550 est
2959 2508 3256 2564 numerus,
3292 2494 3448 2567 quia,
3480 2495 3621 2552 dum
3673 2493 3859 2567 Spiri-

2147 2586 2270 2638 tum
2313 2587 2579 2638 sanctum
2615 2580 2874 2652 suscipit,
2915 2580 3164 2653 concipit
3206 2580 3309 2638 Dei
3357 2580 3594 2650 Filium,
3640 2581 3855 2653 Regem

2145 2670 2344 2740 gloriae
2377 2674 2630 2742 generat,
2672 2673 2929 2740 penetrat
2964 2667 3159 2737 caelos,
3189 2667 3486 2726 cumulata
3513 2667 3754 2739 divitiis,
3802 2675 3859 2726 et

2145 2758 2370 2817 deliciis
2391 2758 2635 2816 afﬂuens
2659 2757 2728 2815 ad
2752 2773 2993 2830 regnum
3021 2757 3208 2815 evolat
3224 2757 3640 2830 sempiternum
3656 2773 3852 2816 suum.

2145 2846 2356 2904 Innixa
2393 2862 2566 2920 super
2603 2846 2878 2905 dilectum
2923 2862 3117 2904 suum.
3161 2845 3287 2904 Rex
3327 2846 3611 2904 virtutum
3658 2845 3853 2904 dilecti

2145 2934 2310 2992 Pater
2326 2944 2428 3007 est,
2448 2934 2506 2992 in
2526 2950 2642 3008 quo
2661 2934 2774 2991 sibi
2798 2934 2944 2991 bene
2964 2931 3309 3006 complacuit
3332 2935 3551 3000 (Matth.
3569 2946 3653 3003 III,
3676 2937 3848 3003 XVII).

2149 3023 2335 3096 Super
2374 3024 2532 3081 hunc
2571 3022 2846 3081 innititur
2877 3021 3057 3080 Mater
3091 3021 3193 3079 illa
3220 3020 3462 3088 felicior,
3501 3027 3558 3079 et
3583 3022 3645 3079 in
3677 3037 3854 3080 aureo

2143 3111 2510 3171 reclinatorio
2587 3111 2803 3170 divinas
2889 3111 3201 3185 majestatis
3267 3110 3633 3182 incumbens,
3701 3111 3854 3169 intra

2143 3203 2362 3275 sponsi,
2405 3201 2522 3259 imo
2561 3200 2695 3259 Filii
2746 3201 2858 3272 sui,
2905 3200 3141 3259 brachia
3179 3200 3505 3276 requiescit.
3553 3200 3598 3259 Ο
3639 3206 3853 3275 quanta

2140 3289 2413 3361 dignitas,
2446 3304 2622 3362 quam
2662 3288 2924 3362 specialis
2951 3289 3222 3362 potentia,
3263 3289 3435 3347 inniti
3472 3305 3645 3362 super
3682 3289 3850 3348 illum

2141 3394 2316 3452 quem
2344 3376 2622 3449 angelicas
2652 3383 2952 3449 potestates
2974 3383 3312 3436 reverentur
3338 3379 3589 3449 aspicere
3614 3383 3624 3434 ε

2211 3467 2351 3525 Haec
2401 3473 2538 3524 sunt
2574 3483 2709 3537 ergo
2760 3482 2890 3540 quae
2927 3467 3200 3540 praesenti
3236 3465 3531 3524 festivitati
3571 3466 3680 3523 sub
3727 3482 3854 3524 um-

347 3563 462 3628 tur,
529 3557 782 3631 myrrhae
831 3565 886 3616 et
931 3558 1135 3616 thuris.
1189 3555 1423 3630 Myrrha
1479 3571 1716 3630 corpora
1769 3557 2051 3616 dissoluta
2138 3556 2259 3615 bris
2293 3561 2350 3614 et
2385 3555 2738 3627 imaginibus
2775 3554 3082 3626 dignanter
3113 3553 3408 3626 alludunt,
3448 3560 3505 3612 et
3547 3555 3851 3613 sacratiore

345 3646 682 3719 consolidat,
717 3654 774 3705 et
799 3649 1039 3706 cadaver
1071 3646 1341 3705 exanime
1370 3644 1482 3703 sibi
1512 3646 1786 3719 vindicat,
1828 3662 1903 3704 ne
1940 3663 2051 3719 pu-
2141 3645 2391 3718 tegmine
2425 3646 2611 3703 velata
2635 3645 2940 3719 gratiosius
2963 3643 3180 3714 lucent,
3208 3659 3338 3702 cum
3373 3645 3662 3718 potuerint
3682 3659 3848 3702 reve-

343 3742 565 3794 trescat.
594 3735 756 3795 Thus
781 3743 975 3796 autem
1005 3738 1117 3796 Deo
1148 3738 1208 3796 in
1237 3739 1494 3797 oratione
1525 3735 1873 3809 accenditur,
1904 3737 2053 3796 sicut
2140 3732 2267 3792 lari.
2303 3735 2511 3794 Amen.

344 3824 764 3899 multiplicibus
795 3824 1221 3899 Scripturarum
1255 3825 1596 3884 testimoniis
1619 3801 1946 3884 edocemur.
1981 3825 2050 3884 In
2776 3801 3024 3862 SEBMO
3045 3802 3195 3862 XLL

2278 3905 2317 3951 Ι.
2337 3905 2410 3951 DE
2436 3906 2481 3951 S.
2510 3903 2965 3952 BARTHOLOMIEO
2987 3904 3301 3951 APOSTOLO.
3331 3897 3509 3962 (XXIV
3530 3896 3700 3960 ΑΗΘ.)

342 3915 580 3987 myrrha
607 3913 1044 3983 continentiam,
1082 3915 1142 3972 in
1181 3915 1346 3973 thure
1374 3914 1738 3972 devotionem
1766 3913 2048 3986 intellige.
2077 3966 2080 3968 ν

341 4002 484 4062 Caro
508 4002 668 4060 enim
697 4001 955 4074 Virginis
983 4018 1057 4060 ex
1083 4004 1266 4060 Adam
1295 4009 1590 4076 assumpta
1620 4001 1875 4059 maculas
1904 4001 2050 4060 Adaa
2205 4003 2495 4063 Hodierna
2570 4002 2868 4071 festivitas,
2933 4000 3316 4072 dilectissimi,
3389 4018 3503 4077 qua
3577 4001 3845 4060 videlicet

342 4105 457 4147 non
498 4089 752 4159 admisit,
799 4089 897 4147 sed
936 4090 1249 4162 singularis
1296 4089 1668 4146 continentia;
1717 4089 1936 4162 puritas
1987 4090 2046 4146 in
2136 4090 2507 4165 triumphalia
2549 4090 2614 4148 B.
2667 4089 3075 4147 Bartholomaai
3125 4096 3282 4160 gesta
3327 4089 3658 4162 recolimus,
3727 4105 3842 4148 non

338 4178 647 4237 candorem
677 4177 822 4237 lucis
849 4183 1084 4237 aeternae
1110 4194 1384 4237 conversa
1411 4185 1515 4236 est.
1552 4178 1726 4237 Porro
1761 4179 1894 4250 quis
1919 4180 2048 4253 ejus
2132 4189 2218 4240 est
2253 4180 2480 4254 propria
2518 4179 2826 4253 cujuslibet
2860 4177 3110 4236 civitatis
3144 4183 3246 4236 aut
3293 4177 3516 4252 patriae,
3547 4179 3645 4237 sed
3683 4193 3844 4236 com-

337 4269 702 4329 devotionem
750 4269 960 4328 votivis
1001 4269 1268 4329 iaudibus
1308 4271 1513 4342 poterit
1547 4269 1871 4342 adaequare,
1911 4285 2046 4328 cum
2135 4269 2334 4329 munis
2371 4274 2456 4327 est
2492 4267 2791 4326 catholicae
2832 4266 3005 4324 totius
3044 4260 3353 4324 Ecclesiae.
3404 4266 3519 4325 Nec
3555 4267 3846 4326 immerito

337 4364 678 4416 rememoret
724 4359 968 4416 missum
1031 4356 1463 4429 archangelum,
1539 4357 2104 4431 supervenientem_
2133 4359 2340 4419 colitur
2376 4365 2431 4417 et
2469 4362 2782 4416 veneratur
2813 4356 2884 4412 ab
2913 4355 3207 4428 omnibus,
3249 4357 3351 4430 qui
3395 4356 3608 4414 nobilis
3653 4356 3844 4414 archi-

341 4446 648 4520 Spiritum,
679 4447 894 4506 Filium
935 4421 1296 4520 conceptum,
1333 4421 1519 4505 Deum
1558 4421 1780 4519 natum,
1822 4421 2111 4506 stellamD
2136 4457 2315 4507 tectus
2342 4464 2476 4506 cum
2508 4447 2689 4505 beatis
2717 4445 3060 4520 coapostolis
3087 4421 3212 4504 suis
3242 4421 3376 4503 fidei
3399 4445 3844 4504 fundamentum

335 4551 569 4606 novam,
597 4553 902 4610 magorum
926 4537 1190 4611 gloriam,
1223 4553 1532 4596 munerum
1561 4538 1827 4611 gratiam,
1859 4545 1914 4597 et
1943 4554 2044 4596 su-
2130 4537 2341 4610 posuit,
2411 4552 2585 4609 super
2653 4535 2804 4608 quod
2880 4534 3170 4593 nascentis
3226 4533 3496 4599 Ecclesia;
3553 4539 3843 4591 structura

333 4640 436 4699 per
465 4625 592 4684 haec
623 4625 820 4684 omnia
857 4624 1248 4684 testimonium
1297 4625 1662 4684 conscientias
1701 4627 1864 4685 suae?
1907 4626 2046 4684 Haec
2132 4625 2407 4683 surrexit.
2438 4625 2568 4683 Huc
2594 4624 2811 4682 accedit
2840 4625 3000 4698 quia,
3041 4639 3175 4681 cum
3215 4628 3446 4681 senatus
3493 4621 3842 4693 apostolicus

335 4719 474 4772 sunt
495 4714 612 4772 duo
639 4729 776 4787 quae
804 4713 1150 4786 virginalem
1181 4713 1562 4773 substantiam
1592 4719 1705 4773 tota
1730 4715 2046 4774 circumde-
2124 4715 2332 4786 judicii
2360 4715 2472 4772 sibi
2506 4714 2759 4772 vindicet
2787 4713 3002 4772 solium
3026 4719 3196 4786 atque
3236 4711 3386 4767 inter
3415 4724 3618 4767 omnes
3643 4709 3840 4769 beato-

332 4802 468 4861 dere
500 4803 729 4872 virtute,
770 4801 1124 4862 continentia
1149 4803 1362 4861 scilicet
1399 4810 1453 4860 et
1498 4803 1748 4873 devotio,
1793 4821 2043 4877 quorum
2133 4818 2267 4861 rum
2294 4802 2528 4861 ordines
2555 4802 2801 4876 egregiaa
2829 4801 3125 4874 dignitatis
3156 4798 3408 4856 obtineat
3430 4797 3840 4873 principatum,

333 4891 580 4951 alterum
630 4908 884 4962 carnem,
930 4891 1180 4950 alterum
1229 4899 1479 4950 mentem
1531 4893 1608 4950 ita
1657 4894 1925 4966 possedit,
1983 4900 2048 4952 ut

331 4995 464 5038 caro
491 4980 894 5051 mundissima,
923 4995 1090 5038 mens
1113 4979 1422 5053 purissima
1447 4980 1784 5052 genitricem
1813 4981 2044 5041 Domini

334 5068 690 5141 singularius
714 5076 1130 5127 consecrarent.

408 5155 517 5214 Sed
547 5173 620 5214 ne
650 5166 880 5230 putares
909 5157 1001 5214 his
1029 5156 1258 5214 duabus
1288 5156 1424 5215 solis
1449 5158 1766 5219 virtutibus
1798 5160 2045 5235 insigni-

335 5253 450 5304 tam
485 5248 784 5305 dominam
813 5247 970 5305 orbis
1005 5254 1059 5304 et
1099 5247 1358 5320 reginam
1387 5249 1689 5321 caelorum,
1734 5252 2042 5325 subsequi-

336 5342 432 5393 tur
488 5336 916 5409 Scripturarum
971 5337 1281 5396 auctoritas
1314 5356 1326 5394 :
1359 5337 1427 5394 Et
1483 5339 1738 5398 universi
1787 5340 2046 5413 pulveris

330 5422 721 5497 pigmentarii.
772 5424 882 5484 Hic
925 5440 1267 5499 expressum
1316 5431 1402 5484 est
1454 5427 1740 5500 quidquid
1793 5430 2044 5503 exprimi

331 5513 536 5586 potuit.
569 5513 798 5588 Species
822 5514 1060 5588 quidem
1098 5514 1338 5588 integrae
1373 5514 1610 5575 odorem
1642 5517 1908 5588 reddunt,
1944 5519 2042 5578 sed

2129 4891 2238 4948 iste
2289 4891 2350 4948 in
2407 4906 2609 4951 eorum
2671 4891 2924 4961 catalogo
2985 4903 3101 4944 non
3171 4885 3535 4945 mediocriter
3593 4887 3841 4961 insignis

2130 4986 2306 5052 atque
2363 4983 2714 5054 conspicuus
2759 4985 2990 5036 sextum
3029 4977 3250 5036 obtinet
3290 4979 3502 5038 locum.
3544 4979 3642 5037 Ait
3681 4980 3840 5038 enim

2130 5071 2480 5143 evangelista
2521 5071 2825 5128 Matthaeus
2859 5093 2870 5126 :
2907 5091 2932 5117 α
2966 5067 3282 5128 Duodecim
3319 5076 3512 5129 autem
3556 5070 3840 5143 apostolo-

2130 5177 2260 5219 rum
2301 5163 2535 5220 nomina
2573 5168 2708 5218 sunt
2748 5160 3163 5233 haec:primus
3211 5161 3436 5233 Simon,
3479 5162 3578 5233 qui
3629 5161 3842 5220 dicitur

2132 5250 2352 5324 Petrus,
2385 5257 2438 5309 et
2479 5251 2738 5308 Andreas
2783 5251 2956 5308 frater
3004 5252 3148 5324 ejus,
3188 5251 3436 5310 Jacobus
3471 5250 3754 5321 Zebedzei,
3789 5259 3846 5311 et

2127 5342 2378 5400 Joannes
2432 5342 2602 5398 frater
2661 5341 2806 5414 ejus,
2863 5340 3185 5416 Philippus,
3253 5352 3307 5400 et
3356 5341 3838 5413 Barlholomteus,

2128 5432 2402 5502 Thomas,
2441 5438 2497 5489 et
2531 5430 2839 5490 Matthzeus
2886 5433 3250 5508 publicanus,
3292 5432 3538 5492 Jacobus
3588 5434 3841 5507 Alphaei,

2127 5527 2181 5580 et
2213 5519 2566 5592 Thaddwus,
2590 5519 2786 5583 Simon
2814 5521 3197 5592 Chauanzeus,
3226 5527 3282 5579 et
3309 5519 3338 5578 J
3346 5520 3489 5582 udas
3520 5521 3845 5596 Iscariotes,
