4178 6434
284 215 392 276 723

904 216 964 277 S.
1002 217 1226 278 PETRI
1264 219 1585 280 DAMIANI
1625 222 1783 283 OPP.
1827 222 2019 284 PARS
2059 220 2200 282 SEU
2238 216 2489 279 TOMUS
2531 215 2607 275 II.
2659 246 2715 258 -
2756 212 3173 275 SERMONES.

3692 212 3799 274 724

283 344 460 419 quiet
476 340 854 401 tradiditeum
877 344 1099 409 (Matth.
1133 348 1217 410 Χ).
1249 368 1267 391 ο
1297 342 1402 401 His
1424 331 1617 418 itaque
1640 347 1990 417 convocatis,
2013 344 2207 411 Alicet
2259 348 2422 401 erant
2473 338 2776 400 duodecim
2827 338 3034 409 fontes,
3068 342 3124 394 et
3175 335 3539 410 septuaginta
3583 335 3793 409 palmas

285 438 349 490 ut
380 429 732 503 evangelista
755 427 1069 504 praemittit,
1100 429 1258 487 dedit
1282 430 1400 488 illis
1431 432 1709 492 Dominus
1747 442 1998 509 potesta-

288 525 401 577 tem
415 517 726 593 spirituum
749 516 1208 583 immundorum,
1240 517 1722 593 utejicerenteos,
1756 532 1998 581 etcura-

285 614 413 666 rent
429 622 661 666 omnem
680 606 1016 679 languorem
1036 612 1092 664 et
1109 621 1340 664 omnem
1365 607 1761 669 inlirmitatem
1784 615 1993 684 (Ibid.).

286 695 511 754 Marcus
566 694 740 752 etiam
798 693 1067 751 eumdem
1143 702 1374 751 sextum
1434 697 1734 756 constituit
1808 701 1996 760 locum

282 783 477 855 (Marc.
503 783 603 852 Ill).
646 779 805 838 Unde
840 780 1113 853 colligere
1148 796 1457 854 possumus
1492 793 1707 857 quanta
1740 785 1799 843 in
1832 787 1996 847 beato

283 872 703 959 Bartholomwo
789 870 1133 929 meritorum
1218 875 1598 946 praerogativa
1674 876 1994 959 claruerit,

286 957 431 1016 207
453 960 555 1035 qui
582 968 696 1018 tam
728 960 1017 1032 sublimis,
1053 969 1338 1036 tantaeque
1358 963 1560 1036 glorias
1586 966 1741 1025 viros
1765 968 1828 1025 in
1857 957 1994 1041 apoé

285 1049 481 1109 stolica
522 1050 798 1125 dignitate
822 1050 1126 1124 praecellit.
1163 1050 1469 1109 Praefertur
1506 1053 1665 1112 enim
1702 1053 1993 1128 Matthmo,

285 1139 388 1212 qui
415 1138 473 1197 in
515 1139 758 1213 mystica
786 1139 1270 1213 evangelistarum
1301 1141 1584 1216 quadriga
1615 1144 1995 1218 principalem

285 1226 536 1299 possidet
564 1228 775 1298 locum,
803 1236 858 1286 et
886 1236 1160 1303 tanquam
1193 1229 1407 1288 Phison
1437 1229 1590 1288 inter
1618 1239 1853 1291 caeteros
1882 1234 1995 1292 ﬂu-

284 1314 410 1374 vios
433 1315 505 1373 de
532 1316 780 1388 paradisi
822 1317 975 1375 fonte
1004 1317 1229 1390 primus
1258 1324 1477 1376 eructat
1516 1320 1665 1389 (Gen.
1708 1322 1789 1393 II),
1824 1328 1995 1396 atque

283 1417 516 1462 omnem
600 1406 804 1464 mundi
872 1406 1239 1465 latitudinem
1304 1407 1652 1481 evangelicae
1717 1410 1994 1470 doctrinae

284 1491 520 1549 ﬂuentis
563 1492 828 1552 inundat.
879 1494 1246 1569 Prteponitur
1292 1496 1679 1557 nihilominus
1730 1507 1785 1558 et
1830 1500 1994 1559 beato

285 1577 547 1649 Thomas,
578 1580 745 1653 cujus
764 1582 980 1655 digitus
1012 1584 1282 1656 magister
1320 1584 1503 1643 lactus
1530 1593 1615 1643 est
1642 1587 1862 1656 mundi,
1890 1589 1989 1661 qui

2079 434 2280 505 (Exod.
2338 435 2464 500 XV).
2501 428 2650 500 Quid
2694 427 2853 486 enim
2900 441 3002 501 per
3052 423 3358 484 duodecim
3409 425 3625 497 fontes,
3674 425 3791 485 nisi

2077 520 2258 580 sancti
2317 518 2695 591 designantur
2747 513 3019 590 apostoli,
3066 513 3169 587 qui
3224 511 3555 571 ariditatem
3606 513 3794 573 cordis

2077 608 2322 668 humani
2357 612 2569 666 sanctae
2603 602 3028 680 praedicationis
3086 617 3197 660 non
3240 600 3520 660 desinunt
3550 601 3794 677 irrigare

2077 698 2310 757 ﬂuentis
2355 696 2383 754 ?
2432 695 2581 766 Quid
2630 709 2766 753 vero
2821 709 2924 768 per
2971 690 3331 766 septuaginta
3382 692 3630 765 palmas,
3679 692 3793 751 nisi

2075 786 2366 844 inferioris
2436 783 2652 855 gradus
2710 782 2920 840 debent
2984 779 3306 839 Sacerdotes
3365 779 3635 854 intelligi,
3687 781 3790 857 qui

2075 876 2370 934 constituti
2392 881 2655 947 suntper
2675 871 2961 931 mundum
2988 867 3202 928 Christi
3233 884 3467 927 narrare
3483 869 3792 929 victorias?

2078 962 2274 1021 Palma
2318 962 2607 1035 siquidem
2656 974 2895 1018 manum
2948 957 3091 1016 solet
3140 956 3425 1016 honorare
3471 958 3785 1017 victricem.

2075 1054 2273 1127 Ipsum
2302 1067 2533 1127 quoque
2557 1067 2764 1109 nomen
2786 1050 2941 1108 Elim
2963 1046 3258 1122 aptissime
3286 1062 3604 1121 congruere
3626 1047 3789 1107 vide-

2076 1149 2170 1200 tur
2220 1141 2507 1216 apostolis.
2550 1140 2703 1198 Elim
2754 1138 2915 1197 enim
2984 1137 3231 1196 vertitur
3277 1137 3337 1194 in
3393 1140 3613 1196 arietes.
3672 1137 3791 1211 Ipsi

2076 1230 2359 1288 nimirum
2431 1228 2605 1285 duces
2661 1224 2871 1299 gregis,
2924 1230 3180 1299 pastores
3245 1223 3472 1295 ovium,
3529 1224 3791 1298 magistri

2074 1320 2357 1391 gentium,
2408 1314 2552 1372 208
2607 1316 2892 1389 principes
2945 1314 3312 1387 populorum.
3366 1313 3481 1387 Ipsi
3536 1313 3789 1372 duorum

2074 1407 2573 1466 Testamentorum
2630 1402 2967 1462 auctoritate
3020 1400 3247 1461 sutl‘ulti
3306 1407 3581 1476 tanquam
3636 1402 3793 1460 binis

2074 1494 2347 1553 cornibus
2385 1491 2740 1568 prmrnuniti,
2780 1491 3045 1562 lupinam
3091 1488 3497 1548 haereticorum
3552 1505 3618 1548 ac
3673 1489 3791 1549 Deo

2073 1586 2463 1645 resistentium
2508 1584 2725 1642 rabiem
2768 1581 3069 1651 ventilant,
3124 1588 3187 1640 ut
3242 1588 3546 1655 sequentes
3585 1582 3792 1641 ovium

285 1668 589 1743 principali
614 1670 865 1744 quadam
891 1671 1165 1745 dignitate
1194 1689 1328 1731 vere
1361 1674 1643 1733 dicendus
1678 1684 1761 1735 est
1787 1677 1987 1749 index,
2012 1681 2295 1757 Bturmas
2330 1675 2401 1734 ad
2448 1673 2754 1734 vtriditatis
2806 1679 3048 1729 aaternae
3109 1687 3317 1745 pascua
3369 1671 3497 1730 sine
3553 1670 3794 1729 laesione

283 1757 424 1832 quia
464 1758 762 1817 veritatem
792 1760 1109 1820 Dominicaa
1155 1763 1345 1821 carnis
1384 1764 1784 1837 ignorantibus
1834 1766 1990 1829 indi.-

284 1844 456 1904 cavit.
491 1844 600 1903 Hic
624 1847 782 1904 enim
811 1848 1011 1907 beatus
1048 1849 1338 1923 apostolus
1376 1852 1785 1910 certitudinem
1823 1853 1994 1912 nobis

285 1950 390 1994 sua
413 1934 701 1995 dubietate
732 1938 1001 2011 providit,
1031 1947 1085 1997 et
1114 1940 1257 1998 dum
1284 1949 1572 2001 scrutatur
1593 1942 1833 2001 vulnera
1864 1942 1989 2002 Sal-
2032 1945 2041 1954 '

283 2025 516 2096 vatoris,
545 2024 749 2084 evertit
771 2041 991 2086 errores
1013 2036 1186 2103 atque
1224 2031 1506 2089 versutias
1544 2031 1833 2090 haereticae
1857 2048 1991 2106 pra-

282 2112 493 2171 vitatis.
543 2112 741 2186 Palpat
788 2114 945 2173 enim
1001 2117 1299 2175 veritatem
1351 2119 1561 2189 carnis,
1617 2126 1672 2176 et
1721 2120 1994 2192 intelligit

282 2200 757 2274 omnipotentiam
792 2202 1036 2262 deitatis.
1074 2226 1102 2259 ‹‹
1132 2206 1438 2276 Dominus,
1483 2207 1691 2281 inquit,
1734 2224 1900 2267 meus
1938 2215 1994 2267 et

288 2288 440 2349 Deus
468 2306 633 2349 meus
669 2295 852 2360 (Joan.
884 2299 1017 2363 XX).
1053 2315 1079 2346 η

358 2376 701 2451 Quanquam
740 2394 875 2452 ergo
897 2381 967 2439 de
992 2381 1056 2440 B.
1094 2380 1518 2441 Bartholomaao
1548 2383 1610 2441 in
1648 2385 2019 2461 authenticis,

286 2467 451 2526 libris
478 2467 561 2526 nil
584 2469 902 2543 proprium,
920 2470 1010 2529 vel
1041 2472 1356 2546 singulare,
1388 2481 1596 2546 prater
1619 2490 1992 2534 communem

287 2553 512 2628 legatur
535 2555 854 2628 historiam,
878 2558 1161 2633 quidquid
1199 2566 1388 2619 tamen
1416 2576 1488 2618 ex
1515 2562 1608 2619 his
1629 2563 1844 2637 quibus
1872 2564 1992 2636 ipse

287 2645 662 2718 praeponitur,
701 2644 1129 2719 Scripturarum
1173 2650 1455 2722 reperitur
1498 2649 1646 2724 stylo
1684 2652 1993 2725 digestum,

284 2732 347 2791 in
370 2733 495 2805 ejus
524 2748 757 2808 quoque
788 2750 902 2793 non
928 2735 1225 2795 dubitatur
1252 2737 1573 2797 redundare
1602 2741 1991 2814 przeconium;

286 2820 422 2879 licet
442 2836 643 2880 omnes
659 2822 842 2881 sancti
861 2823 1099 2897 apostoli
1128 2825 1306 2884 unius
1323 2824 1611 2899 privilegii
1633 2828 1993 2902 dignitatem,

288 2909 468 2969 unius
517 2910 732 2984 fastigii
778 2911 1198 2983 celsitudinem,
1259 2930 1363 2973 nec
1416 2916 1699 2989 disparem
1749 2916 1996 2976 caelestis

288 2998 490 3072 gratim
549 2999 994 3073 comprobentur
1040 3002 1251 3061 habere
1299 3003 1593 3063 virtutem.
1642 3004 1786 3064 Nam
1842 3008 1996 3080 quod

290 3085 456 3145 beato
483 3086 648 3146 Petro
677 3087 961 3148 Dominus
999 3089 1188 3149 claves
1244 3092 1407 3165 regni
1447 3093 1725 3152 caelorum
1765 3093 1998 3168 speciali

293 3174 544 3249 quadam
580 3176 767 3236 voluit
805 3178 1107 3239 traditione
1155 3181 1511 3239 committere
1537 3185 1754 3254 (Matth.
1804 3189 1999 3254 XVIII),

295 3267 405 3325 hoc
478 3272 775 3341 propterea
844 3269 1056 3328 factum
1110 3278 1213 3337 est,
1278 3279 1341 3330 ut
1397 3272 1676 3331 unitatem
1731 3274 2001 3333 Ecclesiae

291 3359 737 3420 commendaret.
805 3361 1089 3422 Caeterum
1162 3364 1445 3441 quidquid
1506 3366 1609 3425 uni
1683 3366 2004 3441 specialiter

292 3449 468 3522 dedit,
503 3453 891 3511 communiter
926 3455 1199 3514 omnibus
1226 3458 1485 3516 contulit.
1519 3458 1805 3518 Omnibus
1843 3461 2001 3518 enim

294 3539 434 3599 dicit
485 3564 499 3599 :
562 3566 587 3590 ει
641 3541 896 3616 Accipite
987 3543 1264 3618 Spiritum
1354 3554 1671 3618 sanctum;
1756 3565 2003 3622 quorum

297 3628 635 3690 remiseritis
711 3642 958 3708 peccata,
1020 3635 1396 3693 remittuntur
1472 3636 1576 3707 eis,
1630 3646 1685 3695 et
1755 3655 2007 3711 quorum

301 3721 675 3793 retinueritis,
705 3731 922 3783 retenta
950 3733 1087 3783 sunt
1118 3729 1293 3794 (Joan.
1334 3729 1464 3797 xx).
1500 3752 1525 3776 ››
1562 3727 1632 3784 Et
1662 3728 1846 3787 Lucas
1880 3730 1961 3787 ait
1991 3750 2003 3788 :

302 3808 489 3879 «Quia
517 3815 842 3873 convomtis
871 3815 1175 3875 duodecim
1199 3817 1666 3890 apostolis,dedit
1688 3818 1805 3878 illis
1834 3819 2013 3878 virtu-

304 3904 418 3958 tem
448 3906 503 3959 et
549 3909 879 3975 potestatem
907 3920 1081 3979 super
1108 3906 1305 3964 omnia
1343 3905 1651 3978 daemonia,
1688 3915 1744 3965 et
1781 3915 1845 3967 ut
1882 3909 2009 3966 lan-

302 4002 510 4069 guores
529 3998 797 4050 curarent
827 3996 972 4066 (Luc.
1000 4000 1084 4068 X).
1116 4015 1144 4049 ››
1171 3992 1335 4052 Unde
1358 4002 1411 4053 et
1435 3996 1556 4069 ipse
1570 3995 1857 4055 Dominus
1881 3996 1963 4055 ait
1994 4025 2007 4059 :

314 4100 338 4123 α
358 4074 507 4134 Ecce
534 4078 667 4137 dedi
694 4080 857 4140 vobis
878 4089 1210 4155 potestatem
1239 4083 1496 4143 calcandi
1524 4101 1697 4158 supra
1720 4095 2013 4160 serpentes

303 4170 359 4221 et
413 4166 758 4237 scorpiones,
820 4177 873 4227 et
921 4185 1092 4243 super
1148 4186 1382 4229 omnem
1444 4172 1714 4232 virtutem
1764 4174 2009 4246 inimici,

306 4260 364 4309 et
421 4252 573 4309 nihil
628 4254 793 4312 vobis
860 4257 1085 4315 nocebit
1138 4259 1351 4327 (Ibid.).
1412 4283 1431 4308 ι
1493 4260 1564 4318 Et
1613 4263 1785 4335 paulo
1842 4278 2013 4337 supe-

308 4343 433 4402 rius
488 4362 500 4401 :
570 4367 585 4391 ι
643 4343 755 4415 Qui
816 4362 915 4405 vos
980 4348 1162 4420 audit,
1218 4364 1311 4407 me
1385 4350 1566 4422 audit,
1623 4359 1679 4411 et
1744 4355 1848 4429 qui
1914 4372 2014 4415 vos

307 4432 547 4507 spernit,
596 4449 690 4492 me
734 4436 953 4509 spernit
995 4439 1204 4507 (Ibid.).
1251 4460 1278 4491 η
1320 4439 1474 4499 Illud
1522 4441 1691 4501 etiam
1741 4444 2014 4505 omnibus

309 4521 506 4582 dixit:
546 4545 567 4574 ι
616 4520 727 4594 Qui
753 4525 932 4582 credit
983 4526 1038 4583 in
1080 4541 1191 4596 me,
1224 4543 1414 4602 opera,
1444 4546 1577 4604 qua:
1623 4548 1727 4606 ego
1768 4532 1931 4601 facio,
1959 4542 2013 4592 et

306 4610 428 4685 ipse
457 4612 661 4684 faciet;
691 4622 747 4672 et
786 4615 1002 4689 majora
1043 4614 1250 4675 horum
1297 4619 1480 4689 faciet,
1515 4620 1651 4693 quia
1684 4621 1753 4679 ad
1789 4621 2013 4681 Patrem

306 4701 455 4760 vado
484 4707 659 4775 (Joan.
691 4709 840 4773 XIV).
878 4728 905 4757 »

382 4792 554 4853 Porro
602 4804 795 4853 autem
834 4796 989 4869 quod
1032 4795 1296 4856 Salvator
1338 4807 1548 4869 noster,
1585 4799 1657 4857 ad
1708 4800 2014 4874 perlicien-

304 4884 446 4943 dum
473 4884 854 4958 apostolicum
884 4886 1169 4958 ordinem,
1199 4888 1544 4947 duodeuarii
1572 4890 1801 4948 numeri
1836 4890 2013 4950 voluit

302 4972 515 5047 eligere
561 4974 958 5049 quantitatem,
997 4977 1118 5035 haec
1166 4984 1253 5035 est
1303 4995 1475 5037 causa
1527 4999 1539 5037 :
1596 4978 1884 5048 Quoniam
1932 4986 2014 5038 ter

301 5064 567 5139 quaterni
617 5064 922 5123 duodecim
972 5066 1141 5134 ﬁunt,
1168 5074 1224 5125 et
1266 5068 1505 5126 rationis
1548 5068 1687 5126 ordo
1726 5068 2012 5143 poscebat,

301 5163 365 5214 ut
399 5155 705 5214 duodecim
748 5154 1099 5227 eligerentur
1126 5158 1385 5228 apostoli,
1419 5157 1538 5232 qui.
1560 5164 1774 5215 sanctae
1818 5154 2013 5214 Trini-

307 5243 437 5302 tatis
480 5245 652 5303 tidem
708 5250 1041 5318 spargerent
1092 5259 1193 5317 per
1244 5255 1491 5318 quatuor
1544 5253 1728 5320 partes
1784 5244 2008 5303 mundi.

306 5332 416 5390 Hic
457 5334 626 5406 plane
670 5336 952 5409 mysticus
994 5348 1276 5391 numerus
1325 5336 1538 5393 sanctis
1574 5334 1846 5409 apostolis
1882 5350 2014 5392 con-

308 5420 503 5479 venire
534 5430 669 5481 tunc
696 5422 1092 5481 indubitanter
1115 5422 1468 5496 agnoscitur,
1497 5438 1628 5482 cum
1659 5423 2013 5483 Israeliticus

304 5509 554 5583 populus
598 5511 660 5570 in
694 5512 845 5572 Elim
882 5520 1066 5572 castra
1093 5512 1355 5587 posuisse
1393 5518 1678 5586 narratur,
1719 5515 1817 5574 ubi
1852 5513 2009 5574 vide-

2074 1765 2562 1913 pﬂEdtutfggitidum
2600 1852 2755 1929 quod
2793 1852 2942 1911 sicut
2979 1851 3044 1910 B.
3087 1848 3546 1910 Bartholomteus
3586 1855 3790 1908 sextus

2075 1951 2159 2002 est
2185 1943 2335 2001 intra
2359 1943 2624 2001 ordinem
2652 1940 3054 2015 apostolicum,
3087 1941 3171 1998 sic
3198 1939 3352 1998 Elim
3376 1953 3619 2013 quoque
3640 1937 3793 1995 intra

2076 2030 2376 2090 Israelitici
2411 2030 2608 2104 populi
2654 2030 2989 2088 mansiones
3034 2035 3267 2086 sextum
3312 2026 3533 2085 obtinet
3577 2027 3789 2095 locum,

2078 2128 2142 2178 ut
2167 2118 2305 2177 huic
2336 2132 2549 2175 nomen
2579 2116 2899 2190 spiritualis
2925 2115 3120 2173 arietis
3163 2115 3461 2188 aptissime
3488 2120 3790 2187 congruat,

2077 2225 2110 2267 a
2146 2223 2264 2281 quo
2309 2205 2470 2264 locus
2513 2206 2658 2278 ipse,
2711 2204 2813 2281 qui
2861 2205 3048 2263 fontes
3095 2204 3267 2262 habet
3309 2202 3651 2277 apostolicos
3693 2217 3795 2275 per

2082 2294 2337 2354 nominis
2365 2300 2419 2351 et
2444 2293 2665 2351 ordinis
2697 2292 3039 2365 mysterium
3067 2306 3184 2349 non
3210 2290 3517 2349 discordat.
3544 2288 3790 2365 Sextum

2084 2382 2471 2442 nihilominus
2505 2382 2696 2439 locum
2724 2381 2984 2439 lssachar
3006 2379 3157 2437 inter
3187 2379 3389 2436 fratres
3419 2377 3625 2448 tenuit,
3656 2393 3793 2436 cum

2084 2487 2220 2529 eum
2268 2469 2589 2544 patriarcha
2631 2469 2806 2529 Jacob
2848 2484 2985 2527 cum
3030 2468 3252 2526 caeteris
3301 2466 3574 2526 fratribus
3617 2466 3794 2524 bene—

2082 2560 2251 2618 dixit.
2288 2559 2466 2633 Cujus
2506 2558 2681 2617 etiam
2715 2557 3040 2616 benedictio
3081 2557 3242 2615 beato
3278 2571 3511 2629 quoque
3546 2554 3792 2614 Bartho-

2082 2647 2289 2707 lomaao
2335 2648 2635 2721 perspicue
2685 2646 2989 2720 congruit,
3046 2645 3148 2722 qui
3206 2644 3473 2704 videlicet
3528 2644 3791 2715 Indiam,

2080 2738 2355 2809 gentilem
2403 2737 2606 2811 utique
2654 2734 2952 2809 populum,
2996 2735 3057 2792 in
3107 2740 3318 2793 sortem
3367 2732 3794 2808 prmdicationis

2082 2828 2314 2899 accepit.
2353 2825 2498 2882 Nam
2544 2840 2678 2882 cum
2711 2823 2956 2881 diversis
2994 2839 3094 2897 per
3127 2822 3391 2897 quinque
3423 2822 3576 2881 lilios
3614 2822 3793 2880 bene-

2082 2913 2433 2972 dictionibus
2460 2912 2803 2982 distributis,
2842 2911 2916 2969 ad
2947 2911 3208 2969 lssachar
3246 2919 3587 2985 perventum
3621 2918 3791 2982 esset,

2080 3004 2165 3063 ait
2188 3003 2363 3063 Jacob
2397 3028 2410 3061 :
2445 3028 2472 3051 «
2498 3003 2779 3073 lssachar,
2812 3002 3014 3060 asinus
3052 3001 3218 3060 fortis
3252 3003 3541 3061 accubans
3581 3000 3643 3059 in
3679 3008 3794 3060 ter-

2086 3094 2282 3164 minis,
2310 3093 2455 3153 vidit
2478 3093 2766 3167 requiem,
2780 3092 2935 3166 quod
2955 3099 3103 3151 esset
3123 3091 3290 3160 bona,
3303 3097 3359 3149 et
3388 3098 3620 3161 terram,
3637 3090 3792 3164 quod

2085 3185 2322 3260 optima,
2349 3191 2405 3243 et
2431 3184 2731 3258 supposuit
2758 3184 3073 3242 humerum
3118 3197 3295 3242 suum
3341 3182 3413 3240 ad
3449 3180 3795 3256 portandum

2088 3277 2238 3347 (Gen.
2272 3274 2453 3346 XLIX).
2491 3298 2514 3325 n
2548 3274 2615 3332 In
2644 3272 2907 3331 terminis
2943 3272 3158 3347 quippe
3195 3271 3475 3330 accubare
3503 3275 3608 3338 est,
3643 3283 3792 3342 pree-

2088 3364 2291 3423 stolato
2319 3362 2525 3422 mundi
2566 3362 2700 3429 ﬁne,
2729 3360 3108 3434 requiescere,
3140 3359 3405 3433 nihilque
3438 3358 3509 3417 de
3549 3358 3638 3416 his
3663 3372 3796 3431 quae

2091 3470 2251 3512 nunc
2292 3453 2353 3509 in
2392 3451 2580 3511 medio
2610 3457 2932 3519 versantur,
2964 3464 3244 3522 quaerere,
3269 3447 3366 3505 sed
3403 3447 3609 3506 ultima
3644 3445 3796 3505 desi-

2090 3547 2308 3606 derare.
2339 3544 2409 3603 Et
2447 3543 2610 3603 fortis
2634 3543 2837 3601 asinus
2864 3539 3125 3615 requiem
3163 3539 3440 3614 optimam
3473 3535 3634 3608 vidit,
3664 3551 3796 3595 cum

2093 3636 2343 3710 simplex
2369 3634 2661 3709 gentilitas
2684 3634 2896 3693 idcirco
2927 3646 2987 3691 se
3012 3633 3082 3690 ad
3110 3630 3287 3690 robur
3314 3629 3453 3689 boni
3470 3629 3660 3704 operis
3684 3628 3798 3687 eri-

2093 3727 2195 3800 git,
2226 3725 2365 3798 quia
2395 3726 2466 3784 ad
2498 3731 2735 3783 aeternas
2773 3724 2905 3781 vitae
2941 3723 3183 3797 patriam
3218 3720 3416 3780 tendit.
3456 3719 3600 3790 Quae
3636 3725 3692 3777 et
3726 3720 3797 3779 ad

2093 3816 2443 3890 portandum
2523 3815 2840 3873 humerum
2915 3813 3204 3886 supponit,
3288 3811 3428 3886 quia
3500 3817 3801 3885 conspecta

2094 3921 2346 3979 superna
2391 3903 2606 3978 requie,
2637 3903 2933 3976 prmeeptis
2972 3900 3147 3960 etiam
3179 3900 3456 3973 gravibus
3497 3900 3556 3957 in
3597 3914 3798 3972 opera-

2096 3997 2252 4055 tione
2290 4011 2350 4055 se
2386 3993 2638 4068 subjicit,
2675 4001 2728 4052 et
2765 3991 3049 4067 quidquid
3087 3990 3447 4050 intolerabile
3487 3988 3801 4064 pusillani-

2097 4085 2264 4143 mitas
2281 4083 2503 4154 asserit,
2525 4083 2635 4141 hoc
2655 4082 2709 4140 ei
2736 4082 2861 4141 leve
2879 4096 2946 4139 ac
2974 4080 3140 4139 facile
3162 4094 3289 4153 spes
3318 4076 3804 4138 remunerationis

2094 4176 2363 4240 ostendit.

2168 4262 2495 4325 Benedictio
2533 4260 2712 4333 igitur
2748 4257 3007 4317 Issachar
3042 4258 3205 4316 beato
3242 4255 3669 4317 Bartholomaao
3700 4273 3802 4332 per

2098 4354 2372 4433 gentilem
2426 4349 2703 4425 populum
2756 4347 3046 4421 congruit,
3074 4361 3248 4420 quem
3296 4346 3435 4406 dum
3490 4363 3525 4405 a
3574 4346 3804 4406 cultura

2098 4447 2433 4505 daemonum
2464 4441 2807 4500 Christianas
2842 4438 2979 4497 fidei
3017 4438 3273 4510 sociavit,
3307 4438 3364 4496 in
3412 4438 3632 4497 unitate
3681 4437 3800 4512 spi-

2096 4537 2245 4596 ritus
2300 4531 2726 4610 quodammodo
2777 4544 2952 4589 suum
3000 4544 3206 4603 corpus
3247 4528 3447 4587 effecit.
3501 4527 3699 4588 Unum
3747 4536 3803 4587 et

2100 4642 2203 4686 nos
2231 4639 2364 4685 cum
2401 4621 2615 4681 sanctis
2650 4619 2922 4694 apostolis
2959 4634 3186 4689 sumus,
3212 4618 3261 4677 si
3307 4632 3421 4676 non
3462 4616 3631 4676 modo
3671 4617 3805 4677 fidei

2100 4715 2395 4785 meritum,
2448 4710 2548 4769 sed
2616 4714 2673 4767 et
2739 4708 3193 4768 conversationis
3252 4722 3454 4767 eorum
3507 4706 3805 4767 imitemur

2096 4802 2457 4877 exemplum,
2485 4800 2633 4858 sicut
2677 4813 2776 4872 per
2823 4795 3073 4856 Paulum
3126 4796 3339 4856 dicitur
3369 4812 3382 4851 :
3417 4821 3443 4845 οι
3471 4795 3702 4855 Etenim
3742 4797 3802 4854 in

2100 4910 2218 4953 uno
2245 4892 2454 4965 spiritu
2480 4905 2682 4950 omnes
2718 4904 2823 4947 nos
2861 4889 2923 4948 in
2950 4904 3137 4948 unum
3167 4903 3379 4962 corpus
3406 4888 3671 4961 baptizati
3700 4903 3803 4948 su-

2100 4998 2252 5058 mus,
2274 4983 2396 5040 sive
2419 4979 2635 5050 Judaei,
2663 4977 2785 5036 sive
2805 4977 3072 5050 gentiles,
3098 4977 3221 5035 sive
3253 4977 3425 5046 servi,
3460 4977 3587 5035 sive
3613 4974 3802 5047 liberi,

2099 5078 2375 5128 etomnes
2402 5084 2517 5127 uno
2543 5066 2750 5139 spiritu
2777 5066 2955 5139 potati
2980 5080 3185 5124 sumus
3210 5067 3257 5137 (Ι
3280 5066 3397 5123 Cor.
3432 5066 3559 5136 XII).
3601 5085 3621 5113 ι
3653 5064 3806 5135 Qua-

2098 5165 2329 5232 propter
2376 5171 2575 5215 eorum
2634 5155 2798 5213 nobis
2848 5168 3077 5213 necesse
3127 5160 3214 5211 est
3260 5167 3487 5225 semper
3540 5152 3809 5226 exempla

2101 5262 2437 5321 preponere,
2484 5253 2543 5304 ut
2584 5261 2618 5303 a
2661 5244 2874 5319 quibus
2917 5243 3287 5317 agnoscimur
3331 5242 3390 5299 in
3443 5241 3555 5301 lide
3599 5242 3805 5316 geniti,

2103 5352 2218 5394 non
2259 5335 2559 5394 videamur
2594 5332 2827 5391 dissona
2861 5332 2995 5390 vitae
3032 5329 3308 5404 qualitate
3344 5328 3597 5388 discreti.
3641 5329 3806 5389 Unde

2099 5431 2184 5484 est
2209 5424 2362 5498 quod
2402 5429 2525 5497 post
2559 5421 2827 5481 Jordanis
2860 5420 3164 5480 transitum
3194 5418 3267 5477 ad
3303 5418 3479 5479 Josue
3520 5419 3805 5479 Dominus

2099 5514 2219 5574 ait:
2256 5537 2283 5568 α
2315 5515 2480 5588 Elige
2522 5513 2826 5575 duodecim
2876 5514 3052 5584 viros,
3099 5509 3361 5585 singulos
3397 5527 3497 5585 per
3541 5511 3806 5586 singulas
