4178 6442
280 255 388 316 725

1795 259 2045 322 SERMO
2085 257 2268 321 XLII.

3685 256 3791 320 726

280 377 488 447 tribus,
520 382 577 436 et
604 378 849 454 praecipe
876 380 961 439 eis
1000 388 1064 440 ut
1100 354 1322 451 tollant,
1362 382 1431 440 de
1480 384 1671 443 medio
1719 381 2375 444 JordanisAdilectores
2411 401 2445 443 a
2480 384 2667 458 rigore
2701 402 2824 444 sese
2864 329 3105 445 tumidas
3144 383 3434 460 superbia
3482 384 3782 445 humiliter

278 466 468 535 alveo,
520 465 625 527 ubi
681 472 962 528 steterunt
1021 470 1384 530 sacerdotum
1441 473 1630 547 pedes,
1683 471 1990 532 duodecim

280 556 627 616 durissimos
668 555 904 630 lapides,
949 572 1094 631 quos
1133 558 1360 633 ponetis
1385 558 1445 618 in
1477 560 1600 620 loco
1645 567 1987 633 castrorum,

283 644 388 705 ubi
445 644 689 703 ﬁxeritis
734 644 841 702 hac
895 652 1058 705 nocte
1104 647 1346 705 tentoria
1406 650 1533 721 (Jos.
1598 651 1699 723 Iv).
1752 670 1780 703 ι)
1836 649 1987 719 Quid

279 733 478 809 itaque
535 749 636 808 per
698 733 967 793 Jordanis
1051 736 1380 809 transitum,
1447 738 1562 796 nisi
1632 738 1990 812 baptismatis

282 822 555 882 innuitur
591 824 1062 881 sacramentum?
1108 823 1226 883 Cur
1263 825 1478 884 dicitur
1510 826 1649 900 quia
1685 826 1986 886 duodecim

281 910 627 971 durissimos
653 911 871 986 lapides
898 912 960 969 in
990 912 1384 972 testimonium
1414 924 1752 988 posuerunt,
1787 917 1899 976 nisi
1926 925 1990 976 ut

283 1019 393 1063 nos
419 1003 708 1062 instruant
739 1009 1042 1076 quatenus,
1073 1019 1213 1063 mox
1240 1012 1304 1063 ut
1326 1006 1395 1063 de
1423 1006 1567 1065 sacri
1592 1006 1808 1066 lavacri
1838 1009 1990 1068 fonte

284 1090 714 1164 consurgimus,
751 1090 977 1149 virtutis
1002 1091 1329 1166 apostolica:
1372 1093 1539 1152 nobis
1577 1097 1844 1170 exempla
1872 1098 1991 1156 for-

283 1179 508 1238 tissima
536 1195 923 1254 proponamus
947 1179 975 1238 ?
1000 1187 1064 1239 ut
1087 1181 1128 1239 ii
1158 1182 1323 1239 nobis
1352 1181 1566 1255 lapides
1593 1184 1709 1241 sint
1735 1185 1795 1241 in
1832 1185 1991 1243 testi-

283 1270 571 1341 monium,
604 1268 744 1327 dum
776 1270 1180 1328 contendimus
1209 1270 1276 1327 ad
1306 1271 1662 1330 incrementa
1689 1272 1988 1332 virtutum.

281 1358 452 1419 Unde
485 1358 750 1432 protinus
783 1361 955 1418 Josue
983 1359 1229 1432 jubetur
1258 1365 1321 1418 ut
1346 1361 1408 1418 in
1436 1359 1671 1434 Galgala
1718 1378 1852 1420 cum
1890 1378 1991 1436 po—

279 1447 424 1520 pulo
454 1453 726 1517 transeat,
756 1453 926 1522 atque
951 1446 1072 1505 illic
1101 1463 1198 1505 eos
1226 1446 1430 1506 cultris
1470 1448 1710 1523 lapideis
1740 1448 1991 1508 circum-

281 1538 453 1597 cidat.
486 1536 671 1608 Petra,
699 1542 761 1596 ut
789 1536 871 1594 ait
898 1536 1227 1610 Apostolus,
1257 1543 1375 1595 erat
1403 1536 1665 1596 Christus
1686 1543 1737 1606 (Ι
1755 1541 1875 1596 Cor.
1901 1542 1990 1606 Χ).

2078 469 2338 531 ﬂectunt.

2149 557 2220 615 Et
2255 573 2379 630 nos,
2418 558 2624 617 fratres
2662 558 3006 626 charissimi,
3050 574 3276 632 semper
3312 556 3639 631 apostolicis
3668 557 3782 618 hu-

2076 647 2373 706 miliemur
2416 647 2694 722 imperiis,
2749 655 2815 707 ut
2857 647 3103 722 rigidam
3147 648 3335 706 cordis
3375 647 3557 707 nostri
3596 648 3784 707 cervi-

2075 753 2198 796 cem
2258 752 2459 795 eorum
2515 738 2854 796 Studeamus
2905 738 3215 812 subjugare
3266 737 3562 797 doctrinis.
3623 737 3783 797 Certe

2075 824 2184 898 ipsi
2240 831 2378 884 sunt
2426 825 2649 898 judices
2714 825 2916 895 nostri,
2964 827 3038 884 ab
3090 825 3230 898 ipsis
3288 840 3492 883 sumus
3550 824 3611 882 in
3674 831 3786 882 tre-

2077 915 2286 973 mendo
2316 916 2528 974 summi
2557 915 2782 974 Judicis
2807 916 3081 974 examine
3110 914 3480 975 discutiendi.
3514 914 3655 972 Ecce
3685 931 3786 989 per

2078 1007 2260 1063 totum
2303 1006 2587 1064 mundum
2629 1007 2899 1064 tubarum
2937 1006 3305 1079 clangoribus
3341 1006 3626 1077 intonant,
3657 1021 3787 1064 ecce

2076 1093 2348 1152 rebellem
2420 1096 2609 1154 adhuc
2666 1095 2894 1153 Jericho
2963 1095 3129 1170 quasi
3185 1111 3319 1155 cum
3371 1110 3501 1153 arca
3555 1094 3787 1153 foederis

2077 1197 2275 1241 eorum
2331 1183 2591 1242 doctrina
2643 1184 2979 1242 circumdat.
3041 1185 3379 1244 Excitemur
3433 1187 3504 1245 ad
3571 1185 3785 1244 tonitru

2076 1277 2251 1331 tantae
2276 1273 2724 1346 praedicationis,
2756 1290 2864 1333 nec
2899 1290 3066 1348 sopor
3100 1291 3205 1334 nos
3241 1276 3443 1333 mortis
3478 1276 3787 1350 opprimat,

2076 1358 2220 1418 dum
2258 1360 2394 1418 vitae
2431 1361 2681 1419 carnalis
2719 1361 2925 1419 umbra
2963 1360 3222 1422 delectat.
3267 1363 3595 1422 Audiamus
3636 1362 3784 1421 Pau-

2076 1449 2202 1507 lum
2243 1456 2517 1524 tanquam
2562 1451 2873 1510 vehemens
2912 1452 3221 1510 classicum
3258 1451 3589 1511 terribiliter
3636 1452 3788 1509 into-

2078 1547 2315 1597 nantem
2348 1558 2361 1595 :
2393 1563 2413 1588 α
2442 1539 2728 1614 Exsurge,
2760 1540 2973 1614 inquit,
3014 1541 3117 1616 qui
3156 1540 3397 1611 dormis,
3436 1548 3491 1599 et
3538 1555 3787 1612 exsurge

282 1626 393 1686 Per
415 1624 678 1684 cultellos
709 1641 845 1699 ergo
878 1624 1131 1699 lapideos
1161 1622 1306 1680 209
1331 1625 1822 1697 circumcidimur,
1854 1643 1990 1685 cum
2075 1641 2109 1683 a
2155 1626 2420 1698 mortuis,
2477 1636 2531 1685 et
2587 1628 2861 1686 excitabit
2920 1633 2973 1686 te
3031 1628 3296 1687 Christus
3347 1631 3569 1701 (Ephes.
3626 1628 3710 1701 v).
3765 1647 3787 1676 ι

279 1730 386 1789 per
407 1713 699 1773 Christum
732 1730 765 1773 a
796 1714 962 1773 nobis
987 1730 1189 1773 omnes
1216 1713 1406 1772 carnis
1438 1721 1495 1773 et
1525 1716 1764 1789 spiritus
1792 1715 1988 1774 illece-
2008 1739 2056 1799 Β
2077 1714 2252 1773 Porro
2288 1732 2421 1774 cum
2462 1716 2912 1775 sacerdotalibus
2953 1716 3106 1776 tubis
3143 1715 3527 1775 Jerichontini
3574 1713 3793 1789 lapides

281 1805 416 1864 bras
459 1811 848 1879 amputamus.
896 1804 966 1862 Et
1005 1805 1110 1863 hac
1156 1805 1620 1877 circumcisidne,
1671 1806 1821 1865 sicut
1871 1806 1993 1865 illic
2076 1803 2624 1877 obtemperaverint,
2660 1809 2716 1861 et
2749 1803 3110 1863 insensibilis
3148 1803 3249 1861 illa
3287 1803 3545 1873 materia,
3594 1800 3790 1860 diruta

280 1891 512 1963 dicitur,
546 1893 950 1968 ngyptiorum
985 1893 1390 1968 propulsamus
1419 1894 1814 1968 opprobrium,
1847 1912 1993 1971 quo-

282 1982 441 2040 niam
487 1981 889 2041 deludentium
932 1999 1035 2041 nos
1074 1984 1347 2044 elidimus
1384 1986 1762 2058 petulantiam
1821 1988 1989 2048 vitio-

282 2085 413 2128 rum
442 2093 455 2127 :
486 2090 514 2124 «
536 2069 741 2143 Hodie,
762 2071 953 2146 inquit
984 2072 1266 2132 Dominus
1295 2073 1367 2132 ad
1397 2074 1593 2147 Josue,
1634 2076 1849 2135 abstuli
1886 2095 1992 2152 op-

282 2159 583 2234 probrium
596 2160 827 2237 Egypti
845 2178 877 2221 a
898 2163 1058 2222 vobis
1075 2168 1200 2234 (Ias.
1219 2168 1295 2233 vl.
1316 2186 1343 2217 »
1365 2165 1481 2223 Nec
1497 2167 1991 2240 prmtereundum,

280 2250 435 2324 quod
465 2250 700 2325 Galgala
727 2256 985 2310 revelatio
1011 2253 1440 2329 interpretatur.
1473 2255 1603 2314 Vita
1630 2256 1843 2332 quippe
1866 2274 1991 2318 car-

280 2337 436 2398 nalis
486 2341 684 2399 oculos
724 2342 934 2400 mentis
977 2348 1249 2413 excaecat,
1310 2344 1625 2417 spiritualis
1677 2345 1989 2405 illuminat.

288 2450 311 2479 ι
341 2426 577 2499 Revela,
610 2426 821 2503 inquit,
859 2430 1055 2489 oculos
1096 2446 1270 2503 meos,
1306 2436 1360 2489 et
1403 2433 1776 2492 considerabo
1814 2434 1992 2493 mira-

280 2514 425 2574 bilia
475 2516 548 2574 de
584 2516 708 2590 lege
746 2524 844 2576 tua
884 2518 1047 2590 (Psal.
1099 2521 1328 2589 CXVIII).
1365 2545 1390 2570 π
1434 2520 1577 2579 Cum
1621 2522 1780 2580 enim
1808 2538 1842 2579 a
1871 2523 1993 2581 suis

282 2605 459 2663 homo
491 2604 648 2662 vitiis
676 2605 1129 2678 circumciditur,
1169 2608 1237 2665 ad
1280 2607 1499 2667 divinae
1541 2608 1682 2683 legis
1727 2609 1990 2668 conside-

282 2695 463 2753 randa
490 2695 761 2770 mysteria
790 2695 1002 2754 mentis
1026 2697 1177 2755 acies
1203 2695 1512 2769 relevetur,
1540 2699 1602 2757 in
1631 2714 1746 2774 quo
1777 2698 1993 2757 scilicet

282 2782 409 2844 loco
460 2784 533 2842 ab
590 2783 904 2844 Israelitico
960 2785 1172 2861 populo
1248 2786 1466 2846 Pascha
1519 2788 1866 2860 celebratur,
1937 2796 1994 2846 et

283 2873 470 2949 typice
535 2873 741 2948 Agnus
817 2874 912 2932 ille
980 2873 1320 2947 comeditur,
1388 2876 1489 2952 qui
1562 2876 1710 2936 tollit
1767 2883 1992 2950 peccata

282 2961 493 3053 mu_ndi
519 2966 701 3032 (Joan.
1352 3004 1413 3053 χ
1543 3019 1547 3023 .

358 3049 428 3108 Et
466 3056 599 3110 nota
649 3051 915 3111 ordinem
950 3068 1166 3124 rerum,
1207 3069 1273 3112 ac
1306 3049 1512 3112 salutis
1547 3054 1824 3113 humanae
1863 3070 1991 3129 per-

281 3137 469 3213 pende
515 3139 879 3214 mysterium.
928 3139 1239 3214 Postquam
1280 3140 1351 3199 de
1386 3140 1673 3215 baptismo
1710 3140 1877 3214 quasi
1924 3140 1995 3198 de

282 3226 511 3301 gurgite
548 3226 818 3286 Jordanis
855 3229 1107 3299 eximus,
1148 3229 1476 3302 apostolica;
1515 3228 1746 3288 virtutis
1773 3237 1828 3289 et
1857 3246 1994 3289 con-

283 3315 512 3373 stantiae
549 3313 769 3389 lapides
807 3317 976 3374 nobis
1020 3318 1081 3374 in
1127 3316 1378 3391 exempli
1421 3317 1817 3378 testimonium
1859 3334 1994 3377 con-

281 3403 600 3477 stituimus,
641 3420 788 3480 quos
834 3405 1226 3465 aemulationis
1281 3404 1470 3464 studio
1517 3406 1993 3481 contemplantes,

282 3509 316 3552 a
339 3495 643 3568 pravitatis
672 3502 885 3555 nostra;
914 3497 1199 3570 praeputio
1234 3495 1712 3554 circumcidimur
1741 3514 1756 3566 ;
1799 3497 1998 3571 sicque

282 3582 499 3644 dimota
522 3586 720 3659 procul
753 3591 924 3661 atque
958 3586 1182 3643 detersa
1211 3585 1461 3658 caligine
1500 3583 1795 3654 vitiorum,
1832 3600 1997 3643 reve-

283 3673 400 3733 lata
444 3674 590 3733 facie
639 3674 915 3749 spiritalis
961 3675 1203 3744 laetitias,
1263 3674 1475 3732 Pascha
1524 3672 1887 3733 celebramus
1936 3675 1995 3732 in

283 3762 416 3822 luce
465 3762 771 3822 virtutum.
828 3762 955 3821 Illic
1010 3763 1267 3837 primum
1317 3762 1566 3837 populus
1615 3763 1685 3820 de
1733 3762 2015 3835 frugibus

286 3856 455 3911 terrae
481 3853 727 3911 comedit
751 3867 985 3928 azymos
1016 3867 1225 3924 panes;
1259 3858 1315 3909 et
1344 3867 1581 3923 manna,
1613 3866 1731 3925 quo
1761 3859 1998 3911 eatenus

284 3939 362 3999 ali
411 3948 849 4010 consueverant,
895 3940 1143 3999 ulterius
1178 3957 1293 3999 non
1331 3941 1615 4015 apparuit.
1657 3939 1803 4011 Quia
1842 3949 1998 4016 post—

285 4045 460 4105 quam
484 4030 648 4104 panis
670 4028 770 4089 ille
792 4030 980 4100 vivus,
1005 4031 1104 4103 qui
1129 4030 1199 4088 de
1220 4029 1363 4089 crelo
1385 4030 1681 4090 descendit
1697 4033 1871 4105 (Joan.
1897 4032 1997 4103 Vl),

285 4133 361 4176 ex
401 4134 540 4193 agro
577 4117 878 4193 virginalis
914 4118 1064 4178 uteri
1104 4118 1351 4193 prodiit;
1393 4128 1698 4194 postquam
1748 4135 1997 4191 granum

2078 1891 2340 1951 funditus
2386 1898 2441 1951 et
2479 1908 2677 1951 eversa
2724 1891 2973 1962 civitate,
3015 1892 3334 1963 corruerit;
3367 1892 3656 1966 quomodo
3687 1905 3792 1949 nos

2075 1982 2148 2041 ad
2177 1981 2504 2055 apostolicae
2532 1979 2958 2054 prmdicationis
2996 1980 3307 2054 imperium
3340 1981 3498 2040 velut
3531 1979 3789 2039 insensi-

2076 2071 2224 2130 biles
2273 2071 2648 2140 dormiemus,
2725 2072 2825 2143 qui
2880 2086 2979 2144 per
3052 2069 3264 2129 Christi
3316 2070 3580 2143 gratiam,
3643 2065 3789 2124 210

2076 2161 2179 2235 qui
2218 2159 2363 2234 lapis
2399 2164 2483 2217 est
2520 2158 2838 2232 angularis,
2880 2165 2936 2216 et
2970 2158 3084 2232 ipsi
3123 2158 3244 2217 vivi
3282 2158 3504 2232 lapides
3535 2158 3789 2218 sumus?

2077 2250 2405 2309 Audiamus
2443 2249 2585 2323 quid
2632 2249 2834 2307 Petrus
2864 2247 3016 2307 dicat
3050 2248 3381 2321 apostolus:
3410 2270 3435 2300 «
3467 2247 3551 2306 Ad
3592 2262 3791 2320 quem,

2079 2337 2293 2412 inquit,
2344 2337 2698 2408 accedentes,
2742 2335 2990 2410 lapidem
3047 2335 3272 2407 vivum,
3321 2334 3394 2394 ab
3456 2334 3797 2395 hominibus

2078 2426 2315 2500 quidem
2352 2424 2741 2500 reprobatum,
2786 2441 2820 2482 a
2855 2424 2972 2483 Deo
3015 2432 3208 2484 autem
3238 2423 3488 2483 electum
3519 2429 3575 2481 et
3605 2423 3791 2481 hono-

2083 2517 2409 2585 riﬁcatum;
2459 2523 2513 2574 et
2556 2515 2666 2588 ipsi
2715 2521 2987 2589 tanquam
3029 2513 3147 2573 vivi
3188 2514 3405 2586 lapides
3432 2511 3792 2586 superaediﬁ-

2081 2605 2296 2664 camini
2344 2606 2550 2662 domus
2599 2603 2919 2677 spiritualis
2961 2608 3013 2673 (Ι
3050 2607 3196 2661 Petr.
3243 2607 3326 2671 II).
3366 2624 3386 2651 ιο
3439 2600 3568 2659 Jam
3609 2600 3792 2673 igitur

2079 2696 2139 2754 in
2187 2694 2355 2753 nobis
2400 2692 2649 2767 superba
2690 2691 2941 2763 Jericho,
2992 2708 3108 2751 non
3149 2692 3637 2761 Chananaeorum,
3692 2689 3790 2748 sed

2080 2781 2357 2841 vitiorum
2384 2780 2661 2840 habitatio
2691 2786 2959 2852 corruat;
2989 2786 3043 2838 et
3070 2779 3436 2839 Hierusalem
3470 2794 3640 2849 nova,
3669 2775 3793 2835 vir-

2080 2879 2269 2932 tutum
2301 2870 2592 2945 lapidibus
2622 2868 2924 2938 aedificata,
2967 2874 3295 2942 consurgat,
3335 2872 3401 2926 ut
3438 2866 3607 2940 juxta
3632 2865 3789 2938 Apo-

2080 2960 2292 3020 stolum
2341 2979 2352 3018 :
2402 2984 2428 3009 κ
2471 2958 2703 3017 Peccato
2749 2958 2982 3026 mortui,
3021 2956 3266 3033 justitiaa
3318 2955 3633 3026 vivamus;
3679 2958 3735 3012 et
3778 2972 3789 3010 :

2079 3050 2191 3120 Qui
2251 3049 2595 3109 commortui
2641 3063 2848 3107 sumus
2895 3046 3141 3118 Christo,
3193 3044 3372 3104 simul
3420 3051 3476 3102 et
3524 3043 3794 3103 vivamus

2082 3156 2219 3200 cum
2243 3140 2369 3214 ipso
2398 3143 2475 3209 (II
2496 3142 2634 3197 Tim.
2667 3144 2754 3207 Il).
2786 3162 2813 3190 υ
2848 3136 2961 3207 Qui
3005 3152 3139 3195 cum
3190 3135 3306 3195 Deo
3349 3134 3515 3193 Patre
3559 3138 3616 3191 et
3665 3131 3791 3207 Spi-

2080 3229 2196 3289 ritu
2244 3236 2440 3289 sancto
2489 3228 2637 3287 vivit
2678 3234 2733 3286 et
2781 3230 2982 3300 regnat
3029 3225 3091 3283 in
3145 3223 3362 3282 saacula
3415 3221 3790 3282 saeculorum.

2080 3318 2290 3374 Amen.

2696 3435 2945 3498 SERMO
2981 3435 3163 3495 XLII.

2224 3560 2282 3605 ΙΙ.
2307 3558 2379 3605 DE
2407 3559 2456 3605 S.
2481 3555 2932 3604 BARTHOLOMEO
2953 3553 3267 3601 APOSTOLO.
3293 3545 3472 3610 (XXIV
3486 3545 3654 3611 AUG.)

2151 3668 2447 3728 Laetamur
2480 3673 2535 3726 et
2560 3666 2882 3740 gloriamur
2911 3664 2973 3723 in
3011 3663 3281 3732 Domino,
3309 3661 3691 3735 dilectissimi,
3723 3665 3797 3722 de

2081 3765 2278 3818 sancto
2322 3765 2526 3816 vestrae
2565 3755 2890 3814 devotionis
2929 3754 3158 3824 affectu,
3202 3753 3344 3828 Quia
3385 3759 3602 3826 quanto
3648 3752 3791 3812 ube-

2083 3848 2207 3906 rius
2236 3845 2423 3905 divini
2460 3844 2619 3903 verbi
2650 3844 2922 3918 poculum
2956 3842 3173 3913 bibitis,
3222 3847 3377 3901 tanto
3423 3842 3792 3901 ferventioris

2079 3939 2142 3995 in
2190 3935 2444 4010 idipsum
2484 3933 2755 3992 desiderii
2800 3930 3064 3990 faucibus
3107 3930 3383 3989 aestuatis.
3435 3930 3551 3988 Nec
3583 3929 3790 3989 imme-

2081 4027 2191 4085 rito
2220 4050 2232 4083 :
2266 4041 2401 4083 nam
2444 4025 2520 4082 ita
2566 4033 2647 4081 est
2686 4022 2879 4082 omnis
2926 4019 3222 4095 apostolici
3272 4020 3553 4079 culminis
3605 4020 3790 4078 beati-

2080 4119 2218 4178 tudo
2255 4118 2579 4191 conjuncta,
2622 4124 2673 4172 et
2713 4121 2790 4172 tot
2833 4112 3147 4187 gratiarum
3201 4126 3475 4185 compage
3521 4109 3616 4169 vel
3664 4109 3795 4184 glu—

286 4206 461 4265 tritici
508 4207 720 4265 cadens
756 4206 818 4264 in
858 4212 1071 4265 terram
1122 4214 1415 4265 mortuum
1455 4214 1560 4274 est,
1600 4223 1666 4265 ac
1716 4207 2001 4281 plurimos
2080 4207 2204 4267 tino
2229 4205 2502 4281 probatur
2532 4204 2714 4275 unita,
2762 4209 2824 4259 ut
2855 4217 2993 4260 cum
3035 4199 3214 4260 unius
3261 4214 3461 4258 eorum
3509 4198 3793 4267 festivitas

289 4297 511 4356 fructus
546 4296 740 4355 attulit
781 4300 957 4367 (Joan.
1009 4299 1141 4367 XII),
1184 4312 1321 4355 mox
1353 4295 1556 4371 typicae
1596 4295 1741 4371 legis
1785 4312 1996 4356 manna
2078 4296 2304 4365 colitur,
2356 4292 2620 4366 protinus
2661 4290 2929 4350 omnium
2971 4287 3361 4363 apostolorum
3400 4303 3519 4347 non
3570 4287 3796 4346 diversa

283 4387 509 4446 defecit.
558 4386 735 4445 Terra
771 4387 988 4461 quippe
1020 4384 1484 4460 repromissionis
1523 4391 1721 4443 venter
1747 4391 1832 4444 est
1876 4385 2409 4461 Vir-_sublimitas
2464 4381 2839 4441 interioribus
2906 4378 3204 4439 obtutibus
3284 4379 3597 4452 ingeratur.
3671 4377 3794 4436 Una

282 4477 459 4552 ginis.
483 4476 562 4536 De
582 4493 698 4551 qua
718 4448 867 4535 terra
880 4448 995 4550 per
1024 4448 1234 4535 Isaiam
1257 4474 1469 4534 dicitur
1493 4495 1505 4533 :
1535 4497 1562 4530 «
1584 4475 1814 4545 Rorate,
1838 4475 1988 4547 cmli,
2014 4448 2064 4507 Β
2082 4475 2298 4534 scilicet
2350 4476 2503 4532 inter
2551 4489 2647 4532 eos
2701 4470 3043 4530 excellentia
3104 4448 3430 4544 judiciariae
3485 4469 3792 4542 potestatis,

284 4564 533 4640 desuper
558 4571 615 4625 et
651 4566 836 4624 nubes
863 4565 1068 4640 pluant
1101 4563 1376 4635 Iustum;
1420 4563 1714 4639 aperiatur
1741 4569 1911 4635 terra,
1939 4569 1993 4622 et
2081 4562 2277 4621 eadem
2318 4561 2573 4634 dignitas
2615 4559 2858 4629 ordinis,
2894 4574 3001 4617 nec
3026 4559 3254 4617 diversa
3282 4557 3342 4615 in
3384 4554 3618 4630 ligando
3672 4555 3796 4614 sive

284 4655 572 4731 germinet
597 4654 956 4715 Salvatorem
979 4658 1106 4727 (Isa.
1142 4658 1303 4723 XLV).
1337 4674 1363 4705 η
1401 4653 1544 4713 Cum
1577 4669 1711 4727 ergo
1734 4653 1804 4712 ad
1831 4653 1989 4711 hunc
2081 4649 2359 4709 solvendo
2400 4648 2631 4715 virtutis
2669 4647 2916 4705 habetur
2941 4645 3267 4705 auctoritas.
3303 4643 3430 4703 Hzel
3455 4647 3595 4731 sunt
3630 4643 3790 4731 enim

285 4729 496 4819 panem
536 4743 893 4817 pervenitur,
933 4742 1075 4817 legis
1114 4742 1322 4801 veteris
1350 4741 1603 4816 amplius
1636 4758 1851 4801 manna
1877 4756 1991 4800 non
2080 4739 2200 4798 illa)
2230 4738 2491 4811 pretiosa;
2521 4737 2866 4810 margaritm,
2905 4750 3049 4809 quas
3074 4733 3132 4791 in
3164 4730 3507 4805 Apocalypsi
3534 4729 3598 4788 B.
3622 4730 3795 4789 Joan-

286 4834 584 4909 quaaritur.
628 4832 844 4891 Deinde
880 4832 1109 4892 Jericho
1140 4839 1357 4905 septem
1386 4831 1590 4890 diebus
1621 4831 1854 4891 obsessa
1892 4830 1994 4889 de—
2082 4845 2183 4889 nes
2209 4845 2270 4888 se
2300 4826 2673 4902 conspexisse
2704 4825 3060 4901 pronuntiat,
3103 4838 3176 4879 ex
3223 4820 3438 4895 quibus
3465 4820 3639 4879 etiam
3674 4837 3789 4880 cm-

286 4921 530 4983 struitur
559 4926 684 4994 Uos.
710 4927 812 4992 νη,
841 4938 942 4997 per
965 4936 1139 4996 quam
1169 4920 1436 4980 videlicet
1466 4921 1719 4979 mundus
1751 4920 1858 4979 iste
1893 4920 1995 4978 de-
2082 4919 2241 4978 testis
2280 4916 2646 4977 Hierusalem
2689 4922 2875 4989 portas
2925 4911 3188 4985 perhibet
3226 4925 3352 4969 esse
3398 4915 3790 4970 constructas:

288 5017 569 5090 signatur.
613 5015 773 5075 Sicut
801 5015 957 5074 enim
992 5014 1197 5073 civitas
1231 5013 1333 5073 illa
1369 5028 1482 5072 non
1523 5014 1802 5072 evertitur
1844 5014 1992 5088 telis,

2085 5032 2112 5065 ‹‹
2148 5009 2432 5082 Singulae,
2468 5006 2675 5080 inquit,
2724 5009 2902 5076 portas
2932 5007 3094 5060 erant
3123 5016 3200 5059 ex
3230 4999 3480 5074 singulis
3515 5001 3798 5073 margari-

287 5109 379 5166 vel
418 5106 885 5182 Oppugnantibus
912 5104 1115 5163 cuneis
1145 5104 1509 5174 bellatorum,
1545 5104 1643 5163 sed
1676 5104 1832 5163 tubis
1864 5111 1995 5163 tan-
2084 5102 2156 5161 tis
2211 5103 2399 5175 (Apoc.
2464 5099 2609 5170 XXI).
2645 5116 2670 5148 »
2720 5093 2837 5168 Ipsi
2891 5091 3180 5182 nimirum
3235 5099 3437 5182 porta},
3493 5090 3604 5166 ipsi
3658 5095 3795 5149 sunt

289 5180 588 5256 tummodo
626 5194 1028 5269 clangentibus
1060 5192 1417 5252 sacerdotum
1444 5211 1459 5263 ;
1502 5192 1579 5250 ita
1615 5193 1872 5252 mundus
1904 5193 1997 5250 hic
2081 5190 2468 5250 nihilominus
2498 5184 2843 5255 margaritae,
2878 5181 3034 5257 quia,
3069 5181 3212 5240 dum
3245 5180 3427 5254 signis
3457 5187 3629 5254 atque
3659 5194 3792 5254 pro-

289 5300 407 5345 non
437 5283 682 5342 terrenis
716 5289 1022 5357 superatus
1067 5288 1151 5339 est
1193 5280 1391 5350 armis,
1426 5280 1524 5338 sed
1563 5282 1731 5355 quasi
1763 5280 1996 5355 quibus—
2082 5282 2256 5356 digiis
2280 5278 2562 5355 quosdam
2592 5273 2777 5333 divini
2817 5271 3141 5348 splendoris
3184 5272 3374 5331 radios
3417 5272 3675 5340 mittunt,
3721 5271 3799 5330 ad

290 5376 424 5435 dam
464 5372 619 5434 tubis
664 5380 837 5448 atque
865 5370 1236 5443 clangoribus
1264 5369 1593 5443 apostolicae
1628 5370 1996 5445 prmdicatio-
2083 5386 2352 5445 supernae
2412 5362 2777 5425 Hierusalem
2820 5362 3068 5438 gloriam
3118 5361 3410 5421 conversis
3479 5359 3551 5418 ad
3620 5358 3795 5420 ﬁdem

292 5466 406 5526 nis.
436 5464 770 5526 Sacerdotes
796 5468 1138 5539 concrepant
1168 5461 1340 5533 tubis,
1368 5468 1423 5519 et
1450 5460 1603 5520 muri
1627 5460 1856 5520 Jericho
1880 5477 1999 5521 cor-
2081 5461 2351 5536 gentibus
2404 5456 2625 5516 aditum
2680 5453 2965 5529 pandunt.
3026 5453 3096 5511 Et
3142 5453 3481 5528 quicunque
3536 5451 3795 5512 salvator

290 5562 505 5629 ruunt;
551 5556 710 5633 quia,
757 5553 1209 5628 praedicantibus
1239 5551 1530 5629 apostolis,
1574 5544 1752 5619 hujus
1792 5551 1995 5611 mundi
2080 5567 2183 5625 per
2228 5551 2353 5619 hos,
2398 5546 2565 5627 quasi
2624 5550 2814 5620 portas
2859 5543 2930 5602 ad
2985 5542 3159 5601 vitam
3214 5540 3401 5600 viator
3452 5540 3794 5617 ingreditur.
