4178 6468
307 190 414 250 727

923 190 984 251 S.
1026 191 1250 252 PETRI
1287 193 1610 254 DAMIANI
1647 193 1806 254 OPP.
1847 192 2041 282 PARS
2080 191 2224 280 SEU
2263 194 2514 256 TOMUS
2555 196 2628 254 Il.
2673 227 2741 241 --
2781 190 3197 257 SERMONES.

3698 195 3806 256 7'28

305 313 564 386 Quorum
609 315 913 389 mysticam
961 320 1196 376 tendere
1236 319 1482 389 ﬁguram
1528 326 1583 378 et
1633 319 1850 393 lapides
1904 319 2274 397 illi,Abibus
2318 321 2467 379 aeris
2498 320 2663 393 (Psal.
2696 321 2865 390 XVII),
2897 339 2924 372 »
2971 317 3109 391 quia
3150 315 3420 378 videlicet
3461 318 3684 378 occulta
3735 335 3822 386 est

310 404 434 478 qui,
471 401 590 461 Deo
631 402 870 475 jubente
908 403 1112 478 Moysi,
1154 405 1422 464 rationali
1461 408 1675 465 summi
1716 408 2025 466 sacerdotis

317 493 591 566 leguntur
627 494 893 568 impressi
933 497 1126 566 (Exod.
1170 503 1406 564 XXVIII).
1462 497 1582 556 Hoc
1620 498 1812 572 itaque
1849 500 2023 558 ratio-

316 581 447 640 nale
493 583 753 640 sacerdos
790 582 1004 640 ferebat
1048 583 1108 641 in
1161 592 1404 657 pectore,
1453 601 1582 644 cum
1629 585 2026 660 ingrederetur

321 674 527 734 Sancta
553 682 901 732 sanctorum.
933 675 1285 750 Praeceptum
1315 683 1398 734 est
1424 692 1558 749 ergo
1586 683 1649 735 ut
1676 677 1734 736 in
1760 693 1826 734 eo
1853 693 2026 751 pone-

319 773 521 822 rentur
540 764 840 822 duodecim
868 764 1105 839 lapides,
1129 765 1276 822 terni
1306 781 1405 838 per
1428 773 1738 839 quaternos
1761 767 2022 838 angulos,

315 850 528 909 inclusi
567 867 741 918 auro;
783 852 921 924 quia
961 852 1241 910 nimirum
1275 853 1454 912 sancti
1482 853 1719 928 apostoli
1751 870 1850 927 per
1877 871 2024 927 qua-

316 940 590 999 driﬁdum
619 941 815 1000 orbem
847 941 916 999 de
941 942 1241 1011 Trinitate,
1273 958 1405 1017 qua
1439 943 1587 1001 Deus
1617 951 1722 1014 est,
1755 946 2025 1018 pradica-

315 1034 453 1087 runt
506 1029 802 1088 catholica
854 1030 988 1088 ﬁdei
1045 1031 1362 1089 veritatem.
1423 1031 1533 1100 Qui
1583 1033 1754 1090 etiam
1809 1033 2028 1106 lapides

316 1131 457 1175 auro
515 1117 848 1174 referuntur
905 1117 1137 1188 inclusi,
1177 1118 1314 1192 quia
1357 1126 1411 1176 et
1469 1119 1614 1177 beati
1669 1121 1910 1192 apostoli
1964 1123 2025 1178 in

317 1207 619 1279 sapientia
663 1207 911 1266 caelestis
955 1223 1164 1266 arcano
1208 1215 1576 1282 perseverant
1612 1209 2028 1269 inviolabiliter

323 1295 670 1353 conﬁrmati.

390 1383 742 1455 Legitimum
794 1398 930 1458 ergo
971 1390 1055 1441 est
1096 1391 1160 1442 ut
1196 1386 1476 1456 sacerdos,
1525 1401 1658 1445 cum
1706 1388 2028 1461 ingreditur

317 1470 737 1540 sanctuarium,
791 1471 1095 1529 duodecim
1140 1472 1418 1545 pretiosos
1473 1473 1690 1548 lapides
1738 1475 1799 1532 in
1851 1477 2026 1536 ratio-

319 1560 437 1620 nali
475 1561 720 1635 pectoris
751 1561 969 1619 del‘erat
989 1581 1004 1632 ;
1041 1569 1328 1636 quatenus
1365 1565 1630 1636 quisquis
1669 1567 1845 1626 sacris
1881 1567 2025 1626 alta-

2105 411 2386 483 sapientia
2415 409 2477 466 in
2507 409 2821 483 prepbetis.

2179 499 2294 556 Nec
2366 497 2656 556 immerito
2720 496 3007 556 columna
3053 500 3358 568 argentea,
3413 495 3623 570 paxilli
3682 513 3820 558 vero

2105 587 2243 646 arei
2286 586 2415 644 facti
2460 591 2627 652 sunt;
2658 584 2794 658 quia
2837 584 2990 657 quod
3036 583 3188 641 clare
3227 583 3348 657 jam
3381 584 3624 656 apostoli
3667 601 3821 660 pra-

2106 675 2316 744 dicant,
2349 677 2457 733 hoc
2493 675 2783 748 prepheta
2815 673 2922 731 sub
2962 671 3260 730 intellectu
3292 674 3534 746 mystico
3572 674 3822 736 obscure

2107 761 2280 820 locuti
2325 769 2478 820 sunt.
2529 762 2700 820 Recte
2749 775 2885 818 vero
2921 774 3022 832 per
3071 759 3209 818 aris
3257 759 3560 819 metallum
3607 763 3820 836 signati

2106 856 2263 916 sunt,
2298 849 2398 922 qui
2426 849 2565 906 clari
2596 847 2654 904 in
2693 847 2814 906 suis
2852 846 3365 920 praedicationibus
3399 864 3516 908 non
3550 850 3824 918 fuerunt;

2107 936 2287 994 sancti
2345 952 2477 995 vero
2537 935 2800 1009 apostoli,
2860 935 2998 1010 quia
3054 934 3125 992 de
3183 935 3584 1010 Redemptoris
3642 939 3827 998 nostri

2110 1026 2379 1100 mysterio
2432 1026 2619 1084 lucem
2664 1023 3090 1098 praedicationis
3137 1025 3488 1096 habuerunt,
3535 1029 3826 1098 argenteis

2105 1114 2398 1172 columnis
2444 1115 2702 1187 expressi
2745 1120 2897 1171 sunt.
2934 1112 3004 1169 Et
3054 1112 3372 1170 notandum
3416 1115 3571 1188 quod
3611 1131 3824 1190 argen-

2109 1211 2233 1262 tum
2283 1209 2450 1261 sonat
2499 1209 2554 1260 et
2612 1204 2799 1272 lucet;
2834 1218 2914 1260 as
2958 1217 3095 1260 vero
3149 1209 3334 1272 sonat,
3361 1210 3417 1261 et
3466 1219 3579 1262 non
3637 1203 3820 1276 lucet;

2107 1293 2243 1368 quia
2313 1292 2715 1366 praedicatores
2786 1291 2935 1351 Novi
3002 1291 3353 1350 Testamenti
3404 1301 3597 1367 aperte
3649 1294 3827 1355 locuti

2106 1389 2241 1440 sunt
2277 1397 2409 1456 qua
2451 1382 2625 1439 etiam
2679 1388 2999 1440 monstrare
3028 1388 3356 1455 potuerunt.
3417 1381 3828 1443 Pradicatores

2106 1486 2244 1530 vero
2319 1470 2672 1530 Testamenti
2751 1470 2994 1540 Veteris,
3051 1471 3189 1544 quia
3242 1486 3346 1544 per
3415 1472 3829 1545 allegoriarum

2105 1560 2339 1619 umbras
2379 1559 2449 1618 de
2498 1559 2713 1616 calesti
2765 1559 3039 1632 mysterio
3083 1559 3326 1618 obscura
3373 1561 3522 1619 dicta
3573 1561 3830 1634 protule-

319 1649 483 1708 ribus
522 1649 967 1724 appropinquat,
1016 1651 1344 1725 apostolica
1391 1652 1621 1712 sibimet
1667 1656 2027 1715 rectitudinis
2046 1657 2266 1741 Brunt,
2306 1649 2471 1722 quasi
2513 1646 2805 1741 sine-luce
2845 1648 3098 1741 sonitum
3134 1649 3446 1740 dederunt;
3489 1666 3826 1741 quanquam

319 1737 588 1812 exempla
617 1747 927 1812 proponat;
973 1747 1038 1798 ut
1081 1756 1330 1813 quorum
1375 1743 1696 1802 ministerio
1743 1745 2024 1818 fungitur,
2047 1735 2096 1766 ἐ
2118 1753 2198 1795 as
2244 1741 2300 1794 et
2348 1736 2559 1794 sanctis
2601 1735 2915 1810 aliquando
2962 1735 3279 1808 congruere
3325 1738 3641 1812 reperiatur
3686 1755 3827 1813 apo-

321 1841 523 1886 eorum
575 1827 773 1896 vitam,
827 1827 890 1885 in
937 1836 1218 1902 quantum
1268 1830 1561 1902 pravalet,
1619 1832 1920 1904 imitetur;
1974 1842 2031 1892 et

320 1929 571 1989 quorum
622 1915 771 1987 gerit
814 1915 1091 1987 officium,
1133 1917 1193 1975 in
1239 1932 1336 1975 eos
1378 1925 1592 1977 sancta
1638 1921 2030 1981 aemulationis

321 2011 512 2070 studio
557 2012 771 2069 mentis
822 2013 1034 2086 deligat
1078 2013 1366 2072 obtutum.
1415 2012 1484 2070 Et
1527 2015 1667 2092 quid
1715 2019 1952 2096 mirum,
1981 2019 2029 2077 si

318 2119 424 2162 nos
486 2101 803 2162 imbecilles
849 2111 904 2161 et
958 2104 1202 2175 parvuli,
1271 2104 1568 2162 beatorum
1619 2108 2028 2181 apostolorum,

325 2189 464 2247 211
509 2193 609 2266 qui
658 2200 872 2250 sancta
912 2194 1182 2253 Ecclesia
1228 2195 1391 2255 bases
1431 2205 1569 2256 sunt
1615 2205 1671 2256 et
1718 2197 2029 2269 columna,

317 2279 632 2354 jubeamur
659 2279 876 2337 imitari
900 2297 1182 2351 normam,
1207 2294 1578 2359 sanctamque
1607 2294 1798 2343 tenere
1822 2285 2031 2343 doctri-

323 2383 484 2437 nam,
515 2383 647 2424 cum
678 2374 732 2425 et
758 2367 868 2441 ipsi
899 2370 1137 2442 apostoli
1170 2372 1427 2444 priorum
1457 2389 1716 2444 suorum,
1757 2374 2032 2447 antiquo-

324 2471 458 2515 rum
487 2455 704 2514 scilicet
729 2455 982 2525 Patrum,
1008 2458 1124 2515 sint
1153 2462 1486 2520 auctoritate
1513 2462 1771 2520 ﬁrmati?
1798 2461 1961 2520 Unde
1981 2468 2036 2518 et

326 2544 391 2602 in
431 2543 852 2602 constructione
903 2545 1261 2606 tabernaculi
1311 2557 1372 2608 ut
1413 2549 1703 2608 columna
1748 2557 2034 2623 argentea

323 2631 574 2691 interius
598 2639 833 2704 starent,
866 2633 1069 2706 paxilli
1097 2638 1233 2695 arei
1265 2639 1364 2710 ﬁgi
1397 2655 1496 2714 per
1532 2641 1843 2700 circuitum
1869 2648 2032 2698 exte-

326 2725 450 2782 rius
471 2725 620 2798 jussi
652 2733 791 2784 sunt
827 2728 1025 2798 (Exod.
1058 2732 1343 2803 XXXVIII),
1374 2731 1436 2789 in
1471 2731 1688 2805 quibus
1727 2731 2035 2804 religatum

327 2813 766 2872 tabernaculum
817 2822 1124 2875 teneretur.
1167 2818 1468 2878 Columna
1509 2818 1702 2894 itaque
1748 2828 2036 2894 argentea

2118 1825 2298 1884 stolis.
2332 1823 2409 1882 De
2458 1823 2672 1898 quibus
2722 1823 2830 1882 sub
2891 1826 3034 1882 Aser
3091 1825 3277 1898 specie
3323 1842 3423 1899 per
3472 1827 3708 1900 Moysen
3759 1829 3838 1893 in_

2119 1914 2567 1973 Deuteronomio
2597 1911 2851 1971 dicitur:
2893 1937 2918 1963 α
2953 1913 3192 1971 Ferrum
3245 1920 3301 1972 et
3343 1930 3424 1972 as
3470 1914 3830 1975 calceamen-

2119 2011 2244 2063 tum
2283 2003 2407 2075 ejus
2446 2006 2622 2072 (Deut.
2662 2004 2898 2074 XXXIII).
2933 2023 2960 2055 »
2993 2003 3456 2061 Calceamentum
3501 2004 3717 2078 quippe
3764 2005 3828 2062 in

2121 2091 2414 2163 Scriptura
2443 2105 2600 2147 sacra
2645 2087 3076 2148 munimentum
3135 2091 3565 2163 pradicationis
3614 2091 3828 2166 accipi-

2122 2186 2231 2249 tur,
2274 2179 2421 2237 sicut
2458 2179 2733 2252 scriptum
2783 2185 2910 2237 est:
2953 2201 2971 2228 α
3002 2179 3246 2237 Calceati
3290 2181 3460 2253 pedes
3511 2181 3570 2238 in
3615 2181 3830 2254 pradi-

2119 2269 2342 2326 catione
2388 2267 2691 2340 Evangelii
2722 2267 2878 2342 pacis
2914 2270 3132 2339 (Ephes.
3171 2275 3276 2337 VI).
3309 2294 3334 2317 ι»
3387 2269 3530 2339 Quia
3562 2285 3697 2343 ergo
3730 2286 3832 2344 per

2119 2357 2340 2412 ferrum
2390 2354 2596 2425 virtus,
2643 2371 2742 2428 per
2771 2371 2849 2413 as
2885 2361 3078 2412 autem
3107 2356 3531 2428 perseverantia
3562 2357 3820 2431 longani-

2123 2444 2336 2502 mitatis
2391 2445 2770 2516 exprimitur;
2826 2445 3062 2515 ferrum,
3122 2441 3266 2500 212
3314 2452 3369 2503 et
3423 2462 3504 2504 as
3552 2447 3833 2520 apostolo-

2121 2548 2254 2591 rum
2303 2531 2512 2590 dicitur
2557 2547 2679 2590 esse
2717 2531 3192 2603 calceamentum,
3227 2549 3330 2591 nec
3373 2550 3484 2593 non
3518 2543 3572 2593 et
3603 2543 3832 2595 sancto-

2121 2637 2251 2680 rum
2279 2619 2672 2694 quorumlibet
2706 2621 3168 2694 pradicatorum.
3210 2620 3313 2680 Per
3351 2623 3569 2682 ferrum
3615 2624 3833 2684 scilicet

2122 2711 2488 2768 adversantia
2537 2711 2685 2768 mala
2740 2711 3022 2784 patienter
3075 2711 3352 2783 tolerant;
3406 2731 3504 2788 per
3558 2731 3640 2773 as
3693 2732 3832 2776 vero

2123 2800 2274 2858 bona
2336 2800 2625 2873 proposita
2700 2799 3108 2872 longanimiter
3166 2812 3416 2861 servant.
3481 2805 3562 2863 De
3614 2805 3832 2879 quibus

328 2899 594 2971 interius,
621 2901 826 2975 paxilli
847 2920 984 2962 vero
1015 2906 1151 2962 arei
1181 2905 1242 2963 in
1275 2907 1522 2965 circuitu
1551 2889 1843 2981 ﬁguntur:
1865 2916 2028 2981 atque

2123 2889 2414 2964 apostolis,
2467 2889 2590 2946 sive
2637 2889 2963 2961 apostolicis
3007 2890 3167 2962 viris,
3213 2892 3685 2965 pradicatoribus
3727 2895 3835 2952 sci-

327 2992 391 3052 in
445 2992 587 3066 ipsis
629 2994 796 3051 funes
837 2993 996 3067 ligati
1047 3003 1198 3066 sunt,
1240 2997 1304 3055 ut
1360 2977 1796 3057 tabernaculum
1852 2977 2028 3056 fixum

2124 2978 2257 3036 licet
2311 2977 2540 3048 sanctis,
2600 2977 2670 3034 ad
2723 2978 2993 3036 eumdem
3051 2981 3194 3036 Aser
3242 2996 3375 3041 cum
3419 2982 3826 3054 pramisisset:

2134 3091 2151 3094 _
2207 3070 2478 3094 Αηηηηηη..
2526 3065 2650 3094 ...ΜΗ
2700 3067 3011 3094 r.....:I:..t....
3047 3075 3220 3094 ι.-..,.-
3256 3091 3274 3094 ν.
3325 3071 3477 3094 ειη-..
3532 3073 3783 3094 ---ιηιελιι

333 3065 618 3150 maneret;
675 3083 814 3157 quia
854 3065 1119 3144 videlicet
1164 3065 1230 3145 ut
1280 3088 1461 3146 sancti
1513 3087 1751 3162 apostoli
1803 3087 1862 3145 in
1913 3087 2028 3146 luce

2129 3091 2151 3121 ι
2193 3070 2478 3126 Ascensor
2525 3065 2654 3125 cali
2699 3067 3011 3126 auxiliator
3047 3075 3222 3138 tuus;
3256 3091 3280 3122 »
3325 3071 3481 3130 illico
3529 3073 3830 3132 subdidit:

331 3172 616 3232 sermonis
645 3156 736 3232 sui
783 3174 950 3233 solidi
991 3181 1223 3245 starent,
1256 3186 1433 3252 utque
1474 3156 1658 3236 totum
1702 3177 2040 3236 tabernacu-
2129 3181 2150 3210 ⁸
2188 3156 2777 3258 Μδὲῐῖίθοοηιίδυθὶυὲ
2812 3157 3152 3258 βξεοὶυνῐξιιηῒ
3195 3158 3400 3218 "Ubes-
3439 3183 3474 3258 »_
3508 3161 3648 3232 QUiS
3674 3163 3832 3224 enim

332 3262 480 3332 lum,
503 3261 564 3320 id
595 3267 698 3333 est,
730 3267 922 3319 sancta
949 3261 1200 3320 Ecclesia
1228 3263 1285 3320 in
1320 3247 1453 3322 ﬁdei
1484 3265 1812 3338 integritate
1829 3266 2028 3323 consis

2124 3257 2205 3308 est
2234 3263 2501 3306 ascensor
2530 3247 2683 3317 cali,
2714 3248 2826 3307 nisi
2853 3247 3111 3308 Salvator
3137 3257 3348 3322 noster,
3376 3251 3499 3325 qui,
3529 3260 3844 3327 postquam

333 3357 496 3422 teret,
527 3355 800 3423 tanquam
831 3350 1031 3423 paxilli
1062 3351 1202 3410 arei
1243 3352 1298 3408 in
1341 3352 1590 3412 circuitu
1625 3361 1808 3428 patres
1843 3354 2028 3413 Testa-

2126 3338 2329 3395 mortis
2384 3338 2696 3410 imperium
2754 3338 3008 3395 moriens
3048 3338 3313 3411 perdidit,
3361 3341 3575 3400 calum
3612 3342 3834 3417 angelis

332 3441 514 3500 menti
555 3437 776 3497 Veteris
817 3455 883 3497 ac
926 3441 1222 3513 propheta
1267 3443 1526 3501 exterius
1565 3427 1669 3500 ﬁXi
1714 3451 1883 3518 sunt;
1941 3447 2042 3519 qui
2126 3427 2537 3486 comitantibus
2561 3434 2614 3484 et
2643 3427 2948 3519 discipulis
2983 3428 3432 3502 suspicientibus
3470 3431 3833 3504 penetravit?

333 3529 646 3589 verborum
685 3543 924 3587 suorum
964 3530 1207 3588 funibus
1242 3531 1685 3604 pradicatorum
1725 3518 2042 3591 mentesin
2127 3520 2318 3593 Hujus
2372 3518 2797 3593 magniﬁcentia
2863 3521 3046 3578 “Ubes
3106 3521 3460 3594 discurrunt:
3511 3526 3648 3598 cillia
3709 3526 3837 3598 eius

335 3618 619 3679 soliditate
657 3618 1135 3691 constringerent,
1164 3626 1335 3693 atque
1368 3621 1476 3680 hoc
1505 3622 1606 3680 Dei
1649 3623 2043 3682 habitaculum
2127 3609 2463 3668 auctoritate
2509 3608 2766 3667 doctores
2810 3610 2990 3666 sancti
3040 3625 3141 3682 De?
3181 3612 3472 3670 mundum
3519 3613 3837 3672 salutifer

335 3707 470 3766 ﬁdei
502 3707 808 3766 stabilitate
837 3705 1100 3779 ligarent.
2128 3696 2549 3772 pradicationis
2602 3695 2848 3754 imbrem
2903 3696 3131 3770 pluunt.
3195 3698 3274 3756 De
3332 3701 3552 3773 quibus
3599 3710 3656 3760 et
3704 3717 3834 3776 pro-

407 3796 586 3856 Extra
627 3812 761 3870 ergo
805 3795 1015 3870 paxilli
1061 3803 1217 3866 sunt,
1273 3798 1374 3870 qui
1423 3805 1556 3857 ante
1603 3807 1828 3875 tempus
1870 3803 2047 3876 hujus
2129 3788 2338 3861 Ρῧοίθε
2370 3807 2390 3835 ⁸
2419 3783 2529 3876 Οξλί
2555 3785 2950 3876 ειιηιπίηαυὶι»
2983 3785 3225 3876 ίὲῖίνίῖῑιί
3255 3794 3316 3846 Ut
3343 3789 3528 3848 “bes
3548 3789 3782 3848 V0131“?
3809 3815 3830 3841 ·

336 3894 548 3946 sancta
587 3885 855 3944 Ecclesia
902 3887 1158 3946 fuerunt.
1195 3885 1303 3946 Sed
1356 3897 1542 3948 tamen
1587 3907 1683 3950 eos
1718 3873 1899 3964 ligant
1946 3873 2023 3969 qu

2132 3878 2257 3947 (Isa.
2305 3876 2423 3946 LX.)
2468 3873 2599 3931 Ista
2643 3873 2828 3931 nubes
2875 3873 3246 3933 resolvuntur
3300 3878 3361 3935 in
3413 3893 3646 3951 aquam,
3701 3895 3836 3938 cum

339 3977 396 4034 in
438 3976 562 4048 ipsa
607 3983 771 4044 sunt;
823 3975 962 4047 quia
1005 3976 1149 4034 dum
1194 3977 1445 4037 calestia
1485 3981 1753 4054 mysteria
1802 3964 2050 4041 ventdm
2133 3976 2343 4026 terram
2369 3965 2556 4025 cordis
2583 3964 2762 4023 nostri
2799 3964 3076 4054 doctrina
3111 3981 3232 4025 sua
3260 3967 3496 4027 ﬂuentis
3523 3968 3838 4040 inebriant,

342 4062 675 4136 pradicant,
732 4064 875 4131 haec,
922 4070 1226 4140 postquam
1272 4073 1499 4126 ostensa
1545 4053 1697 4140 Sunt,
1750 4069 2050 4128 credibilia
2134 4065 2198 4117 ut
2244 4072 2371 4114 eam
2415 4055 2486 4114 ad
2531 4054 2873 4128 PFOfePenda
2913 4053 2992 4127 Pii
3039 4054 3228 4127 operis
3271 4058 3535 4130 germina
3590 4059 3837 4118 fertilem

338 4149 539 4208 omnia
570 4151 843 4210 fecerunt.
878 4151 950 4210 Ut
999 4169 1134 4226 ergo
1181 4155 1340 4213 intus
1387 4157 1677 4216 columna
1723 4159 2052 4220 immobiles
2136 4148 2392 4206 Ρθάἀειῐη·

341 4245 513 4307 stent,
571 4237 708 4295 foris
752 4240 958 4312 paxilli
1015 4242 1183 4300 funes
1237 4246 1562 4318 continent;
1598 4248 1736 4320 quia
1773 4256 1837 4306 ut
1871 4255 2028 4307 sanet

2211 4236 2374 4295 Unde
2415 4243 2470 4294 et
2520 4235 2978 4296 Bartbolomaus
3020 4237 3192 4312 (quod
3236 4238 3436 4312 utique
3475 4238 3690 4312 Syrum
3737 4254 3844 4298 no-

342 4324 586 4400 apostoli
614 4326 879 4398 perfecta
906 4327 1320 4388 incarnationis
1351 4330 1669 4392 Dominica
1711 4338 2051 4410 mysterium
2074 4342 2271 4410 “men
2319 4331 2422 4396 est.
2462 4341 2580 4384 Ποη
2617 4325 2952 4398 Hebraeum)
2987 4327 3395 4398 interpretatur
3423 4330 3572 4398 ﬁlius
3613 4345 3844 4402 εαδΡεη-

344 4389 1262 4489 crederent,illorumpradicatio
1283 4389 2316 4499 obtinuit;quiliode,vprius:Dd€ntiS
2364 4389 2540 4488 αάααδ
2575 4437 2590 4472 ε
2624 4415 2808 4475 Filius
2848 4389 3050 4492 Utilius
3090 4389 3212 4487 Usi,
3260 4419 3362 4492 qui
3405 4389 3844 4490 Ill‘iedicaw‘rum

342 4523 520 4583 quam
550 4509 728 4577 ﬁeret,
761 4514 814 4565 et
855 4507 1050 4566 videre
1090 4515 1145 4566 et
1181 4510 1490 4584 pradicare
1531 4521 1859 4587 potuerunt.
1891 4516 2028 4575 Πηὼ

2139 4522 2380 4566 suorum
2409 4513 2628 4565 mentes
2654 4505 2724 4562 ad
2754 4507 3006 4566 calestia
3031 4507 3470 4580 contemplanda
3498 4509 3843 4581 suspendit;

346 4605 495 4656 recte
527 4611 756 4671 quoque
787 4596 907 4669 ipse
948 4597 1172 4669 primus
1209 4601 1618 4673 apostolorum,
1659 4619 1869 4676 magna
1897 4605 2054 4665 scili-
2138 4605 2202 4656 ut
2255 4603 2471 4671 quanto
2527 4595 2764 4653 liberius
2815 4612 2875 4655 se
2919 4598 2989 4655 ad
3040 4598 3479 4672 intelligendum
3519 4598 3845 4658 Creatorem

343 4692 431 4744 cet
459 4684 728 4743 columna
760 4684 881 4743 veri
914 4684 1286 4759 tabernaculi,
1318 4687 1810 4764 loquitur,’dicens
1841 4711 1854 4752 :
1890 4694 2055 4752 «Ha-
2139 4703 2313 4747 suum
2382 4685 2587 4759 pennis
2656 4685 2938 4744 virtutum
2992 4687 3224 4759 librant,
3283 4693 3440 4746 tanto
3491 4687 3739 4747 feracius
3789 4694 3844 4747 et

344 4775 548 4834 bemus
581 4775 890 4835 firmiorem
923 4776 1322 4851 propheticum
1364 4794 1710 4852 sermonem,
1745 4784 1839 4840 cui
1881 4783 2054 4841 bene-
2139 4775 2379 4835 uberius
2436 4773 2680 4831 imbrem
2740 4773 2989 4832 οωὶθὸῐίε
3044 4773 3260 4851 eloquii
3311 4776 3524 4834 nostris
3573 4775 3845 4834 cordibus

346 4865 531 4924 facitis
608 4865 991 4938 intendentes,
1048 4868 1212 4941 quasi
1288 4868 1540 4927 lucerna
1635 4871 1912 4930 relucenti
1991 4873 2054 4930 in
2138 4865 2446 4924 infundere
2483 4863 2732 4933 valeant,
2779 4871 2836 4921 et
2873 4880 2945 4922 ex
2991 4864 3091 4922 illo
3127 4866 3279 4924 fonte
3315 4865 3582 4939 suspensi
3620 4866 3840 4938 bibant,

347 4955 664 5028 caliginoso
692 4955 813 5013 loco
841 4957 913 5028 (II
935 4960 1080 5013 Petr.
1117 4959 1176 5029 I).
1208 4978 1234 5010 »
1268 4957 1334 5015 In
1375 4959 1588 5032 quibus
1620 4961 1809 5018 verbis
1840 4961 2057 5020 indicat
2141 4955 2295 5028 quod
2342 4953 2398 5011 in
2456 4969 2559 5011 nos
2619 4953 2980 5025 postmodum
3026 4953 3384 5027 propinando
3412 4955 3841 5014 transfundant.

347 5044 640 5122 (quamvis
670 5045 738 5101 ad
784 5045 898 5102 alta
935 5047 1211 5116 surrexit)
1250 5064 1322 5106 ex
1359 5049 1636 5118 culmine,
1681 5050 1782 5107 ubi
1818 5049 2056 5121 religata
2142 5044 2305 5102 Unde
2347 5045 2491 5102 bene
2524 5043 2747 5116 Moyses
2789 5045 3024 5116 mystice
3055 5044 3125 5102 de
3154 5053 3344 5101 sancta
3383 5043 3522 5101 dicit
3550 5045 3838 5103 Ecclesia:

349 5134 612 5209 persistat
640 5134 702 5192 in
741 5133 873 5191 ﬁde.
907 5134 1046 5204 Qua
1085 5143 1275 5194 tamen
1317 5137 1549 5195 lucerna
1589 5137 1904 5212 prophetici
1935 5155 2056 5196 ser-
2146 5157 2169 5183 α
2194 5135 2320 5191 Non
2345 5133 2668 5206 est,inquit,
2688 5139 2852 5201 terra,
2875 5133 2943 5190 ad
2967 5148 3138 5206 quam
3160 5132 3847 5205 ingrediminipossiden-

351 5227 538 5284 monis
583 5227 704 5301 jam
749 5224 985 5298 quidem
1029 5224 1482 5299 intelligentibus
1526 5227 1694 5296 lucet,
1725 5227 1816 5285 sed
1867 5227 2058 5286 adhuc
2141 5224 2296 5293 dam,
2334 5221 2544 5280 similis
2582 5228 2747 5280 terra
2780 5222 3034 5296 rEgypli,
3060 5222 3129 5278 de
3160 5237 3273 5295 qua
3311 5222 3533 5291 existis,
3570 5223 3670 5281 ubi
3700 5224 3845 5297 jacto

351 5329 468 5372 non
506 5313 967 5389 intelligentibus
1005 5323 1268 5388 cooperta
1297 5316 1706 5389 allegoriarum
1735 5315 2054 5375 obscurila-
2139 5313 2378 5382 semine,
2399 5312 2456 5369 in
2485 5312 2780 5371 hortorum
2797 5327 3011 5370 morem
3027 5326 3192 5384 aqua
3212 5309 3504 5368 ducuntur
3524 5310 3786 5386 irrigua;
3817 5335 3837 5360 ι

351 5401 504 5461 tibus
525 5411 836 5476 permanet.
863 5403 1026 5463 Unde
1043 5405 1212 5463 etiam
1239 5420 1339 5479 per
1360 5405 1721 5465 Psalmistam
1745 5405 1815 5463 de
1839 5405 2053 5463 eisdem
2141 5403 2237 5462 sed
2273 5423 2284 5461 :
2321 5424 2347 5456 ‹‹
2377 5403 2444 5460 de.
2473 5401 2617 5460 calo
2648 5401 2875 5476 pluvias
2909 5405 3260 5472 exspectans,
3294 5413 3470 5472 quam
3510 5400 3663 5459 Deus
3703 5416 3846 5460 suus

351 5491 518 5550 dictis
546 5497 950 5569 prophetarum
979 5495 1228 5554 dicitur:
1265 5516 1291 5547 ‹‹
1326 5493 1651 5555 Tenebrosa
1678 5511 1832 5570 aqua
1856 5496 1915 5553 in
1946 5511 2056 5554 nu-
2139 5494 2338 5553 invisit
2388 5492 2547 5552 omni
2596 5500 2848 5565 tempore
2897 5494 3074 5559 (Deut.
3134 5493 3241 5558 XI).
3279 5510 3300 5540 ι
3335 5487 3642 5549 Sacularis
3685 5491 3846 5556 enim
