4178 6438
224 258 334 319 729

1739 253 1987 318 SEBMO
2025 255 2208 317 XLII.

3615 261 3721 322 730

225 383 531 458 prudentia
557 384 725 457 quasi
769 383 1006 443 coluber
1047 401 1148 460 per
1181 387 1427 445 humum
1474 385 1669 458 serpit,
1720 390 1776 442 et
1816 382 1993 443 hucA
2017 380 2267 455 insignis
2301 388 2386 440 est
2421 387 2595 456 atque
2621 382 2990 456 conspicuus,
3023 383 3128 459 qui
3159 383 3410 458 quodam
3443 385 3723 460 prasagio

221 471 484 545 illucque
524 470 750 530 lubrica
779 472 1052 532 varietate
1100 473 1391 542 declinat;
1437 472 1639 532 divina
1674 486 1810 529 vero
1844 485 1937 527 sa-
2019 468 2352 528 futurorum
2408 470 2587 545 hujus
2639 470 2868 545 mystici
2927 470 3194 530 vocabuli
3239 471 3410 530 titulo
3471 473 3750 538 cernitur,

222 561 442 636 pientia
473 560 545 620 de
584 560 918 620 calestibus
944 561 1186 621 intonat.
1219 563 1435 622 Hortus
1460 561 1634 620 etiam
1668 559 1763 618 hic
1793 559 1934 617 sini-

223 658 402 709 stram
444 650 615 708 habet
661 649 1163 724 significationem.
1211 652 1357 720 Nam
1400 649 1648 710 carnalis
1682 648 1935 707 scientia

179 740 455 798 'videtur
511 738 817 810 designare
893 739 1210 798 lasciviam.
1290 739 1452 799 Sicut
1521 746 1576 797 et
1631 737 1770 808 illic,
1833 736 1934 818 ubi

222 827 424 886 Achab
451 827 615 900 petiit
656 826 887 885 vineam
933 827 1156 886 Naboth
1188 853 1200 886 :
1228 848 1256 880 α
1283 827 1365 885 Da
1399 826 1562 895 mihi,
1598 825 1809 901 inquit,
1841 825 1932 883 vi-

224 929 397 973 neam
435 923 616 984 tuam,
645 921 710 972 ut
739 914 944 972 faciam
977 915 1123 973 mihi
1152 916 1383 974 hortum
1409 914 1672 972 oleorum
1705 916 1776 986 (II
1798 918 1931 983 Reg.

221 1008 377 1078 XXI).
404 1030 428 1054 -
462 1005 568 1064 Ille
587 1005 801 1082 quippe
821 1007 881 1063 in
910 1006 1146 1065 hortum
1171 1013 1412 1065 conatur
1435 1006 1664 1063 vineam
1689 1011 1930 1072 vertere,

220 1095 326 1170 qui
362 1095 609 1166 rigorem
640 1093 872 1153 virtutis
911 1095 1173 1168 jucunda
1213 1095 1464 1152 carnalis
1491 1093 1779 1151 illecebra
1809 1092 1934 1152 vult

219 1186 552 1244 amoenitate
601 1191 843 1243 mutare.
895 1184 966 1243 Et
1012 1185 1312 1243 Psalmista
1364 1184 1632 1258 reprobos
1679 1182 1934 1242 oleribus

220 1280 534 1347 comparat,
614 1272 810 1330 dicens
859 1293 872 1332 :
932 1297 952 1323 ι
1009 1273 1311 1346 Tanquam
1384 1275 1580 1331 fenum
1663 1271 1935 1332 velociter

218 1368 498 1431 arescent,
533 1366 587 1419 et
624 1362 773 1418 sicut
817 1361 976 1419 olera
1021 1362 1332 1420 herbarum
1379 1361 1490 1420 cito
1521 1361 1725 1420 cadent
1759 1364 1929 1428 (Psal.

218 1456 468 1521 XXXVI).
507 1475 528 1504 ι

294 1542 473 1600 Terra
527 1542 725 1617 itaque
770 1541 1255 1615 repromissionis,
1306 1541 1412 1601 hoc
1460 1548 1546 1600 est
1588 1548 1783 1602 sancta
1824 1541 1930 1601 Ec-

216 1631 412 1702 clesia,
443 1636 499 1688 et
524 1630 594 1689 de
623 1629 769 1689 calo
815 1629 1043 1703 pluvias
1084 1630 1466 1704 prastolatur,
1518 1632 1654 1704 quia
1702 1631 1930 1705 sapien-

2016 559 2351 633 insignitus.
2395 560 2539 619 Nam
2587 575 2721 619 cum
2766 559 2977 619 dicitur
3012 561 3170 619 filius
3217 563 3624 634 suspendentis
3660 578 3725 621 a-

2017 668 2182 727 quas,
2224 654 2438 712 dicitur
2493 654 2689 726 procul
2731 654 2911 713 dubio
2951 654 3112 714 ﬁlius
3157 653 3282 725 Dei,
3327 669 3442 713 non
3488 655 3724 728 quidem

2019 742 2297 800 naturalis
2326 743 2713 815 generationis
2748 741 2994 815 origine,
3035 743 3130 800 sed
3169 742 3557 816 propensioris
3591 758 3723 815 gra-

2017 829 2113 888 tia
2167 830 2461 902 dignitate.
2518 832 2652 889 Erat
2699 831 2856 889 enim
2917 846 3050 900 vere
3095 832 3198 891 Dei
3249 831 3549 906 templum,
3606 848 3722 891 coe-

2016 917 2174 976 lestis
2223 920 2423 992 gratia
2475 920 2895 992 sanctuarium,
2953 936 3084 979 arca
3155 921 3405 993 foederis,
3461 922 3723 981 taberna-

2015 1008 2213 1067 culum
2272 1010 2605 1068 testimonii.
2659 1010 2806 1068 Nam
2857 1010 3005 1068 sicut
3053 1025 3184 1068 arca
3243 1009 3342 1068 illa
3398 1009 3598 1083 legalis
3647 1025 3725 1068 ex

2016 1099 2478 1172 imputribilibus
2505 1100 2682 1173 lignis
2717 1099 2898 1159 Setim
2928 1101 3170 1174 mystica
3203 1102 3390 1160 fuerat
3417 1109 3539 1159 arte
3565 1115 3722 1158 com-

2019 1189 2218 1261 posita,
2269 1204 2410 1248 auro
2454 1205 2688 1263 quoque
2736 1190 3045 1262 purissimo
3094 1189 3514 1262 resplendehat,
3565 1189 3724 1248 intus

2016 1284 2074 1335 et
2124 1277 2486 1336 extrinsecus
2531 1278 2796 1336 inaurata
2833 1280 3029 1350 (Emod.
3086 1279 3273 1350 XXV);
3333 1277 3412 1336 ita
3470 1277 3564 1335 vir
3616 1278 3726 1335 iste

2018 1367 2324 1439 mirabilis,
2379 1369 2482 1441 qui
2541 1383 2698 1440 spem
2745 1383 2906 1426 suam
2949 1368 3008 1425 in
3061 1367 3383 1426 aternitate
3435 1372 3723 1441 posuerat,

2015 1464 2071 1516 et
2118 1460 2380 1517 exterius
2435 1458 2693 1516 radiabat
2749 1457 3045 1516 imitanda
3101 1460 3235 1515 vita
3293 1457 3617 1530 splendore,
3673 1463 3730 1515 et

2016 1547 2366 1606 intrinsecus
2422 1545 2774 1620 pralucebat
2824 1545 3044 1604 divina
3101 1545 3399 1619 sapientia
3449 1544 3722 1604 claritate.

2017 1637 2082 1695 In
2118 1636 2220 1694 illa
2248 1651 2480 1711 quoque
2511 1650 2643 1692 arca
2681 1641 2801 1692 erat
2832 1649 2979 1693 urna
3025 1649 3220 1704 aurea,
3261 1633 3324 1691 in
3362 1649 3477 1709 qua
3513 1647 3728 1692 manna

216 1723 317 1780 tia
343 1720 588 1779 caelestis
616 1721 803 1779 imbre
835 1720 1228 1792 perfunditur,
1257 1728 1312 1778 et
1350 1722 1535 1780 nubes
1566 1722 1709 1796 ejus,
1743 1723 1923 1780 sancti
1951 1725 2369 1796 Bservabatur,
2404 1723 2616 1782 tabula
2648 1722 3037 1781 nihilominus
3067 1721 3440 1791 Testamenti,
3482 1726 3538 1778 et
3567 1719 3731 1792 virga

219 1809 436 1868 scilicet
481 1809 754 1878 doctores,
809 1808 879 1866 de
926 1807 1142 1866 calesti
1191 1824 1308 1867 uno
1351 1809 1507 1868 fonte
1558 1811 1932 1869 invisibiliter

219 1897 522 1966 hauriunt,
578 1896 734 1971 quod
792 1897 852 1954 in
905 1911 1010 1955 nos
1065 1899 1437 1970 postmodum
1494 1899 1752 1958 suaviter
1794 1916 1928 1958 eru-

219 1987 428 2046 ctando
477 1985 913 2044 transfundunt.
955 1985 1122 2044 Unde
1165 1985 1484 2059 Propheta:
1516 1987 1926 2060 «Memoriam,

117 2069 134 2084 '
219 2074 434 2148 inquit,
500 2073 874 2132 abundantia
933 2074 1234 2134 suavitatis
1292 2081 1407 2134 tua
1460 2077 1824 2148 eructabunt,
1876 2083 1929 2136 et

213 2165 437 2242 justitia
472 2172 568 2224 tua
599 2165 980 2224 exsultabant
1026 2169 1198 2236 (Psal.
1248 2171 1473 2233 CXLIV).
1505 2188 1532 2220 »
1564 2169 1655 2226 An
1704 2183 1821 2227 non
1859 2169 1930 2226 ad

218 2254 392 2313 illum
437 2254 654 2312 fontem
701 2253 936 2325 Paulus,
972 2269 1179 2328 magna
1219 2255 1436 2313 scilicet
1480 2255 1686 2327 nubes,
1738 2257 1930 2328 rediit,

218 2357 378 2408 cum,
408 2355 584 2414 supra
623 2338 854 2398 tertium
901 2340 1116 2399 calum
1166 2347 1382 2415 raptus,
1412 2341 1588 2400 verba
1612 2357 1744 2416 qua
1772 2341 1933 2416 loqui

219 2445 338 2488 non
368 2429 594 2500 licebat,
624 2427 897 2488 audivit?
935 2432 979 2501 (Ι
1010 2433 1130 2488 Cor.
1176 2433 1255 2502 11.)
1286 2434 1377 2489 An
1413 2446 1528 2490 non
1559 2431 1630 2488 ad
1662 2431 1931 2490 eumdem

220 2520 442 2578 fontem
483 2534 748 2578 reversus
779 2523 864 2576 est
898 2519 1120 2589 Petrus,
1167 2534 1303 2576 cum
1349 2519 1411 2576 in
1455 2519 1704 2578 extasim
1741 2520 1933 2579 subito

219 2609 465 2681 rapitur,
510 2615 565 2666 et
609 2623 726 2666 non
774 2609 944 2667 modo
993 2607 1221 2668 diversa
1268 2609 1655 2668 animantium
1699 2625 1928 2683 genera,

221 2696 321 2754 sed
377 2702 434 2754 et
483 2696 770 2770 serpentia
818 2703 1066 2755 mactare
1134 2702 1191 2755 et
1246 2698 1596 2757 manducare
1644 2698 1934 2771 jubetur?

223 2787 496 2854 (Act.'X.)
530 2784 600 2842 Et
644 2785 768 2842 bac
795 2785 1032 2860 quidem
1077 2786 1262 2845 nubes
1300 2802 1417 2846 non
1459 2796 1582 2846 erat
1615 2793 1755 2846 tunc
1782 2803 1934 2861 aqua

223 2875 524 2949 sapientia
570 2874 817 2949 pleniter
856 2875 1114 2948 gravida,
1145 2875 1283 2950 quia
1313 2879 1642 2938 communis
1669 2879 1934 2938 omnium

223 2961 370 3021 213
423 2967 686 3040 gentium
737 2965 1057 3024 vocationis
1107 2973 1225 3024 erat
1276 2967 1493 3041 ignara.
1546 2967 1657 3028 Sed
1700 2970 1935 3028 accessit

221 3051 293 3110 ad
344 3052 599 3150 fontem,
635 3060 692 3111 et
742 3053 932 3150 hausit
978 3053 1446 3150 limpidissimam
1496 3064 1671 3150 atque
1710 3057 1988 3150 perspi-c

223 3155 394 3201 cuam
420 3140 492 3199 de
521 3141 704 3200 salute
732 3141 996 3215 gentium
1026 3140 1355 3215 puritatem.
1390 3142 1668 3218 Nunquid
1703 3153 1758 3203 et
1797 3147 1932 3204 bea-

225 3236 316 3289 tus
345 3230 455 3289 iste
501 3229 964 3290 Bartholomaus
1007 3231 1079 3290 de
1122 3231 1484 3306 plenitudine
1534 3235 1709 3292 fontis
1758 3236 1933 3309 hujus

225 3322 501 3381 haustum
531 3323 779 3381 caelestis
805 3323 1006 3396 gratia
1042 3339 1161 3383 non
1200 3326 1474 3398 percepit,
1504 3326 1734 3400 quando
1761 3342 1934 3399 super

222 3425 354 3470 eum
387 3425 518 3468 cum
542 3411 880 3484 coapostolis
903 3412 1025 3471 suis
1043 3412 1316 3471 omnibus
1342 3412 1505 3471 venit
1538 3412 1787 3486 Spiritus
1808 3429 1937 3471 san-

223 3504 350 3557 ctus
395 3499 455 3556 in
499 3499 814 3572 ignitarum
866 3500 1196 3559 diversitate
1236 3500 1614 3574 linguarum?
1651 3504 1796 3570 (Act.
1842 3507 1932 3571 tt.)

230 3585 338 3645 Sed
362 3587 467 3661 qui
495 3587 694 3660 ignem
719 3590 910 3659 audis,
940 3605 1153 3664 aquam
1192 3590 1429 3648 forsitan
1457 3605 1575 3648 non
1612 3589 1933 3664 intelligis?

225 3675 382 3734 Audi
405 3676 693 3748 quomodo
723 3677 1007 3737 Dominus
1035 3679 1306 3738 eumdem
1334 3678 1615 3753 Spiritum
1643 3688 1932 3744 sanctum.

225 3763 328 3836 qui
377 3764 441 3822 in
490 3765 625 3838 igne
662 3781 838 3838 super
871 3767 1155 3839 apostolos
1192 3767 1368 3836 venit,
1422 3783 1632 3842 aquam
1685 3769 1934 3826 vocavit.

229 3872 256 3904 α
289 3851 350 3911 Si
400 3854 552 3927 quis,
600 3853 817 3928 inquit,
867 3855 1006 3925 sitit,
1065 3856 1258 3915 veniat
1313 3856 1386 3915 ad
1438 3873 1532 3916 me
1585 3863 1642 3916 et
1697 3857 1934 3916 bibat.»

226 3939 483 4015 Moxque
524 3941 832 4015 subjunxit
860 3961 873 4001 ε
907 3967 927 3994 σ
949 3943 1059 4012 Qui
1088 3943 1267 4002 credit
1302 3944 1364 4002 in
1393 3961 1508 4017 me,
1543 3971 1569 3994 »
1615 3946 1766 4006 sicut
1801 3946 1940 4004 dicit

227 4029 540 4104 Scriptura,
567 4052 594 4086 α
615 4033 860 4091 ﬂumina
874 4032 946 4091 de
963 4043 1161 4092 ventre
1177 4035 1304 4107 ejus
1322 4034 1504 4094 ﬂuent
1521 4051 1688 4109 aqua
1709 4037 1879 4095 viva.
1906 4057 1933 4089 »

225 4117 348 4177 Hoc
389 4125 606 4191 autem,
639 4122 720 4179 ait
753 4121 1123 4195 evangelista,
1169 4122 1321 4181 dixit
1365 4123 1436 4182 de
1485 4123 1702 4197 Spiritu
1759 4141 1936 4199 quem

222 4209 512 4283 accepturi
556 4216 719 4268 erant
759 4210 1053 4269 credentes
1095 4211 1157 4268 in
1208 4227 1342 4270 eum
1397 4216 1570 4284 (Ιοαη.
1621 4215 1744 4285 vn).
1776 4235 1803 4267 »
1858 4214 1937 4273 De

223 4299 439 4373 quibus
484 4295 856 4359 credentibus
899 4316 1000 4374 per
1043 4299 1384 4375 Prophetam
1432 4303 1645 4361 dicitur
1688 4323 1700 4361 :
1755 4325 1776 4354 ι
1808 4303 1934 4362 Ine-

221 4387 572 4446 briabuntur
645 4387 718 4446 ab
792 4389 1050 4447 ubertate
1101 4388 1312 4448 domus
1378 4397 1512 4460 tua,
1575 4398 1630 4448 et
1686 4396 1936 4450 torrente

225 4475 534 4548 voluptatis
583 4482 703 4536 tua
758 4477 978 4551 potabis
1031 4493 1146 4548 eos,
1198 4478 1472 4552 quoniam
1533 4479 1685 4551 apud
1747 4485 1799 4536 te
1853 4485 1937 4537 est

228 4565 357 4624 fons
387 4567 520 4625 vita
546 4570 717 4637 (Psal.
758 4574 980 4637 XXXV).
1015 4589 1043 4618 ι
1086 4567 1422 4642 Philosophi
1451 4568 1654 4626 dicunt
1686 4569 1933 4642 spatium

223 4671 410 4716 aerea
434 4658 832 4717 crassitudinis
866 4673 983 4716 non
1011 4657 1264 4732 amplius
1297 4673 1473 4734 quam
1512 4659 1708 4717 decem
1739 4658 1940 4717 stadiis

224 4761 258 4803 a
300 4753 454 4804 terra
493 4747 765 4820 distendi,
813 4763 949 4822 qua
997 4747 1165 4807 nobis
1199 4748 1513 4823 aliquando
1559 4749 1696 4807 solis
1741 4749 1936 4824 splen-

224 4836 425 4896 dorem
476 4837 761 4896 subtrahit
807 4844 860 4896 et
912 4838 1140 4912 pluvias
1202 4839 1409 4897 fundit.
1471 4838 1605 4898 Ista
1655 4855 1810 4910 vero,
1869 4839 1940 4896 de

226 4926 445 5002 quibus
490 4943 647 4986 nunc
689 4926 1002 5001 loquimur,
1048 4926 1236 4986 nubes
1278 4927 1556 4986 calorum
1597 4928 1748 4985 celsa
1792 4934 1941 4985 tran-

228 5016 532 5085 scendunt,
580 5025 637 5075 et
680 5017 879 5075 lumen
935 5017 1056 5075 veri
1111 5015 1262 5075 Solis
1312 5032 1430 5074 non
1483 5017 1776 5085 auferunt,
1841 5017 1938 5074 sed

227 5105 558 5166 ostendunt.
601 5104 682 5163 De
724 5105 940 5180 quibus
981 5106 1151 5163 etiam
1193 5104 1304 5163 sub
1343 5104 1659 5162 ﬂuviorum
1704 5104 1941 5162 nomine

229 5211 332 5269 per
387 5193 756 5254 Salomonem
807 5193 1064 5251 dicitur:
1106 5215 1131 5242 α
1161 5192 1368 5251 Omnia
1430 5193 1677 5250 ﬂumina
1724 5192 1941 5250 intrant

230 5285 291 5342 in
346 5299 524 5356 mare,
578 5290 635 5343 et
679 5299 836 5343 mare
884 5299 1000 5341 non
1042 5281 1363 5352 redundat;
1419 5281 1488 5339 ad
1541 5281 1733 5339 locum
1790 5280 1942 5339 unde

229 5383 467 5447 exeunt,
548 5375 798 5434 ﬂumina
870 5377 1259 5444 revertuntur,
1341 5379 1406 5430 ut
1482 5370 1693 5428 iterum
1761 5370 1942 5428 ﬂuant

232 5467 430 5536 (Eccle.
462 5469 525 5535 ι).
559 5489 587 5513 η
1837 5452 1845 5458 ’

301 5555 459 5616 Inter
512 5569 658 5630 quos
713 5554 919 5629 utique
958 5554 1169 5616 ﬂuvios
1223 5552 1423 5613 beatus
1476 5548 1940 5611 Bartholomaus

2016 1816 2229 1884 Aaron,
2271 1828 2404 1886 qua
2443 1812 2796 1870 fronduerat.
2843 1810 2995 1880 Quid
3043 1817 3128 1869 est
3176 1817 3370 1868 autem
3417 1824 3565 1868 urna
3618 1824 3728 1868 au-

2015 1918 2130 1968 rea,
2185 1902 2300 1960 nisi
2336 1916 2469 1959 caro
2507 1899 2719 1958 Christi
2761 1899 3000 1968 munda,
3039 1898 3242 1968 nitida,
3283 1897 3506 1956 sincera
3552 1904 3726 1972 atque

2016 1991 2090 2049 ab
2128 1991 2290 2050 omni
2336 1995 2526 2048 reatus
2570 1988 2912 2062 contagione
2955 1985 3304 2060 purissima?
3342 1986 3485 2057 Qua
3521 2001 3726 2044 recon-

2016 2081 2206 2139 ditum
2273 2080 2446 2138 habet
2499 2094 2734 2150 manna,
2787 2077 3117 2151 angelicum
3170 2075 3438 2135 videlicet
3491 2089 3726 2149 panem,

2016 2169 2126 2226 hoc
2164 2175 2268 2239 est,
2316 2167 2638 2225 divinitatis
2687 2172 2922 2224 aterna
2961 2164 3354 2224 dulcedinem.
3407 2163 3552 2222 Dua
3591 2177 3729 2220 vero

2017 2259 2260 2332 lapidea
2307 2257 2518 2315 tabula
2569 2254 2967 2314 inviolabilem
3019 2255 3326 2326 utriusque
3377 2252 3730 2310 Testamenti

2018 2347 2345 2418 signiﬁcant
2374 2345 2724 2403 firmitatem.
2758 2343 2909 2413 Quid
2940 2351 3138 2402 autem
3167 2345 3360 2402 Aaron
3389 2343 3574 2415 virga,
3612 2341 3728 2399 nisi

2017 2434 2234 2492 summi
2280 2434 2522 2508 verique
2564 2432 2856 2490 Pontiﬁcis
2897 2433 3072 2490 nostri
3114 2431 3368 2490 salutare
3417 2429 3727 2500 vexillum,

2017 2531 2072 2581 et
2099 2523 2346 2581 viviﬁca
2375 2523 2563 2581 crucis
2585 2520 2864 2595 exprimit
2892 2519 3361 2579 sacramentum?
3389 2519 3529 2590 Qua
3555 2518 3728 2576 etiam

2016 2611 2078 2669 in
2148 2626 2216 2669 eo
2283 2611 2440 2682 quod
2495 2609 2853 2682 germinasse
2906 2608 3263 2682 perhibetur,
3332 2605 3730 2680 praﬁguravit

2015 2697 2241 2756 beatam
2279 2713 2514 2756 crucem
2552 2696 2894 2755 immortalis
2934 2696 3229 2755 memoria
3267 2693 3557 2753 viriditate
3594 2709 3729 2754 ver-

2019 2795 2275 2847 nantem.

2091 2877 2228 2936 Hac
2278 2883 2414 2936 sunt
2466 2883 2824 2936 sacramenta
2866 2874 3213 2935 universalis
3255 2875 3550 2947 Ecclesia,
3605 2875 3731 2934 hac

2017 2967 2191 3024 etiam
2225 2965 2494 3024 salutaris
2520 2965 2827 3024 instructio
2855 2964 3257 3038 cujuscunque
3299 2964 3488 3021 ﬁdelis
3517 2963 3730 3022 anima

2019 3055 2383 3114 Christiana.
2431 3053 2592 3124 Quod
2634 3053 2792 3111 enim
2837 3047 2967 3111 arca
3005 3069 3105 3126 per
3137 3052 3538 3111 adumbratam
3580 3067 3730 3126 pra-

2021 3144 2285 3202 tendebat
2339 3144 2676 3218 imaginem,
2727 3143 2836 3202 hoc
2891 3158 3047 3201 nunc
3096 3142 3369 3216 Ecclesia,
3427 3142 3517 3201 vel
3567 3157 3732 3218 qua-

2018 3249 2133 3308 que
2174 3250 2338 3291 mens
2369 3235 2514 3309 justi
2551 3249 2653 3306 per
2689 3233 3148 3292 eﬁicacissimam
3183 3240 3238 3292 et
3267 3241 3521 3308 apertam
3548 3234 3734 3309 possi-

2018 3322 2113 3380 det
2163 3323 2487 3382 veritatem.
2559 3324 2699 3382 Hac
2757 3319 2905 3376 214
2956 3322 3105 3380 beati
3171 3322 3411 3396 apostoli
3473 3323 3735 3397 mystica

2018 3410 2350 3468 refectionis
2391 3411 2665 3468 alimenta
2695 3409 3018 3483 portabant,
3056 3409 3178 3467 hac
3207 3415 3481 3480 tanquam
3524 3425 3732 3482 panem

2017 3498 2277 3572 parvulis
2297 3498 2643 3571 exponendo
2676 3497 3035 3569 frangebant.
3064 3496 3208 3554 Nam
3230 3503 3533 3570 postquam
3561 3511 3736 3555 evan-

2016 3587 2236 3660 gelicus
2282 3585 2381 3645 ille
2433 3602 2620 3644 sermo
2673 3584 2956 3659 prorupit,
3004 3585 3278 3660 quoniam
3335 3582 3564 3659 aperuit
3614 3583 3731 3643 illis

2019 3691 2276 3748 sensum,
2310 3683 2374 3735 ut
2403 3674 2794 3748 intelligerent
2827 3673 3152 3748 Scripturas
3180 3674 3326 3747 (Luc.
3367 3673 3562 3744 XXIV),
3596 3687 3730 3746 pro-

2017 3764 2244 3837 phetica
2299 3764 2535 3838 querela
2587 3762 2852 3835 cessavit,
2926 3779 3044 3836 qua
3110 3761 3377 3821 dicitur:
3427 3784 3455 3816 α
3495 3760 3730 3820 Parvuli

2020 3853 2310 3926 petierunt
2378 3868 2607 3927 panem,
2671 3859 2726 3910 et
2789 3867 2906 3910 non
2969 3858 3088 3910 erat
3139 3851 3242 3926 qui
3295 3850 3582 3922 frangeret
3646 3849 3732 3908 eis

2019 3945 2241 4012 (Thren.
2278 3946 2384 4011 IV).
2422 3962 2443 3992 ι
2493 3941 2605 3999 Hic
2630 3947 2716 3999 est
2748 3939 2912 4015 panis
2949 3939 3050 3998 ille
3092 3938 3487 4013 quotidianus,
3530 3937 3731 3996 fratres

2019 4029 2155 4099 mei,
2199 4044 2375 4102 quem
2427 4043 2531 4087 nos
2579 4027 2798 4087 Veritas
2846 4028 3042 4087 docuit
3079 4027 3374 4086 inhianter
3423 4033 3719 4100 expetere;

2018 4122 2129 4180 hoc
2155 4119 2403 4178 caelestis
2429 4119 2729 4194 sapientia
2758 4119 3060 4194 pabulum,
3087 4119 3243 4191 quod
3266 4117 3547 4178 debemus
3571 4117 3731 4193 jugi—

2020 4218 2104 4270 ter
2131 4209 2376 4268 esurire.

2091 4299 2416 4359 Audiamus
2446 4300 2639 4375 itaque
2667 4316 2769 4375 per
2792 4315 2856 4359 os
2885 4297 3215 4358 Salomonis
3245 4297 3601 4372 Sapientiam
3628 4311 3735 4356 nos

2022 4391 2094 4448 ad
2140 4405 2400 4448 mensam
2448 4389 2764 4462 spiritualis
2811 4389 3106 4448 alimonia
3147 4387 3318 4447 claris
3359 4387 3597 4446 vocibus
3641 4386 3734 4444 in-

2023 4481 2303 4537 vitantem
2345 4503 2357 4536 :
2407 4503 2427 4531 «
2458 4479 2773 4553 Sapientia,
2837 4480 3048 4555 inquit,
3099 4477 3425 4536 immolavit
3471 4475 3734 4534 victimas

2025 4584 2178 4636 suas,
2237 4567 2472 4626 miscuit
2522 4568 2730 4626 vinum
2776 4575 2834 4626 et
2877 4567 3175 4642 proposuit
3218 4579 3477 4624 mensam
3521 4577 3727 4635 suam;

2027 4657 2183 4715 misit
2233 4655 2472 4715 ancillas
2535 4673 2688 4727 suas,
2743 4663 2807 4716 ut
2853 4663 3124 4716 vocarent
3169 4654 3242 4713 ad
3287 4667 3496 4720 arcem,
3551 4656 3607 4709 et
3658 4650 3731 4708 ad

2025 4745 2240 4804 mania
2265 4743 2517 4803 civitatis
2543 4765 2554 4802 :
2583 4745 2632 4804 si
2667 4745 2801 4821 quis
2830 4752 2915 4805 est
2944 4744 3241 4820 parvulus,
3271 4740 3466 4799 veniat
3489 4739 3562 4797 ad
3597 4753 3727 4812 me;

2030 4834 2239 4905 venite,
2298 4833 2580 4892 comedite
2642 4851 2848 4908 panem
2909 4849 3122 4900 meum,
3179 4835 3234 4888 et
3287 4828 3468 4886 bibite
3524 4827 3732 4887 vinum

2027 4925 2178 4998 quod
2222 4923 2433 4983 miscui
2477 4923 2638 4983 vobis
2671 4927 2846 4996 (Prov.
2896 4925 2998 4995 1x).
3034 4942 3060 4975 ι)
3102 4919 3363 4978 Christus
3405 4916 3586 4988 enim,
3629 4917 3731 4990 qui

2028 5017 2306 5091 sapientia
2367 5015 2548 5074 Patris
2602 5024 2705 5083 est,
2764 5012 3027 5071 victimas
3080 5009 3421 5079 immolavit,
3470 5023 3605 5068 cum
3659 5006 3731 5064 ad

2027 5113 2239 5165 nostra
2273 5105 2612 5164 imitationis
2639 5103 2976 5174 exemplum
3012 5101 3206 5159 beatos
3241 5105 3522 5174 martyres
3549 5095 3731 5156 occidi

2027 5195 2308 5269 permisit.
2356 5193 2585 5252 Miscuit
2619 5192 2846 5263 vinum,
2887 5191 3028 5267 quia
3067 5190 3397 5266 propinavit
3444 5184 3730 5245 credenti-

2031 5285 2139 5343 bus
2199 5283 2478 5356 Spiritum
2540 5287 2825 5340 sanctum.
2887 5279 3191 5356 Pr0posuit
3250 5291 3529 5348 mensam,
3593 5274 3734 5349 quia

2029 5374 2319 5431 caelestem
2354 5370 2570 5442 paravit
2605 5369 2946 5429 hominibus
2981 5369 3246 5443 gloriam.
3296 5365 3450 5424 Misit
3491 5363 3734 5422 ancillas

2029 5477 2187 5532 suas,
2242 5459 2300 5517 id
2362 5465 2466 5528 est,
2511 5464 2737 5516 sanctos
2801 5456 2968 5517 Verbi
3023 5457 3339 5526 ministros,
3387 5453 3489 5528 qui
3535 5469 3598 5512 se
3638 5451 3733 5511 in-

2031 5551 2230 5610 ﬁrmos
2275 5554 2330 5608 et
2369 5545 2599 5622 fragiles
2628 5552 2974 5608 asseverant.
3019 5545 3171 5618 Quid
3209 5559 3347 5619 ergo
3381 5545 3501 5621 jam
3539 5547 3732 5616 restat,
