4178 6450
385 252 487 314 731
848 294 856 306 .
1000 247 1060 309 8.
1101 246 1324 307 PETRI
1362 243 1685 305 DAMIANI
1723 241 1881 304 OPP.
1929 239 2121 304 PARS
2161 232 2302 298 SEU
2338 228 2590 291 TOMUS
2633 229 2711 290 II.
2753 261 2821 274 -—
2861 227 3278 292 SERMONES.
3783 225 3889 286 732

384 374 500 435 nisi
529 377 611 442 ut,
642 372 836 431 relicta
868 371 1016 429 fame
1057 366 1277 438 saeculi,
1319 381 1692 442 properemus
1717 366 1787 424 ad
1828 365 2150 425 mensamA
2171 354 2390 431 Spiritu
2422 357 2617 412 sancto
2647 351 2793 411 vivit
2823 357 2876 410 et
2915 356 3115 426 regnat
3162 350 3225 409 in
3265 349 3480 409 smeula
3511 350 3887 410 smeulorum.

386 460 541 521 Dei?
572 460 685 520 Sed
724 458 793 518 ad
832 460 980 516 hanc
1018 454 1388 530 ingrediendi
1442 453 1669 513 aditum
1702 453 1956 528 reperire
1984 468 2100 513 non
2183 449 2392 507 Amen.

386 564 717 625 possumus,
771 545 887 605 nisi
940 561 1042 619 per
1090 550 1316 603 sanctos
1367 542 1672 616 apostolos,
1714 542 1928 617 quibus
1987 541 2100 600 cla-

388 653 488 696 ves
515 636 837 695 commissaa
875 639 1013 692 sunt
1050 631 1216 706 regni
1253 629 1534 689 caelorum
1568 626 1743 701 (Joan.
1774 631 1903 702 XX).
1933 628 2100 688 Unde

388 653 488 696 ves
515 636 837 695 commissas
875 639 1013 692 sunt
1050 635 1216 706 regni
1253 635 1534 689 caelorum
1568 635 1743 701 (Ἱοαη.
1774 635 1903 702 XX).
1937 635 2100 688 Unde

386 725 660 798 scriptum
699 729 785 782 est
816 746 829 780 :
867 745 892 772 α
925 719 1221 793 Sapientia
1266 719 1406 778 foris
1457 718 1753 792 praedicat,
1782 718 1841 775 in
1894 718 2097 792 plateis

2796 635 3290 699 SEPTEMBER.

2204 740 2228 799 ζ.
2260 737 2491 801 Sermo
2519 737 2599 799 de
2628 736 2701 800 S.
2749 735 2979 799 Victore
3021 732 3398 812 confessoris.

385 815 483 873 dat
534 827 731 872 νοοθω
786 827 974 881 suam:
1003 810 1067 871 in
1119 809 1301 883 Capite
1355 808 1656 899 tu”)an
1705 807 1983 880 clamitat:
2033 808 2096 867 in
2176 828 2336 889 VIII.
2373 826 2602 889 Sermo
2627 825 2759 888 1m
2788 807 3152 889 Nativitate'
3194 821 3265 883 Β.
3328 819 3604 899 Virginis
3647 819 3890 883 Marias.

383 903 607 963 foribus
642 911 935 977 portarum
976 903 1155 972 (Prov.
1186 902 1244 972 Ι).
1287 920 1313 951 ››
1356 898 1476 972 Ipsi
1502 898 1715 972 quippe
1761 905 1899 957 sunt
1927 903 2096 971 caput

389 992 690 1050 turbarum
735 990 999 1064 foresque
1041 994 1359 1062 portarum,
1397 987 1534 1061 quia
1574 987 1683 1059 ipsi
1728 992 1869 1045 sunt
1914 1002 2097 1060 popu-

385 1081 580 1140 lorum
627 1079 936 1154 principes,
983 1094 1050 1135 ac
1094 1091 1364 1150 supernm
1402 1075 1721 1135 Jerusalem
1770 1091 1871 1149 per
1913 1076 2098 1134 subli-

382 1168 585 1228 mioris
626 1166 985 1226 excellentiaa
1036 1164 1411 1239 privilegium
1453 1162 1748 1236 janitores.
1801 1163 1918 1235 Ipsi
1963 1169 2100 1220 sunt

245 1318 267 1339 ,
381 1257 602 1331 regales
626 1256 746 1315 illae
782 1255 964 1325 sedes,
1009 1253 1081 1312 de
1113 1254 1330 1327 quibus
1372 1252 1437 1309 in
1478 1252 1625 1312 libro
1667 1251 1980 1326 Sapientiae
2019 1251 2100 1310 di-

380 1344 534 1404 citur
573 1365 586 1402 :
632 1366 662 1399 «
709 1343 861 1402 Dum
908 1342 1168 1400 medium
1218 1340 1518 1399 silentium
1569 1346 1825 1397 tenerent
1879 1341 2096 1411 omnia,

383 1437 441 1490 et
493 1446 613 1490 nox
655 1429 718 1487 in
765 1444 870 1487 suo
924 1443 1104 1487 cursu
1162 1426 1423 1485 medium
1471 1426 1582 1483 iter
1622 1426 1881 1497 haberet,
1913 1426 2101 1486 omni-

380 1525 585 1594 potens
634 1532 822 1576 sermo
878 1523 1034 1587 tuus,
1080 1514 1343 1585 Domine,
1399 1514 1471 1573 de
1521 1513 1670 1574 coelo
1721 1531 1753 1573 a
1811 1514 2101 1588 regalibus

384 1607 621 1667 sedibus
666 1605 824 1665 venit
861 1607 1019 1676 (Sap.
1054 1606 1246 1673 XVIII).
1285 1629 1303 1654 ο
1337 1601 1403 1662 In
1443 1603 1697 1661 adventu
1739 1604 1951 1678 quippe
1988 1604 2099 1663 Do-

386 1696 536 1757 mini
588 1694 848 1753 medium
900 1692 1200 1751 silentium
1241 1691 1438 1750 omnia
1491 1692 1894 1764 continebant,
1962 1693 2166 1782 quiaB

385 1785 506 1860 jam
550 1789 607 1842 et
656 1783 949 1857 prophetae
1005 1788 1392 1850 cessaverant,
1444 1786 1500 1839 et
1543 1781 1806 1840 nondum
1861 1781 2103 1855 apostoli

387 1874 460 1932 ad
493 1872 916 1947 praedicandam
977 1885 1144 1938 novae
1190 1869 1327 1928 ﬁdei
1374 1870 1618 1943 gratiam
1661 1870 1990 1929 veniebant.
2032 1870 2101 1928 In

383 1962 638 2037 quodam
675 1961 846 2034 plane
881 1958 1137 2017 mundus
1185 1956 1510 2016 meditullio
1552 1958 1927 2032 consistebat,
1958 1959 2096 2019 dum

2265 915 2489 977 Sermo
2518 914 2578 975 ΙΙ
2603 916 2682 975 de
2717 915 2971 977 eadem.

2266 1004 2555 1065 Homilz'a
2587 1003 2663 1065 de
2692 1005 2941 1066 eadem.

2178 1094 2333 1155 XIV.
2370 1090 2594 1154 Sermo
2631 1092 2661 1153 Ι
2683 1093 2760 1154 de
2796 1092 3203 1157 exultatione
3238 1093 3313 1157 S.
3346 1092 3592 1157 Crucis.

2259 1180 2482 1243 Sermo
2513 1179 2576 1242 ΙΙ
2604 1181 2680 1243 de
2723 1183 2980 1244 eadem.

2178 1271 2337 1332 XXI.
2369 1268 2592 1332 Sermo
2620 1271 2698 1333 de
2738 1269 2808 1333 S.
2843 1270 3153 1348 Matthaeo,
3186 1269 3471 1351 apostolo
3517 1275 3572 1329 et
3616 1283 3899 1344 cvange-

2267 1360 2446 1420 [ἰδία.
3084 1370 3089 1375 ‘
3604 1362 3618 1375 '

2265 1446 2496 1508 Sermo
2544 1445 2606 1508 II
2637 1448 2716 1510 de
2757 1448 3002 1509 eodem.

2267 1535 2555 1598 Homilia.
2583 1537 2661 1599 de
2689 1537 2934 1598 eodem.

2184 1625 2394 1687 XXIX.
2432 1624 2658 1688 Sermo
2699 1626 2777 1688 de
2804 1624 2877 1688 S.
2908 1624 3208 1688 Michacle
3237 1623 3660 1702 archangelo.

2770 1768 2793 1790 ⁴¹
2835 1765 3082 1826 SERMO
3112 1765 3325 1825 XLIII.

2329 1867 2400 1912 DE
2431 1866 2658 1914 SANCTO
2684 1866 2935 1915 VICTOBE
2966 1867 3355 1915 CONFESSORE.
3385 1858 3421 1927 (Ι
3450 1856 3751 1920 ΒΕΡἸἘΜΒ.)

2256 1959 2365 2019 Hie
2392 1960 2491 2018 ille
2530 1976 2774 2034 magnus
2812 1960 3202 2020 Providentiae
3232 1959 3438 2019 oculus
3486 1959 3734 2018 dulciori
3766 1975 3901 2019 ver-

389 2056 445 2109 et
492 2050 905 2124 prophetarum
942 2061 1309 2121 nequaquam
1347 2045 1581 2104 oracula
1618 2055 2007 2121 superessent,
2047 2054 2102 2105 et
2184 2050 2319 2109 bere
2355 2066 2589 2110 carnem
2626 2050 2936 2127 carnaliter
2972 2051 3376 2110 ambulantem
3414 2048 3625 2108 aﬁ‘lixit
3663 2057 3717 2109 et
3754 2066 3897 2108 con-

386 2136 694 2212 apostolica
724 2136 983 2194 nondum
1013 2134 1342 2209 praedicatio
1371 2143 1710 2194 coruscaret.
1731 2135 1881 2207 Quid
1906 2143 2099 2194 autem
2185 2138 2317 2198 ﬁxit
2365 2140 2570 2198 timore
2619 2156 2745 2199 suo.
2779 2140 2888 2210 Qui
2938 2141 3095 2198 enim
3142 2140 3480 2214 patientiam
3518 2140 3641 2210 Dei,
3670 2156 3905 2214 poenam

385 2226 482 2283 hic
508 2240 628 2284 nox
657 2223 1021 2297 intelligitur,
1060 2223 1171 2282 nisi
1199 2222 1483 2294 diabolus,
1516 2223 1619 2298 qui
1658 2232 1858 2284 auctor
1897 2230 1980 2283 est
2018 2232 2102 2283 te-
2185 2228 2424 2300 inferni,
2453 2230 2697 2304 gloriam
2727 2229 2891 2303 regni
2928 2229 3125 2288 animo
3162 2228 3499 2286 irreverenti
3528 2234 3585 2286 et
3612 2229 3902 2290 intrunito

390 2313 705 2372 nebrarum
725 2311 753 2371 ?
773 2312 876 2386 qui
900 2310 1177 2371 nimirum
1204 2311 1630 2387 quodammodo
1653 2320 1794 2371 tunc
1821 2312 2101 2384 ambulat,
2185 2325 2664 2391 contempseram,
2697 2323 2930 2392 paratus
2954 2333 3105 2381 sum.
3131 2323 3187 2376 et
3216 2331 3334 2375 non
3365 2332 3497 2375 sum
3524 2317 3809 2389 turbatus,
3840 2326 3908 2378 ut

389 2416 526 2460 cum
556 2415 674 2459 non
709 2400 877 2458 facile
903 2399 1053 2458 valet
1091 2400 1335 2472 implere
1367 2400 1522 2474 quod
1568 2408 1754 2475 optat;
1793 2409 1929 2461 tunc
1968 2417 2103 2460 vero
2184 2407 2505 2465 custodiam
2538 2406 2812 2465 mandata
2853 2405 3087 2464 Domini
3117 2407 3285 2471 (Psat.
3314 2407 3549 2476 CXVIII).
3584 2404 3751 2464 Intus
3779 2413 3907 2464 erat

386 2489 585 2560 currit,
635 2504 770 2548 cum
822 2487 1062 2546 malitias
1121 2503 1246 2547 suae
1299 2495 1435 2547 vota
1487 2487 1707 2564 absque
1776 2488 1899 2548 ullo
1964 2504 2101 2548 (ξου-
2184 2511 2363 2554 urens
2390 2493 2744 2555 conscientia
2776 2495 2974 2555 multis
3004 2493 3277 2554 obvoluta
3299 2493 3664 2564 criminibus,
3694 2501 3750 2553 et
3774 2496 3910 2554 arti-

390 2580 745 2640 tradictionis
797 2579 1088 2638 obstaculo
1146 2577 1394 2653 perﬁcit;
1463 2587 1519 2637 et
1597 2595 1713 2638 non
1780 2581 1903 2655 jam
1966 2581 2101 2639 vitm
2182 2583 2381 2643 ﬁcioso
2409 2583 2698 2643 velamine
2727 2582 3133 2643 detestandum
3163 2582 3463 2642 silentium
3497 2581 3744 2656 diligens
3767 2582 3908 2657 plus

389 2668 733 2742 marginem,
784 2668 884 2727 sed
936 2666 1198 2726 medium
1237 2667 1347 2726 iter
1392 2673 1562 2738 tenet,
1598 2670 1740 2728 dum
1792 2668 1942 2727 nihil
1989 2668 2102 2727 sibi
2182 2672 2432 2746 elegerat
2479 2674 2624 2732 mori
2672 2688 2848 2747 quam
2896 2671 3076 2747 loqui,
3108 2671 3294 2746 perire
3328 2686 3522 2746 'quam
3570 2670 3777 2729 redire.
3811 2669 3912 2731 Sic

390 2756 549 2815 videt
606 2772 927 2828 occurrere,
985 2756 1138 2831 quod
1193 2755 1283 2815 sui
1333 2772 1540 2816 cursus
1586 2757 1870 2830 impetum
1919 2756 2105 2815 valeat
2185 2761 2585 2821 obdurationis
2617 2777 2741 2821 sum
2773 2760 2998 2835 legibus
3037 2775 3247 2834 pressa,
3280 2757 3475 2819 oculos
3514 2774 3649 2818 suos
3687 2764 3909 2819 statue-

392 2843 702 2902 retardare.
2187 2858 2273 2910 rat
2324 2851 2617 2911 declinare
2667 2852 2729 2909 in
2780 2857 3010 2909 terram.
3045 2848 3157 2910 Sed
3219 2848 3321 2908 ille
3372 2848 3473 2923 qui
3525 2862 3641 2906 non
3691 2848 3911 2908 dormit

467 2932 612 2990 Cum
643 2930 820 3004 igitur
848 2932 960 2991 sub
989 2939 1103 2991 tam
1144 2934 1322 2993 noxio
1356 2934 1614 2993 mundus
1650 2934 1884 2993 silentio
1920 2934 2106 2993 conti-
2188 2956 2377 3015 neque
2428 2940 2717 3012 dormitat,
2747 2938 3015 3013 pauperis
3064 2937 3278 2996 animas
3333 2935 3679 3005 recordatus,
3709 2952 3906 3010 εει-εδ-

396 3025 663 3091 cesceret,
690 3025 746 3077 et
772 3018 896 3076 haec
923 3019 995 3077 ad
1022 3019 1342 3093 perdendos
1372 3022 1638 3080 homines
1666 3023 1889 3081 occasio
1916 3022 2108 3083 diabo-
2126 3081 2168 3103 η
2191 3046 2294 3090 sus
2319 3037 2405 3089 est
2432 3029 2676 3103 ﬂagellis
2712 3029 2945 3088 vincere
2981 3042 3159 3103 quam
3190 3027 3421 3085 vincere
3457 3025 3752 3085 beneﬂciis
3785 3041 3905 3086 non

397 3108 524 3168 lum
552 3112 902 3181 provocaret,
928 3106 1027 3165 ille
1067 3123 1181 3166 non
1213 3111 1384 3169 modo
1415 3110 1673 3169 medium
1705 3110 1813 3169 iter
1836 3106 2169 3181 habebat,“
2192 3119 2437 3178 valebat.
2497 3119 2672 3177 Adest
2725 3117 2826 3177 illa
2880 3116 3137 3175 maxima
3191 3115 3383 3184 febris,
3433 3130 3609 3187 quam
3673 3121 3906 3174 acutam

401 3201 579 3259 sedet
607 3199 898 3273 currebat,
926 3201 1066 3274 quia
1102 3202 1389 3278 quidquid
1434 3203 1709 3279 nequitiaa
1742 3219 1867 3263 suae
1914 3210 2109 3262 mente
2190 3208 2417 3283 physici
2463 3207 2789 3277 nominant,
2843 3211 2900 3265 et
2949 3205 3229 3264 membris
3275 3203 3552 3264 omnibus
3610 3203 3906 3279 profusius

400 3296 753 3363 conceperat,
782 3287 1082 3348 efﬁcaciter
1099 3289 1467 3365 adimplebat.
1500 3292 1649 3351 Nam
1678 3298 1734 3352 et
1767 3299 1971 3352 cuncta
1984 3291 2107 3365 jam
2192 3296 2495 3371 superfusa
2542 3293 2687 3353 216
2743 3295 3059 3357 miserabili
3105 3292 3327 3370 corpori
3373 3293 3603 3353 insedit.
3638 3292 3904 3369 Exagge-

402 3376 731 3435 Romanum
760 3377 1073 3451 occupabat
1098 3378 1432 3452 imperium,
1464 3386 1519 3438 et
1557 3396 1787 3440 necesse
1823 3388 1944 3441 erat
1988 3396 2105 3454 eos,
2190 3391 2351 3444 ratur
2377 3385 2554 3457 calor,
2584 3393 2638 3444 et
2667 3384 2730 3444 in
2774 3386 2957 3459 ipsam
2987 3383 3201 3443 animm
3232 3381 3424 3441 sedem
3456 3382 3610 3455 ignis
3647 3382 3905 3442 furiosus

403 3464 505 3537 qui
533 3463 717 3538 legem
755 3464 860 3523 Dei
904 3470 1145 3524 eatenus
1184 3466 1386 3525 saltem
1437 3473 1733 3542 utcunque
1782 3477 2105 3543 tenuerant,
2192 3474 2481 3548 irrumpit.
2511 3475 2643 3535 Jam
2673 3474 2922 3533 ﬂammis
2944 3473 3251 3533 ultricibus
3274 3470 3560 3546 peccantis
3583 3470 3904 3530 substantia

397 3552 516 3627 jam
542 3552 775 3612 subesse
803 3553 1029 3628 legibus
1057 3563 1436 3631 paganorum.
1467 3556 1589 3618 Sub
1616 3559 1796 3633 igitur
1814 3562 2113 3635 pereuntis

404 3643 609 3702 mundi
626 3643 854 3704 silentio
877 3661 1066 3705 sermo
1083 3645 1316 3706 Domini
1335 3663 1369 3706 a
1396 3644 1541 3703 215
1564 3648 1857 3722 regalibus
1878 3650 2113 3710 sedibus

404 3732 583 3803 venit,
636 3733 774 3809 quia
823 3733 896 3793 de
945 3735 1268 3810 pectoribus
1342 3737 1689 3810 apostolicis,
1755 3754 1891 3813 quae
1963 3739 2114 3813 regis

314 3824 319 3827 ’
406 3822 607 3880 aeterni
683 3823 962 3883 veraciter
1025 3825 1188 3884 sedes
1244 3830 1405 3897 sunt,
1467 3825 1706 3885 verbum
1764 3829 2113 3902 evangelicae

406 3911 826 3984 praedicationis
852 3913 1057 3989 erupit.
1101 3914 1218 3989 Ipsi
1257 3914 1470 3991 quippe
1507 3915 1724 3989 regales
1763 3924 1899 3975 sunt
1928 3918 2110 3991 sedes,

407 4016 554 4074 quas
597 4001 752 4061 Deus
790 4003 1094 4076 inhabitat,
1130 4004 1239 4078 ipsi
1276 4022 1455 4080 reges,
1486 4012 1541 4064 et
1581 4006 1774 4065 Patres
1821 4006 2109 4079 Ecclesiae,

408 4089 556 4147 sicut
593 4089 843 4149 dicitur:
888 4114 910 4144 ι
955 4092 1157 4152 Omnis
1196 4094 1379 4168 gloria
1430 4095 1555 4168 ejus
1602 4095 1741 4154 tilias
1787 4110 1989 4167 regum
2041 4097 2115 4155 ab

410 4177 569 4235 intus
622 4180 784 4249 (Psal.
822 4183 1000 4255 XLIV).
1039 4203 1065 4235 »
1126 4181 1223 4240 Isti
1270 4199 1406 4242 sane
1457 4199 1620 4257 reges
1664 4186 1872 4243 armati
1925 4185 2117 4260 gladio

2192 3565 2600 3638 conﬂagratur,
2632 3570 2687 3622 et
2713 3563 3082 3623 aeternalium
3111 3561 3287 3621 sentit
3323 3558 3606 3634 praeludis
3650 3567 3904 3619 tormen-

2195 3659 2406 3711 torum.
2460 3651 2798 3726 Intelligens
2874 3651 3053 3725 igitur
3123 3649 3262 3725 quia
3320 3668 3348 3701 α
3394 3646 3755 3708 horrendum
3823 3652 3909 3707 est

2196 3739 2450 3798 incidere
2476 3739 2538 3797 in
2568 3755 2777 3799 manus
2808 3739 2910 3798 Dei
2937 3739 3186 3799 viventis
3216 3740 3402 3807 (Hebr.
3435 3741 3521 3807 X),
3558 3759 3579 3786 ιι
3626 3735 3905 3810 multipli-

2197 3831 2425 3890 citatem
2476 3830 2800 3889 facinorum
2839 3845 3102 3889 meorum
3143 3827 3429 3901 recolligo,
3458 3827 3757 3884 confessus
3795 3824 3907 3895 illi,

2197 3934 2370 3993 quem
2408 3918 2611 3977 electio
2664 3926 2904 3992 patrem,
2946 3917 3202 3976 amicitia
3249 3914 3502 3989 ﬁdelem,
3551 3913 3911 3973 familiaritas

2195 4012 2518 4066 consortem
2542 4006 2728 4065 effecit
2755 4008 2794 4080 (1
2814 4006 2913 4079 l3).
2941 4005 3151 4064 Utrum
3182 4003 3368 4062 taliter
3396 4001 3753 4076 responderit
3776 4014 3913 4072 qua-

2200 4096 2331 4155 liter
2366 4110 2470 4168 ego
2518 4096 2912 4165 clamaverim,
2958 4096 3084 4168 ejus
3119 4092 3451 4151 discretioni
3489 4090 3691 4150 censui
3731 4089 3910 4149 relin-

2198 4184 2522 4259 quendum.
2552 4184 2620 4242 In
2673 4184 2959 4258 proposito
3008 4198 3137 4240 meo
3192 4187 3278 4238 est
3330 4185 3386 4239 et
3442 4178 3728 4253 praeterita
3786 4191 3912 4234 mea

410 4265 668 4339 spiritus,
692 4267 849 4341 quod
874 4274 958 4325 est
988 4269 1232 4329 verbum
1256 4270 1356 4329 Dei
1385 4274 1598 4344 (Ephes.
1628 4275 1731 4344 VI),
1756 4272 2120 4334 debellarth
2200 4274 2472 4349 plangere
2505 4279 2561 4331 et
2587 4287 2787 4331 cavere
2810 4273 3028 4331 futura.
3064 4270 3247 4329 Donet
3272 4269 3371 4326 ille
3398 4264 3911 4342 perseverantiam,

412 4351 729 4430 principem
793 4355 1015 4415 mundi.
1080 4356 1155 4415 De
1215 4374 1330 4432 quo
1386 4361 1672 4420 nimirum
1722 4361 2111 4435 apostolorum

2202 4362 2305 4437 qui
2356 4360 2765 4437 negligentiam
2822 4359 3115 4419 excitavit.
3161 4357 3227 4416 In
3270 4356 3455 4430 ipsius
3497 4352 3909 4424 misericordia,

410 4443 603 4517 gladio
636 4442 846 4518 legitur
879 4464 890 4503 :
929 4466 957 4498 ι(
991 4446 1184 4506 Durus
1209 4448 1522 4511 debellator
1555 4452 1613 4511 in
1646 4452 1894 4511 mediam
1923 4441 2170 4512 exter—D
2196 4466 2311 4510 non
2342 4449 2401 4508 in
2432 4449 2655 4525 justitia
2679 4465 2786 4508 sua
2812 4447 3051 4507 conﬁdit
3074 4461 3277 4505 servus
3304 4460 3467 4513 suus,
3498 4446 3564 4502 ut
3587 4456 3812 4501 memor
3837 4440 3916 4499 sit

413 4532 584 4591 minii
612 4538 817 4591 terram
850 4534 1155 4608 prosilivit,
1198 4535 1431 4610 gladius
1466 4547 1674 4600 acutus
1709 4540 2113 4601 insimulatum

413 4621 722 4697 imperium
782 4629 946 4684 tuum
1009 4632 1264 4701 portans,
1305 4635 1360 4686 et
1418 4636 1575 4689 stans
1629 4630 1870 4705 replevit
1919 4631 2116 4690 omnia

415 4718 615 4784 morte,
644 4720 698 4772 et
728 4730 911 4789 usque
951 4716 1021 4775 ad
1073 4717 1284 4777 coelum
1320 4719 1635 4794 attingebat
1671 4727 1827 4778 stans
1869 4721 1929 4778 in
1968 4727 2115 4779 terra

412 4804 560 4875 (Sap.
588 4806 781 4877 XVIII).
819 4828 840 4856 ι

481 4891 729 4951 Istorum
800 4896 995 4970 itaque
1067 4912 1287 4969 regum,
1343 4896 1726 4966 dilectissimi,
1800 4897 2119 4955 subdamur

410 4982 691 5055 imperiis,
737 4997 938 5042 eorum
982 4986 1328 5060 magisteriis
1379 4987 1611 5056 instrui,
1668 5002 1871 5045 eorum
1927 4995 2119 5061 patro-

411 5071 582 5129 ciniis
636 5071 995 5132 elaboremus
1044 5074 1300 5143 absolvi;
1358 5086 1668 5150 quatenus,
1730 5075 1978 5135 absoluti
2024 5091 2120 5149 per

410 5178 738 5222 concessam
785 5163 965 5222 beatis
1019 5166 1289 5237 apostolis
1335 5166 1753 5235 auctoritatem,
1806 5165 1874 5222 ad
1926 5166 2118 5239 ipsum

411 5254 737 5327 apostolicae
775 5252 1071 5327 dignitatis
1107 5253 1546 5314 introducamur
1581 5259 1874 5314 auctorem
1919 5253 2120 5313 Domi—

413 5356 555 5400 num
586 5349 847 5401 nostrum
874 5342 1071 5402 Jesum
1106 5341 1419 5412 Christum,
1439 5342 1541 5417 qui
1568 5358 1702 5403 cum
1734 5342 1845 5401 Deo
1882 5341 2043 5400 Patre
2064 5349 2121 5401 et

2200 4540 2607 4599 mandatorum
2651 4538 2835 4613 ipsius
2866 4553 2985 4596 non
3028 4536 3221 4596 solum
3263 4534 3333 4593 ad
3386 4529 3780 4602 scribendum,
3811 4532 3913 4590 sed

2197 4628 2268 4687 ad
2300 4627 2629 4686 faciendum
2678 4641 2763 4685 ea.
2790 4625 2930 4683 Haec
2965 4640 3101 4698 ergo
3139 4638 3312 4683 causa
3348 4620 3454 4680 fuit
3489 4616 3681 4693 operis
3732 4618 3911 4677 inter-

2199 4715 2373 4790 rupti.
2407 4714 2549 4774 Hasc
2591 4718 2764 4773 tantm
2801 4712 3206 4773 taciturnitatis
3234 4708 3485 4779 occasio;
3530 4721 3690 4767 nunc
3737 4706 3916 4781 igitur

2200 4804 2521 4863 scribemus
2592 4807 2748 4862 tanto
2831 4802 3024 4864 laetius
3053 4848 3068 4876 ,
3123 4807 3340 4880 quanto
3409 4801 3712 4869 securius,
3776 4812 3913 4858 cum

2202 4909 2503 4953 summum
2540 4892 2869 4968 periculum
2906 4893 2981 4952 sit
3012 4893 3236 4963 docere,
3275 4908 3381 4951 nec
3414 4892 3636 4959 facere;
3676 4904 3781 4948 nec
3824 4891 3913 4946 at-

2201 4984 2472 5044 tendatur
2510 4985 2604 5042 hic
2640 4983 2777 5057 styli
2826 4982 3210 5043 lenocinantis
3244 4998 3551 5054 excursus,
3590 4994 3723 5040 cum
3760 4992 3914 5037 veras

2203 5074 2501 5146 religionis
2527 5073 2600 5130 sit
2623 5072 2950 5131 eventilatis
2974 5072 3228 5131 caruisse
3249 5070 3639 5141 sermonibus,
3660 5084 3768 5127 nec
3790 5080 3914 5125 ver-

2202 5166 2411 5224 borum
2439 5163 2686 5239 gloriam
2712 5163 2987 5223 redolere.

2272 5254 2360 5313 Ad
2400 5269 2643 5313 manum
2674 5260 2756 5312 est
2805 5253 2981 5328 patris
3020 5252 3200 5311 nostri
3254 5247 3499 5308 Victoris
3553 5245 3913 5314 solemnitas,

2201 5341 2273 5401 ad
2319 5341 2487 5416 cujus
2539 5340 2990 5401 sacratissimum
3042 5352 3269 5413 corpus,
3324 5337 3373 5397 si
3433 5351 3570 5397 vera
3619 5341 3704 5397 est
3759 5333 3914 5393 anti-

477 5527 608 5593 (H3)
634 5530 703 5582 En
726 5529 895 5584 habes
924 5530 1014 5582 hic
1047 5528 1446 5583 confessionem
1470 5527 1917 5585 sacramentalem
1946 5527 2141 5583 factum
2163 5528 2457 5585 sacerdoti.
