4178 6438
142 233 255 296 733

1655 243 1903 304 SEHMO
1943 247 2153 310 XLIII.

3555 253 3657 314 734

140 359 386 454 guitatis
422 359 586 454 ﬁdes,
633 360 893 454 quotidie
929 363 1271 424 residemus.
1317 365 1427 426 Hic
1474 374 1560 426 est
1604 367 1712 438 vir,
1760 369 2337 454 quiAmedioterra
2377 375 2542 447 (Psal.
2588 376 2822 446 LXXIII).
2864 374 3059 434 Terra
3113 375 3314 450 utique
3357 375 3543 450 illius,
3583 379 3654 438 de

140 449 201 506 in
276 448 486 507 virtute
530 448 764 506 Domini
805 450 1089 510 virtutum
1151 454 1334 527 signis
1399 463 1456 514 et
1495 456 1864 516 mirabilibus

137 538 430 613 gloriosus
472 537 710 609 effulsit,
766 542 1040 614 apostolis
1088 550 1142 602 et
1191 547 1516 620 apostolicis
1562 547 1705 606 viris
1758 549 1865 607 mi-

139 629 476 686 raculorum
509 628 693 701 gloria
731 633 1174 704 comparandus.
1219 634 1360 704 Qua
1388 644 1442 694 et
1472 644 1687 710 quanta
1721 640 1862 711 sint,

137 722 195 774 et
252 723 473 788 quanta
526 715 877 775 sublimitate
945 718 1245 792 fulgentia,
1315 722 1548 783 libellus
1611 727 1681 783 de
1745 727 1863 785 vita

137 815 195 868 et
243 816 377 868 ortu
416 809 540 882 ejus
588 808 761 867 latius
809 818 1079 869 exaratus
1120 812 1330 870 sufﬁcit
1377 815 1652 873 indicare.
1710 816 1864 875 Huic

142 899 542 972 significanter
585 899 868 972 assignari
909 908 1092 974 potest
1129 902 1270 961 illud
1314 905 1466 976 quod
1518 906 1578 963 in
1634 907 1733 964 illa
1769 925 1862 966 so-

145 987 332 1046 lemni
391 987 612 1047 visione
663 989 868 1060 angelo
931 989 1143 1062 Ephesi
1209 991 1475 1052 Ecclesia
1545 995 1858 1055 scribitur:

147 1096 176 1128 «
209 1075 479 1134 Vincenti
519 1076 668 1134 dabo
719 1077 889 1134 edere
935 1077 1005 1134 de
1053 1078 1212 1150 ligno
1259 1081 1417 1150 vita,
1461 1084 1612 1156 quod
1666 1091 1748 1141 est
1798 1085 1858 1142 in

144 1165 416 1238 paradiso
465 1164 575 1222 Dei‘
604 1165 717 1222 mei
766 1167 960 1236 (Apoc.
1009 1173 1094 1234 II).
1138 1193 1158 1216 υ
1195 1167 1323 1240 Ipse
1373 1170 1606 1240 etenim,
1651 1188 1858 1231 nomen

146 1267 221 1309 ex
267 1268 440 1327 opere
490 1252 744 1320 sortitus,
786 1259 920 1309 ante
959 1253 1096 1311 vicit
1132 1269 1309 1328 quam
1335 1258 1579 1329 _vincere
1630 1269 1858 1323 nosset;

147 1356 254 1400 nec
331 1342 653 1416 quemlibet
727 1342 970 1411 hostem,
1039 1343 1136 1400 sed
1204 1345 1373 1404 illum
1441 1348 1510 1406 de
1571 1365 1688 1422 quo
1737 1367 1863 1409 rara

146 1436 201 1489 et
253 1446 559 1505 nunquam
602 1432 801 1488 secura
851 1430 1108 1489 victoria.
1161 1433 1411 1506 Lignum
1460 1435 1592 1495 vita
1637 1444 1722 1496 est
1773 1455 1862 1497 sa-

146 1522 387 1596 pientia,
441 1522 512 1580 de
563 1523 738 1594 cujus
799 1522 992 1580 fructu
1067 1530 1124 1581 et
1182 1524 1274 1582 hic
1340 1526 1400 1584 in
1459 1542 1577 1600 spe,
1635 1535 1690 1586 et
1743 1529 1863 1587 illic

147 1610 458 1668 manducat
500 1609 564 1666 in
610 1625 690 1678 re,
734 1609 924 1668 fructu
966 1611 1168 1685 utique
1195 1613 1450 1686 specioso
1489 1624 1544 1672 et
1579 1616 1857 1688 pretioso;

1947 475 2063 535 qua
2101 463 2377 536 scriptum
2422 470 2546 521 est:
2574 462 2806 521 «Nemo
2856 469 2976 520 erat
3024 463 3125 536 qui
3173 471 3506 538 Operaretur
3549 472 3657 526 ter-

1950 567 2074 610 ram
2103 555 2254 622 (Gen.
2287 559 2368 624 Il).
2407 579 2426 606 ι
2460 555 2558 612 Est
2590 555 2763 613 etiam
2794 555 2852 612 in
2885 553 3074 613 medio
3102 554 3394 626 Ecclesia,
3427 555 3652 615 dicente

1951 641 2254 702 Psalmista
2293 664 2304 702 :
2345 668 2370 694 «
2399 644 2788 704 Sanctiﬁcavit
2839 644 3275 703 tabernaculum
3329 661 3501 704 suum
3559 647 3658 704 Al-

1949 731 2434 793 tissimuszDeus
2488 734 2548 790 in
2606 733 2798 790 medio
2851 732 2975 806 ejus
3025 748 3138 790 non
3194 735 3653 794 commovebitur

1946 824 2095 878 Psal.
2117 825 2302 892 XLIII).
2323 844 2349 873 »

2020 910 2374 984 Colligamus
2427 926 2605 984 pauca
2640 911 2711 969 de
2765 911 3052 984 pluribus,
3102 911 3351 994 qualiter
3398 911 3659 971 Salvator

1947 998 2174 1057 medius
2223 1000 2314 1069 sit,
2356 1007 2410 1057 et
2449 1015 2674 1073 semper
2711 1000 2770 1057 in
2813 1000 3002 1058 medio
3045 1001 3327 1059 videatur.
3385 1027 3409 1048 «
3443 999 3656 1074 Vulpes

1947 1087 2139 1144 foveas
2189 1087 2420 1151 habent,
2473 1094 2526 1145 et
2575 1088 2839 1146 volucres
2887 1088 3018 1146 cali
3068 1088 3236 1146 nidos
3277 1091 3421 1158 (Luc.
3465 1090 3588 1158 IX);
3625 1112 3651 1139 ι»

1948 1174 2070 1248 ipse
2126 1191 2241 1234 non
2294 1178 2460 1234 habet
2515 1177 2742 1247 nidum,
2803 1177 3025 1234 foveam
3075 1177 3319 1252 ignorat,
3367 1176 3648 1251 angulum

1946 1267 2164 1336 nescit;
2233 1269 2419 1326 locum
2464 1268 2632 1326 illum
2687 1267 2859 1340 elegit
2913 1268 3068 1326 unde
3114 1276 3301 1342 pateat
3356 1269 3649 1337 omnibus,

1946 1354 2183 1412 exclusa
2233 1371 2613 1429 personarum
2657 1355 3003 1426 acceptione.
3048 1357 3312 1430 Denique
3356 1363 3412 1414 et
3455 1362 3648 1428 natus,
3723 1407 3730 1414 .

1945 1444 2166 1517 positus
2199 1453 2283 1503 est
2321 1447 2381 1504 in
2430 1445 2620 1504 medio
2647 1446 2899 1504 duorum
2928 1446 3296 1518 animalium,
3338 1453 3393 1504 et
3437 1447 3649 1519 quasi-

1945 1537 2041 1589 tus
2067 1533 2369 1590 invenitur
2394 1533 2453 1590 in
2488 1533 2677 1591 medio
2705 1533 3005 1592 doctorum
3039 1537 3187 1604 (Luc.
3218 1538 3276 1595 IIl
3303 1553 3316 1590 :
3341 1540 3395 1592 et
3424 1534 3652 1592 medius

1942 1619 2281 1678 Judaorum
2314 1626 2440 1687 stat,
2482 1637 2657 1695 quem
2704 1621 2813 1694 ipsi
2855 1622 3136 1680 nesciunt.
3179 1621 3457 1696 Loquitur
3489 1627 3545 1680 et
3580 1622 3649 1678 ad

144 1699 402 1773 specioso
458 1705 685 1773 propter
740 1700 1006 1772 speciem,
1077 1702 1322 1774 pretioso
1372 1714 1599 1778 propter
1649 1707 2255 1784 utilita—Bdiscipulos
2283 1729 2294 1767 :
2327 1731 2354 1763 α
2390 1710 2499 1768 Ubi
2529 1710 2663 1780 duo,
2691 1711 2782 1767 vel
2825 1717 2936 1767 tres
2973 1709 3302 1781 congregati
3341 1709 3558 1768 fuerint
3588 1710 3648 1767 in

145 1796 300 1846 tem.‘
345 1788 485 1846 Hac
542 1796 626 1845 est
685 1787 786 1845 illa
843 1788 1114 1847 sublimis
1173 1792 1364 1862 arbor,
1428 1795 1593 1868 cujus
1649 1797 1855 1854 umbra

148 1883 395 1946 montes,
453 1884 507 1936 et
567 1878 801 1938 arbusta
857 1880 1056 1939 cedros
1124 1881 1223 1939 Dei
1279 1891 1635 1956 operuerunt
1683 1889 1851 1954 (Psal.

147 1970 389 2033 LXXXI).
438 1965 656 2025 Cedrus
705 1967 932 2039 Libani,
981 1984 1113 2042 qua
1168 1985 1389 2030 ramosa
1431 1973 1710 2032 densitate
1747 1991 1854 2032 an-

144 2055 359 2129 gelicas
400 2057 734 2128 perumbrat
781 2058 1071 2115 stationes.
1119 2057 1239 2116 Sub
1289 2061 1491 2118 umbra
1541 2063 1718 2136 hujus
1759 2080 1856 2122 ar-

146 2147 301 2206 boris
362 2147 518 2205 sedet
569 2162 797 2221 sponsa,
841 2155 896 2206 et
945 2149 1168 2208 fructus
1219 2153 1345 2222 ejus
1398 2152 1583 2211 dulcis
1636 2156 1855 2228 gutturi

145 2250 252 2295 suo
285 2238 461 2303 (Cant.
504 2244 584 2294 IIl.
630 2236 781 2294 Huic
811 2236 1098 2297 dicimus:
1128 2238 1193 2296 In
1230 2240 1436 2299 umbra
1467 2249 1564 2300 tua
1591 2245 1858 2302 vivemus

142 2324 298 2383 inter
341 2331 557 2397 gentes.
608 2325 797 2398 Hujus
845 2329 1252 2389 umbraculum
1305 2333 1548 2404 protegit
1595 2332 1668 2390 ab
1712 2341 1856 2394 astu

145 2413 262 2472 diei
308 2414 368 2470 in
422 2414 805 2482 securitatem,
856 2422 912 2473 et
963 2417 1396 2476 absconsionem
1431 2436 1461 2476 a
1501 2421 1755 2488 turbine,
1805 2431 1858 2482 et

146 2519 180 2558 a
237 2501 439 2574 pluvia
489 2505 612 2576 (Isa.
676 2504 773 2575 Iv).
822 2503 944 2562 Hoc
993 2512 1077 2563 est
1131 2505 1280 2564 illud
1331 2523 1579 2579 granum
1643 2511 1859 2585 sinapis

145 2590 297 2664 quod
352 2589 413 2647 in
467 2595 631 2649 utero
681 2591 936 2663 Virginis
985 2593 1087 2652 Dei
1128 2593 1311 2657 Patris
1361 2597 1630 2655 manibus
1683 2600 1857 2656 semi-

148 2684 373 2748 natum,
447 2678 643 2737 minus
700 2679 808 2738 fuit
877 2681 1152 2739 omnibus
1202 2681 1460 2742 oleribus
1508 2690 1698 2754 terra,
1759 2688 1856 2745 sed

147 2767 207 2825 in
258 2773 478 2824 tantam
535 2767 900 2827 altitudinem
953 2772 1307 2840 exsurrexit,
1363 2779 1425 2830 ut
1475 2773 1712 2832 veniant
1770 2792 1860 2835 vo-

147 2854 340 2914 lucres
369 2855 528 2924 eali,
564 2861 621 2914 et
665 2857 924 2916 habitent
954 2859 1011 2917 in
1044 2860 1220 2918 ramis
1257 2861 1382 2934 ejus
1426 2866 1648 2926 (Matth.
1686 2871 1856 2934 XIII);

151 2943 398 3018 lignum,
446 2946 602 3021 quod
653 2947 975 3021 plantatum
1020 2957 1103 3008 est
1149 2966 1313 3009 secus
1351 2952 1631 3010 decursus
1679 2969 1886 3029 aqua-~-

1944 1797 2181 1854 nomine
2207 1811 2356 1865 meo,
2380 1796 2459 1854 ibi
2483 1813 2614 1855 sum
2636 1798 2694 1854 in
2728 1797 2918 1854 medio
2935 1811 3133 1854 eorum
3155 1799 3368 1868 (Matth.
3400 1805 3590 1869 XVIII).
3625 1821 3646 1846 η

1947 1885 2015 1941 Et
2049 1909 2062 1941 :
2100 1908 2125 1933 α
2163 1885 2282 1956 Ego
2319 1886 2380 1942 in
2423 1883 2610 1943 medio
2652 1893 2908 1942 vestrum
2957 1900 3108 1955 sum,
3155 1883 3300 1943 sicut
3339 1886 3441 1958 qui
3483 1885 3654 1942 mini-

1946 1979 2084 2030 strat
2133 1977 2282 2041 (Luc.
2334 1977 2505 2037 XXII).
2543 1996 2568 2022 η
2617 1972 2945 2031 Grueitixus
2989 1979 3075 2030 est
3121 1972 3293 2030 etiam
3345 1972 3402 2030 in
3464 1973 3652 2031 medio

1944 2062 2197 2119 duorum
2238 2061 2568 2120 latronum:
2605 2077 2910 2135 resurgens
2949 2061 3103 2120 stetit
3139 2061 3198 2118 in
3244 2061 3434 2119 medio
3476 2061 3650 2119 disci-

1946 2149 2217 2223 pulorum
2247 2165 2483 2208 suorum
2513 2152 2686 2220 (Joan.
2719 2163 2848 2215 XIX,
2892 2152 3029 2222 XX);
3067 2155 3124 2206 et
3153 2167 3186 2206 a
3225 2149 3445 2209 Joanne
3491 2151 3651 2210 visus

1947 2247 2032 2299 est
2059 2241 2116 2298 in
2152 2241 2340 2298 medio
2368 2248 2582 2312 septem
2612 2241 3092 2299 randelabrorum
3122 2257 3433 2300 aureorum
3461 2243 3648 2315 (Apoc.

1948 2335 2009 2400 I).
2065 2331 2290 2388 Medius
2339 2347 2474 2402 ergo
2520 2330 2776 2389 medium
2831 2346 3094 2403 sequere,
3158 2346 3261 2388 nec
3303 2332 3652 2404 angulorum

1949 2419 2235 2484 sordibus,
2283 2436 2390 2478 nec
2429 2423 2729 2478 fovearum
2780 2419 3031 2477 tenebris
3069 2420 3398 2490 delecteris;
3435 2421 3533 2478 sed
3563 2420 3656 2478 dic

1948 2522 2081 2563 cum
2117 2507 2275 2578 justo
2309 2531 2320 2563 :
2359 2529 2385 2559 «
2420 2507 2484 2565 In
2531 2507 2722 2565 medio
2777 2507 3043 2565 Ecclesia
3091 2508 3334 2566 laudabo
3385 2516 3437 2566 te
3476 2512 3648 2579 (Psal.

1949 2600 2102 2662 XXI).
2133 2615 2160 2647 »
2210 2595 2332 2653 Hoc
2385 2603 2471 2652 est
2521 2595 2699 2667 igitur
2749 2595 2974 2669 lignum
3029 2597 3163 2654 vita
3213 2596 3535 2670 plantatum
3589 2597 3648 2654 in

1949 2684 2139 2742 medio
2165 2683 2410 2754 paradisi
2461 2684 2608 2755 (Gen.
2640 2685 2719 2750 II),
2770 2685 2940 2742 arbor
2965 2684 3292 2754 aromatica,
3326 2685 3663 2757 purissima,

1948 2774 2342 2833 balsamorum
2375 2773 2550 2830 mella
2577 2773 2884 2832 distillans.
2919 2774 3006 2832 Ex
3047 2774 3222 2848 hujus
3257 2773 3478 2831 arboris
3514 2773 3660 2832 sub-

1951 2864 2157 2922 stantia
2185 2862 2645 2937 septemplicium
2679 2879 2976 2922 ramorum
3006 2879 3216 2922 corona
3244 2863 3657 2936 progerminat,

1951 2952 2011 3011 in
2063 2968 2312 3026 quorum
2365 2952 2695 3010 summitate
2744 2952 2964 3010 fructus
2997 2952 3084 3009 illi
3122 2952 3466 3025 dependent,
3517 2966 3664 3025 quos

156 3050 286 3135 rum
319 3038 492 3101 (Psal.
535 3041 596 3107 I),
649 3036 866 3110 lignum
921 3038 1054 3096 vita
1097 3037 1160 3096 in
1199 3039 1390 3098 medio
1428 3043 1669 3112 paradisi
1710 3046 1856 3115 (Gen.
1888 3076 1932 3135 ο
1953 3041 2201 3135 calestis
2231 3039 2329 3135 illa
2359 3040 2573 3135 listula,
2606 3039 2821 3098 Paulus
2851 3041 3163 3114 apostolus,
3196 3040 3389 3098 verbis
3422 3040 3663 3116 elegan-

160 3127 260 3191 Ill).

232 3214 300 3273 Et
323 3214 551 3273 attende
573 3230 852 3288 magnum
883 3223 1328 3276 sacramentum.
1363 3219 1550 3278 Filius
1579 3221 1681 3280 Dei
1716 3227 1867 3281 totus

161 3309 212 3361 et
252 3303 476 3374 integer
508 3309 801 3362 eructatus
841 3309 927 3362 est
968 3305 1038 3362 de
1085 3307 1253 3364 corde
1302 3306 1487 3366 Patris
1528 3310 1589 3366 in
1636 3316 1864 3369 uterum

158 3392 372 3464 Maria,
425 3394 498 3451 de
558 3399 756 3452 ventre
807 3394 1005 3452 Matris
1073 3395 1134 3452 in
1207 3397 1492 3465 gremium
1571 3399 1861 3457 Ecclesia.

151 3483 410 3554 Quantus
455 3485 515 3542 in
567 3483 748 3553 Patre,
809 3489 1001 3542 tantus
1046 3485 1105 3542 in
1164 3485 1438 3556 Virgine;
1501 3494 1755 3558 quantus
1801 3488 1862 3545 in

156 3572 408 3646 Virgine,
438 3579 638 3630 tantus
671 3572 729 3629 in
763 3572 1031 3630 Ecclesia
1071 3574 1314 3630 unitate.
1347 3573 1414 3632 In
1446 3574 1615 3632 Patre
1657 3577 1861 3634 inctl‘a-

150 3661 360 3731 biliter,
392 3661 450 3719 in
485 3660 664 3719 Matre
701 3661 1065 3731 mirabiliter,
1092 3661 1466 3735 singulariter
1495 3663 1555 3721 in
1586 3665 1857 3724 Ecclesia.

150 3750 293 3809 Cum
349 3749 514 3808 Patre
566 3750 824 3823 ejusdem
878 3757 933 3808 et
985 3751 1229 3826 aqualis
1291 3752 1666 3824 substantia;
1727 3770 1861 3812 cum

150 3839 328 3898 Matre
370 3839 651 3913 ejusdem,
704 3846 759 3896 et
805 3839 1048 3903 divisa:
1093 3857 1226 3899 cum
1268 3841 1524 3901 Ecclesia
1577 3844 1857 3916 ejusdem,

150 3925 292 3983 217
328 3929 430 3986 sed
469 3929 732 3987 occulta.
773 3929 868 3989 Sic
896 3930 1326 3990 distillaverunt
1365 3934 1494 3992 cali
1536 3934 1858 3993 misericor-

151 4016 324 4085 diam,
365 4016 449 4074 sic
491 4016 746 4082 Verbum
795 4019 894 4077 Dei
949 4021 1273 4080 tranfusum
1326 4028 1431 4092 est,
1485 4028 1541 4080 et
1602 4015 1854 4080 effusum

149 4103 365 4177 ubique
409 4110 614 4176 totum,
659 4107 786 4164 sine
821 4122 936 4181 quo
976 4108 1126 4166 nihil
1169 4115 1368 4168 totum.
1416 4110 1579 4168 Felix
1629 4111 1854 4181 effusio,

149 4208 278 4266 qua
323 4200 621 4252 currentes
672 4193 1130 4254 adolescentulas
1166 4197 1234 4255 ad
1277 4198 1506 4256 odorem
1554 4199 1858 4257 suavitatis

150 4281 376 4353 invitat,
428 4283 555 4342 visu
601 4291 835 4354 recreat,
887 4286 1051 4344 satiat
1085 4294 1279 4360 gustu,
1320 4287 1538 4361 ubique
1575 4297 1768 4346 autem
1795 4289 1852 4346 in

148 4371 358 4430 medio.
394 4371 538 4430 Nam
568 4379 624 4431 et
651 4373 710 4430 in
741 4372 841 4430 illa
872 4374 1101 4433 deitatis
1129 4376 1397 4446 essentia,
1428 4376 1616 4434 media
1645 4383 1726 4434 est
1760 4379 1854 4434 in-

148 4466 231 4519 ter
282 4459 509 4519 Patrem
551 4467 606 4519 et
642 4460 926 4534 Spiritum
973 4479 1216 4536 persona
1257 4463 1559 4523 familiaris
1603 4465 1856 4524 humano

145 4547 345 4621 generi
395 4548 746 4621 benignitate
801 4549 1142 4609 familiarior
1187 4550 1502 4622 identitate,
1553 4568 1689 4611 cum
1739 4554 1857 4612 sola

148 4643 361 4695 nostra
399 4638 588 4695 carnis
627 4639 940 4712 susceperit
971 4647 1380 4712 paupertatem.
1433 4641 1597 4701 Unde
1640 4650 1695 4702 et
1747 4644 1856 4703 Da-

149 4725 264 4796 vid,
319 4726 382 4784 in
432 4725 614 4799 ipsius
665 4726 986 4785 divinitatis
1011 4728 1286 4802 abyssum
1344 4731 1674 4800 immersus,
1724 4733 1852 4790 ait:

152 4837 172 4864 ι
203 4813 512 4872 Benedicat
558 4830 662 4874 nos
703 4815 878 4886 Deus,
924 4817 1080 4875 Deus
1133 4825 1346 4887 noster,
1403 4819 1701 4878 benedicat
1755 4837 1857 4880 nos

148 4902 302 4962 Deus
352 4907 516 4975 (Psal.
574 4908 775 4978 LXVI);
813 4929 833 4956 ι
872 4913 928 4963 et
977 4905 1143 4966 illum
1191 4907 1249 4964 in
1299 4909 1487 4966 medio
1547 4911 1857 4983 majestatis

146 5008 268 5050 esse
322 4999 666 5066 protestans,
724 5000 780 5052 et
837 5002 1104 5054 nostrum
1179 5011 1440 5054 asserens
1511 4997 1853 5071 specialiter,

147 5079 247 5154 qui
300 5085 514 5138 nostra
559 5081 922 5140 mortalitatis
970 5083 1163 5142 induit
1210 5085 1638 5142 vestimentum.
1695 5085 1858 5143 Pater

148 5168 328 5240 enim,
383 5176 438 5226 et
495 5169 747 5242 Spiritus
806 5171 1194 5245 impleverunt
1245 5173 1479 5244 quidem
1532 5173 1851 5246 Virginem,

148 5255 242 5312 sed
302 5257 618 5331 majestate,
680 5274 794 5317 non
853 5259 1230 5332 susceptione.
1294 5259 1393 5317 Est
1443 5267 1497 5316 et
1557 5260 1615 5317 in
1670 5262 1857 5320 medio

150 5342 407 5418 Virginis
473 5345 659 5419 ipsius
728 5355 890 5406 utero
942 5347 1392 5407 substantialiter
1439 5348 1701 5422 illapsus,
1756 5352 1853 5424 qui

149 5432 515 5491 medietatem
569 5441 795 5495 statera
867 5436 1302 5510 comprehendit
1357 5439 1652 5497 humana.
1705 5439 1858 5500 Deus

147 5522 303 5583 enim
335 5531 529 5583 noster
555 5539 658 5584 rex
686 5529 820 5588 ante
857 5525 1068 5587 saecula
1095 5532 1363 5604 operatus
1391 5531 1476 5586 est
1507 5526 1752 5591 salutem
1789 5529 1850 5587 in

1960 3129 2113 3188 tibus
2140 3128 2494 3202 explanavit.

2032 3220 2260 3278 Primus
2305 3235 2501 3277 ramus
2531 3225 2617 3276 est
2644 3218 2964 3277 incarnatio
3003 3219 3136 3278 Filii
3176 3219 3301 3279 Dei.
3334 3220 3446 3279 Iste
3473 3219 3662 3295 siqui-

1954 3309 2086 3366 dem
2117 3308 2348 3367 subtilis
2375 3318 2430 3366 et
2459 3309 2854 3379 necessarius;
2903 3324 3040 3366 cum
3077 3315 3134 3365 et
3158 3309 3441 3368 instauret
3488 3310 3661 3368 cale-

1955 3396 2083 3465 stia,
2125 3399 2411 3454 terrestria
2461 3403 2756 3466 restauret,
2797 3403 2853 3453 et
2898 3403 3200 3468 utramque
3245 3404 3511 3454 naturam
3558 3413 3662 3454 sua

1953 3485 2204 3542 viviticet
2255 3485 2558 3543 viriditate.
2607 3508 2627 3537 ι
2664 3485 2725 3543 Si
2760 3484 2820 3542 in
2875 3484 3068 3556 viridi,
3109 3485 3320 3559 inquit,
3360 3484 3520 3558 ligno
3552 3486 3659 3544 hoc

1953 3576 2189 3640 faciunt,
2220 3575 2280 3632 in
2307 3575 2467 3632 arido
2497 3575 2636 3648 quid
2678 3575 2773 3632 tiet
2794 3574 2822 3632 ?
2853 3595 2878 3627 »
2931 3577 3074 3648 (Luc.
3118 3577 3313 3647 XXIII.)
3345 3575 3417 3634 Se
3450 3591 3660 3634 vocans

1952 3664 2135 3722 viride
2167 3663 2416 3735 lignum,
2453 3665 2522 3721 de
2560 3663 2831 3737 virginali
2868 3662 3222 3737 pullulatum
3255 3667 3481 3730 virore;
3523 3677 3657 3722 cum

1950 3767 2054 3810 nos
2084 3759 2139 3808 et
2169 3752 2484 3809 nativitatis
2512 3752 2882 3824 munditiam,
2934 3760 2990 3809 et
3025 3753 3158 3810 ﬁdei
3201 3751 3550 3809 viriditatem
3592 3751 3653 3808 in

1949 3842 2136 3914 primo
2163 3846 2396 3915 parente
2423 3857 2626 3899 verum
2655 3843 2728 3899 sit
2755 3841 3040 3899 amisisse.
3073 3841 3349 3900 Viriditas
3378 3841 3503 3899 hac
3541 3845 3656 3897 tam

1947 3928 2233 4000 sapienter
2257 3929 2330 3986 ab
2355 3928 2476 4002 ipsa
2506 3928 2800 4001 Sapientia
2830 3927 3152 3999 excogitata
3190 3935 3294 3997 est,
3336 3933 3399 3984 ut
3437 3934 3491 3984 et
3526 3941 3656 3984 cor-

1945 4014 2034 4072 dis
2080 4022 2135 4072 et
2179 4016 2296 4073 oris
2340 4024 2587 4075 transeat
2627 4017 2979 4074 facultatem.
3029 4013 3336 4088 Oportebat
3371 4017 3528 4072 enim
3583 4015 3656 4074 ad

1946 4104 2395 4176 redemptionem
2449 4105 2726 4175 hominis,
2776 4111 2841 4162 ut
2898 4105 3087 4162 victus
3145 4104 3316 4162 homo
3375 4104 3653 4162 victorem

1943 4191 2238 4251 diabolum
2266 4193 2536 4251 vinceret.
2570 4192 2675 4252 Sed
2709 4192 2866 4250 unde
2891 4191 3050 4250 ﬁeret
3081 4194 3208 4264 hoc,
3237 4208 3355 4251 non
3386 4192 3648 4251 habebat.

1943 4282 2156 4342 Omnes
2181 4283 2336 4341 enim
2369 4283 2428 4340 in
2467 4281 2568 4339 illo
2614 4280 2912 4356 proscripti
2951 4297 3203 4350 eramus,
3253 4289 3310 4340 et
3347 4297 3448 4355 per
3482 4281 3652 4339 illum

1943 4372 2242 4444 originalis
2269 4373 2476 4446 peccati
2510 4368 2656 4425 218
2681 4371 2960 4442 gravitate
2979 4370 3255 4445 depressi.
3285 4372 3436 4430 Deus
3461 4379 3652 4430 autem

1948 4477 2058 4518 non
2109 4461 2329 4531 debuit,
2365 4475 2498 4519 cum
2538 4460 2728 4533 potius
2774 4460 3026 4534 potentia
3071 4461 3385 4529 videretur,
3439 4461 3488 4518 si
3532 4476 3654 4518 ser-

1946 4566 2087 4608 vum
2117 4566 2149 4606 a
2183 4566 2244 4608 se
2273 4549 2650 4618 recedentem,
2683 4549 2783 4621 qui
2831 4547 3001 4606 illum
3041 4548 3469 4621 subjugaverat,
3511 4562 3643 4605 eno-

1941 4639 2120 4696 daret.
2150 4638 2315 4708 Quod
2346 4638 2524 4710 igitur
2555 4639 2726 4696 homo
2765 4653 2866 4710 per
2899 4654 2958 4696 se
2985 4653 3102 4696 non
3128 4637 3330 4710 potuit,
3365 4637 3515 4694 Deus
3552 4649 3654 4707 per

1943 4744 2003 4786 se
2051 4743 2162 4786 non
2204 4727 2422 4797 debuit,
2471 4727 2680 4784 artifex
2719 4725 3010 4800 Sapientia
3056 4725 3235 4783 Deum
3269 4729 3325 4782 et
3355 4724 3650 4782 hominem

1941 4816 2261 4886 collocavit,
2312 4821 2376 4873 ut
2413 4831 2482 4873 ex
2525 4823 2685 4888 parte
2730 4814 2982 4873 hominis
3031 4828 3131 4885 pro
3177 4811 3513 4870 hominibus
3560 4827 3646 4869 sa-

1945 4905 2246 4974 tisfaceret,
2295 4909 2350 4962 et
2388 4919 2461 4961 ex
2509 4912 2664 4976 parte
2700 4903 2798 4960 Dei
2844 4900 3157 4974 superbum
3197 4901 3345 4959 sicut
3380 4899 3650 4960 vulnera-

1945 5001 2064 5050 tum
2109 4992 2460 5051 liumiliaret.
2493 4992 2700 5050 Clausa
2736 4998 2820 5047 est
2849 4989 3093 5062 principi
3125 4988 3494 5048 tenebrarum
3526 4990 3652 5047 hac

1943 5089 2057 5141 tam
2087 5082 2333 5153 gloriosa
2361 5081 2708 5155 coniunctio,
2754 5093 2857 5136 nec
2887 5083 3116 5136 versuta
3150 5077 3432 5136 calliditas
3461 5077 3648 5136 consi-

1943 5173 2084 5230 lium
2119 5172 2220 5230 Dei
2263 5173 2446 5245 potuit
2483 5169 2816 5240 conjectare.
2849 5167 3182 5226 Assumitur
3211 5184 3422 5242 purum
3454 5184 3650 5227 semen

1941 5261 2011 5320 de
2050 5262 2310 5334 virginea
2352 5259 2618 5332 puritate,
2669 5264 2724 5312 et
2761 5255 2931 5315 illum
2972 5257 3390 5330 propitiationis
3433 5259 3649 5316 fontem

1946 5349 2235 5424 Sapientia
2288 5348 2388 5406 Dei
2435 5345 2724 5405 secretiori
2773 5344 3025 5404 novitate
3079 5353 3366 5421 repurgat.
3421 5346 3652 5406 Primus

1944 5439 2135 5512 itaque
2167 5452 2362 5496 ramus
2388 5441 2472 5492 est
2496 5434 2817 5493 incarnatio
2846 5435 2973 5507 ejus
3000 5453 3015 5505 ;
3043 5436 3266 5495 fructus
3299 5435 3443 5511 ejus,
3474 5434 3652 5512 Spiri-

1943 5536 2032 5589 tus
2054 5527 2374 5603 sapientia.
