4178 6442
470 220 576 282 735

1094 219 1152 279 S.
1193 219 1418 280 PETRI
1456 221 1781 282 DAMIANI
1820 221 1976 282 OPP.
2024 219 2217 282 PARS
2257 218 2397 280 SEU
2435 167 2688 278 TOMUS
2726 217 2802 276 II.
2843 249 2912 262 —
2954 217 3369 278 SEHMONES.

3875 219 3986 281 736

542 345 848 408 Secundus
901 359 1097 404 ramus
1136 351 1220 403 est
1271 345 1592 418 baptismus
1639 344 1876 405 Christi.
1943 343 2322 414 IntuereAin
2349 340 2566 416 gloria!
2611 340 2823 400 Vident
2862 347 2918 399 et
2963 339 3330 400 admirantur
3379 338 3703 400 caelestium
3744 343 3984 417 agmina

471 433 688 496 Filium
739 433 995 507 Virginis
1045 449 1162 492 non
1217 433 1288 491 ad
1352 433 1708 493 ablutionem
1779 429 2174 495 membrorum

473 539 734 595 suorum,
768 538 903 596 quas
930 522 1002 580 de
1040 521 1319 594 virgineis
1358 522 1635 581 membris
1673 523 1960 594 exierant,
2001 525 2179 582 fuisse

474 613 841 684 baptizatum,
869 611 967 668 sed
998 617 1060 668 ut
1091 617 1262 669 tantae
1293 612 1688 670 mundationis
1721 613 2090 686 privilegium
2117 613 2179 669 in

474 716 760 775 aquarum
838 699 1158 758 substantia
1239 699 1576 759 sanciretur.
1633 701 1788 760 Tene
1863 703 2176 774 intellectu,

474 787 630 861 quod
686 786 818 844 visu
871 803 987 844 non
1044 794 1220 860 potes,
1252 777 1592 846 descendere
1645 788 1705 846 in
1762 805 1993 862 aquam,
2047 808 2181 850 cum

473 875 685 950 aliquis
756 874 1123 947 baptizatur,
1186 875 1374 933 lilium
1458 876 1693 946 diaboli,
1751 886 1807 934 et
1875 880 2182 938 ascendere

474 961 667 1020 ﬁlium
738 963 879 1033 Dei,
929 978 1064 1022 vasa
1121 963 1223 1021 irze
1277 963 1337 1021 in
1397 964 1803 1024 misericordiae
1859 982 1994 1024 vasa
2045 983 2185 1026 con-

473 1053 620 1110 verti
674 1054 842 1120 (Rom.
897 1064 1003 1124 1X),
1061 1053 1241 1111 everti
1284 1060 1580 1126 peccatum
1634 1056 1898 1129 originis,
1927 1058 2184 1116 subverti

2259 433 2574 508 legionum,
2597 441 2654 492 et
2671 433 2744 491 ad
2775 438 2946 490 tantas
2973 429 3174 504 gratim
3203 430 3526 502 largitatem
3555 431 3986 490 incessabiliter

2259 523 2690 596 obstupescunt.
2728 520 3053 593 Exsuperat
3077 519 3235 577 enim
3265 535 3506 578 sensum
3535 536 3769 579 omnem
3802 527 3983 578 tantae

2259 612 2612 685 dignationis
2649 610 2915 680 intuitus,
2958 610 3066 683 ipsi
3108 610 3215 668 soli
3255 611 3489 684 pervius
3526 611 3820 669 Trinitati.
3868 610 3980 670 Sed

2260 706 2317 758 et
2362 700 2457 756 hic
2501 715 2697 756 ramus
2741 699 3068 772 spectabilis
3099 705 3155 757 et
3201 698 3530 771 mirandus;
3564 701 3789 758 fructus
3845 715 3983 759 vero

2260 789 2405 862 ejus,
2437 786 2687 860 Spiritus
2720 786 2968 859 pietatis.

2339 879 2630 951 Septimus
2663 885 2746 934 est
2779 878 2902 935 dies
2935 877 3161 950 judicii,
3202 879 3440 952 quando
3473 878 3662 938 veniet
3701 894 3838 938 cum
3874 895 3983 952 po-

2265 972 2461 1025 testate
2502 981 2706 1039 magna
2743 973 2799 1023 et
2835 966 3125 1038 majestate
3163 971 3315 1035 (Luc.
3349 972 3482 1034 XXI)
3527 966 3765 1024 reddere
3797 967 3860 1024 in
3893 967 3981 1023 ira

2265 1057 2600 1126 vindictam,
2636 1063 2689 1114 et
2718 1055 3092 1113 vastationem
3125 1055 3182 1112 in
3214 1057 3445 1113 flamma
3474 1056 3646 1128 ignis.
3677 1055 3841 1114 Tunc
3871 1056 3984 1113 erit

474 1141 714 1200 latronis
738 1141 1075 1212 aediﬁcium,
1107 1142 1426 1200 divinitatis
1453 1144 1812 1204 domicilium
1849 1149 2182 1221 przeparari.
2266 1147 2438 1204 timor
2466 1145 2564 1202 ille
2597 1145 2908 1210 timendus,
2939 1161 3095 1214 cum,
3123 1143 3282 1202 ccelis
3313 1145 3670 1212 ardentibus,
3709 1159 3982 1218 pugnan-

475 1229 656 1288 Adest
697 1227 947 1303 Spiritus
985 1237 1240 1300 sanctus,
1269 1238 1323 1288 et
1360 1232 1430 1288 de
1461 1247 1692 1290 summa
1739 1235 2018 1294 caaloruni
2057 1253 2188 1295 arce
2267 1236 2422 1292 tibus
2469 1234 2788 1303 elementis,
2851 1241 2998 1290 terra
3048 1248 3340 1303 succensa,
3392 1235 3760 1292 conscientiis
3800 1235 3985 1292 obvo-

432 1319 828 1405 odescendens
852 1366 866 1388 ,
905 1318 1258 1379 elementum
1295 1321 1630 1393 sanctiﬁcat,
1670 1324 1898 1384 deificat
1935 1327 2186 1400 haptiza-
2270 1325 2427 1393 lutis,
2481 1323 2846 1382 daemonibus
2898 1323 3323 1393 accusantibus,
3384 1324 3762 1381 trementibus
3801 1338 3985 1393 ange-

479 1413 624 1476 tum,
686 1406 962 1466 clariﬁcat
1015 1409 1323 1466 ministerii
1383 1411 1740 1484 dignitatem.
1784 1415 2189 1488 Constipantur
2271 1415 2363 1485 lis,
2385 1413 2581 1487 judice
2609 1413 2930 1472 furibundo
2960 1421 3014 1470 et
3052 1412 3508 1472 misericordiam
3541 1413 3852 1477 nesciente,
3885 1411 3988 1468 ﬁet

474 1496 755 1570 angelicae
807 1498 1053 1558 virtutes
1098 1500 1422 1558 alludentes
1467 1502 1973 1561 sacramentalibus
2022 1504 2190 1562 insti-
2271 1504 2369 1560 illa
2424 1502 2727 1573 discussio,
2788 1517 2922 1574 quae
2979 1502 3204 1559 utinam
3268 1518 3373 1559 nos
3438 1509 3665 1576 paratos
3721 1501 3990 1559 inveniat

482 1585 643 1654 tutis,
671 1591 728 1642 et
753 1585 1084 1645 caelestibus
1114 1589 1389 1646 creaturis
1421 1589 1579 1646 unda
1610 1591 1922 1662 puriticans
1948 1607 2188 1650 corona-
2267 1596 2340 1662 (II
2389 1595 2569 1649 Thess.
2628 1595 2688 1663 1).
2740 1591 2957 1649 Hamus
3011 1593 3116 1648 iste
3172 1605 3417 1663 magnus
3476 1597 3531 1648 et
3588 1589 3982 1658 metuendus;

485 1680 599 1733 tur.
635 1673 857 1745 Cordis,
888 1691 1004 1734 non
1043 1677 1234 1734 carnis
1283 1677 1482 1735 oculos
1522 1679 1805 1737 desiderat
1845 1680 2495 1764 sacramentiBfructus
2524 1679 2668 1752 ejus,
2706 1677 2956 1752 Spiritus
2981 1679 3203 1736 timoris
3249 1678 3499 1737 Domini.
3530 1679 3812 1736 Amemus
3849 1691 3989 1747 ergo

482 1765 860 1835 transcensio,
917 1765 1054 1838 quia
1109 1766 1496 1839 intelligibilis
1543 1775 1646 1827 est.
1703 1767 2007 1830 Secundus
2057 1787 2192 1847 ergo
2275 1772 2506 1842 lignum
2539 1769 2694 1841 vitas,
2718 1775 2772 1826 et
2805 1768 2875 1826 de
2904 1769 3096 1826 fructu
3128 1769 3252 1840 ejus
3279 1767 3509 1827 assidue
3539 1768 3988 1837 manducemus,

484 1867 683 1910 ramus
716 1859 802 1911 est
841 1852 1161 1927 baptismus
1209 1855 1454 1926 Christi;
1506 1857 1725 1917 fructus
1763 1858 1910 1932 ejus,
1941 1860 2193 1935 Spiritus

487 1943 831 2003 intellectus.

559 2031 792 2092 Tertius
843 2037 928 2091 est
980 2034 1167 2107 passio
1224 2035 1640 2108 Redemptoris.
1674 2037 1819 2096 Vide
1877 2040 2190 2099 consilium

483 2122 587 2182 Dei
617 2121 771 2195 quod
811 2121 873 2180 in
909 2123 1114 2197 abysso
1146 2123 1502 2197 judiciorum
1535 2127 1661 2200 ejus
1699 2127 1963 2187 clausum
2007 2131 2192 2189 fuerat

484 2212 558 2267 ab
595 2216 831 2268 zeterno.
865 2208 1185 2269 Consilium
1223 2219 1387 2272 tuum
1425 2213 1756 2287 antiquum,
1793 2216 2053 2287 Domine,
2087 2235 2192 2276 ve-

487 2313 618 2356 rum
652 2297 771 2371 ﬁat,
800 2299 879 2356 ait
914 2315 1070 2358 unus
1113 2300 1369 2372 illorum,
1397 2302 1498 2375 qui
1531 2304 1600 2360 ad
1647 2319 1925 2363 arcanum
1973 2307 2192 2366 divinae

487 2386 874 2446 Providentiae
923 2388 1108 2446 fuerat
1149 2389 1539 2448 intromissus.
1588 2391 1863 2464 Nunquid
1903 2411 2018 2453 non
2050 2412 2190 2453 con-

487 2477 671 2536 suluit
701 2477 824 2550 tibi,
858 2478 952 2536 cui
995 2494 1108 2536 non
1155 2487 1276 2537 erat
1323 2479 1568 2552 adjutor,
1596 2495 1727 2538 cum
1771 2485 2190 2543 sanctissimam

485 2566 647 2624 illam
675 2582 908 2626 carnem
950 2567 1172 2625 addidit
1198 2567 1537 2640 opprobriis,
1571 2572 1872 2628 tormentis
1899 2574 2190 2646 exposuit,

2277 1859 2414 1932 quia
2440 1858 2664 1916 fructus
2690 1857 2797 1915 iste
2827 1858 3012 1916 Filius
3049 1857 3247 1915 Maria;
3275 1863 3378 1926 est,
3409 1856 3509 1931 qui
3536 1863 3622 1915 est
3647 1855 3986 1914 benedictus

2277 1948 2338 2006 in
2369 1947 2583 2006 saecula
2609 1947 2979 2005 saeculorum.
3014 1948 3222 2004 Amen.

2849 2056 2873 2080 ί
2914 2051 3162 2111 SERMO
3208 2051 3412 2110 XLIV.

2385 2159 2419 2204 I.
2456 2158 2517 2203 IN
2555 2155 2908 2202 NATIVITATE
2946 2154 3309 2284 IEEI‘SIAI'fISSIMJS
3347 2153 3610 2200 VIRGINIS
3643 2153 3869 2200 MARl/E.

3027 2227 3042 2271 Ι
3117 2226 3276 2271 SEPT.

3027 2226 3087 2271 ΙΙΙ
3117 2226 3276 2271 SEPT.

2353 2304 2432 2363 De
2483 2301 2711 2376 gaudiis
2751 2316 3128 2375 properamus
3177 2302 3244 2358 ad
3290 2300 3520 2374 gaudia,
3571 2304 3627 2357 et
3673 2299 3993 2358 ferventem

2278 2393 2495 2465 stylum
2533 2392 2782 2465 gloriosa
2820 2391 3059 2449 materia
3095 2391 3226 2448 facit
3276 2390 3702 2448 ferventiorem.
3735 2389 3816 2446 De
3859 2388 3994 2446 Vir-

2277 2483 2412 2555 gine
2440 2481 2711 2539 venimus
2743 2480 2813 2538 ad
2855 2479 3173 2552 Virginem,
3208 2485 3263 2536 et
3305 2478 3374 2536 de
3416 2477 3597 2535 Maria
3637 2478 3707 2534 ad
3746 2477 3992 2536 Mariam

2279 2571 2652 2630 recurrimus.
2688 2569 2916 2628 Bonum
2948 2575 3038 2630 est
3075 2585 3180 2626 nos
3227 2568 3324 2627 hic
3353 2584 3496 2637 esse,
3535 2566 3745 2625 melius
3776 2567 3994 2625 immo-

483 2659 539 2710 et
574 2677 599 2704 α
633 2654 908 2713 inclinato
934 2655 1118 2729 capite
1149 2656 1339 2714 emisit
1363 2657 1661 2731 spiritumn
1683 2657 1712 2716 ?
1739 2660 1912 2720 (Joan.
1950 2661 2099 2732 XIX.)
2148 2660 2192 2720 Ο
2277 2661 2412 2730 rari,
2440 2660 2725 2732 optimum
2771 2671 3128 2730 permanere.
3163 2656 3382 2714 Felices
3432 2655 3676 2728 angelici
3727 2655 3990 2727 spiritus,

486 2757 658 2816 quam
691 2743 946 2801 indebita
973 2744 1284 2816 miseratio,
1319 2761 1497 2818 quam
1527 2747 1779 2819 gratuita
1809 2767 1820 2804 :
1851 2756 1907 2806 et
1945 2749 2028 2807 sic
2055 2765 2192 2823 pro-
2278 2750 2381 2823 qui
2411 2749 2594 2806 beatae
2628 2746 2886 2819 Virginis
2924 2745 3136 2804 habent
3165 2745 3574 2819 praesentiam!
3610 2743 3724 2802 Nos
3751 2743 3992 2801 interim

486 2830 616 2888 bata
667 2829 918 2901 dilectio,
957 2847 1134 2904 quam
1183 2833 1478 2907 inopinata
1529 2834 1806 2906 dignatio,
1840 2851 2015 2908 quam
2067 2843 2193 2895 stu-
2279 2839 2618 2896 memoriam
2673 2835 3049 2894 abundantize
3103 2835 3406 2894 suavitatis
3457 2841 3574 2893 tua)
3627 2840 3988 2892 eructamus.

489 2915 676 2990 penda
704 2917 966 2988 dulcedo,
1001 2919 1216 2978 Filium
1256 2922 1359 2979 Dei
1413 2922 1493 2979 sic
1533 2923 1730 2995 aﬂligi,
1765 2939 1952 2995 regem
1995 2923 2194 2996 gloria:
2279 2925 2375 2982 Illi
2429 2924 2817 2996 praesentiam,
2849 2939 2954 2981 nos
3009 2923 3368 2981 memoriam.
3413 2922 3508 2981 Sic
3559 2922 3608 2980 si
3669 2921 3855 2979 dulcis
3905 2928 3996 2978 est

489 3007 552 3065 in
587 3006 714 3116 lacu
765 3005 1016 3116 miserim
1061 3008 1356 3082 cruciﬁgi!
1395 3010 1654 3085 Denique
1694 3012 1840 3068 nihil
1875 3013 2083 3072 melius
2123 3015 2193 3072 ad
2215 3012 2578 3116 Cmemoria,
2611 3011 2751 3085 quid
2783 3019 2867 3070 est
2906 3010 3251 3085 praesentia?
3284 3011 3354 3068 Et
3386 3010 3473 3068 illi
3510 3008 3770 3083 quidem,
3799 3008 3995 3067 abun-

493 3102 629 3116 ,ηδ
679 3094 826 3116 ,m_
878 3111 970 3116 ,ω
1015 3096 1214 3116 L_L__,,
1613 3101 1626 3116 ,
1829 3102 1863 3116 ,.
2148 3103 2158 3113 .
2294 3103 2311 3116 ,
2401 3103 2433 3116 _.
2515 3101 2523 3110 .
2749 3100 2786 3116 ,.
2839 3100 2850 3111 .
2907 3101 2939 3116 .,
2988 3099 3020 3116 ,.
3097 3099 3108 3116 ,
3166 3100 3189 3116 ,,
3263 3099 3274 3110 .
3334 3098 3403 3116 ηί
3647 3103 3694 3116 ,ι
3734 3095 3956 3116 num,

493 3102 543 3153 te
575 3094 976 3153 redimendum
1015 3096 1235 3166 habuit,
1271 3114 1443 3170 quam
1475 3101 1631 3173 quod
1666 3102 2040 3175 semetipsum
2066 3103 2195 3161 exi-
2216 3094 2259 3116 υ
2279 3101 2528 3161 dantiori
2568 3117 2696 3159 rore
2733 3099 3056 3158 divinitatis
3095 3099 3300 3170 infusi,
3332 3098 3609 3172 Genitum
3641 3103 3695 3154 et
3732 3095 3995 3155 Genitri-

492 3183 735 3254 nanivit,
761 3199 867 3241 nec
889 3185 1361 3246 excellentiorem
1389 3190 1625 3248 modum
1663 3191 1889 3249 invenit
1917 3192 2198 3266 sapientia
2279 3206 2403 3248 cem
2426 3189 2646 3247 visione
2666 3187 2921 3246 mirabili
2945 3194 3312 3259 contuentur,
3331 3186 3482 3258 regis
3501 3194 3557 3243 et
3576 3185 3792 3258 reginae
3805 3183 3995 3254 gloria

489 3274 592 3332 Dei
621 3274 681 3332 in
713 3275 875 3332 omni
905 3276 1184 3347 sapientia
1213 3293 1334 3336 sua.
1369 3279 1564 3338 Passio
1592 3281 1699 3339 ista
1736 3281 2042 3340 consilium
2085 3289 2200 3341 tute
2277 3279 2581 3340 cumulati.
2639 3279 2754 3338 Nos
2801 3294 2956 3348 vero,
3009 3294 3154 3352 quos
3227 3277 3560 3336 carcerarite
3624 3273 3993 3334 mortalitatis

471 3363 900 3438 _redemptionis
945 3372 1046 3423 est.
1104 3365 1324 3425 Hamus
1374 3371 1730 3430 necessarius
1779 3378 1835 3429 et
1890 3372 2194 3442 mirabilis,
2277 3383 2542 3428 aerumna
2589 3373 2945 3443 contorquet,
2998 3367 3277 3425 memoria
3323 3365 3632 3440 pascimur,
3675 3362 3993 3436 Scripturis

490 3453 660 3525 cujus
686 3452 908 3512 fructus
941 3459 1026 3511 est
1056 3452 1304 3528 Spiritus
1333 3457 1583 3516 consilii.
2282 3458 2608 3516 relevamur
2639 3476 2650 3514 :
2686 3463 2740 3514 et
2767 3457 2923 3530 quod
2953 3456 3043 3514 illi
3074 3456 3288 3524 vident,
3326 3470 3430 3512 nos
3453 3453 3720 3526 legimus.
3755 3451 3989 3510 Utinam

558 3546 812 3614 Quartus
834 3553 917 3604 est
939 3545 1237 3607 descensio
1263 3550 1391 3623 ejus
1411 3551 1482 3607 ad
1500 3552 1733 3611 inferos.
1760 3552 1828 3610 In
1860 3553 2199 3611 fortitudine
2279 3546 2489 3614 veniat,
2514 3545 2616 3619 qui
2642 3559 2745 3602 nos
2772 3545 2832 3602 in
2865 3544 3054 3603 lucem
3081 3550 3338 3617 reponat,
3370 3543 3492 3601 dies
3517 3541 3618 3600 ubi
3647 3555 3759 3599 non
3795 3539 3988 3612 legere

489 3634 770 3708 singulari
809 3635 1104 3694 descendit
1141 3638 1212 3696 ad
1252 3639 1491 3711 inferos,
1527 3649 1798 3716 tanquam
1839 3650 2038 3715 potens
2071 3659 2196 3702 cra-
2282 3636 2465 3706 liceat,
2494 3637 2592 3695 sed
2624 3635 2839 3694 videre.
2874 3636 3112 3694 Interim
3148 3635 3517 3694 consolemur
3555 3649 3660 3692 nos
3703 3633 3989 3693 suavitate

489 3725 718 3799 pulatus
744 3741 778 3784 a
805 3725 958 3796 vino,
984 3733 1039 3784 et
1067 3727 1433 3786 conturbavit
1464 3730 1677 3802 virum,
1706 3733 1808 3804 qui
1835 3733 2200 3793 conturbavit
2280 3725 2592 3796 memoriae,
2608 3725 2790 3784 donec
2807 3725 3116 3783 dulcedine
3135 3725 3460 3798 praesentire
3480 3721 3776 3781 satiemur.
3797 3720 3988 3780 Hodie

490 3825 741 3889 terram,
799 3819 902 3892 qui
964 3819 1154 3891 posuit
1207 3820 1406 3878 orbein
1458 3822 1774 3894 desertum,
1828 3825 2198 3898 confringens
2278 3823 2409 3873 nata
2466 3822 2550 3873 est
2604 3814 2726 3884 illa.
2766 3829 2863 3886 P9P
2913 3829 3090 3888 quam
3143 3829 3344 3872 omnes
3403 3812 3779 3884 renaseimur.
3815 3812 3988 3884 CUIUS

491 3907 765 3965 malleum
813 3909 1107 3966 universae
1157 3915 1346 3979 terrae,
1374 3917 1429 3968 et
1465 3913 1821 3972 horrendum
1855 3914 2002 3974 illud
2038 3915 2191 3988 pala-

2286 3903 2526 3976 speciem
2551 3902 2883 3974 concupivit
2907 3902 3301 3975 Omnipotens,
3326 3909 3381 3960 et
3397 3901 3456 3958 in
3479 3917 3595 3974 qua
3618 3899 3770 3958 Deus
3794 3901 3991 3972 posuit

490 3994 632 4053 tium
677 3996 990 4054 fortissima
1025 3997 1401 4058 subversione
1439 4005 1793 4060 concutiens.
1836 4003 2023 4062 Fortis
2041 3987 2196 4077 iqui-
2280 3995 2554 4052 thronum
2579 4008 2750 4051 suum
2778 3995 2944 4065 (Ρεαῖο
2977 3993 3160 4063 Xl-lVl-
3193 3990 3322 4063 Ipsa
3361 3996 3447 4047 est
3475 3990 3718 4048 ῐΐποηυε
3743 3987 3841 4046 ille
3870 3987 3987 4045 ωί·

487 4083 618 4142 dem
649 4091 770 4143 erat
805 4083 925 4154 ille,
966 4085 1063 4143 sed
1107 4087 1304 4145 fortior
1341 4093 1694 4163 supervenit,
1737 4091 1838 4164 qui
1878 4108 2012 4149 vasa
2051 4092 2198 4149 diri-
2279 4081 2498 4152 rabilis.
2528 4081 2600 4138 de
2625 4097 2741 4155 (ἶΠο
2779 4080 2839 4138 in
2872 4081 3204 4152 Regnorum
3248 4079 3486 4136 historia
3528 4077 3740 4163 legitur
3768 4077 3829 4134 in
3861 4077 3989 4135 Ῐιῖθο

488 4177 665 4246 pcret,
693 4173 946 4230 auferret
983 4187 1164 4243 arma,
1198 4173 1402 4247 ligaret
1439 4177 1744 4237 inimicum
1786 4180 1932 4249 (Luc.
1968 4183 2092 4243 XII).
2131 4179 2201 4235 Et
2281 4171 2455 4229 verba
2487 4189 2498 4229 :
2537 4195 2556 4221 ι
2585 4170 2739 4228 Fecit
2772 4185 2875 4228 rex
2904 4169 3175 4228 Salomon
3209 4169 3483 4226 thronum
3519 4167 3600 4224 de
3621 4167 3792 4224 ebore
3817 4181 3989 4240 gran-

489 4277 689 4319 ramus
714 4262 949 4335 quidem
973 4262 1078 4321 iste
1105 4271 1290 4323 rectus
1320 4271 1496 4340 atque
1527 4267 1758 4325 subtilis
1781 4269 1948 4342 cujus
1976 4271 2198 4328 fructus
2278 4260 2431 4328 dem,
2485 4266 2540 4317 et
2593 4258 2826 4318 i'esiiVit
2879 4274 3014 4316 eum
3068 4272 3208 4315 auro
3253 4255 3420 4315 iuiVO
3481 4255 3680 4312 DimiS-
3727 4254 3834 4312 P8P
3882 4269 3990 4312 59X

487 4357 572 4409 est
598 4349 848 4423 Spiritus
877 4351 1254 4412 fortitudinis.

559 4440 816 4510 Quintus
847 4446 933 4498 est
965 4443 1305 4501 resurrectio
1339 4443 1572 4501 Christi.
1605 4443 1713 4501 Hic
1750 4445 1998 4503 ostendit
2029 4447 2196 4506 nobis

487 4527 773 4604 exemplo,
804 4529 959 4604 quod
1008 4533 1347 4602 promiserat
1393 4533 1453 4590 in
1502 4534 1844 4606 praemio,ct
1894 4537 2038 4594 scire
2094 4553 2198 4595 nos

491 4619 620 4679 fecit
651 4619 807 4691 quod
832 4635 1003 4678 carne
1042 4636 1145 4678 sua
1186 4627 1521 4693 resurgente
1551 4638 1984 4693 resurgeremus
2013 4650 2024 4684 :
2064 4642 2197 4699 quas

486 4711 593 4770 etsi
621 4710 925 4769 dissimilis
953 4710 1173 4781 gloriae,
1202 4718 1389 4768 tamen
1421 4707 1566 4765 219
1595 4713 1854 4785 ejusdem
1884 4724 2110 4774 natura;
2136 4718 2196 4775 in

487 4807 649 4859 utero
703 4800 964 4875 Virginis
1014 4803 1200 4861 fuerat
1259 4801 1550 4859 fabricata.
1584 4803 1838 4862 Exclusa
1885 4813 1969 4864 est
2024 4808 2198 4865 totius

486 4889 882 4962 ambiguitatis
921 4891 1181 4948 offensio.
1234 4889 1516 4947 Viderunt
1556 4892 1798 4962 apostoli
1850 4909 2080 4964 manus,
2123 4900 2198 4952 te-

487 4988 745 5040 nuerunt
771 4981 962 5053 pedes,
990 4982 1366 5055 palpaverunt
1397 4979 1740 5052 latus(Joan.
1769 4988 1899 5053 xx),
1922 4992 1977 5042 et
2001 4985 2198 5043 omnia

488 5073 690 5132 mortis
716 5071 968 5144 insignia
1000 5072 1180 5131 beatis
1200 5071 1386 5129 oculis
1411 5079 1780 5144 aspexerant.
1811 5074 1878 5131 Et
1904 5075 1996 5131 hic
2023 5075 2202 5146 igitur

487 5179 684 5222 ramus
713 5177 982 5234 magnus,
1017 5168 1188 5235 atque
1228 5160 1528 5229 sublimis;
1564 5164 1783 5221 fructus
1821 5169 2011 5222 autem
2055 5165 2198 5238 ejus,

487 5253 739 5325 Spiritus
770 5252 1046 5310 scientia.

559 5346 773 5405 Sextus
823 5351 907 5404 est
938 5343 1194 5403 ascensio
1223 5343 1293 5400 ad
1330 5343 1521 5401 cmlos.
1554 5343 1598 5401 Ο
1641 5341 1955 5417 singularis
2001 5342 2200 5414 pietas,

487 5435 744 5492 suavitas
772 5433 1059 5508 specialis,
1089 5448 1224 5492 cum
1253 5433 1450 5490 lumen
1483 5433 1674 5491 carnis
1705 5437 1915 5490 nostras
1947 5430 2206 5488 sublimi-

489 5521 598 5580 bus
640 5523 834 5582 intulit
863 5523 1126 5591 oﬂicinis,
1157 5529 1211 5580 et
1253 5522 1320 5579 ad
1355 5521 1651 5580 dexteram
1694 5521 1877 5580 Patris
1905 5519 2204 5578 collocavit

2280 4348 2494 4422 gradus
2520 4346 2939 4405 ascendebatur
2967 4345 3038 4403 ad
3059 4361 3213 4403 eum.
3245 4345 3551 4403 Rotundus
3575 4349 3696 4400 erat
3725 4343 3782 4400 in
3808 4346 3993 4416 poste-

2283 4437 2556 4496 rioribus.
2588 4434 2904 4494 Duodecim
2959 4433 3217 4492 leunculi
3262 4433 3487 4491 stabant
3530 4447 3703 4504 super
3752 4430 3988 4504 gradus,

2284 4528 2651 4602 respicientes
2681 4526 2754 4584 ad
2781 4526 3079 4584 thronum.
3114 4525 3288 4583 Porro
3317 4524 3448 4582 duae
3478 4538 3688 4580 manus
3715 4521 3994 4580 tenebant

2284 4618 2422 4676 hinc
2459 4623 2515 4674 et
2559 4603 2697 4674 inde
2748 4614 2942 4672 sedile.
2979 4613 3104 4672 Duo
3138 4615 3332 4672 leones
3375 4611 3600 4670 stabant
3639 4611 3810 4684 juxta
3857 4610 3992 4667 bra-

2284 4708 2493 4766 chiola.
2527 4706 2654 4765 Non
2687 4712 2772 4763 est
2809 4705 3022 4763 factum
3053 4705 3245 4764 simile
3281 4719 3426 4778 opus
3461 4704 3523 4762 in
3558 4701 3852 4763 universis
3901 4716 3994 4759 re-

2284 4796 2414 4870 gnis
2445 4799 2550 4866 (III
2571 4799 2703 4864 Reg.
2738 4799 2828 4864 X).
2864 4818 2890 4846 ιι

2367 4883 2510 4940 220
2577 4884 2687 4944 Sed
2742 4886 2864 4960 jam
2919 4885 3090 4944 verba
3143 4883 3430 4958 proposita
3485 4880 3873 4956 producamus
3929 4879 3992 4938 in

2286 4978 2472 5035 lucem
2521 4983 2575 5033 et
2617 4990 2830 5050 aquam
2871 4975 3171 5033 eliciamus
3229 4975 3298 5032 de
3339 4978 3518 5046 petra,
3550 4972 3670 5045 ipsa
3725 4969 3996 5042 loquente

2287 5066 2347 5123 in
2382 5065 2568 5135 nobis,
2601 5066 2672 5124 de
2710 5081 2826 5140 qua
2861 5065 3020 5138 loqui
3061 5064 3224 5123 vobis
3258 5063 3655 5137 proponimus.
3694 5081 3716 5111 ι
3752 5057 3926 5128 Fecit,
3964 5077 3991 5107 ι)
4023 5073 4029 5080 ·

2286 5154 2480 5230 inquit
2509 5154 2824 5228 Scriptura,
2861 5175 2888 5207 «
2922 5154 3194 5213 Salomon
3239 5169 3343 5210 rex
3393 5153 3670 5209 thronum
3710 5150 3779 5207 de
3823 5147 3993 5205 ebore

2283 5246 2583 5319 grandem.
2615 5269 2642 5298 η
2682 5245 2894 5304 Tribus
2920 5244 3260 5303 nominibus
3291 5243 3351 5299 in
3389 5241 3702 5313 Scripturis
3733 5237 3992 5298 Salomo-

2287 5351 2418 5392 nem
2455 5340 2716 5393 vocatum
2747 5335 3020 5409 legimus,
3053 5339 3108 5389 et
3140 5330 3359 5404 ubique
3388 5328 3546 5401 regio
3579 5326 3816 5385 nomine
3851 5325 3993 5383 titu-

2285 5425 2490 5496 latum,
2540 5424 2806 5484 videlicet
2856 5423 3244 5491 Salomonem,
3295 5419 3694 5485 Ecclesiasten,
3749 5414 3988 5473 Ididam.

2286 5516 2471 5576 Filius
2495 5515 2664 5590 regis,
2696 5516 2816 5575 imo
2847 5520 2904 5574 et
2950 5527 3076 5584 rex,
3106 5524 3213 5569 nec
3263 5509 3453 5570 solum
3506 5506 3689 5566 Filius
3740 5503 3866 5574 Dei,
3893 5502 3994 5561 sed
