4178 6478
173 360 275 420 737

1675 364 1923 424 SERMO
1962 365 2167 426 XLIV.

3565 372 3670 434 738

168 484 341 544 etiam
369 483 544 553 Deus,
576 481 870 556 Salomon,
899 483 958 542 id
985 487 1069 542 est
1087 489 1373 557 paciﬁcus,
1395 493 1480 546 est
1504 489 1670 548 nobis
1690 489 1751 547 in
1774 491 1883 547 hoc
1902 493 1953 550 Α
1970 489 2286 562 singularis
2309 496 2570 563 aspectus
2594 491 2685 550 sui
2722 493 2904 566 gratia
2931 507 3106 566 super
3130 495 3422 554 calestem
3443 497 3668 556 curiam

171 573 377 633 exsilio
406 591 419 632 ε
452 570 841 641 Ecclesiastes,
869 571 928 630 id
957 579 1044 631 est
1069 578 1430 644 concionator,
1461 578 1571 636 erit
1616 579 1676 636 in
1717 578 1880 652 judi-

171 661 293 734 cio;
339 661 524 732 Idida,
566 661 625 718 id
662 666 746 719 est
781 663 1070 731 gloriosus,
1123 664 1233 722 erit
1270 665 1330 723 in
1368 682 1580 739 regno;
1621 669 1679 725 in
1723 669 1881 726 exsi-

171 748 247 808 lio
275 748 568 818 amabilis,
615 747 677 805 in
706 747 926 821 judicio
966 749 1259 820 terribilis,
1306 751 1370 809 in
1415 768 1588 825 regno
1624 755 1879 812 admira-

173 839 345 908 bilis;
389 839 452 923 in
501 837 711 897 exsilio
761 840 914 912 pius,
963 840 1026 898 in
1064 841 1286 914 judicio
1333 844 1546 916 justus,
1596 845 1655 902 in
1705 861 1882 917 regno

173 927 475 1003 gloriosus.
513 928 657 986 Vide
694 936 886 987 autem
925 931 974 987 si
1018 947 1133 990 non
1169 932 1385 1006 ubique
1418 950 1541 993 rex.
1577 934 1644 992 In
1676 935 1882 995 exsilio

174 1027 357 1077 rector
415 1034 665 1090 morum,
711 1019 772 1077 in
812 1021 1034 1093 judicio
1078 1022 1352 1088 discretor
1403 1025 1762 1096 meritorum,
1822 1026 1881 1084 in

175 1123 350 1182 regno
390 1109 767 1182 pramiorum
811 1111 1189 1183 distributor;
1243 1113 1542 1186 simulque
1588 1116 1884 1173 considera

175 1201 310 1274 quia
346 1215 463 1258 non
494 1200 879 1272 Ecclesiastes,
920 1219 1038 1262 non
1083 1203 1267 1274 Idida,
1320 1204 1422 1263 sed
1462 1205 1732 1264 Salomon
1768 1213 1885 1263 tam

174 1288 491 1362 gloriosum
513 1304 657 1362 opus
681 1290 866 1348 facere
887 1299 1262 1364 pranotatur.
1298 1295 1508 1351 Averte
1534 1293 1730 1352 oculos
1757 1299 1885 1353 tuos

175 1377 246 1435 ab
277 1376 441 1435 illius
482 1379 694 1435 terreni
734 1380 884 1451 regis
931 1379 1174 1452 deliciis,
1233 1382 1355 1454 qui,
1407 1380 1537 1438 licet
1573 1381 1747 1439 fuerit
1791 1397 1885 1440 sa—

182 1465 400 1539 pientia
441 1465 776 1540 singularis,
817 1467 1087 1527 sublimis
1137 1469 1339 1544 gloria,
1392 1470 1564 1528 rebus
1617 1469 1882 1542 afﬂuens,

178 1572 312 1630 pace
359 1571 617 1626 securus,
667 1572 783 1614 non
825 1564 1015 1615 tamen
1062 1559 1170 1616 tale
1215 1574 1358 1631 opus
1404 1559 1589 1616 facere
1638 1560 1888 1631 potuerit

177 1643 348 1718 quale
390 1644 605 1702 factum
647 1659 762 1702 non
794 1645 868 1702 sit
899 1645 1192 1704 universis
1225 1647 1434 1721 regnis.
1481 1647 1760 1722 Nunquid
1793 1665 1886 1706 sa-

176 1748 289 1792 cra
321 1733 562 1807 scriptor
598 1731 857 1792 historia
893 1734 1091 1794 omnia
1119 1752 1289 1810 opera
1323 1736 1529 1794 mundi
1558 1741 1614 1792 et
1640 1735 1885 1805 gloriam

1964 576 2144 636 allicit
2169 578 2240 636 ad
2269 579 2581 639 videndum
2604 583 2632 636 ?
2655 581 2806 650 Quid
2838 583 3044 642 fortius
3068 583 3170 642 illa
3207 585 3544 644 fortitudine
3567 603 3669 661 per

1965 682 2138 740 quam
2177 667 2409 725 Domini
2441 669 2715 728 fortitudo
2744 686 2878 728 vasa
2907 669 3152 743 diripuit
3181 672 3431 730 fortioris
3451 673 3480 731 ?
3518 674 3668 744 Quid

1967 755 2237 828 frigidius
2260 757 2358 813 illa
2387 757 2708 816 substantia
2734 773 2910 832 quam
2949 759 3317 817 obumbravit
3351 759 3538 820 virtus
3567 763 3672 820 ΑΙ-

1966 845 2196 916 tissimi,
2239 846 2402 903 etab
2448 853 2594 904 astu
2642 847 2857 919 peccati
2903 847 3159 905 defendit
3209 851 3671 920 supervenientis

1969 932 2222 1006 Spiritus
2270 933 2616 1006 plenitudo?
2659 935 2749 992 Ex
2779 936 2888 992 hoc
2911 935 3102 1004 ebore,
3134 937 3248 994 nisi
3283 938 3470 1011 fallor,
3513 941 3666 998 fiunt

1968 1020 2087 1078 illa
2142 1021 2350 1079 domus
2398 1022 2691 1093 eburnea,
2748 1023 2819 1080 de
2868 1022 3085 1095 quibus
3132 1024 3271 1082 dicit
3317 1026 3664 1086 Psalmista:

1973 1131 1999 1160 α
2030 1108 2286 1183 Myrrha,
2314 1117 2366 1168 et
2397 1117 2576 1183 gutta,
2606 1117 2661 1168 et
2690 1110 2841 1168 casia
2878 1127 2911 1168 a
2950 1110 3308 1170 vestimentis
3333 1113 3471 1187 tuis,
3505 1130 3536 1173 a
3564 1117 3669 1174 do-

1969 1197 2166 1256 mibus
2195 1198 2469 1256 eburneis
2495 1202 2664 1266 (Psal.
2691 1204 2877 1268 XLIV).
2915 1223 2936 1252 ι)

2043 1283 2357 1359 Sequitur:
2398 1309 2422 1335 α
2457 1285 2765 1345 Grandem.
2821 1308 2849 1341 »
2904 1288 3054 1358 Quid
3097 1293 3378 1363 grandius
3431 1291 3673 1366 Virgine

1971 1375 2170 1447 Maria,
2213 1389 2346 1448 qua
2392 1378 2854 1450 magnitudinem
2890 1395 3136 1438 summa
3168 1381 3490 1439 divinitatis
3519 1382 3672 1440 intra

1970 1467 2061 1524 sui
2110 1465 2329 1523 ventris
2369 1465 2661 1524 concludit
2697 1468 3020 1526 arcanum?
3059 1472 3306 1528 Attende
3345 1470 3671 1545 Seraphim,

1970 1562 2025 1612 et
2073 1555 2130 1612 in
2175 1553 2339 1612 illius
2384 1555 2696 1627 superioris
2726 1564 2952 1615 natura
2980 1559 3284 1631 supervola
3307 1559 3668 1633 dignitatem,

1972 1651 2026 1700 et
2053 1643 2277 1701 videbis
2297 1643 2586 1718 quidquid
2613 1643 2801 1717 majus
2819 1653 2922 1717 est,
2954 1647 3152 1705 minus
3176 1645 3432 1722 Virgine,
3458 1647 3674 1706 solum-

1972 1749 2085 1809 que
2115 1733 2389 1808 Opiﬁcem
2417 1750 2561 1807 opus
2589 1735 2745 1794 istud
2773 1737 3126 1810 supergredi.

177 1840 378 1884 eorum
417 1825 634 1884 intuitu
673 1824 940 1900 diligenti
990 1831 1379 1898 prospexerat,
1431 1832 1496 1884 ut
1535 1827 1642 1886 hoc
1694 1828 1955 1907 statimB
2048 1846 2074 1874 α
2104 1823 2173 1880 Et
2223 1823 2457 1880 vestivit
2504 1839 2641 1881 eum
2695 1839 2839 1883 auro
2898 1825 3057 1883 fulvo
3120 1825 3316 1885 nimis.
3361 1845 3389 1880 »
3445 1827 3678 1885 Aurum

179 1919 290 1972 tota
338 1913 772 1985 deliberatione,
821 1929 936 1972 non
987 1914 1112 1984 uni,
1168 1914 1266 1972 sed
1314 1914 1587 1973 omnibus
1633 1916 1879 1973 antefer-

179 2001 310 2060 ret?
351 2001 556 2059 Inania
598 2008 734 2060 sunt
769 2003 912 2072 hac,
961 2003 1010 2061 si
1058 2018 1175 2061 non
1220 2017 1586 2061 recurramus
1627 2004 1697 2060 ad
1745 2003 1883 2060 inti-

177 2107 300 2150 mos
331 2091 580 2149 calestis
617 2091 944 2166 disciplina
983 2107 1262 2163 recessus,
1300 2092 1350 2150 si
1381 2107 1498 2150 non
1527 2091 1825 2150 deviemus
1852 2108 1885 2150 a

179 2185 269 2240 via
315 2181 669 2240 litteratoria
711 2181 1028 2255 qualitatis.
1080 2182 1353 2241 Salomon
1393 2189 1607 2250 noster,
1639 2196 1760 2238 non
1788 2196 1883 2239 so-

177 2269 303 2330 lum
348 2270 596 2344 sapiens,
631 2271 812 2328 sedet
838 2271 1120 2344 sapientia
1149 2269 1332 2328 Patris
1359 2289 1373 2339 ;
1416 2285 1532 2328 non
1564 2269 1752 2326 solum
1785 2285 1886 2341 pa-

175 2360 396 2429 ciﬁcus,
434 2359 530 2416 sed
576 2364 631 2416 et
669 2374 784 2431 pax
827 2365 1041 2429 nostra,
1090 2359 1193 2433 qui
1234 2359 1366 2416 fecit
1404 2365 1646 2430 utraque
1676 2372 1883 2428 unum,

177 2447 310 2506 fecit
361 2447 656 2516 thronum,
705 2453 937 2504 uterum
977 2447 1245 2504 videlicet
1294 2446 1650 2505 intemerata
1693 2446 1884 2519 Virgi-

178 2538 288 2607 nis,
333 2537 397 2594 in
446 2552 563 2612 quo
602 2537 746 2596 sedit
784 2537 886 2596 illa
929 2537 1215 2611 majestas,
1259 2553 1397 2611 qua
1439 2545 1585 2596 nutu
1635 2538 1888 2596 concutit

179 2627 400 2685 orbem.
670 2684 684 2696 ,
1350 2669 1364 2680 .

249 2716 416 2775 Hanc
443 2715 760 2774 sessionem
790 2715 924 2773 Filii
953 2721 1009 2773 et
1037 2715 1300 2788 probavit
1327 2721 1382 2773 et
1407 2715 1674 2788 cognovit
1699 2715 1883 2787 Pater,

177 2807 304 2880 ipso
330 2806 560 2864 dicente
590 2823 604 2862 :
637 2828 663 2856 α
691 2805 781 2864 Tu
811 2806 1129 2878 cognovisti
1160 2805 1475 2865 sessionem
1497 2820 1685 2862 meam
1712 2807 1884 2876 (Psal.

177 2900 508 2966 CXXXVIII);
545 2915 574 2948 »
621 2901 719 2953 et:
755 2915 784 2948 «
815 2894 1083 2954 Thronus
1133 2901 1264 2954 tuus
1307 2895 1460 2954 Deus
1500 2895 1563 2952 in
1607 2894 1886 2952 saculum

179 2986 380 3046 saculi
406 2988 570 3058 (Psal.
601 2985 806 3057 XLIV);
842 3010 868 3034 »
903 2993 1000 3043 et:
1037 3006 1064 3038 «
1101 2983 1371 3043 Thronus
1399 2985 1507 3042 iste
1530 2982 1680 3042 sicut
1710 2981 1796 3040 sol
1825 2982 1888 3040 in

179 3083 487 3150 conspectu
545 3081 642 3134 tuo
695 3077 861 3148 (Psal.
903 3077 1222 3147 LXXXVIII).
1264 3096 1285 3126 ι
1332 3074 1585 3145 «Sedes,
1621 3095 1647 3127 »
1697 3074 1891 3148 inquit

1973 1912 2247 1970 omnibus
2302 1913 2553 1970 metallis
2602 1914 2929 1986 pretiosius,
2990 1916 3250 1989 intellige
3309 1916 3674 1975 divinitatem

1972 2000 2096 2072 Dei,
2128 2000 2291 2058 omni
2319 2001 2793 2074 praeminentem
2833 2004 3075 2077 mundo,
3113 2003 3312 2063 omnia
3343 2005 3676 2079 gubernan-

1975 2095 2109 2147 tem.
2145 2089 2266 2147 Hac
2309 2090 2514 2148 vestita
2544 2095 2647 2162 est,
2693 2090 2812 2149 imo
2849 2095 3227 2166 supervestita
3265 2093 3445 2152 Mater
3490 2094 3670 2153 Altis-

1973 2177 2127 2249 simi,
2162 2184 2452 2253 totamque
2485 2178 2778 2252 Virginem
2812 2186 2924 2239 tota
2942 2181 3043 2239 illa
3068 2182 3444 2241 indivisibilis
3470 2191 3676 2243 natura

1972 2268 2205 2341 largiori
2227 2269 2407 2342 gratia
2433 2270 2775 2342 superfudit.
2802 2271 2953 2340 Quid
2982 2279 3069 2329 est
3092 2279 3284 2331 autem
3318 2275 3471 2346 quod
3498 2273 3674 2331 dicit:

1975 2358 2135 2415 fulvo
2166 2358 2387 2416 nimis?
2418 2358 2528 2416 Hic
2551 2358 2774 2432 aliquid
2806 2361 3225 2433 requirendum
3247 2362 3485 2438 reliquit
3510 2361 3678 2421 nobis

1975 2444 2225 2518 Spiritus
2259 2446 2358 2505 ille
2397 2447 2728 2521 multiplex,
2771 2450 3098 2509 et'utinam
3132 2452 3350 2525 possim
3367 2452 3683 2528 "explicare

1972 2534 2128 2608 quod
2150 2533 2618 2602 sentio.Quatuor
2649 2535 2836 2593 modis
2861 2536 3014 2595 inest
3041 2537 3195 2596 Deus
3217 2536 3492 2598 omnibus
3519 2553 3682 2596 crea-

1973 2624 2137 2683 turis.
2173 2623 2364 2682 Primo
2393 2624 2562 2682 modo
2594 2625 2975 2686 essentialiter
3005 2634 3120 2686 tam
3161 2629 3328 2688 bonis
3353 2644 3530 2703 quam
3557 2644 3680 2686 ma-

1971 2714 2064 2783 lis,
2100 2714 2368 2788 nihilque
2395 2715 2729 2773 intercludit
2754 2715 2980 2775 deitatis
3007 2719 3337 2791 essentiam,
3377 2734 3480 2793 per
3505 2734 3681 2794 quam

1973 2820 2096 2863 esse
2122 2806 2322 2863 omnia
2348 2812 2710 2879 acceperunt.
2745 2807 2888 2866 Inde
2915 2815 3001 2866 est
3033 2810 3187 2884 quod
3213 2825 3504 2883 nusquam
3535 2816 3589 2867 et
3617 2809 3682 2868 in

1973 2894 2133 2954 omni
2165 2893 2288 2952 loco
2329 2909 2450 2952 esse
2481 2894 2712 2967 legitur,
2751 2912 2886 2954 cum
2926 2897 3202 2958 omnibus
3246 2897 3686 2971 praesentialiter

1972 2985 2218 3053 assistat,
2247 2991 2302 3042 et
2330 3001 2363 3042 a
2395 2985 2560 3043 nullo
2601 2987 3139 3060 comprehendatur.
3168 2988 3396 3046 Habent
3425 2989 3599 3046 etiam
3627 2993 3682 3045 et

1977 3072 2113 3131 mali
2144 3073 2244 3130 Dei
2274 3073 2667 3145 prasentiam,
2699 3075 2796 3132 sed
2836 3091 2951 3133 non
2996 3077 3266 3150 gaudent,
3307 3091 3443 3135 cum
3488 3077 3682 3134 inani-

182 3167 496 3240 Scriptura,
548 3189 574 3216 α
608 3182 780 3239 super
812 3167 1110 3237 thronum,
1149 3167 1254 3240 qui
1287 3165 1516 3238 judicas
1556 3165 1888 3240 aquitatem
1911 3200 1954 3261 α
1977 3169 2127 3261 mata
2177 3162 2450 3261 qualibet
2498 3164 2608 3261 hoc
2640 3165 2861 3238 possint
2903 3165 3208 3240 privilegio
3261 3165 3514 3239 gloriari.
3578 3165 3683 3261 se-

181 3261 347 3330 (Psal.
391 3257 490 3326 IX).
516 3277 544 3310 »
591 3255 739 3326 Quid
783 3257 939 3314 enim
973 3256 1191 3330 justius
1219 3271 1394 3330 quam
1425 3255 1604 3313 vilem
1633 3261 1689 3313 et
1720 3263 1894 3314 trans-
1917 3253 1953 3261 ν
1975 3253 2165 3312 cundo
2204 3253 2375 3310 modo
2416 3254 2565 3312 inest
2593 3254 2761 3312 bonis
2794 3256 3142 3328 operatione,
3175 3255 3293 3328 agit
3323 3255 3480 3312 enim
3512 3255 3574 3312 in
3600 3254 3684 3313 eis

180 3347 375 3421 fugam
433 3361 707 3416 servum,-
747 3353 802 3404 et
854 3345 1118 3404 conservi
1163 3345 1255 3404 sui
1306 3344 1577 3403 sedulum
1629 3345 1892 3418 decepto-

179 3451 323 3506 rem,
359 3434 650 3508 perpetuis
681 3434 915 3507 ignibus
944 3436 1260 3508 assignare,
1293 3440 1346 3491 et
1378 3433 1568 3501 illum,
1600 3448 1769 3506 quem
1806 3433 1891 3492 fe-

181 3522 426 3592 fellerat,
477 3539 583 3582 suo
616 3523 906 3595 resignare
948 3520 1271 3596 principio?
1310 3521 1408 3579 Ait
1432 3522 1531 3579 ille
1557 3521 1700 3579 alter
1736 3522 1893 3581 ﬁlius

181 3611 440 3684 Virginis
469 3631 482 3669 :
520 3637 546 3661 «
579 3612 650 3670 Et
676 3627 792 3671 vox
823 3611 893 3670 de
922 3613 1127 3670 throno
1158 3610 1342 3670 exivit
1366 3610 1564 3668 dicens
1594 3630 1606 3669 :
1635 3611 1893 3670 Laudem

178 3703 350 3764 dicite
377 3704 498 3762 Deo
522 3709 736 3773 nostro,
777 3717 980 3761 omnes
1011 3704 1192 3761 sancti
1223 3702 1350 3775 ejus
1380 3702 1572 3774 (Apoc.
1609 3706 1692 3770 V).
1723 3722 1751 3754 »
1803 3701 1894 3760 Ex

179 3792 288 3851 hoc
320 3793 528 3850 throno
553 3791 684 3850 laus
720 3791 1060 3865 angelorum
1104 3791 1445 3864 prorumpit,
1477 3797 1532 3849 et
1563 3791 1890 3860 hominum,

177 3881 318 3956 quia
352 3880 496 3940 dum
543 3881 640 3938 hic
683 3880 1030 3952 restituitur,
1071 3887 1126 3938 et
1155 3881 1256 3939 ille
1300 3880 1628 3952 resarcitur,
1661 3883 1895 3955 utrique

1979 3343 2164 3401 Virtus
2192 3341 2505 3414 operativa,
2545 3350 2609 3399 ut
2645 3353 2959 3416 operentur
2995 3359 3166 3416 opera
3191 3343 3332 3414 Dei;
3364 3359 3468 3401 nec
3505 3344 3686 3402 otiose

1975 3431 2149 3489 creati
2178 3435 2317 3488 sunt
2341 3431 2492 3487 inter
2535 3437 2842 3502 creaturas,
2884 3432 3035 3489 sicut
3072 3438 3129 3488 et
3167 3431 3326 3501 mali,
3359 3434 3462 3505 qui
3493 3433 3684 3506 elege-

1975 3529 2111 3582 runt
2140 3536 2416 3593 arescere,
2445 3529 2508 3579 ut
2536 3523 2901 3596 sempiternis
2919 3522 3152 3597 ignibus
3186 3522 3461 3581 alimenta
3507 3523 3687 3580 mini-

1977 3619 2172 3670 strent.
2215 3613 2373 3671 Inest
2411 3617 2466 3670 et
2501 3611 2792 3687 plerisque
2829 3612 2996 3670 bonis
3037 3611 3492 3681 illuminatione,
3540 3627 3690 3685 quos

1975 3703 2046 3760 de
2075 3703 2405 3761 futurorum
2433 3701 2762 3776 cognitione
2791 3700 3056 3759 nobilitat
3097 3708 3151 3759 et
3198 3699 3503 3774 participes
3547 3715 3684 3759 suo-

1977 3806 2109 3849 rum
2139 3789 2312 3848 et’ﬂcit
2341 3797 2710 3849 secretorum.
2744 3789 2957 3858 Quarto
3001 3788 3173 3847 modo
3213 3787 3363 3846 inest
3391 3788 3495 3846 uni
3523 3803 3687 3846 crea-

1978 3887 2142 3950 tura,
2187 3879 2455 3938 videlicet
2495 3878 2690 3936 Maria
2727 3877 2976 3952 Virgini,
3018 3877 3333 3949 identitate,
3365 3878 3503 3950 quia
3531 3878 3686 3938 idem

177 3970 500 4042 gratiarum
547 3967 753 4026 debent
793 3967 1180 4027 devotionem.
1229 3968 1390 4027 Nosti
1428 3969 1708 4043 quidnam
1746 3969 1895 4030 dicat
1976 3975 2060 4027 est
2089 3968 2241 4042 quod
2278 3969 2399 4026 illa.

177 4057 282 4131 qui
337 4057 496 4116 88dct
544 4056 604 4113 in
668 4057 918 4114 throno?
980 4081 1006 4106 ιε
1052 4057 1216 4128 Ecce,
1277 4057 1489 4131 inquit,
1547 4073 1698 4116 nova
1751 4059 1895 4118 facio
2048 4057 2157 4115 Hic
2199 4061 2377 4113 taceat
2405 4061 2460 4113 et
2489 4055 2889 4115 contremiscat
2924 4057 3117 4116 omnis
3153 4061 3438 4127 creatura,
3484 4063 3539 4114 et
3588 4056 3692 4115 vix

178 4145 381 4205 omnia
421 4146 618 4216 (Apoc.
657 4149 809 4214 XXI).
847 4165 872 4197 »
922 4144 1091 4202 Felix
1143 4146 1406 4216 thronus,
1455 4145 1518 4202 in
1575 4161 1691 4219 quo
1741 4146 1898 4206 sedet
1977 4144 2185 4203 audeat
2221 4145 2475 4218 aspicere
2524 4151 2696 4203 tanta
2731 4144 3027 4218 dignitatis
3079 4152 3135 4203 et
3175 4145 3526 4218 dignationis
3577 4143 3694 4202 im-

179 4235 512 4295 dominator
565 4235 876 4306 Dominus;
941 4235 1004 4293 in
1061 4251 1193 4308 quo,
1260 4241 1317 4293 et
1384 4251 1485 4310 per
1537 4252 1711 4310 quem
1778 4253 1894 4296 non
1977 4235 2361 4294 mensitatem.
2417 4254 2445 4288 «
2479 4234 2762 4294 Dominus
2788 4241 2973 4294 tecum
3009 4238 3161 4304 (Luc.
3195 4240 3259 4306 I),
3292 4255 3322 4288 »
3361 4234 3556 4309 inquit
3601 4250 3698 4293 ar-

178 4324 377 4383 solum
431 4338 653 4393 omnes,
703 4323 800 4380 sed
849 4323 1045 4382 omnia
1096 4325 1492 4382 renovantur!
1550 4323 1725 4383 Parco
1772 4341 1899 4384 ver-
1977 4323 2315 4399 changelus.
2346 4323 2580 4383 Habitat
2605 4323 2663 4381 in
2702 4323 2922 4398 angelis
2949 4323 3126 4394 Deus,
3157 4323 3254 4382 sed
3284 4337 3402 4383 non
3431 4339 3566 4383 cum
3590 4338 3696 4382 an-

180 4413 292 4483 bis,
356 4412 495 4486 quia
556 4412 836 4485 quosdam
897 4419 1155 4470 vestrum
1217 4411 1400 4469 sentio
1453 4412 1788 4485 pravolare,
1840 4421 1896 4473 et
1979 4415 2146 4490 gelis,
2205 4414 2343 4489 quia
2399 4429 2534 4473 cum
2587 4414 2704 4473 illis
2757 4414 3020 4487 ejusdem
3088 4427 3208 4473 non
3259 4419 3345 4473 est
3408 4413 3695 4472 essentia.

176 4501 470 4560 currentis
524 4500 659 4574 styli
716 4501 1038 4572 pravenire
1092 4501 1446 4574 pauperiem.
1505 4501 1708 4561 Merito
1761 4505 2222 4579 ergonﬂahitat
2260 4504 2412 4563 Deus
2449 4506 2512 4562 in
2543 4503 2802 4579 Virgine,
2837 4505 3057 4563 habitat
3099 4519 3233 4564 cum
3263 4504 3385 4576 illa,
3415 4519 3550 4562 cum
3581 4517 3699 4576 qua

181 4591 296 4650 tale
353 4605 498 4662 opus
548 4605 666 4648 non
724 4590 1040 4663 eloquenti,
1101 4604 1218 4647 non
1270 4589 1538 4663 glorioso,
1594 4591 1694 4649 sed
1753 4589 2171 4665 paci-“unius
2195 4599 2421 4652 natura
2450 4593 2623 4651 habet
2649 4593 3027 4653 identitatem.
3060 4593 3184 4652 Hoc
3213 4600 3459 4666 estergo
3488 4606 3700 4650 aurum

179 4680 290 4740 ﬁco
338 4681 612 4741 scribitur
649 4683 1046 4755 assignatum;
1090 4682 1229 4755 quia
1266 4683 1427 4740 venit
1468 4681 1636 4741 Jesus
1675 4681 1898 4740 instau-
1985 4686 2217 4743 fulvum
2265 4682 2461 4753 nimis,
2516 4698 2632 4756 quo
2681 4683 2930 4743 thronus
2979 4688 3063 4741 est
3099 4682 3360 4750 vestitus,
3409 4680 3548 4752 quia
3598 4679 3700 4739 tali

178 4787 312 4831 rare
349 4777 406 4831 et
451 4788 584 4846 qua
611 4771 673 4830 in
705 4773 863 4830 coelis
892 4779 947 4830 et
973 4787 1106 4846 qua
1140 4771 1200 4829 in
1231 4771 1437 4841 terris;
1491 4787 1805 4846 pacemque
1847 4778 1901 4830 et
1987 4774 2156 4834 modo
2203 4774 2357 4832 Deus
2404 4771 2703 4846 Virginem
2749 4773 2942 4832 induit
2977 4779 3033 4830 et
3069 4771 3132 4829 in
3177 4769 3415 4843 Virgine
3455 4768 3698 4828 indutus

179 4865 555 4924 concordiam
581 4866 732 4925 inter
766 4867 1029 4925 homines
1061 4873 1119 4925 et
1153 4867 1409 4938 angelos,
1445 4867 1734 4925 mediante
1768 4866 1900 4924 Vir-
1986 4872 2089 4943 est,
2117 4870 2184 4922 ut
2212 4863 2440 4922 meliori
2465 4878 2582 4921 non
2612 4867 2817 4936 posset.

179 4952 341 5026 Sine.
375 4955 708 5014 PBfOI‘mal‘e.
2061 4952 2337 5028 Sequitur
2378 4973 2390 5012 :
2445 4979 2472 5003 «ε
2519 4953 2627 5012 Per
2697 4968 2800 5012 sex
2872 4951 3085 5024 gradus
3159 4949 3576 5008 ascendehatur
3625 4949 3698 5007 ad

257 5065 287 5093 «ι
321 5041 404 5100 De
427 5042 616 5114 ebore,
649 5064 676 5096 »
710 5044 919 5116 inquit.
962 5043 1110 5113 Quid
1143 5050 1224 5102 est
1261 5043 1416 5117 quod
1454 5059 1688 5114 aurum,
1724 5049 1779 5101 et
1808 5059 1900 5100 ar-
1988 5061 2145 5103 eum.
2181 5068 2207 5095 ι»
2259 5044 2424 5117 Elige
2453 5042 2721 5100 meditari
2751 5056 2884 5114 qua
2922 5043 3115 5096 sancta
3153 5043 3310 5110 sunt,
3345 5038 3482 5112 quia
3517 5062 3538 5091 α
3571 5053 3698 5111 per-

178 5137 450 5203 gentum,
481 5138 537 5189 et
561 5133 778 5206 lapides
807 5133 1062 5207 pretiosi,
1096 5142 1151 5190 et
1175 5134 1367 5191 omnis
1396 5132 1650 5206 denique
1688 5133 1902 5205 pretio—
1989 5149 2173 5191 versa
2204 5133 2580 5206 cogitationes
2608 5134 2873 5202 separant
2898 5144 2930 5186 a
2971 5126 3088 5185 Deo
3117 5130 3268 5200 (Sap.
3309 5131 3346 5200 I)
3366 5147 3384 5198 ;
3414 5151 3439 5178 υ
3489 5133 3546 5186 et
3579 5127 3700 5200 pri-

181 5223 354 5283 sioris
406 5223 680 5280 materia
749 5223 1118 5296 pramittitur
1190 5223 1427 5294 gloria?
1508 5219 1640 5279 Sola
1717 5221 1905 5280 eboris
1990 5237 2154 5281 mum
2214 5223 2460 5297 gradum
2513 5218 2842 5277 ascendisti.
2897 5217 3167 5276 Insuesce
3223 5218 3483 5291 linguam
3541 5223 3703 5275 tuam

182 5312 513 5373 substantia
554 5328 735 5386 capax
769 5320 853 5370 est
888 5317 1058 5370 tanta
1087 5309 1540 5385 compositionis,
1571 5314 1630 5365 et
1659 5309 1902 5368 fabrica-
1989 5313 2134 5370 bene
2187 5312 2367 5384 loqui,
2418 5315 2474 5367 et
2526 5309 2806 5367 subsilisti
2845 5309 2915 5367 ad
2955 5311 3294 5368 secundum.
3347 5308 3508 5367 Juste
3545 5306 3702 5380 quod

182 5409 282 5462 tur
314 5403 377 5461 in
413 5419 478 5460 ea
516 5404 670 5478 quod
704 5403 977 5462 omnibus
1023 5402 1295 5476 operibus
1340 5397 1478 5455 221
1541 5403 1900 5474 praferatur.
1983 5403 2210 5476 justum
2261 5407 2344 5460 est
2393 5415 2649 5473 operare,
2690 5406 2746 5458 et
2787 5402 3019 5460 tertium
3064 5401 3370 5459 ascendere
3413 5397 3696 5458 meruisti.

185 5493 354 5553 Ebur
395 5492 554 5552 enim
601 5499 658 5551 et
709 5492 963 5551 mirabili
1013 5492 1261 5551 candore
1319 5491 1552 5560 relucet,
1615 5499 1671 5550 et
1725 5492 1906 5550 multa
1988 5493 2139 5552 Doce
2177 5492 2409 5566 iniquos
2438 5489 2562 5548 vias
2590 5489 2823 5549 Domini
2860 5496 2916 5550 et
2942 5490 3234 5550 consolare
3264 5505 3464 5548 omnes
3492 5490 3698 5564 lugen-

185 5583 532 5657 praeminet
561 5583 917 5652 fortitudine,
955 5581 1388 5656 lrigidiorisque
1416 5588 1642 5640 natura
1673 5581 1907 5640 sortitur
1991 5589 2096 5656 tes,
2151 5587 2209 5640 et
2255 5583 2328 5641 ad
2381 5580 2574 5654 quarti
2630 5579 3049 5639 sublimitatem
3108 5576 3253 5635 222
3306 5586 3561 5654 raptatus
3615 5595 3698 5639 es.

183 5673 542 5746 auspicium.
585 5673 654 5730 Et
689 5671 831 5748 quid
867 5669 1173 5731 candidius
1219 5669 1322 5730 illa
1367 5669 1717 5745 virginitate,
1773 5684 1904 5743 quae
1993 5670 2288 5745 Relinque
2319 5669 2610 5730 mundum
2649 5675 2707 5728 et
2737 5683 2806 5728 ea
2831 5683 2965 5742 qua
3000 5669 3062 5728 in
3101 5669 3322 5729 mundo
3350 5675 3505 5742 sunt,
3545 5673 3601 5728 et
3629 5667 3703 5727 ad
