4178 6456
509 332 612 391 739

1127 331 1184 390 S.
1229 330 1449 389 PETRI
1491 328 1807 389 DAMIANI
1847 329 2004 388 OPP.
2048 324 2240 386 PARS
2281 323 2421 384 SEU
2469 323 2718 384 TOMUS
2758 324 2830 382 II.
2871 355 2939 367 —
2981 325 3397 406 SERMONES.

3908 331 4019 390 7i0

513 458 703 532 quinti
730 471 1002 515 cacumen
1034 454 1291 514 evolasti.
1328 453 1542 512 Teneat
1582 461 1634 512 te
1677 453 2098 528 perseverantia
2136 450 2429 510 inAfacta
2478 457 2619 506 sunt
2675 449 2737 506 in
2799 449 3084 507 creaturis
3131 449 3376 519 mundi,
3437 449 3588 508 nihil
3643 458 3834 510 tamen
3894 461 4014 512 tam

517 551 697 612 motu,
731 541 1212 616 perseverantiam
1253 556 1368 599 non
1410 540 1693 615 relinque,
1726 550 1780 599 et
1817 548 2045 599 sextum
2086 556 2208 612 gra-

505 633 645 691 dum
672 631 918 690 viriliter
954 629 1209 702 attigisti.
1246 629 1329 687 Ex
1383 630 1492 688 hoc
1522 629 1794 688 subsilire
1827 629 1955 687 licet
1993 630 2052 686 in
2091 645 2207 687 cce-

501 723 646 791 lum,
675 721 747 777 ad
769 720 928 777 illam
951 719 1192 792 gloriam
1222 719 1494 792 aspirare,
1524 718 1586 776 in
1612 735 1724 791 qua
1755 719 1976 791 Regina
2005 719 2209 790 glorio-

499 810 617 868 sior
639 809 960 882 angelicam
993 808 1317 866 reverberat
1347 807 1704 880 dignitatem.

573 898 849 974 Sequitur
879 914 890 952 :
927 919 950 946 «ι
981 897 1288 955 Rotundus
1310 903 1430 952 erat
1455 897 1516 952 in
1546 896 1975 968 posterioribus.
2017 918 2042 948 υ
2080 897 2212 954 Pos-

500 988 706 1044 teriora
740 986 999 1057 Virginis
1028 985 1484 1057 assumptionem
1522 976 1647 1056 ejus
1687 985 1962 1056 intellige,
1993 985 2055 1042 in
2095 1000 2210 1057 qua

502 1077 679 1134 linem
708 1075 843 1133 vitae
875 1075 1132 1134 mortalis
1161 1073 1392 1147 accepit,
1425 1088 1556 1148 quae
1589 1073 1764 1130 vitam
1793 1074 2038 1131 reddidit
2060 1074 2206 1132 orbi.

502 1163 568 1220 Et
597 1170 730 1221 nota
774 1177 908 1221 cum
957 1170 1170 1234 quanto
1203 1169 1558 1219 sacramento
1597 1161 1902 1220 transitum
1953 1161 2210 1234 Virginis

502 1249 797 1323 Scriptura
827 1260 1113 1323 comparet
1142 1247 1493 1306 rotunditati.
1537 1248 1604 1304 In
1635 1250 1885 1306 rotundo
1914 1265 2017 1306 nec
2049 1249 2207 1321 prin-

496 1340 734 1413 cipium,
763 1356 871 1398 nec
893 1343 1068 1397 linem
1095 1337 1589 1413 poterIS‘iuvenire
1614 1356 1628 1406 ;
1660 1337 1736 1395 ita
1765 1345 1819 1395 et
1843 1339 2046 1411 gloria,
2077 1354 2210 1413 quae

496 1442 623 1485 eam
661 1427 733 1485 de
771 1428 877 1485 hoc
903 1428 1123 1486 mundo
1156 1433 1546 1484 transeuntem
1581 1427 1826 1499 excepit,
1862 1427 2210 1500 principium

499 1516 743 1590 ignorat,
770 1518 953 1576 nescit
1007 1517 1228 1588 linem;
1277 1517 1347 1574 de
1399 1531 1513 1588 qua
1565 1517 1650 1574 nil
1697 1517 1856 1575 aliud
1906 1532 2211 1590 possumus

500 1605 710 1672 dicere,
743 1605 856 1664 nisi
901 1605 1040 1678 quia
1071 1628 1090 1656 ι
1125 1605 1374 1678 gloriosa
1413 1603 1561 1661 dicta
1605 1613 1740 1662 sunt
1781 1605 1851 1662 de
1893 1614 1944 1662 te
1980 1629 2000 1657 ι
2036 1607 2206 1674 (Psal.

497 1702 780 1762 LXXXVI),
812 1693 994 1767 gloria
1025 1693 1150 1750 Dei.

569 1781 843 1856 Sequitur
893 1805 905 1839 :

494 1872 728 1944 gradus.
791 1895 815 1922 υ
879 1870 1195 1928 Duodecim
1249 1871 1550 1941 leunculi,
1617 1872 1922 1930 duodecim
1973 1871 2212 1943 apostoli

495 1967 652 2029 sunt,
680 1961 783 2034 qui
820 1959 1079 2033 praefixis
1115 1959 1390 2033 gradibus
1436 1960 1684 2019 validius
1727 1961 2072 2029 insistentes,
2107 1961 2214 2019 Re-

504 2052 701 2124 ginam
747 2050 877 2109 caeli
924 2064 1039 2106 non
1094 2050 1222 2106 sine
1266 2050 1524 2108 maximo
1559 2059 1789 2123 stupore
1831 2049 2210 2118 demirantur,

491 2148 546 2199 et
589 2140 789 2198 dicunt
853 2162 866 2195 :
919 2159 944 2190 ‹‹
973 2136 1114 2205 Quae
1144 2145 1227 2195 est
1280 2139 1406 2208 ista,
1439 2153 1572 2209 quae
1621 2137 1876 2196 ascendit
1909 2138 2060 2194 sicut
2105 2153 2211 2196 au-

501 2244 636 2286 rora
674 2243 1046 2300 consurgens,
1085 2227 1326 2301 pulchra
1352 2235 1416 2284 ut
1456 2227 1612 2299 luna,
1648 2226 1823 2284 electa
1858 2232 1922 2284 ut
1960 2225 2066 2296 sol,
2098 2235 2215 2284 ter-

502 2319 686 2377 ribilis
743 2324 808 2376 ut
860 2323 1178 2374 castrorum
1235 2315 1383 2372 acies
1430 2314 1741 2374 ordinata?
1793 2339 1816 2364 υ
1877 2318 2050 2382 (Cant.
2116 2326 2216 2396 v1.)

504 2407 682 2466 Porro
718 2406 852 2464 duae
879 2420 1110 2475 manus,
1138 2420 1270 2478 qua:
1298 2405 1564 2461 tenebant
1599 2405 1734 2461 hinc
1760 2412 1815 2461 et
1848 2405 1983 2462 inde
2013 2404 2213 2475 sedile,

504 2499 755 2556 activam
811 2505 865 2554 et
917 2494 1418 2569 contemplativam
1471 2493 1648 2551 vitam
1701 2494 2214 2566 signiﬁcant,quze

504 2587 740 2646 Matrem
788 2584 1085 2657 Virginem
1134 2583 1490 2658 propensiori
1534 2581 1832 2656 diligentia
1864 2583 2209 2653 ambierunt,

501 2679 640 2735 adeo
687 2684 751 2734 ut
811 2691 917 2733 nec
970 2673 1116 2732 actio
1170 2671 1710 2745 contemplationem
1775 2672 2100 2742 minueret,
2157 2678 2213 2730 et

504 2765 908 2840 contemplatio
963 2780 1075 2822 non
1147 2763 1430 2821 desereret
1495 2761 1800 2819 actionem.
1853 2760 2207 2832 Recordare,

503 2858 642 2930 quia
695 2870 813 2912 non
863 2862 984 2911 erat
1034 2854 1084 2910 ei
1147 2853 1305 2910 locus
1359 2852 1419 2908 in
1471 2849 1792 2908 diversorio
1841 2853 2016 2918 (Luc.
2077 2863 2117 2907 Il
2149 2855 2210 2920 ),

504 2945 796 3021 quomodo
824 2945 1037 3003 Filium
1075 2959 1246 3002 suum
1280 2942 1526 3016 propriis
1576 2941 1853 2999 uberibus
1901 2940 2209 3010 lactaverit,

502 3045 556 3094 et
585 3051 789 3094 omnes
817 3035 1068 3109 denique
1097 3034 1377 3106 vagientis
1406 3031 1638 3106 parvuli
1669 3031 2013 3089 sustinuerit
2034 3031 2209 3089 actio-

506 3143 626 3195 nes,
657 3133 712 3183 et
767 3132 903 3182 tunc
953 3122 1241 3196 intelliges
1283 3121 1418 3197 quia
1462 3121 1783 3196 plurimum
1841 3120 2208 3178 ministravit.

507 3215 816 3274 Considera
842 3214 978 3288 quia
1009 3214 1130 3286 ipsa
1158 3219 1244 3270 est
1272 3227 1426 3285 quze,
1458 3211 1519 3268 in
1548 3210 2006 3283 contemplativa:
2031 3210 2217 3284 digni-

507 3306 633 3362 tatis
668 3311 1002 3377 supervecta
1042 3301 1429 3370 dulcedinem,
1475 3300 1537 3357 in
1579 3300 1760 3373 ipsius
1805 3300 1905 3358 Dei
1942 3301 2216 3358 substan-

516 3396 652 3454 tiam
693 3394 1001 3454 lucidiores
1038 3393 1233 3451 inlixit
1270 3392 1524 3451 obtutus.
1567 3413 1594 3445 «
1625 3391 1818 3463 Laeva,
1847 3391 2061 3466 inquit,
2088 3392 2215 3465 ejus

511 3485 618 3543 sub
668 3485 850 3558 capite
901 3499 1048 3552 meo,
1083 3490 1138 3541 et
1178 3482 1413 3539 dextera
1452 3481 1614 3539 illius
1653 3482 2080 3556 amplexabitur
2122 3497 2215 3540 me

509 3578 683 3647 (Cant.
711 3583 787 3645 ll).
825 3600 850 3622 »ι
2124 3619 2134 3629 .

579 3691 606 3714 ει
637 3663 766 3723 Duo
800 3663 996 3721 leones
1023 3660 1247 3719 stabant
1270 3661 1439 3733 juxta
1466 3659 1777 3718 brachiola.
1806 3681 1831 3712 »
1866 3660 1992 3717 Duo
2018 3659 2213 3719 leones

503 3760 641 3812 sunt
709 3750 943 3811 Gabriel
995 3749 1375 3821 archangelus
1417 3754 1473 3806 et
1522 3748 1773 3806 Joannes
1827 3748 2208 3819 evangelista,

502 3856 756 3914 quorum
787 3839 930 3897 alter
958 3838 1210 3896 dexterae
1255 3836 1532 3910 Virginis,
1561 3837 1704 3895 alter
1741 3838 1990 3895 sinistrae
2021 3845 2212 3896 custos

505 3933 816 4007 deputatus
860 3939 964 3990 est.
1015 3929 1244 3991 Gabriel
1281 3932 1439 3989 enim
1486 3937 1757 4000 mentem,
1787 3929 2040 3988 Joannes
2083 3946 2208 3989 car-

507 4037 639 4079 nem
695 4020 964 4094 pervigili
1017 4019 1404 4077 sollicitudine
1463 4025 1861 4076 servaverunt.
1899 4019 2008 4088 Qui
2064 4019 2210 4078 bene

511 4111 705 4167 leones
727 4109 1025 4177 dicuntur,
1047 4114 1275 4180 propter
1304 4107 1557 4180 rugitum
1589 4107 1848 4165 altisonze
1879 4108 2062 4178 vocis;
2097 4108 2211 4167 duo

511 4198 668 4256 enim
705 4198 882 4255 verba
910 4197 1330 4254 nuntiaverunt
1357 4196 1481 4254 orbi
1515 4203 1680 4255 terra:
1705 4197 1897 4270 qualia
1927 4213 2030 4254 nec
2060 4198 2211 4255 dicta

508 4293 647 4344 sunt
674 4299 779 4341 nec
807 4285 1092 4354 dicentur,
1116 4288 1170 4341 et
1199 4284 1259 4340 in
1287 4301 1538 4358 quorum
1566 4287 1985 4358 comparatione
2013 4287 2209 4345 omnia

509 4381 668 4432 muta
723 4373 969 4431 debeant
1012 4388 1301 4446 apparere.
1333 4397 1360 4425 α
1393 4375 1538 4446 Ave,
1569 4373 1766 4446 Maria,
1794 4377 1974 4448 gratia
2014 4377 2204 4450 plena,

2289 537 2602 606 excellens,
2638 547 2751 596 tam
2788 539 3163 612 magniﬁcum
3203 539 3462 599 fecerunt
3492 556 3667 613 opera
3693 543 4014 616 digitorum

2293 630 2428 688 Dei:
2467 629 2642 703 Virgo
2668 630 2770 689 Dei
2801 631 3073 704 genitrix,
3109 631 3276 704 cujus
3306 633 3804 704 pulchritudinem
3839 637 3921 696 sol
3958 648 4018 701 et

2293 719 2432 778 luna
2454 720 2758 790 mirantur,
2777 717 2922 775 223
2950 722 3220 791 subveni,
3244 721 3501 792 domina,
3523 723 3917 785 clamantibus
3938 727 4013 784 ad

2293 815 2344 864 te
2368 809 2624 882 jugiter:
2664 829 2691 862 «
2731 809 3061 880 Revertere,
3104 819 3390 868 revertere
3434 810 3778 884 Sunamitis,
3811 830 4010 872 rever-

2293 906 2426 963 tere,
2475 905 2772 965 revertere,
2810 903 2874 955 ut
2909 897 3246 956 intueamur
3275 906 3328 956 te
3358 902 3531 970 (Cant.
3562 905 3662 972 v1).
3702 923 3729 954 »
3766 902 3856 961 Tu
3905 904 4014 960 be-

2295 984 2536 1054 nedicta,
2595 992 2650 1042 et
2707 1000 2880 1058 super
2922 986 3239 1057 benedicta,
3292 997 3596 1060 revertere,
3660 991 3850 1063 primo
3909 1008 4014 1064 per

2292 1082 2578 1130 naturam.
2619 1073 2898 1148 Nunquid
2956 1075 3092 1147 quia
3149 1075 3228 1132 ita
3276 1075 3557 1144 deiticata,
3614 1077 3740 1136 ideo
3799 1089 4012 1138 nostrae

2293 1161 2673 1219 humanitatis
2723 1162 2901 1219 oblita
2957 1172 3056 1220 es?
3109 1163 3507 1236 Nequaquam,
3567 1165 3824 1223 domina.
3881 1165 4012 1225 Scis

2292 1251 2354 1307 in
2381 1266 2496 1323 quo
2525 1251 2859 1310 discrimine
2891 1267 2995 1310 nos
3033 1251 3355 1326 reliqueris,
3399 1253 3501 1311 ubi
3536 1253 3784 1326 jaceant,
3818 1271 4012 1329 quan-

2295 1347 2419 1398 tum
2449 1339 2794 1412 delinquant
2818 1340 2971 1398 servi
3004 1341 3125 1409 tui;
3170 1355 3286 1399 non
3323 1342 3482 1398 enim
3523 1344 3794 1401 convenit
3833 1351 4011 1402 tantae

2293 1427 2704 1484 misericordiae
2753 1435 2970 1484 tantam
3022 1427 3314 1486 miseriam
3363 1428 3650 1501 oblivisci,
3691 1430 3847 1504 quia,
3899 1432 4011 1490 etsi

2293 1517 2578 1576 subtrahit
2619 1517 2821 1590 gloria,
2858 1525 3084 1577 revocat
3115 1526 3362 1578 natura:
3392 1536 3509 1579 non
3557 1521 3714 1578 enim
3753 1523 3834 1579 ita
3882 1537 4008 1580 me-

2295 1607 2534 1664 moraris
2575 1607 2818 1680 justitiae
2866 1608 2968 1665 Dei
3025 1607 3224 1679 solius,
3272 1595 3336 1668 ut
3386 1611 3840 1669 misericordiam
3887 1628 4008 1670 non

2294 1694 2534 1763 habeas;
2569 1711 2754 1768 neque
2784 1698 2862 1754 ita
2886 1713 2948 1755 es
2980 1698 3374 1770 impassibilis,
3417 1706 3476 1758 ut
3515 1701 3594 1757 sis
3624 1701 4008 1774 incompassi-

965 1803 993 1834 «
1049 1781 1362 1839 Duodecim
1416 1782 1672 1840 leunculi
1747 1782 1970 1839 stabant
2041 1796 2275 1864 superB
2298 1781 2448 1840 bilis.
2490 1782 2767 1841 Naturam
2800 1793 3052 1843 nostram
3087 1786 3282 1858 babes,
3315 1803 3431 1845 non
3462 1788 3669 1859 aliam;
3703 1795 3758 1846 et
3779 1789 4008 1861 justum

2297 1878 2380 1926 est
2411 1877 2473 1928 ut
2508 1871 2578 1928 de
2625 1887 2752 1930 rore
2801 1879 2972 1931 tantae
3016 1873 3243 1945 pietatis
3289 1875 3558 1934 diﬂ‘usius
3600 1875 4004 1936 infundamur.

2371 1985 2396 2009 «
2427 1959 2805 2032 Revertere,»
2840 1964 3091 2021 secundo
3135 1978 3235 2037 per
3283 1965 3616 2037 potentiam.
3646 1965 3800 2023 Fecit
3845 1966 3906 2023 in
3956 1973 4008 2023 te

2298 2065 2504 2121 magna
2532 2049 2635 2123 qui
2674 2056 2873 2122 potens
2903 2058 3005 2120 est,
3032 2059 3086 2109 et
3116 2051 3246 2110 data
3275 2059 3359 2111 est
3397 2053 3500 2111 tibi
3531 2055 3723 2112 omnis
3760 2061 4011 2126 potestas

2297 2136 2357 2194 in
2389 2135 2534 2194 caelo
2562 2144 2615 2194 et
2643 2138 2703 2194 in
2734 2145 2904 2196 terra.
2937 2138 3086 2207 Quid
3126 2139 3229 2196 tibi
3257 2140 3578 2211 negabitur,
3606 2141 3700 2198 cui
3731 2148 4008 2214 negatum

2300 2241 2414 2282 non
2446 2233 2535 2282 est
2592 2224 2980 2299 Theophilum
3034 2227 3105 2285 de
3154 2227 3294 2300 ipsis
3343 2228 3680 2301 perditionis
3737 2229 4011 2288 faucibus

2300 2331 2562 2374 revocare
2614 2315 2814 2384 (lli)?
2861 2316 3156 2375 Infelicem
3205 2317 3549 2385 animulam,
3604 2326 3785 2376 totum
3835 2318 4009 2389 illud,

2297 2405 2450 2478 quod
2483 2405 2541 2461 in
2583 2414 2634 2462 te
2678 2404 2890 2464 factum
2936 2411 3038 2475 est,
3069 2405 3297 2478 proprio
3346 2406 3670 2464 charactere
3709 2407 4014 2480 denegan-

2299 2500 2435 2562 tem,
2466 2491 2536 2549 de
2564 2493 2684 2550 luto
2714 2492 2870 2550 fzecis
2897 2500 2952 2550 et
2980 2493 3230 2552 miseriae
3261 2495 3592 2553 sublevasti.
3625 2495 3718 2554 Nil
3759 2496 3865 2554 tibi
3895 2496 4007 2554 im-

2296 2581 2587 2656 possibile,
2619 2582 2716 2639 cui
2757 2582 3029 2654 possibile
3058 2590 3143 2640 est
3178 2584 3503 2656 desperatos
3531 2587 3590 2642 in
3634 2601 3792 2658 spem
3822 2585 4009 2644 beati-

2298 2671 2514 2729 tudinis
2567 2671 2838 2729 relevare.
2894 2671 3194 2740 Quomodo
3236 2673 3393 2730 enim
3448 2672 3549 2730 illa
3593 2682 3843 2747 potestas
3895 2683 4011 2734 tua-3

2293 2764 2563 2837 potentize
2609 2763 2812 2836 poterit
2847 2763 3101 2833 obviare,
3152 2780 3286 2836 quae
3331 2765 3401 2822 de
3448 2781 3619 2822 carne
3666 2771 3762 2823 tua
3814 2766 4012 2824 carnis

2297 2851 2547 2922 suscepit
2590 2851 2927 2925 originem?
2957 2853 3194 2910 Accedis
3219 2853 3377 2911 enim
3406 2864 3539 2913 ante
3584 2855 3730 2914 illud
3757 2871 4009 2913 aureum

2296 2941 2574 2999 humanae
2620 2941 3101 3001 reconciliationis
3141 2945 3341 3016 altare,
3375 2961 3493 3003 non
3537 2946 3727 3003 solum
3773 2961 4010 3018 rogans,

2294 3029 2393 3086 sed
2449 3029 2758 3104 imperans,
2788 3031 3044 3103 domina,
3098 3049 3214 3092 non
3252 3034 3481 3092 ancilla.
3525 3034 3750 3093 Moveat
3802 3042 3855 3093 te
3909 3051 4013 3093 na-

2299 3127 2444 3190 tura,
2478 3120 2733 3192 potentia
2782 3130 3032 3192 moneat,
3069 3123 3208 3192 quia
3253 3130 3467 3195 quanto
3509 3123 3814 3197 potentior,
3851 3130 4010 3181 tanto

2298 3209 2721 3268 misericordior
2762 3226 2889 3268 esse
2935 3211 3186 3270 debebis.
3223 3211 3492 3271 Potestati
3531 3213 3689 3271 enim
3734 3211 3888 3270 cedit
3933 3210 4008 3269 ad

2299 3297 2564 3372 gloriam,
2596 3298 2844 3372 injurias
2875 3299 3075 3359 ulcisci
3106 3301 3256 3360 nolle
3281 3318 3414 3360 cum
3442 3301 3638 3376 possit.

2372 3412 2398 3439 α
2431 3388 2758 3458 Revertere,
2805 3413 2831 3440 η
2886 3389 3049 3448 tertio
3097 3405 3199 3463 per
3239 3407 3516 3449 amorem.
3557 3389 3704 3460 Scio,
3746 3390 4008 3455 domina.

2295 3479 2433 3553 quia
2462 3479 2881 3552 benignissima
2905 3496 2986 3549 es,
3017 3485 3071 3538 et
3099 3495 3260 3538 amas
3287 3495 3392 3538 nos
3417 3495 3612 3538 amore
3651 3478 4006 3551 invincibili,

2296 3587 2440 3644 quos
2470 3572 2528 3628 in
2559 3579 2610 3628 te
2640 3578 2693 3629 et
2732 3587 2832 3644 per
2864 3578 2914 3628 te
2957 3570 3139 3630 Filius
3174 3580 3308 3630 tuus
3339 3578 3393 3629 et
3419 3571 3573 3630 Deus
3607 3578 3742 3628 tuus
3774 3584 4010 3628 summa

2297 3661 2603 3720 dilectione
2647 3661 2875 3719 dilexit.
2907 3660 3048 3729 Quis
3091 3661 3197 3718 scit
3243 3662 3466 3737 quoties
3505 3660 3810 3732 refrigeras
3857 3660 4008 3716 iram

2295 3752 2553 3822 Judicis,
2612 3767 2747 3809 cum
2789 3752 3053 3824 justitiee,
3083 3751 3265 3810 virtus
3315 3769 3349 3810 a
3409 3753 3718 3826 praesentia
3778 3749 4008 3808 deitatis

2297 3841 2592 3915 egreditur
2608 3851 2630 3898 ?

2370 3932 2753 4002 «Revertere,
2787 3951 2815 3984 »
2863 3935 3069 4003 quarto
3116 3946 3216 4003 per
3261 3931 3740 4005 singularitatem.
3767 3930 3835 3988 In
3879 3943 4006 3986 ma-

2295 4021 2468 4078 nibus
2507 4021 2620 4078 tuis
2668 4029 2804 4078 sunt
2859 4019 3112 4078 thesauri
3172 4020 3614 4079 miserationum
3669 4018 3921 4088 Domini,
3953 4024 4012 4075 et

2293 4105 2412 4164 sola
2458 4107 2637 4165 electa
2679 4123 2759 4178 es,
2787 4106 2881 4163 cui
2930 4105 3110 4178 gratia
3152 4113 3309 4164 tanta
3350 4108 3702 4166 conceditur.
3731 4107 3897 4165 Absit
3944 4112 4007 4163 ut

2291 4202 2470 4252 cesset
2503 4210 2709 4251 manus
2751 4201 2866 4262 tua,
2904 4209 3038 4252 cum
3077 4195 3435 4253 occasionem
3475 4211 3704 4270 quaeras
3741 4193 4006 4252 salvandi

2293 4283 2530 4342 miseros
2578 4291 2633 4340 et
2682 4282 3136 4340 miscricordiam
3170 4283 3543 4342 etfundendi!
3603 4299 3794 4358 neque
3845 4283 4006 4341 enim

2292 4379 2390 4431 tua
2411 4371 2590 4447 gloria
2620 4371 2929 4442 minuitur,
2963 4371 3062 4431 sed
3089 4380 3355 4446 augetur,
3386 4389 3521 4432 cum
3551 4373 3901 4447 pmnitentes
3933 4371 4007 4429 ad

509 4461 798 4521 Dominus
835 4468 1019 4520 tecum
1050 4465 1199 4531 (Luc.
1227 4467 1287 4530 ι),
1326 4487 1345 4514 ιο
1390 4466 1469 4520 ait
1499 4464 1900 4537 archangelus.
1943 4466 2272 4537 Audisne“
2294 4463 2541 4530 veniam,
2570 4461 2864 4535 justiticati
2895 4461 2965 4518 ad
2995 4461 3239 4534 gloriam
3265 4470 3659 4522 assumuntur.
3700 4461 4007 4520 Revertere

507 4554 568 4612 in
645 4553 754 4612 hoc
829 4552 1006 4610 verbo
1078 4552 1534 4610 incarnationem
1581 4553 1704 4624 Dei,
1759 4555 2208 4628 redemptionem

512 4644 840 4713 hominum,
872 4643 1300 4702 renovationem
1327 4642 1581 4702 mundi?
1615 4665 1640 4697 «
1682 4644 1748 4702 In
1777 4645 2059 4718 principio
2089 4652 2210 4703 erat

513 4730 766 4790 Verbum
797 4734 980 4800 (Joan.
1021 4741 1085 4801 l),
1119 4753 1146 4786 ››
1187 4732 1336 4789 dixit
1369 4733 1740 4806 evangelista.
1783 4735 2211 4793 Animadvertis

514 4821 605 4880 hic
644 4820 820 4880 Verbi
857 4821 1238 4891 divinitatem,
1274 4823 1540 4882 Ecclesiae
1579 4823 1772 4894 ﬁdem,
1807 4823 2209 4882 haereticorum

510 4910 826 4980 silentium,
863 4913 1052 4969 locum
1084 4911 1315 4987 quietis,
1347 4918 1628 4969 secretum
1662 4911 2009 4980 solitudinis,
2036 4913 2207 4970 lumi-

512 4999 605 5056 nis
640 5013 937 5069 arcanum,
978 4999 1371 5058 habitaculum
1407 5000 1614 5074 pacis?
1651 4999 1734 5057 Ob
1773 5000 1920 5057 hanc
1957 5001 2211 5058 fortassis

507 5102 741 5145 causam
781 5087 1006 5146 vocavit
1044 5087 1321 5146 Jacobum
1359 5095 1414 5145 et
1451 5087 1732 5145 Joannem
1779 5086 2120 5161 Boanerges,
2151 5088 2209 5146 id

506 5184 611 5248 est,
637 5175 785 5234 tilios
818 5175 1052 5234 tonitrui
1091 5178 1279 5247 (Marc.
1313 5179 1396 5247 Χ).

578 5284 606 5316 α
648 5263 774 5322 Non
805 5271 889 5320 est
921 5265 1134 5322 factum
1157 5263 1350 5320 simile
1370 5278 1514 5335 opus
1531 5265 1591 5321 in
1625 5263 1915 5323 universis
1941 5264 2150 5336 regnis.
2184 5289 2211 5316 ι)

517 5353 675 5410 Nihil
726 5352 936 5422 verius,
973 5351 1120 5409 nihil
1167 5351 1496 5421 sublimius,
1531 5353 1680 5411 nihil
1723 5352 1955 5412 dulcius
1993 5352 2216 5412 misera:

519 5441 850 5500 mortalitati
873 5449 931 5498 et
957 5439 1182 5500 mortali
1201 5439 1474 5498 miseriae.
1500 5439 1644 5498 Nam
1670 5442 1775 5499 etsi
1806 5441 1985 5500 multa
2010 5458 2218 5516 magna

576 5629 713 5692 (tu)
743 5629 865 5683 Vide
885 5630 1113 5688 Barium,
1147 5638 1274 5680 tom.
1301 5628 1335 5678 l.
1363 5628 1432 5680 De
1454 5629 1671 5686 sanctis,
1699 5628 1768 5680 ad
1797 5630 1940 5681 diem
1965 5630 1996 5680 li
2023 5629 2178 5684 l-‘ebr.

2223 4518 2274 4578 D

2292 4569 2446 4624 ergo,
2483 4549 2826 4622 Sunamitis,
2859 4550 2916 4606 id
2944 4557 3046 4620 est,
3079 4550 3360 4624 despecta,
3388 4554 3555 4625 cujus
3581 4551 3842 4614 animam
3872 4569 4006 4625 per-

2294 4639 2558 4698 transivit
2595 4638 2824 4709 gladius
2862 4640 3006 4710 (Luc.
3047 4641 3121 4709 ιι),
3167 4655 3299 4714 quze
3343 4640 3489 4699 fabri
3527 4656 3680 4699 uxor
3722 4641 4006 4714 appellata

2298 4728 2475 4786 luisti.
2510 4726 2594 4784 Ad
2627 4724 2808 4799 quid?
2834 4725 2908 4784 Ut
2938 4727 3268 4786 intueamur
3309 4737 3379 4786 te.
3417 4729 3658 4788 Summa
3695 4728 3880 4803 gloria
3921 4737 4006 4787 est

2295 4823 2419 4889 post
2448 4815 2631 4873 Deum
2669 4820 2722 4871 te
2764 4814 2980 4886 videre,
3019 4815 3312 4875 adhaerere
3355 4817 3478 4885 tibi,
3517 4824 3572 4874 et
3610 4817 3671 4875 in
3713 4824 3828 4874 tua;
3870 4831 4006 4890 pro-

2295 4903 2557 4962 tectionis
2618 4903 2946 4961 munimine
2995 4904 3303 4964 demorari.
3358 4906 3515 4964 Audi
3576 4922 3698 4964 nos.
3753 4905 3898 4962 Nam
3952 4911 4008 4963 et

2293 4993 2478 5052 Filius
2509 4991 2658 5049 nihil
2708 5007 2926 5062 negans
2978 4995 3217 5052 honorat
3263 5003 3334 5064 te,
3367 4995 3467 5066 qui
3509 5002 3594 5053 est
3630 4994 3783 5053 Deus
3830 4995 4006 5052 bene-

2291 5083 2477 5141 dictus
2502 5083 2563 5139 in
2595 5081 2807 5139 saecula
2837 5083 3203 5142 smeulorum.
3234 5085 3441 5141 Amen.

2906 5188 3151 5248 SERMO
3206 5189 3381 5248 XLV.

2299 5294 2359 5338 Il.
2439 5291 2496 5337 IN
2573 5291 2932 5338 NATIVITATE
2993 5290 3375 5420 (glfﬁTlégll‘M’zE
3439 5291 3702 5340 VIRGINIS
3777 5292 4003 5340 MARIE.

3146 5364 3175 5407 S
3289 5395 3300 5406 .

3146 5364 3300 5407 SEPT.

2373 5441 2700 5500 Nativitatis
2759 5439 3108 5500 beatissima
3157 5445 3210 5496 et
3281 5441 3638 5500 intemeratze
3700 5441 4013 5501 Genitricis
