4178 6476
225 339 329 399 741

1753 339 2003 402 SERMO
2046 340 2220 399 XLV.

3640 344 3744 404 742

225 465 344 535 Dei,
395 464 597 522 fratres
638 461 990 536 cbarissimi,
1045 467 1246 525 merito
1295 465 1656 542 praecipuum
1705 475 1761 525 et
1815 469 2002 530 sin-A
2025 483 2126 542 pro
2168 464 2353 536 nobis,
2385 467 2447 524 in
2479 481 2593 540 quo
2637 465 2890 525 Verbum
2929 482 3060 526 caro
3092 469 3302 527 factum
3337 477 3445 546 est,
3482 478 3536 528 et
3575 473 3740 530 habi-

222 553 419 628 gulare
449 551 666 625 praebet
704 551 1042 612 hominibus
1091 553 1396 627 gaudium,
1450 571 1586 631 quae
1633 557 1803 615 totius
1835 573 1938 614 ex-

225 642 364 699 stitit
407 642 684 699 humanae
720 638 924 698 salutis
963 643 1290 701 exordium.
1338 643 1500 703 Sicut
1543 645 1702 703 enim
1751 646 1940 722 omni-

225 737 425 805 potens
475 729 652 800 Deus,
713 729 995 788 ineffabili
1072 733 1454 805 providentiae
1523 750 1648 793 suae
1702 735 1940 806 intuitu,

223 828 534 893 antequam
593 819 769 877 homo
815 819 994 891 ﬁeret,
1054 817 1201 875 224
1258 823 1557 880 hominem
1618 813 1942 895 periturum

224 907 503 991 diabolica
553 907 986 965 machinatione
1022 908 1311 982 praevidit,
1359 911 1456 968 sed
1493 910 1677 968 etiam
1717 911 1942 969 redem-

225 998 438 1074 ptionis
468 998 744 1056 humanae
777 998 1088 1056 consilium
1123 1006 1255 1056 ante
1292 1000 1502 1059 saecula
1535 1001 1594 1058 in
1641 1001 1944 1060 immensae

225 1085 451 1159 pietatis
495 1100 616 1143 suae
651 1084 968 1144 visceribus
1010 1086 1236 1144 habuit.
1279 1086 1346 1143 Et
1381 1103 1494 1146 non
1530 1087 1720 1147 solum
1753 1089 1945 1165 quali-

227 1181 312 1234 ter
343 1174 669 1245 redimeret,
713 1175 949 1233 modum
989 1181 1044 1232 et
1080 1176 1346 1234 ordinem
1394 1176 1456 1234 in
1494 1177 1945 1251 prolundissima

226 1262 527 1336 sapientiae
604 1278 728 1321 suae
803 1262 1021 1320 ratione
1099 1263 1418 1334 constituit,
1499 1280 1700 1323 verum
1771 1267 1942 1324 etiam

230 1351 468 1425 quando
507 1350 832 1420 redimeret,
876 1358 1096 1410 certum
1132 1353 1406 1426 temporis
1441 1353 1752 1412 articulum
1795 1370 1944 1428 prae-

230 1441 443 1500 ﬁnivit.
497 1439 658 1500 Sicut
701 1456 835 1513 ergo
878 1440 1229 1516 impossibile
1275 1450 1394 1501 erat
1444 1452 1506 1501 ut
1554 1444 1794 1502 humani
1843 1461 1944 1517 ge-

230 1529 386 1588 neris
436 1529 756 1602 redemptio
799 1528 980 1600 ﬁeret,
1023 1528 1140 1587 nisi
1195 1529 1296 1587 Dei
1350 1530 1532 1588 Filius
1575 1532 1645 1588 de
1705 1531 1947 1605 Virgine

231 1625 594 1690 nasceretur;
640 1619 720 1676 ita
757 1618 929 1676 etiam
985 1618 1371 1676 necessarium
1412 1619 1594 1677 fuerat
1636 1625 1700 1678 ut
1745 1620 1944 1692 Virgo,

230 1723 304 1765 ex
356 1724 474 1781 qua
531 1707 783 1766 Verbum
827 1723 958 1765 caro
1008 1707 1188 1780 ﬁeret,
1247 1715 1598 1768 nasceretur.
1644 1709 1947 1783 Oportebat

2024 556 2162 614 tavit
2206 556 2267 614 in
2315 555 2487 616 nobis
2514 558 2686 627 (Joan.
2730 559 2788 630 I).
2827 555 2908 616 De
2948 558 3049 617 illo
3092 559 3326 634 quippe,
3376 563 3615 637 antiquo
3662 565 3744 623 vi-

2022 646 2229 704 delicet
2277 646 2509 721 templo,
2564 648 2844 720 scriptum
2898 655 3027 706 est:
3069 670 3094 702 «
3140 651 3372 709 Factum
3433 658 3536 722 est,
3605 669 3740 712 cum

2021 734 2277 792 exissent
2320 736 2636 793 sacerdotes
2676 736 2746 793 de
2797 737 3141 807 sanctuario,
3205 738 3468 812 implevit
3522 741 3742 800 nebula

2021 820 2258 880 domum
2317 822 2570 891 Domini,
2628 829 2683 881 et
2724 839 2837 882 non
2902 831 3162 897 poterant
3223 827 3539 886 sacerdotes
3593 835 3743 887 stare

2022 923 2195 981 prope
2221 914 2450 984 prepter
2483 910 2776 969 nebulam.
2813 911 3158 985 Impleverat
3179 914 3340 971 enim
3365 914 3607 987 gloriam
3636 916 3743 975 Do-

2027 994 2169 1052 mini
2203 995 2444 1055 domum
2480 997 2710 1056 Domini
2752 1003 2857 1066 (III
2892 1003 3021 1068 Reg.
3059 1005 3143 1068 X).

2094 1084 2236 1153 Quae
2255 1087 2472 1155 omnia,
2489 1087 2637 1163 sicut
2657 1087 2925 1161 egregius
2943 1089 3283 1161 praedicator
3300 1089 3457 1160 dicit,
3474 1091 3534 1148 in
3554 1093 3740 1165 figura

2025 1174 2435 1248 contingebant
2477 1174 2594 1232 illis
2644 1180 2695 1244 (I
2745 1178 2860 1234 Cor.
2905 1180 2991 1247 X).
3033 1177 3227 1237 Gloria
3255 1179 3468 1253 quippe
3507 1180 3740 1238 Domini

2026 1258 2170 1316 225
2224 1262 2574 1336 intelligitur
2635 1265 2916 1336 Christus,
2970 1267 3138 1340 cujus
3192 1267 3306 1326 lide
3360 1269 3610 1342 repletus
3658 1273 3744 1328 est

2026 1349 2303 1408 mundus.
2342 1351 2422 1408 De
2459 1368 2576 1425 qua
2615 1352 2796 1422 gloria
2842 1369 2974 1412 cum
3015 1371 3117 1428 pro
3155 1371 3222 1413 eo
3272 1355 3504 1414 adorato
3553 1357 3736 1416 vitulo

2024 1436 2427 1510 deprecaretur
2466 1438 2782 1496 Dominum
2823 1440 3064 1513 Moyses,
3112 1447 3179 1507 ut
3221 1450 3474 1514 parceret
3525 1443 3735 1517 populo

2027 1525 2321 1596 peccatori,
2375 1528 2670 1600 respondit
2722 1529 3053 1588 Dominus:
3100 1555 3124 1580 α
3163 1530 3453 1603 Propitius
3501 1549 3598 1591 ero
3645 1533 3735 1592 illi

2028 1619 2214 1683 (Num.
2247 1620 2399 1684 XIV).
2435 1642 2460 1666 »ι
2499 1616 2906 1676 Verumtamen
2939 1618 3074 1677 vivo
3104 1635 3226 1692 ego,
3259 1627 3314 1677 et
3350 1621 3496 1680 vivit
3527 1639 3740 1682 nomen

2025 1720 2243 1774 meum,
2259 1707 2399 1779 quia
2419 1730 2439 1759 α
2464 1708 2802 1782 implebitur
2818 1709 3000 1783 gloria
3017 1726 3146 1768 mea
3164 1712 3356 1771 omnis
3376 1720 3525 1773 terra
3544 1717 3690 1785 (1b.).
3707 1739 3735 1767 ν

230 1796 445 1869 quippe
491 1797 651 1869 prius
687 1795 962 1854 aedificari
988 1794 1246 1865 domum,
1285 1796 1341 1852 in
1375 1812 1551 1870 quam
1592 1797 1942 1856 descendens
1964 1793 2099 1872 BEt
2135 1793 2473 1855 Psalmista:
2507 1821 2526 1845 -
2556 1798 3146 1872 Implebitur,inquit,
3183 1800 3365 1873 gloria
3391 1804 3518 1876 ejus
3545 1803 3736 1862 omnis

229 1882 480 1941 celestis
537 1883 664 1942 Rex
719 1884 927 1942 habere
979 1884 1316 1957 dignaretur
1368 1885 1734 1958 hospitium:
1781 1888 1943 1946 illam

233 1971 520 2042 videlicet,
572 1973 644 2030 de
706 1989 818 2047 qua
875 1989 975 2046 per
1029 1970 1397 2030 Salomonem
1455 1975 1721 2034 dicitur:
1771 1999 1796 2030 «
1840 1976 1943 2038 Sa-

231 2062 444 2136 pientia
513 2063 822 2121 aediﬁcavit
876 2063 986 2121 sibi
1055 2064 1313 2134 domum,
1373 2066 1585 2124 excidit
1644 2069 1945 2126 columnas

229 2161 447 2226 septem
481 2157 662 2222 (Prov.
697 2157 803 2225 IX).
840 2175 865 2206 »
919 2153 1145 2228 Septem
1196 2171 1447 2229 namque
1486 2157 1788 2230 virginalis
1825 2160 1946 2218 haec

229 2242 438 2300 domus
491 2241 730 2300 sulfulta
774 2241 1064 2300 columnis
1114 2243 1353 2314 exstitit,
1413 2245 1549 2317 quia
1601 2245 1946 2305 venerabilis

231 2329 412 2388 Mater
445 2329 681 2388 Domini
715 2337 931 2404 septem
982 2331 1163 2389 sancti
1210 2331 1460 2404 Spiritus
1507 2332 1793 2400 donis,'id
1839 2341 1943 2405 est,

229 2418 551 2491 sapientiae,
620 2426 675 2476 et
727 2417 1084 2489 intellectus;
1147 2417 1396 2489 consilii,
1445 2426 1499 2477 et
1558 2421 1943 2494 fortitudinis;

233 2507 508 2580 scientiae,
568 2515 624 2567 et
673 2509 919 2583 pietatis,
979 2517 1152 2582 atque
1209 2509 1432 2567 timoris
1508 2510 1625 2569 Dei.
1662 2517 1793 2580 (Isa.
1858 2519 1945 2583 x1)

231 2600 422 2657 dotata
481 2599 605 2658 fuit.
665 2599 850 2669 Quam
907 2599 1116 2674 utique
1167 2605 1384 2657 aeterna
1437 2599 1753 2673 Sapientia,
1813 2618 1946 2676 quae

232 2691 467 2765 attingit
501 2709 534 2749 a
574 2693 689 2750 line
735 2708 917 2766 usque
956 2692 1026 2750 ad
1077 2691 1252 2749 ﬁnem
1293 2691 1530 2762 fortiter,
1582 2702 1636 2750 et
1694 2693 1947 2767 disponit

234 2777 434 2837 omnia
502 2778 757 2836 suaviter
802 2780 952 2851 (Sap.
1008 2780 1152 2851 VIII),
1205 2777 1374 2837 talem
1432 2781 1760 2838 construxit
1813 2798 1946 2856 quae

235 2865 410 2940 digna
458 2867 619 2926 ﬁeret
663 2867 833 2925 illum
884 2868 1195 2941 suscipere,
1237 2874 1292 2926 et
1328 2868 1399 2925 de
1428 2869 1784 2928 intemeratae
1819 2889 1945 2930 car-

233 2956 326 3014 nis
375 2972 498 3014 suae
549 2956 872 3015 visceribus
924 2972 1238 3031 procreare.
1311 2957 1552 3016 Necesse
1613 2966 1732 3016 erat
1785 2960 1948 3033 prius

234 3047 379 3121 erigi
424 3047 765 3120 thalamum,
806 3050 903 3124 qui
958 3049 1289 3106 venientem
1329 3049 1398 3107 ad
1451 3051 1682 3124 nuptias
1735 3059 1948 3108 sanctae

2029 1887 2173 1940 terra
2227 1885 2393 1954 (Psal.
2445 1888 2631 1957 LXXI).
2678 1909 2703 1936 τι
2764 1886 2925 1956 Quod
2971 1894 3163 1945 autem
3207 1888 3422 1948 nebula
3477 1891 3741 1966 implevit

2023 1976 2261 2035 domum
2331 1980 2452 2053 Dei,
2519 1987 2574 2039 et
2658 1997 2771 2039 non
2854 1987 3114 2055 poterant
3191 1981 3507 2038 sacerdotes
3560 1979 3742 2038 mini-

2025 2073 2204 2126 strare
2271 2077 2500 2145 propter
2569 2070 2884 2140 nebulam;
2961 2086 3027 2128 ea
3108 2069 3391 2128 sententia
3467 2069 3744 2143 superbos

2025 2157 2363 2218 Judmorum
2406 2161 2703 2234 pontiﬁces
2729 2177 2793 2219 ac
2822 2162 3081 2220 doctores
3118 2161 3397 2230 insinuat,
3437 2161 3556 2233 qui,
3601 2160 3744 2219 dum

2025 2243 2446 2305 Incarnationis
2486 2248 2699 2306 Christi
2759 2255 3114 2307 sacramenta
3165 2247 3512 2319 investigare
3549 2248 3745 2322 despi-

2026 2333 2207 2404 ciunt,
2239 2334 2501 2394 debitum
2535 2337 2669 2394 ﬁdei
2703 2352 2826 2395 suae
2857 2337 3246 2395 ministerium
3269 2351 3372 2409 per
3399 2337 3607 2394 erroris
3633 2351 3743 2393 ne-

2031 2422 2224 2481 bulam
2269 2425 2542 2498 perdunt.
2580 2425 2665 2483 Ita
2695 2426 2855 2483 enim
2887 2441 3088 2484 eorum
3127 2432 3350 2483 mentes
3384 2425 3745 2484 inﬁdelitatis

2027 2512 2208 2586 caligo
2238 2514 2500 2586 replevit,
2535 2520 2618 2582 ut,
2663 2514 2910 2588 propriis
2949 2514 3322 2586 exigentibus
3351 2514 3586 2582 meritis,
3623 2527 3744 2572 non

2027 2609 2294 2673 agnoscat
2323 2601 2548 2660 cultum
2587 2602 2958 2660 credulitatis.
3002 2603 3092 2660 Ad
3122 2601 3268 2659 illud
3284 2611 3432 2674 'ergo
3463 2601 3744 2673 templum

2029 2688 2312 2746 Dominus
2337 2689 2399 2747 in
2435 2688 2650 2746 nebula
2682 2689 2994 2761 descendit,
3025 2697 3089 2748 ut
3129 2703 3339 2746 caecam
3366 2689 3625 2747 Judaicae
3648 2688 3746 2746 in-

2029 2778 2319 2836 ﬁdelitatis
2367 2778 2682 2852 caliginem
2728 2779 3074 2852 designaret,
3114 2779 3174 2836 in
3214 2779 3342 2850 hoc,
3398 2778 3546 2836 sicut
3593 2778 3741 2836 scri-

2027 2873 2209 2941 ptum.
2241 2868 2304 2924 iu
2323 2868 2440 2926 sole
2462 2869 2652 2942 posuit
2679 2869 3127 2928 tabernaculum
3143 2883 3317 2926 suum
3345 2871 3515 2935 (Psal.
3546 2870 3740 2939 XVIII),

2027 2962 2091 3016 ut
2145 2957 2403 3016 sedentes
2446 2959 2504 3016 in
2561 2960 2813 3017 tenebris
2852 2967 2910 3018 et
2947 2961 3160 3018 umbra
3197 2961 3397 3018 mortis
3433 2959 3745 3017 illumina-

2031 3052 2133 3104 ret.
2192 3045 2284 3104 Illi
2332 3047 2586 3120 denique
2623 3048 2834 3120 templo
2873 3049 3028 3107 Deus
3079 3049 3448 3122 omnipotens
3497 3049 3745 3120 gloriam

235 3137 507 3197 Ecclesiae
554 3141 866 3214 susciperet
905 3139 1218 3214 Sponsum,
1268 3141 1360 3199 cui
1406 3141 1604 3211 David,
1646 3132 2267 3232 exsultanscqllidﬁm
2297 3132 2386 3191 δαί
2415 3133 2700 3232 adventus
2729 3134 2994 3204 Comum,
3026 3135 3124 3192 59d
3147 3133 3400 3232 nihil}?
3443 3151 3510 3232 (ῗο
3547 3136 3605 3193 ill
3639 3152 3744 3195 sua

237 3229 295 3284 in
340 3228 572 3301 spiritu,
619 3229 1058 3303 epithalamium
1103 3229 1276 3300 canit,
1317 3229 1608 3288 dicens:«
1642 3231 1947 3304 Tanquam

237 3333 482 3391 sponsus
519 3318 806 3378 Dominus
842 3319 1156 3393 procedens
1203 3319 1274 3377 de
1319 3320 1573 3378 thalamo
1615 3337 1724 3380 suo
1780 3327 1946 3393 (Psal-

237 3411 424 3481 XVIII).
460 3433 486 3456 »

309 3498 514 3558 Merito
556 3515 690 3573 ergo
730 3499 898 3557 hodie
950 3499 1199 3574 profusis
1251 3501 1482 3574 gaudiis
1535 3507 1686 3559 totus
1737 3500 1952 3574 ubique

241 3593 524 3648 terrarum
561 3589 716 3647 orbis
746 3589 1016 3659 exsultat,
1049 3590 1253 3648 merito
1293 3591 1564 3648 universa
1620 3597 1815 3647 sancta
1843 3589 1951 3647 Ec-

241 3677 438 3748 clesia,
502 3685 774 3735 nascente
825 3678 1031 3753 Sponsi
1082 3678 1173 3736 sui
1224 3679 1531 3749 Genitrice,
1591 3683 1656 3737 ut
1712 3680 1790 3736 ita
1835 3695 1952 3753 prae

236 3765 444 3839 gaudio
470 3765 744 3836 dixerim,
787 3765 1108 3825 fescennini
1149 3767 1426 3825 carminis
1456 3767 1655 3826 laudes
1684 3766 1948 3827 alternat.

238 3852 614 3912 Exsultemus
668 3854 848 3927 igitur
891 3854 947 3911 in
999 3856 1106 3912 hac
1151 3855 1268 3926 die,
1323 3855 1669 3925 charissimi,
1717 3857 1777 3914 in
1837 3872 1954 3930 qua

236 3945 376 4003 dum
414 3943 771 4002 beatissima:
810 3960 1155 4003 veneramur
1177 3944 1435 4017 Virginis
1468 3953 1680 4016 ortum,
1717 3953 1950 4005 cuncta-

235 4047 368 4090 rum
396 4032 574 4090 etiam
603 4031 749 4090 Novi
787 4032 1142 4091 Testamenti
1183 4034 1562 4092 festivitatum
1591 4033 1954 4093 celebramus

235 4120 492 4178 initium.
543 4120 941 4190 Exsultemus,
989 4121 1251 4196 inquam,
1293 4123 1352 4180 in
1385 4123 1491 4180 hac
1515 4121 1607 4180 die
1642 4121 1950 4194 praecipua,

233 4218 287 4267 et
334 4209 465 4268 totis
519 4209 837 4269 visceribus
899 4212 958 4268 in
1007 4211 1256 4269 Domino
1302 4209 1690 4268 delectemur:
1724 4207 1784 4266 in
1839 4225 1955 4281 qua

232 4299 376 4357 dum
405 4299 803 4372 Redemptoris
838 4300 1020 4358 nostri
1055 4300 1362 4358 recolimus
1406 4298 1666 4367 Matrem,
1697 4296 1954 4372 reliqua-

236 4404 371 4448 rum
421 4388 801 4448 festivitatum
851 4388 1212 4447 celebramus
1251 4389 1558 4461 originem.
1616 4389 1757 4458 Quae
1795 4387 1954 4445 enim

234 4477 462 4536 cunctis
504 4477 968 4536 solemnitatibus
1030 4484 1114 4535 est
1170 4478 1462 4552 antiquior
1520 4487 1790 4550 tempore,
1849 4493 1952 4534 ne-

235 4554 535 4642 quaquam
576 4581 698 4622 esse
738 4565 906 4624 debet
951 4565 1194 4624 inferior
1235 4566 1531 4638 dignitate.
1577 4564 1721 4622 Nam
1759 4567 1806 4622 si
1851 4563 1953 4623 Sa-

241 4651 434 4709 lomon
477 4666 614 4710 cum
661 4652 968 4710 israelitico
1006 4654 1237 4726 populo,
1271 4653 1328 4710 in
1364 4653 1722 4712 dedicatione
1753 4653 1954 4727 templi

237 4754 313 4797 ex
345 4739 637 4814 lapidibus
672 4741 819 4808 facti,
865 4747 977 4798 tam
1013 4741 1312 4816 copiosum
1355 4748 1410 4800 et
1449 4742 1822 4815 magniﬁcum
1862 4759 1954 4800 sa-

236 4830 526 4889 criﬁcium
565 4830 897 4888 solemniter
927 4831 1238 4888 celebravit
1276 4833 1374 4902 (III
1407 4836 1538 4901 Reg.
1581 4834 1744 4903 VIII);
1787 4833 1958 4906 quale

237 4923 646 4991 quantumque
675 4918 952 4991 gaudium
985 4918 1164 4977 beatae
1203 4919 1404 4977 Mariae
1439 4919 1708 4977 nativitas
1742 4921 1958 4994 populo

239 5007 570 5066 Christiano
627 5009 791 5066 debet
859 5009 1082 5078 alferre,
1144 5009 1209 5065 in
1264 5009 1431 5082 cujus
1490 5015 1743 5076 uterum,
1805 5011 1960 5068 velut

240 5111 444 5154 revera
489 5097 945 5154 sacratissimum
994 5095 1296 5166 templum,
1356 5095 1508 5154 Deus
1548 5095 1668 5169 ipse
1721 5094 1958 5155 descen-

239 5185 408 5254 dens,
437 5190 493 5241 et
521 5184 841 5242 humanam
881 5191 1150 5242 naturam
1183 5197 1260 5239 ex
1287 5198 1354 5240 ea
1384 5183 1688 5256 suscipere,
1730 5189 1787 5241 et
1827 5200 1959 5242 cum

2040 3228 2244 3280 natura
2271 3223 2558 3296 suscepit;
2604 3225 2660 3280 in
2713 3224 3061 3282 beatissimae
3089 3230 3282 3281 autem
3312 3222 3573 3296 Virginis
3616 3232 3744 3283 ute-

2039 3328 2171 3370 rum
2232 3327 2347 3370 non
2405 3313 2592 3371 solum
2639 3314 2908 3386 dignatus
2961 3321 3046 3370 est
3099 3313 3460 3381 descendere,
3519 3314 3617 3372 sed
3670 3329 3746 3372 ex
3832 3365 3833 3368 η

2039 3419 2106 3461 eo
2152 3402 2322 3459 etiam
2377 3402 2684 3474 perfectam
2743 3401 2854 3459 sibi
2907 3401 3288 3459 substantiam
3340 3408 3551 3460 nostra:
3603 3418 3750 3461 mor-

2039 3492 2272 3550 talitatis
2330 3489 2517 3548 unire.
2575 3489 2800 3559 Quanto
2839 3490 3018 3562 igitur
3069 3489 3248 3546 nostri
3307 3489 3504 3562 templi
3561 3490 3746 3563 major

2038 3590 2123 3640 est
2153 3581 2424 3655 dignitas,
2457 3587 2612 3640 tanto
2636 3581 2940 3654 gloriosior
2973 3581 3097 3653 ejus
3127 3578 3296 3637 debet
3315 3594 3438 3637 esse
3466 3579 3746 3639 solemni-

2040 3678 2143 3731 tas.

2113 3759 2224 3820 Sed
2265 3775 2380 3832 quo
2429 3765 2591 3833 pacto
2638 3760 2764 3833 ejus
2814 3757 3184 3817 festivitatem
3235 3757 3408 3831 digne
3459 3757 3748 3815 celebrare

2041 3849 2189 3907 valet
2259 3847 2568 3906 inﬁrmitas
2636 3846 2973 3916 hominum,
3024 3861 3157 3918 quae
3211 3845 3494 3918 gaudium
3549 3857 3751 3916 parere

2039 3939 2253 3997 meruit
2301 3937 2693 4010 angelorum?
2737 3935 2997 4004 Qualiter
3059 3950 3187 3992 eam
3252 3934 3490 3992 laudare
3542 3932 3750 4007 poterit

2041 4026 2299 4086 mortalis
2337 4025 2593 4084 hominis
2621 4023 3018 4081 transitorium
3051 4023 3315 4092 verbum,
3344 4038 3474 4098 quae
3507 4020 3655 4080 illud
3680 4020 3753 4079 de

2038 4132 2098 4174 se
2121 4113 2360 4190 protulit
2383 4113 2667 4182 Verbum,
2698 4112 2852 4186 quod
2891 4118 3084 4169 manet
3118 4111 3179 4169 in
3231 4106 3562 4169 aeternum?
3605 4108 3748 4178 Quae

2040 4206 2244 4279 lingua
2281 4206 2342 4262 in
2385 4206 2512 4277 ejus
2561 4202 2733 4261 laude
2776 4202 3073 4260 invenitur
3110 4202 3338 4272 idonea,
3393 4216 3526 4276 quae
3576 4201 3748 4259 illum

2037 4294 2244 4366 genuit
2277 4293 2371 4352 cui
2416 4291 2614 4351 omnia
2644 4291 3012 4361 benedicunt,
3055 4298 3111 4348 et
3148 4307 3281 4349 cum
3323 4295 3574 4349 tremore
3612 4291 3752 4349 obe-

2037 4384 2208 4442 diunt
2241 4381 2575 4442 elementa?
2605 4382 2746 4440 Nam
2780 4382 2920 4440 dum
2951 4381 3262 4454 cujuslibet
3289 4381 3562 4454 martyris
3588 4381 3755 4439 fortia

2043 4474 2189 4530 facta
2222 4473 2500 4532 extollere
2527 4472 2818 4545 cupimus,
2852 4471 2990 4529 dum
3033 4470 3318 4530 virtutum
3349 4469 3474 4542 ejus
3505 4469 3762 4540 insign'm

2043 4562 2115 4618 ad
2140 4560 2542 4634 Redemptoris
2573 4559 2752 4617 nostri
2789 4558 3031 4631 gloriam
3061 4560 3487 4634 praedicamus;
3529 4556 3757 4614 etiamsi

2043 4651 2112 4707 ad
2165 4650 2538 4724 cogitandum
2578 4648 2793 4706 tardior
2842 4665 3048 4708 sensus
3087 4649 3379 4723 impediat,
3423 4647 3512 4705 vel
3553 4647 3625 4705 ad
3668 4647 3755 4704 lo-

2044 4739 2347 4814 quendum
2377 4737 2707 4796 balbutiens
2735 4737 2936 4811 lingua
2964 4754 3078 4796 non
3107 4741 3409 4810 suppetat;
3443 4735 3753 4792 verborum

2049 4836 2236 4886 tamen
2268 4826 2489 4899 cepiam
2528 4826 2711 4899 ipsius
2759 4828 2842 4882 rei
2874 4826 3111 4895 materia
3139 4823 3558 4882 subministrat.
3607 4820 3756 4880 Cum

2047 4931 2185 4975 vero
2217 4914 2566 4973 beatissimae
2595 4914 2901 4973 Genitricis
2937 4913 3038 4970 Dei
3080 4911 3278 4971 laudes
3305 4910 3555 4969 scribere
3580 4910 3752 4970 volu-

2047 5021 2200 5076 mus,
2258 5005 2398 5078 quia
2468 5019 2618 5062 nova
2665 5011 2719 5061 et
2777 5002 3032 5059 inaudita
3087 5009 3222 5059 sunt
3280 5015 3412 5075 quae
3471 4998 3760 5059 tractanda

2049 5095 2422 5169 suscipimus,
2474 5094 2637 5152 nulla
2681 5091 3015 5149 invenimus
3053 5091 3227 5150 verba
3265 5090 3476 5165 quibus
3514 5091 3582 5148 ad
3634 5090 3759 5148 haec

2050 5184 2220 5258 digne
2271 5181 2653 5257 exprimenda
2700 5178 2963 5237 sufﬁcere
3010 5179 3327 5249 valeamus.
3380 5179 3556 5238 Tollit
3597 5179 3758 5238 enim

245 5267 586 5332 hominibus
632 5274 904 5348 dignatus
951 5280 1034 5330 est
1083 5271 1389 5330 visibililer
1438 5270 1750 5330 habitare?
1807 5273 1963 5332 Licet
2053 5275 2382 5332 facultatem
2435 5269 2714 5330 sermonis
2757 5269 2990 5327 materia
3036 5270 3371 5343 singularis.
3427 5269 3569 5338 Quae
3601 5268 3760 5326 enim

244 5361 407 5420 enim
448 5367 505 5420 et
549 5362 609 5420 in
659 5347 1164 5421 illud'Salomonis
1208 5360 1486 5432 templum
1527 5358 1679 5418 Deus
1726 5359 1962 5418 descen-

245 5450 402 5511 disse
444 5451 764 5510 credendus
809 5451 900 5523 sit,
945 5452 1007 5510 in
1057 5454 1161 5509 hoc
1209 5459 1397 5509 tamen
1446 5449 1772 5508 rationabili
1828 5467 1963 5508 san-

2056 5363 2254 5438 lingua
2284 5361 2571 5434 explicare
2596 5357 2863 5419 sufﬁciat.
2896 5356 2988 5415 vel
3019 5374 3152 5434 quae
3181 5358 3325 5416 ratio
3350 5358 3606 5416 humana
3635 5372 3753 5416 non

2054 5453 2434 5525 Obstupescat,
2512 5464 2645 5506 cum
2721 5449 2970 5521 cogitare
3039 5449 3275 5522 cceperit
3339 5449 3480 5522 quia
3529 5449 3761 5508 Greater

248 5539 497 5611 ctuario,
529 5541 637 5599 hoc
661 5545 767 5612 est,
799 5539 860 5596 in
896 5538 1250 5598 beatissimae
1280 5537 1539 5611 Virginis
1563 5542 1747 5610 utero,
1782 5539 1966 5598 multo
2054 5541 2240 5600 oritur
2286 5556 2359 5598 ex
2415 5543 2698 5608 creatura,
2740 5537 2918 5596 factor
2955 5537 3018 5594 tit
3055 5551 3129 5594 ex
3179 5537 3446 5597 factura?
3489 5537 3652 5608 Quod
3699 5537 3765 5596 in

250 5629 588 5689 mirabilius
636 5628 943 5702 multoque
1001 5628 1231 5688 felicius
1282 5627 1553 5704 dignatus
1600 5632 1688 5686 est
1734 5642 1968 5688 manere
2061 5626 2324 5702 virginea
2390 5624 2602 5700 puellm
2657 5624 2832 5685 vulva
2889 5623 3228 5699 concipitur,
3287 5625 3392 5698 qui
3441 5626 3770 5686 vastissima
