4178 6476
454 309 556 368 743

1073 307 1127 365 S.
1176 303 1394 366 PETRI
1437 304 1757 365 DAMIANI
1795 303 1953 364 OPP.
1997 301 2189 363 PARS
2230 302 2368 363 SEU
2411 303 2661 362 TOMUS
2701 302 2775 361 ΙΙ.
2816 333 2884 346 -
2926 300 3344 362 SERMONES.

3853 303 3963 364 744

446 433 624 491 totius
672 428 876 488 mundi
917 428 1301 502 amplitudine
1333 444 1449 488 non
1495 428 1766 489 tenetur?
1793 428 1949 488 Jacet
1998 429 2212 487 intraA
2235 440 2422 486 suam.
2461 425 2552 484 Ex
2583 427 2744 486 omni
2787 427 2985 500 itaque
3016 425 3395 486 multitudine
3423 427 3729 488 nationum
3765 445 3960 490 unum

446 527 704 580 materna
744 519 962 578 viscera
1002 519 1302 592 parvulus,
1348 520 1450 594 qui
1488 536 1622 579 cum
1660 524 1943 579 coaeterno
1993 519 2158 578 Patre

446 625 641 668 rerum
686 608 952 666 omnium
997 608 1132 682 jura
1177 607 1461 680 gubernat
1512 607 1882 667 immensus?
1912 608 1956 667 Ο
1996 608 2158 665 beata

447 700 645 768 ubera,
677 713 809 772 quae
841 697 984 755 dum
1023 704 1193 756 tenue
1237 698 1322 756 lac
1371 699 1699 771 puerilibus
1740 698 1911 756 labris
1960 697 2156 755 infun-

442 789 607 858 dunt,
649 789 990 862 angelorum
1023 788 1217 847 cibum
1253 794 1308 846 et
1339 789 1641 847 hominum
1688 791 1964 862 pascunt!
2009 786 2148 845 Exi-

441 891 627 948 guum
653 875 994 948 exprimunt
1023 876 1330 948 liquorem,
1362 883 1417 932 et
1446 876 1650 934 mundi
1683 875 1954 933 reﬁciunt
1983 875 2155 932 Crea-

443 967 646 1021 torem.
687 962 798 1031 Qui
846 979 968 1021 suae
1007 964 1235 1022 virtutis
1265 963 1528 1036 imperio
1575 964 1824 1023 marium
1875 963 2158 1036 procellas

444 1050 690 1124 mitigat,
756 1051 892 1125 qui-
935 1052 1278 1110 ﬂuminibus
1363 1052 1792 1111 indeﬁcientem
1869 1066 2156 1125 aquarum

443 1139 726 1213 impetum
783 1139 1222 1210 subministrat,
1278 1139 1380 1214 qui
1434 1141 1657 1198 aridam
1707 1146 1912 1199 terram
1979 1141 2158 1198 innu-

445 1231 620 1297 meris
677 1230 896 1304 ubique
952 1231 1210 1290 fontibus
1257 1231 1494 1305 irrigat,
1556 1248 1710 1290 raras
1777 1226 1846 1290 de
1897 1230 2158 1304 virgineo

443 1324 670 1393 pectore
724 1324 916 1392 guttas
989 1320 1150 1377 lactis
1207 1326 1516 1392 exspectat.
1580 1319 1776 1378 Manat
1841 1318 2033 1393 liquor
2084 1333 2158 1376 ex

443 1406 725 1466 uberibus
773 1405 1053 1481 Virginis,
1096 1415 1152 1466 et
1211 1408 1274 1466 in
1348 1423 1580 1466 carnem
1641 1409 1886 1468 vertitur
1959 1406 2158 1467 Salva-

442 1497 604 1556 toris.

525 1583 670 1642 226
702 1587 829 1657 Hic,
877 1588 1239 1646 dilectissimi
1289 1588 1491 1648 fratres
1533 1589 1668 1661 mei,
1703 1589 1798 1646 hic
1836 1602 1995 1659 rogo,
2028 1601 2160 1660 per-

447 1677 682 1750 pendite
710 1693 889 1751 quam
938 1678 1223 1737 debitores
1263 1679 1448 1737 simus
1491 1677 1633 1736 huic
1670 1676 2017 1736 beatissimee
2056 1675 2159 1732 Dei

2239 515 2348 573 sibi
2385 514 2575 590 elegit,
2621 513 3001 574 israeliticum
3034 514 3303 574 videlicet
3335 517 3638 590 populum,
3668 519 3763 576 cui
3787 524 3844 576 et
3867 518 3958 577 le-

2237 621 2365 688 gem
2415 605 2591 676 dedit,
2633 611 2690 664 et
2723 604 3004 663 sacriﬁcia
3047 603 3158 662 sibi
3195 604 3560 664 diversorum
3607 607 3958 666 animalium

2237 693 2445 751 oﬁ‘erre
2473 693 2760 767 prmeepit.
2808 691 2919 752 Sed
2959 694 3055 750 lex
3085 693 3206 765 illa,
3238 698 3304 752 ut
3337 693 3513 751 homo
3541 709 3642 766 per
3672 709 3800 752 eam
3824 709 3964 769 per-

2237 782 2380 839 fecte
2424 783 2763 854 salvaretur,
2799 797 3165 855 nequaquam
3192 787 3312 840 erat
3330 781 3561 842 idonea.
3609 781 3771 842 Sicut
3801 785 3964 841 enim

2239 887 2338 943 per
2365 869 2610 930 Paulum
2641 871 2851 930 dicitur
2879 892 2890 930 :
2918 895 2942 921 α
2971 871 3131 930 Nihil
3157 872 3228 929 ad
3260 873 3579 945 perfectum
3609 874 3965 933 adducitlex

2237 963 2422 1030 (Hebr.
2464 964 2584 1035 vn).
2617 984 2643 1016 »
2675 962 2822 1033 Quia
2868 962 3026 1020 enim
3072 962 3233 1020 rudis
3282 963 3474 1021 adhuc
3523 963 3625 1021 ille
3689 965 3963 1038 populus,

2239 1050 2551 1123 superbus,
2583 1057 2640 1109 et
2677 1051 2900 1124 rigidus
2929 1058 3069 1122 erat,
3095 1051 3164 1108 ad
3196 1052 3542 1124 portandum
3580 1054 3851 1126 perfectae
3882 1054 3968 1111 le-

2239 1140 2328 1214 gis
2365 1140 2595 1214 jugum,
2647 1141 2930 1200 cervicem
2973 1140 3161 1199 cordis
3203 1141 3516 1200 humiliare
3575 1159 3689 1201 non
3721 1148 3964 1216 poterat.

2239 1229 2321 1287 De
2374 1244 2492 1302 quo
2543 1227 2825 1288 nimirum
2875 1228 3086 1302 populo
3126 1229 3198 1286 ad
3245 1228 3482 1305 Moysen
3532 1231 3818 1290 Dominus
3872 1233 3971 1290 di-

2241 1318 2317 1374 cit
2363 1339 2374 1373 :
2422 1315 2660 1375 «Cerno
2714 1315 2867 1389 quod
2931 1315 3185 1390 populus
3235 1316 3344 1375 iste
3383 1317 3548 1377 duras
3600 1320 3844 1378 cervicis
3898 1318 3977 1377 sit

2242 1407 2442 1474 (Exod.
2500 1411 2726 1475 XXXII).
2757 1426 2783 1458 »
2819 1404 3019 1463 Danda
3050 1421 3186 1480 ergo
3233 1405 3324 1464 illi
3379 1407 3569 1466 fuerat
3624 1408 3972 1483 hujusmodi

2243 1496 2362 1566 lex,
2413 1511 2548 1568 quae
2591 1510 2696 1553 nec
2745 1495 2987 1553 omnino
3033 1511 3067 1554 a
3104 1495 3323 1554 divinis
3367 1496 3663 1570 obsequiis
3713 1496 3974 1556 liberum

2241 1588 2328 1646 ire
2379 1589 2756 1661 permitteret,
2815 1603 2923 1646 nec
2969 1594 3160 1646 tamen
3204 1588 3594 1662 praecipiendo
3637 1605 3870 1648 summa
3915 1597 3977 1649 et

2239 1676 2438 1750 gravia
2487 1676 2817 1735 deterreret.
2871 1674 3164 1734 Sacriﬁcia
3207 1682 3421 1746 autem,
3469 1692 3603 1749 quae
3655 1684 3793 1736 tunc
3839 1678 3977 1736 olfe-

447 1765 744 1838 Genitrici,
779 1772 1140 1842 quantasque
1191 1765 1277 1824 illi
1327 1774 1454 1840 post
1499 1766 1682 1824 Deum
1718 1765 1788 1823 de
1833 1770 2025 1822 nostra
2067 1778 2219 1847 re-B
2246 1765 2541 1834 rebantur,
2591 1763 2663 1842 ad
2700 1763 3178 1821 emundationem
3216 1764 3419 1822 carnis
3452 1764 3820 1838 aliquatenus
3843 1779 3973 1838 pro-

442 1853 773 1928 demptione
820 1855 1032 1928 gratias
1084 1871 1251 1928 agere
1301 1853 1636 1913 debeamus.
1671 1852 1825 1912 Illud
1870 1852 2160 1927 siquidem

438 1958 646 2018 corpus
678 1943 912 2014 Christi,
949 1945 1105 2017 quod
1153 1943 1489 2002 beatissima
1543 1942 1714 2017 Virgo
1751 1942 1976 2016 genuit,
2006 1939 2161 2015 quod

440 2032 504 2091 in
533 2035 756 2106 gremio
786 2032 950 2104 fovit,
983 2032 1139 2107 quod
1172 2032 1235 2090 in
1265 2032 1458 2091 fasciis
1496 2033 1701 2101 cinxit,
1724 2031 1877 2106 quod
1901 2037 2160 2088 materna

442 2137 583 2180 cura
619 2122 867 2181 nutrivit
901 2141 913 2180 :
949 2121 1119 2192 illud,
1147 2121 1411 2196 inquam,
1444 2121 1665 2195 absque
1694 2120 1816 2179 ulla
1845 2119 2160 2187 dubietate,

441 2225 558 2268 non
593 2209 774 2282 aliud,
816 2226 973 2270 nunc
1009 2211 1081 2268 de
1128 2227 1288 2270 sacro
1331 2210 1496 2268 altari
1529 2211 1903 2283 percipimus,
1953 2215 2008 2266 et
2039 2208 2163 2281 ejus

440 2299 786 2372 sanguinem
852 2299 915 2357 in
981 2305 1407 2358 sacramentum
1469 2307 1682 2357 nostrae
1752 2298 2162 2371 redemptionis

440 2385 768 2446 haurimus.
800 2387 923 2446 Hoc
975 2389 1256 2448 catholica
1290 2389 1433 2446 ﬁdes
1481 2386 1672 2457 habet,
1703 2389 1813 2446 hoc
1843 2393 2037 2445 sancta
2062 2386 2162 2444 Ec-

439 2474 613 2534 clesia
647 2476 892 2535 ﬁdeliter
917 2477 1097 2537 docet.

513 2565 726 2626 Nullus
753 2583 859 2639 ego
884 2566 1180 2626 humanus
1207 2581 1397 2625 sermo
1426 2567 1489 2624 in
1515 2565 1684 2625 laude
1711 2566 1837 2640 ejus
1861 2563 2163 2622 invenitur

441 2654 710 2727 idoneus,
740 2655 812 2714 de
838 2670 953 2729 qua
984 2655 1264 2714 mediator
1291 2653 1395 2712 Dei
1427 2661 1483 2712 et
1514 2653 1823 2712 hominum
1863 2651 2160 2726 cognosci-

441 2749 539 2804 tur
571 2747 925 2804 incarnatus.
962 2746 1155 2819 Impar
1183 2751 1269 2804 est
1295 2744 1381 2803 illi
1420 2760 1594 2802 omne
1620 2745 1900 2802 humanae
1940 2744 2160 2816 linguae.

439 2835 817 2906 praeconium,
848 2850 984 2908 quae
1019 2835 1090 2892 de
1127 2834 1492 2892 intemerata;
1529 2832 1720 2892 carnis
1756 2847 1878 2890 suae
1919 2830 2159 2889 visceri-

438 2923 552 2982 bus
597 2924 793 2982 cibum
829 2925 999 2982 nobis
1034 2924 1273 2997 protulit
1319 2925 1650 2981 animarum
1684 2945 1697 2978 :
1728 2921 1902 2980 illum
1949 2921 2160 2980 videli-

440 3017 546 3083 cet,
581 3012 683 3086 qui
731 3012 803 3070 de
846 3011 1152 3084 semetipso
1199 3012 1482 3084 perhibet,
1511 3011 1754 3068 dicens:
1792 3032 1819 3060 α
1863 3009 1984 3081 Ego
2029 3023 2158 3067 sum

435 3103 604 3175 panis
648 3102 841 3174 vivus,
876 3103 978 3177 qui
1019 3103 1091 3160 de
1137 3102 1282 3161 cmlo
1335 3101 1607 3160 descendi
1641 3120 1653 3158 :
1689 3099 1736 3158 si
1767 3099 1904 3172 quis
1945 3115 2018 3157 ex
2049 3100 2158 3159 hoc

434 3203 585 3262 pane
647 3188 1102 3260 manducaverit,
1153 3189 1308 3246 vivet
1352 3188 1414 3246 in
1464 3195 1745 3257 aeternum
1779 3189 1951 3260 (Joan.
1988 3189 2091 3256 v1).
2129 3209 2150 3239 ι

437 3277 547 3337 Per
577 3278 776 3337 cibum
807 3294 1057 3352 namque
1085 3294 1118 3336 a
1149 3277 1402 3352 paradisi
1441 3293 1647 3336 sumus
1691 3277 2024 3334 amoenitate
2053 3276 2154 3335 de—

435 3366 590 3439 jecti,
623 3384 723 3441 per
753 3367 952 3426 cibum
981 3383 1211 3442 quoque
1247 3366 1320 3425 ad
1350 3366 1604 3441 paradisi
1636 3365 1849 3439 gaudia
1886 3367 2152 3439 reparati.

438 3456 648 3516 Cibum
701 3458 948 3516 comedit
988 3459 1127 3529 Eva,
1179 3472 1281 3530 per
1325 3473 1499 3532 quem
1542 3472 1648 3515 nos
1699 3457 1905 3515 :eterni
1945 3455 2154 3530 jejunii

438 3549 589 3605 fame
638 3547 946 3621 multavit;
980 3549 1178 3607 cibum
1227 3548 1408 3606 Maria
1445 3547 1643 3616 edidit,
1690 3547 1792 3620 qui
1839 3547 2007 3606 nobis
2036 3563 2152 3606 cm-

437 3636 597 3694 lestis
633 3636 890 3696 convivii
925 3638 1148 3696 aditum
1176 3637 1462 3711 patefecit.
1505 3636 1615 3694 Hic
1653 3636 1850 3706 etiam,
1891 3636 2147 3707 obsecro,

437 3725 798 3784 dilectissimi
833 3726 1056 3798 fratres,
1088 3727 1185 3785 hic
1224 3726 1438 3784 lineam
1477 3729 1689 3782 nostrae
1739 3724 2158 3798 redemptionis

437 3811 744 3887 diligenter
771 3815 1064 3887 attendite,
1097 3821 1153 3874 et
1180 3830 1358 3890 quam
1396 3814 1547 3872 circa
1586 3829 1692 3872 nos
1730 3814 1947 3872 divinae
1975 3813 2156 3888 pieta-

437 3904 511 3963 tis
564 3905 784 3964 viscera
841 3905 1058 3965 luerint
1136 3907 1391 3976 intenta,
1445 3905 1636 3964 cordis
1683 3921 1853 3965 aures
1903 3913 2152 3980 pensate.

435 3993 593 4052 Fecit
646 3995 801 4054 Deus
853 3996 1173 4066 hominem,
1234 3999 1300 4054 ut
1349 3995 1428 4053 ita
1479 3995 1732 4054 dixerim
1762 4039 1777 4068 ,
1834 3995 2155 4055 mortaliter

436 4083 845 4154 immortalem,
897 4083 1164 4143 videlicet
1222 4091 1288 4142 ut
1337 4084 1386 4142 si
1441 4083 1729 4142 custodire
1780 4084 1952 4142 vellet
2005 4101 2153 4159 pra:-

436 4178 665 4244 ceptum
696 4172 1062 4244 obedientiee,
1085 4175 1148 4232 in
1171 4178 1456 4232 aeternum
1487 4175 1736 4246 viveret;
1774 4175 1822 4232 si
1850 4189 1988 4234 vero
2014 4191 2148 4235 con-

438 4265 739 4331 temneret,
772 4263 976 4321 mortis
1005 4277 1145 4320 mox
1179 4262 1422 4336 imperio
1461 4262 1798 4337 subjaceret.
1830 4262 1982 4332 Quid
2016 4264 2148 4337 plu-

435 4347 545 4406 ra?
605 4347 866 4406 Peccavit
919 4350 1114 4421 homo,
1161 4350 1388 4409 diabolo
1434 4349 1710 4408 suadente
1760 4352 1915 4420 (Gen.
1957 4357 2063 4424 III),
2096 4360 2152 4412 et

431 4441 552 4498 tota
605 4439 848 4497 humani
889 4441 1115 4514 generis
1160 4440 1330 4500 arbor
1375 4447 1655 4500 venenata
1696 4447 1781 4500 est
1828 4441 1900 4500 in-
1937 4443 2145 4502 radice.

435 4525 653 4587 Cecidit
703 4527 915 4589 infelix
959 4537 1119 4606 pater
1175 4547 1276 4606 per
1340 4531 1561 4604 gulam,
1589 4535 1644 4588 et
1696 4531 1971 4590 universa
2021 4533 2147 4606 ejus

434 4617 740 4690 progenies
821 4634 919 4677 rea
1000 4621 1144 4680 facta
1224 4627 1310 4678 est
1377 4637 1478 4693 per
1560 4625 1824 4677 naturam
1853 4667 1866 4688 ,
1924 4621 2147 4683 dicente

433 4707 706 4780 Apostolo
738 4731 751 4766 :
792 4728 822 4763 α
850 4709 1096 4771 Eramus
1135 4717 1342 4771 natura
1379 4710 1488 4768 ﬁlii
1519 4710 1640 4780 iras,
1671 4709 1817 4768 sicut
1851 4717 1904 4768 et
1953 4715 2144 4773 caeteri

434 4796 652 4867 (Ephes.
685 4798 761 4870 II).
796 4821 816 4850 ι

504 4883 710 4945 Factus
740 4893 825 4946 est
855 4889 1052 4962 itaque
1085 4889 1271 4947 Adam
1309 4890 1680 4966 fermentum,
1721 4901 1774 4953 et
1809 4896 2142 4954 universam

427 4975 682 5048 corrupit
713 4975 1152 5035 multitudinem
1183 4978 1470 5050 ﬁliorum;
1506 4981 1645 5056 quia
1678 4983 1816 5041 dum
1844 4984 1942 5041 ille
1966 4985 2142 5056 pesti-

431 5062 552 5123 fero
604 5065 886 5138 serpentis
932 5082 1152 5125 veneno
1201 5068 1466 5140 vitiatur,
1504 5077 1614 5128 tota
1646 5071 1707 5128 in
1748 5071 1849 5130 illo
1897 5073 2143 5133 humani

426 5153 654 5223 generis
706 5169 893 5212 massa
969 5157 1378 5230 corrumpitur.
1440 5157 1604 5216 Unde
1649 5159 1960 5218 irradiante
2019 5162 2139 5234 jam

428 5255 598 5300 novae
634 5243 835 5314 gratias
881 5243 1202 5316 splendore,
1238 5261 1340 5317 per
1385 5247 1682 5322 egregium
1725 5249 1892 5307 nobis
1938 5249 2141 5323 praedi-

425 5338 676 5390 catorem
722 5333 975 5392 dicitur:
1021 5354 1049 5387 ‹‹
1076 5332 1410 5408 Expurgate
1460 5344 1623 5398 vetus
1674 5339 2044 5410 fermentum,
2076 5346 2140 5399 ut

431 5417 556 5476 sitis
585 5435 736 5478 nova
782 5420 1112 5495 conspersio
1146 5425 1187 5488 (Ι
1213 5423 1333 5479 Cor.
1360 5424 1436 5496 v).
1478 5447 1499 5477 ι
1531 5425 1642 5485 Sed
1689 5427 1824 5501 pius
1873 5433 1929 5485 et
1963 5427 2136 5486 mise-

431 5506 612 5566 ricors
634 5508 787 5568 Deus
812 5510 1000 5570 noluit
1027 5511 1363 5571 omnimodo
1389 5514 1572 5588 perire
1598 5522 1921 5575 creaturam
1948 5531 2134 5589 suam,

2243 1856 2407 1913 desse
2433 1859 2713 1927 poterant,
2758 1853 2829 1911 ad
2869 1855 3285 1914 conferendum
3321 1871 3459 1915 vero
3485 1854 3794 1914 animabus
3822 1851 3970 1910 227

2245 1947 2491 2004 salutem
2546 1944 2809 2004 sufﬁcere
2858 1961 2977 2004 non
3025 1945 3316 2018 valebant,
3375 1945 3602 2004 dicente
3654 1944 3962 2018 Apostolo:

2247 2058 2273 2086 α
2309 2035 2372 2094 Si
2422 2034 2577 2093 enim
2635 2033 2876 2107 sanguis
2933 2040 3258 2106 taurorum,
3312 2041 3425 2093 aut
3474 2034 3820 2106 vitulorum,
3863 2041 3968 2093 aut

2242 2125 2390 2184 cinis
2462 2126 2663 2185 vitulae
2733 2141 3020 2198 aspersus,
3095 2127 3432 2200 inquinatos
3501 2126 3819 2185 sanctiﬁcat
3886 2127 3960 2184 ad

2242 2215 2716 2275 emundationem
2759 2216 2986 2287 carnis;
3040 2225 3256 2291 quanto
3301 2216 3483 2292 magis
3530 2217 3766 2290 sanguis
3797 2216 3958 2274 Chri-

2243 2308 2334 2376 sti,
2389 2307 2492 2380 qui
2544 2320 2646 2379 per
2703 2303 2985 2378 Spiritum
3042 2313 3303 2366 sanctum
3357 2321 3419 2365 se
3471 2305 3680 2364 obtulit
3745 2305 3962 2362 imma-

2241 2395 2499 2454 culatum
2545 2395 2680 2465 Deo,
2729 2394 3073 2453 emundabit
3119 2394 3527 2454 conscientiam
3578 2401 3834 2454 nostram
3885 2395 3961 2454 ad

2242 2482 2618 2542 serviendum
2673 2483 2790 2542 Deo
2837 2481 3164 2542 viventi?»
3199 2485 3382 2552 (Hebr.
3437 2487 3548 2553 1x.)
3599 2482 3746 2542 Cum
3798 2483 3960 2541 enim

2240 2572 2311 2629 ad
2347 2571 2822 2630 emundationem
2867 2573 3060 2630 carnis
3097 2571 3376 2630 sacriﬁcia
3413 2571 3515 2630 illa
3552 2571 3824 2646 prodesse
3853 2571 3961 2628 de-

2240 2659 2493 2731 nuntiat,
2523 2660 2925 2734 purgationem
2954 2660 3264 2720 animabus
3297 2661 3555 2719 conferre
3582 2675 3960 2737 nequaquam

2239 2748 2495 2822 potuisse
2531 2747 2812 2821 designat.
2863 2750 3062 2823 Neque
3098 2750 3253 2808 enim
3302 2748 3654 2808 irrationalis
3695 2757 3962 2808 creatura

2239 2835 2311 2892 ad
2369 2836 2838 2894 sanctiﬁcandam
2891 2838 3230 2896 rationalem
3291 2853 3415 2897 esse
3466 2843 3684 2912 poterat
3736 2838 3956 2899 valida.

2243 2924 2353 2983 Sed
2411 2940 2515 2982 nec
2567 2925 2678 2998 ipsi
2734 2927 3053 2985 sacerdotes
3104 2927 3458 2985 sanctiﬁcare
3512 2925 3793 3000 populum
3851 2942 3962 3000 po-

2242 3020 2444 3087 terant,
2487 3017 2623 3090 quia
2658 3023 2716 3076 et
2753 3017 2864 3092 ipsi
2904 3034 3008 3092 pro
3048 3019 3172 3077 suis
3209 3017 3467 3076 reatibus
3503 3019 3709 3077 offerre
3737 3018 3962 3078 hostias

2244 3104 2600 3179 indigebant.
2690 3105 2912 3181 Neque,
2992 3105 3215 3165 delictis
3278 3107 3542 3178 obnoxii,
3611 3107 3959 3166 delictorum

2243 3192 2512 3252 valebant
2551 3194 2790 3254 vincula
2831 3194 3075 3266 solvere,
3115 3195 3205 3254 vel
3239 3202 3561 3268 peccatores
3598 3202 3958 3269 peocatorem

2231 3280 2573 3355 justiﬁcare.

2311 3371 2552 3432 Necesse
2582 3389 2715 3448 ergo
2744 3381 2865 3433 erat
2893 3381 2956 3433 ut
2977 3373 3106 3432 talis
3135 3374 3395 3432 sacerdos
3415 3375 3804 3449 inveniretur,
3825 3375 3954 3450 qui,

2237 3459 2378 3519 dum
2407 3461 2467 3518 in
2498 3461 2631 3520 aliis
2666 3470 3029 3537 peccatorum
3077 3463 3272 3521 sordes
3306 3463 3584 3536 ablueret,
3625 3465 3749 3538 ipse
3781 3464 3844 3522 in
3891 3479 3956 3524 se

2235 3550 2596 3611 abluendum
2625 3552 2848 3627 aliquid
2880 3568 2996 3611 non
3022 3552 3291 3623 sentiret;
3320 3559 3376 3611 et
3396 3554 3537 3612 dum
3559 3554 3734 3613 alieni
3758 3560 3955 3613 reatus

2234 3638 2504 3712 contagia
2538 3646 2800 3712 tergeret,
2832 3639 2895 3698 in
2929 3642 3234 3714 semetipso
3258 3641 3518 3716 aliquam
3548 3642 3721 3716 leprze
3750 3657 3952 3700 macu-

2236 3726 2354 3785 lam
2401 3743 2516 3786 non
2559 3727 2811 3785 haberet.
2858 3726 2966 3787 Sed
3009 3728 3346 3802 hujusmodi
3376 3729 3551 3788 homo
3587 3730 3648 3788 in
3691 3731 3954 3790 humano

2233 3833 2444 3890 genere
2479 3817 2736 3877 inveniri
2776 3833 2890 3876 non
2940 3826 3172 3891 poterat,
3208 3818 3346 3891 quia
3380 3820 3781 3894 unusquisque
3814 3836 3952 3879 cum

2235 3905 2518 3978 Propheta
2584 3905 2742 3965 hunc
2803 3905 3166 3966 versiculum
3225 3907 3505 3967 veraciter
3568 3908 3946 3967 decantabat:

2237 4013 2264 4048 α
2295 3994 2441 4053 Ecce
2466 3994 2624 4052 enim
2652 3996 2713 4053 in
2742 3995 3153 4070 iniquitatibus
3176 4002 3484 4071 conceptus
3508 4011 3661 4067 sum,
3690 4003 3745 4056 et
3766 3996 3829 4055 in
3854 3998 3952 4056 de-

2234 4083 2386 4143 lictis
2413 4085 2633 4159 peperit
2667 4101 2760 4144 me
2801 4091 2983 4143 mater
3030 4101 3159 4144 mea
3184 4089 3348 4156 (Psal.
3379 4089 3454 4158 1);
3492 4110 3512 4137 ι
3557 4092 3630 4158 et,
3665 4086 3816 4144 sicut
3846 4101 3951 4160 per

2233 4173 2574 4246 Apostolum
2617 4173 2875 4233 dicitur:
2921 4195 2948 4224 α
2979 4173 3196 4232 Omnes
3233 4181 3637 4248 peccaverunt,
3678 4181 3734 4235 et
3779 4182 3951 4249 egent

2232 4265 2417 4338 gloria
2439 4264 2542 4322 Dei
2571 4268 2739 4338 (Rom.
2773 4270 2876 4332 lIl).
2903 4293 2930 4320 ν»

2305 4355 2571 4428 Obsecro,
2650 4356 3009 4417 dilectissimi
3063 4359 3265 4418 fratres
3315 4360 3453 4430 mei,
3505 4359 3656 4417 hanc
3713 4364 3942 4430 vestrae,

2237 4447 2355 4506 imo
2395 4454 2606 4506 nostrae
2649 4448 2852 4507 salutis
2890 4451 3193 4509 historiam
3229 4451 3534 4524 diligenter
3561 4449 3859 4519 attendite,
3891 4455 3947 4507 et

2235 4535 2512 4594 humanm
2569 4538 3003 4597 restaurationis
3057 4539 3323 4597 ordinem
3385 4539 3555 4597 etiam
3614 4538 3673 4594 in
3735 4539 3945 4596 vestris

2231 4625 2502 4684 cordibus
2527 4624 2807 4684 ordinate.
2850 4625 3032 4684 Corda
3063 4628 3327 4701 vigilent,
3368 4627 3517 4686 oculi
3562 4641 3677 4684 non
3718 4626 3944 4685 dormi-

2230 4720 2370 4774 tent.
2406 4715 2550 4773 Cum
2579 4715 2756 4788 igitur
2788 4715 3129 4789 hujusmodi
3159 4719 3331 4777 homo
3360 4719 3418 4776 in
3448 4703 3706 4776 humano
3730 4733 3943 4789 genere

2230 4804 2484 4861 inveniri
2511 4818 2626 4861 non
2655 4811 2864 4876 posset,
2895 4820 2970 4863 ne
2997 4806 3056 4863 in
3092 4813 3318 4879 peccato
3356 4821 3461 4865 suo
3491 4805 3701 4878 periret
3741 4805 3939 4876 homo,

2229 4891 2460 4950 Creator
2517 4891 2852 4962 hominum,
2907 4893 2978 4951 de
3031 4893 3360 4953 beatissima
3410 4893 3650 4967 Virgine
3705 4907 3938 4950 carnem

2228 4996 2484 5052 sumens,
2527 4981 2654 5039 sine
2692 4987 2920 5055 peccato
2964 4983 3152 5041 factus
3189 4990 3273 5041 est
3321 4983 3511 5051 homo,
3547 4983 3672 5040 sine
3708 4989 3939 5056 peccato

2225 5081 2540 5147 conceptus
2566 5074 2625 5131 in
2653 5072 2912 5148 Virginis
2940 5080 3125 5141 utero,
3173 5076 3298 5132 sine
3331 5081 3554 5148 peccato
3582 5079 3665 5132 est
3691 5090 3936 5132 conver-

2224 5169 2380 5222 satus
2417 5163 2480 5221 in
2531 5163 2772 5222 mundo.
2824 5164 2949 5237 Eia,
3006 5165 3228 5228 fratres,
3281 5163 3583 5233 intendite,
3628 5162 3932 5233 intendite,

2222 5253 2484 5325 inquam,
2537 5258 2592 5310 et
2639 5253 2935 5311 ineffabile
2994 5253 3404 5327 redemptionis
3459 5261 3671 5312 nostra;
3727 5259 3936 5327 myste-

2222 5339 2376 5398 rium
2419 5340 2731 5413 vigilanter
2769 5341 2984 5400 audite.
3025 5343 3169 5399 Ecce
3217 5341 3337 5414 jam
3376 5341 3658 5411 sacerdos,
3706 5341 3930 5412 fratres,

2221 5429 2385 5487 nulla
2423 5429 2543 5501 ipse
2582 5430 2802 5488 habens
2850 5436 3096 5503 peccata,
3133 5437 3188 5487 et
3221 5428 3436 5489 idcirco
3476 5430 3689 5502 dignus
3736 5437 3790 5487 et
3836 5445 3932 5503 po-

2220 5524 2345 5577 tens
2364 5526 2448 5588 ut,
2467 5519 2818 5578 sacriﬁcium
2839 5516 3106 5589 offerens,
3129 5518 3319 5578 aliena
3343 5519 3652 5579 mundaret
3671 5525 3921 5594 peccata.

433 5606 610 5669 quam
675 5597 1021 5661 formaverat
1069 5600 1141 5660 ad
1216 5601 1531 5677 imaginem
1581 5610 1638 5664 et
1687 5606 2134 5666 similitudinem
2215 5605 2322 5666 Ille
2372 5606 2655 5680 videlicet,
2703 5607 2797 5666 cui
2851 5621 2953 5680 per
3002 5605 3348 5681 Prophetam
3387 5606 3638 5666 dicitur:
3671 5631 3698 5656 κ
3732 5607 3821 5666 Tu
3865 5623 3929 5666 es
