4178 6486
277 331 384 391 745
1214 300 1219 307 ’
1808 330 1927 391 sar

2143 331 2270 391 .LV.
2482 378 2485 379 ν
3680 332 3793 390 746

279 453 542 514 sacerdos
591 451 652 509 in
702 456 1020 521 ateruum,
1072 452 1390 513 secundum
1437 452 1701 513 ordinem
1752 451 2110 516 Melchi-A«
2141 454 2403 513 Christus
2455 468 2662 527 passus
2710 458 2795 511 est
2845 467 2948 526 pro
3000 451 3188 525 nobis,
3242 453 3408 512 vobis
3457 453 3792 527 relinquens

279 543 489 603 sedech
529 543 701 611 (Psal.
743 546 888 611 CIX).
925 568 951 591 ι»
987 542 1096 601 Sed
1137 543 1285 602 sicut
1322 558 1423 617 per
1460 542 1709 602 Paulum
1741 542 1993 600 dicitur:
2080 542 2442 618 exemplum,
2468 547 2535 600 ut
2563 541 2894 616 sequamini
2929 539 3167 615 vestigia
3209 541 3335 613 ejus
3375 547 3425 611 (Ι
3447 545 3593 602 Petr.
3623 547 3726 613 II);
3764 566 3785 593 ι

282 654 309 681 κ
338 630 583 689 Necesse
629 636 715 689 est
765 630 1116 690 sacerdotem
1152 630 1372 706 aliquid
1416 632 1628 690 habere
1667 630 1820 706 quod
1854 630 1996 689 oﬂ'e-
2078 635 2135 690 et
2165 631 2377 690 Paulus
2406 655 2419 689 :
2462 653 2485 681 ι
2518 630 2861 700 Imitatores,
2893 629 3103 705 inquit,
3133 629 3237 688 Dei
3269 635 3467 701 estote,
3497 638 3553 689 et
3580 631 3791 690 ambu-

281 725 368 777 rat
425 720 626 790 (Hebr.
684 722 850 789 VIII).
911 744 932 771 u
999 720 1457 795 Verumtamen,
1517 722 1668 781 sicut
1729 721 1998 796 superius
2078 719 2189 778 late
2227 720 2291 777 in
2329 718 2655 789 dilectione,
2697 718 2847 776 sicut
2897 723 2953 776 et
3002 718 3263 776 Christus
3304 718 3511 776 dilexit
3558 735 3685 790 nos,
3739 724 3794 776 et

281 810 502 867 dictum
528 815 632 881 est,
662 808 1022 883 impossibile
1055 818 1176 871 erat
1207 818 1271 871 ut
1296 813 1600 873 brutorum
1633 829 1836 871 carnes
1866 814 1997 870 ani-
2080 805 2308 865 tradidit
2338 807 2712 881 semetipsum
2736 821 2841 878 pro
2874 805 3039 864 nobis
3065 805 3439 879 oblationem,
3464 813 3519 864 et
3546 807 3792 866 hostiam

280 896 525 956 malium
567 898 989 957 sanctificarent
1031 900 1257 959 animas
1298 900 1644 973 hominum,
1677 907 1733 960 et
1778 900 2000 959 irratio—
2077 895 2195 955 Deo
2224 897 2285 954 in
2316 895 2551 954 odorem
2589 893 2890 953 suavitatis
2926 896 3146 967 (Ephes.
3184 895 3260 967 V).
3300 918 3319 943 ο

280 986 429 1045 nalis
500 987 685 1045 hostia
762 987 985 1046 ratione
1057 989 1347 1048 utentium
1422 990 1708 1049 sufﬁceret
1772 990 2001 1049 abolere
2028 976 2042 986 ’
2147 988 2531 1061 Degustemus
2569 1001 2703 1060 ergo
2749 1000 2928 1058 nunc,
2967 983 3349 1054 dilectissimi,
3389 1000 3523 1043 cum
3564 984 3792 1045 Christo

279 1084 529 1150 peccata.
572 1078 737 1137 Unde
777 1093 852 1147 ex
880 1094 1126 1152 persona
1162 1078 1299 1137 Filii
1340 1079 1414 1138 ad
1452 1080 1678 1149 Patrem
1704 1098 1807 1156 per
1838 1080 1999 1139 Psal-
2079 1075 2455 1150 temporalem
2506 1080 2927 1134 momentanea
2977 1073 3179 1133 mortis
3226 1074 3693 1147 amaritudinem,
3729 1078 3796 1132 ut

284 1165 514 1223 mistam
545 1165 759 1225 dicitur
791 1190 803 1224 :
837 1189 863 1217 α
894 1165 1255 1226 Sacrificium
1282 1174 1339 1226 et
1363 1168 1712 1228 oblationem
1736 1169 1996 1238 noluisti,
2079 1167 2152 1225 ad
2197 1173 2473 1225 aternam
2512 1163 2881 1239 postmodum
2927 1163 3362 1222 resurrectionis
3401 1163 3527 1237 ejus
3570 1180 3791 1222 merea-

243 1253 619 1323 ,hoi,ocausta
667 1255 840 1314 etiam
892 1271 995 1329 pro
1047 1256 1256 1316 delicto
1312 1273 1431 1316 non
1477 1258 1818 1331 postulasti;
1865 1265 2003 1316 tunc
2079 1276 2215 1319 mur
2265 1256 2568 1333 pervenire
2624 1255 3012 1329 dulcedinem.
3069 1253 3234 1324 Quod
3287 1256 3445 1313 enim
3506 1256 3637 1312 fecit:
3690 1270 3793 1328 pro

283 1342 413 1402 dixi
447 1363 458 1401 :
491 1343 636 1402 Ecce
673 1345 846 1403 venio
876 1349 1042 1419 tPsal.
1076 1351 1317 1421 XXXIX).
1349 1368 1379 1401 »
1412 1346 1717 1422 Oportebat
1754 1363 1890 1422 ergo
1937 1353 2005 1406 ut
2080 1348 2271 1420 nobis,
2300 1347 2409 1405 hoc
2451 1346 2625 1405 etiam
2656 1343 2785 1403 ﬁeri
2825 1343 3035 1420 quarit
3073 1359 3107 1401 a
3136 1342 3322 1414 nobis,
3372 1349 3611 1402 testante
3653 1343 3793 1401 Pro-

284 1431 586 1490 rationalis’
616 1432 803 1492 hostia
836 1435 1021 1506 ﬁeret,
1062 1452 1193 1510 qua
1237 1443 1562 1496 creaturam
1597 1436 2002 1496 rationabilem
2078 1438 2273 1513 pheta,
2304 1436 2407 1510 qui
2460 1434 2540 1493 ait
2572 1453 2587 1491 :
2618 1455 2648 1488 «
2695 1432 2866 1504 Quid,
2907 1433 3139 1506 inquit,
3182 1432 3503 1491 retribuam
3545 1432 3793 1491 Domino

287 1521 564 1594 expiaret.
610 1520 722 1582 Sed
762 1532 1022 1596 peccator
1057 1525 1273 1601 aliquis
1314 1527 1514 1598 homo,
1546 1525 1695 1584 sicut
1724 1525 2003 1598 indignus
2080 1544 2185 1603 pro
2223 1526 2497 1587 omnibus
2534 1540 2665 1599 qua
2709 1522 2977 1582 retribuit
3013 1520 3208 1581 mihi?
3238 1522 3487 1581 Calicem
3528 1522 3796 1583 salutaris

288 1612 410 1669 erat
445 1616 509 1667 ut
535 1611 889 1669 sacriﬁcium
919 1612 1167 1685 offerret,
1194 1613 1277 1672 sic
1312 1614 1488 1673 etiam
1524 1613 1911 1674 nihilominus
1938 1618 2005 1672 ut
2080 1617 2382 1691 accipiam,
2418 1620 2474 1673 et
2510 1629 2727 1673 nomen
2768 1609 2998 1671 Domini
3044 1610 3326 1670 invocabo
3370 1609 3540 1682 (Psal.
3572 1617 3731 1677 CXV).
3770 1636 3792 1663 υ

288 1697 412 1770 ipse
464 1697 813 1758 sacrificium
857 1700 1040 1759 fieret.
1089 1700 1240 1772 Quid
1284 1702 1463 1776 igitur
1511 1703 1773 1761 sacerdos
1810 1708 2005 1762 noster
2084 1705 2194 1765 Pro
2239 1711 2435 1764 nostra
2490 1700 2703 1762 etenim
2754 1699 3147 1773 redemptione
3194 1715 3313 1759 non
3355 1715 3567 1759 aurum
3620 1701 3795 1773 dedit,

293 1785 542 1846 faceret?
570 1787 695 1857 Quo
729 1804 790 1848 se
820 1790 1101 1848 verteret?
1136 1788 1300 1859 Quod
1337 1790 1749 1864 redemptionis
1796 1797 2066 1868 nostra];
2089 1810 2210 1854 non
2247 1796 2554 1867 argentum
2598 1788 2891 1864 appendit,
2931 1803 3051 1847 non
3091 1788 3399 1862 pecuniam
3429 1793 3795 1860 numeravit;

291 1874 603 1935 consilium
630 1877 970 1937 inveniret?
998 1877 1164 1937 Unde
1187 1878 1469 1938 mediator
1489 1879 1593 1938 Dei
1612 1886 1666 1939 et
1691 1879 2002 1938 hominum
2084 1884 2185 1945 sed
2242 1883 2615 1957 semetipsum
2686 1878 2919 1938 tradidit
2943 1923 2958 1948 ,
3019 1877 3337 1951 pretiosum
3397 1878 3486 1936 sui
3549 1879 3801 1953 corporis

290 1960 628 2036 placationis
665 1965 912 2024 hostiam
939 1973 1213 2039 sumeret,
1243 1983 1359 2040 qua
1388 1983 1588 2042 pacem
1613 1968 1763 2027 inter
1790 1968 2001 2039 Deum,
2087 1958 2432 2048 sanguinem
2464 1971 2631 2038 fudit,
2660 1969 2953 2046 propriam
2980 1982 3082 2041 pro
3109 1967 3276 2027 nobis
3300 1968 3558 2026 animam
3586 1967 3797 2041 posuit.

292 2056 350 2109 et
374 2052 675 2111 hominem
705 2054 1314 2116 reformaret?0mnis
1351 2058 1564 2132 quippe
1594 2062 1819 2117 terrena
1845 2074 2004 2117 crea-
2087 2063 2252 2123 Unde
2302 2067 2356 2121 et
2414 2061 2617 2120 Petrus
2660 2057 2741 2117 ait
2788 2082 2800 2115 ε
2859 2081 2881 2108 ι
2934 2057 3063 2116 Non
3115 2056 3593 2130 corruptibilibus
3637 2072 3802 2128 auro,

293 2147 439 2212 tum,
475 2142 527 2200 Si
577 2144 875 2203 rationalis
923 2152 1064 2215 erat.
1108 2147 1325 2220 peccati
1360 2146 1522 2205 Virus
1563 2148 1634 2206 de
1684 2147 1860 2221 primi
1902 2164 2011 2221 pa:
2087 2154 2183 2212 vel
2220 2156 2459 2225 argento
2507 2149 2789 2223 redempti
2826 2148 2964 2207 estis
3000 2147 3070 2206 de
3110 2163 3260 2206 vana
3290 2154 3477 2205 vestra
3506 2162 3806 2207 conversa-

290 2231 472 2291 rentis
508 2232 699 2291 radice
743 2238 1140 2305 contraxerat;
1177 2236 1226 2294 si
1263 2235 1634 2306 irrationalis,
1665 2228 2007 2295 rationalem
2090 2242 2246 2300 tione
2299 2245 2557 2313 paterna
2616 2236 2979 2308 traditionis;
3037 2237 3137 2294 sed
3192 2235 3442 2310 pretioso
3500 2235 3806 2309 sanguine,

291 2320 612 2393 lusuﬁcal‘e
637 2336 754 2379 Ποη
788 2327 1026 2394 Poterat
1672 2396 1687 2405 λ
2092 2330 2261 2405 quasi
2314 2328 2469 2403 Agni
2522 2325 2883 2387 immaculati
2909 2370 2927 2396 ,
2983 2330 3040 2383 et
3094 2323 3536 2383 incontaminati
3597 2322 3810 2382 Christi

372 2405 518 2464 228
569 2408 719 2478 Quid
772 2425 907 2484 ergo
957 2412 1168 2472 faceret
1220 2413 1506 2475 mediator
1555 2417 1731 2491 pacis,
1788 2421 1844 2473 et
1888 2414 2011 2489 ipse
2095 2422 2145 2488 (Ι
2170 2422 2413 2483 Pet-721).
2448 2437 2476 2471 ››

291 2494 460 2570 pax?
495 2497 625 2571 ipse
679 2506 762 2555 est
817 2499 975 2556 enim
1028 2516 1144 2574 pax
1187 2509 1401 2572 nostra,
1443 2504 1545 2576 qui
1587 2504 1721 2561 fecit
1764 2511 2013 2576 utraque
2167 2504 2418 2577 Expedit
2475 2519 2609 2577 ergo
2637 2547 2652 2575 ,
2712 2510 2777 2561 ut
2826 2501 3199 2575 Redemptori
3263 2517 3367 2560 suo
3436 2501 3812 2574 semetipsum

295 2603 500 2658 unum,
528 2594 583 2645 et
610 2587 868 2646 medium
907 2588 1181 2662 parietem
1221 2592 1489 2650 maceria
1520 2592 1771 2664 solvens,
1806 2591 2013 2649 inimi-
2095 2594 2315 2663 offerat,
2349 2592 2689 2668 quicunque
2717 2592 2789 2649 ad
2829 2593 2954 2666 ejus
2988 2590 3340 2650 consortium
3387 2590 3690 2663 pervenire
3725 2591 3813 2647 fe—

293 2676 458 2736 citias
514 2677 577 2735 in
629 2693 801 2735 carne
854 2694 961 2738 sua
1010 2700 1021 2737 :
1082 2681 1267 2755 legem
1313 2684 1720 2741 mandatorum
1771 2680 2014 2740 decretis
2097 2683 2290 2740 stinat.
2318 2681 2486 2740 Illius
2516 2680 2758 2754 vestigia
2781 2681 3041 2739 imitetur
3059 2679 3124 2738 in
3144 2680 3258 2751 via,
3285 2680 3387 2754 qui
3415 2695 3548 2738 cum
3576 2694 3642 2736 eo
3670 2694 3814 2751 gau-

295 2782 601 2839 evacuans,
639 2773 703 2826 ut
748 2766 895 2826 duos
943 2769 1210 2828 conderet
1256 2768 1319 2827 in
1368 2771 1673 2845 semetipso
1726 2771 1787 2829 in
1824 2785 2014 2830 unum
2095 2772 2232 2830 dere
2261 2769 2497 2829 anhelat
2527 2770 2591 2827 in
2619 2770 2822 2843 patria.
2857 2769 3036 2829 Illum
3072 2769 3185 2827 sibi
3221 2770 3431 2827 ducem
3474 2765 3617 2823 229
3650 2767 3820 2825 faciat

295 2873 517 2917 novum
570 2856 889 2929 hominem,
951 2859 1169 2919 faciens
1222 2877 1461 2936 pacem;
1512 2868 1577 2920 ut
1623 2861 2017 2920 reconciliaret
2094 2862 2158 2919 in
2204 2860 2431 2931 itinere,
2471 2859 2573 2933 qui
2622 2859 2677 2916 ei
2730 2858 3011 2934 particeps
3061 2874 3187 2916 esse
3232 2859 3518 2917 desiderat
3562 2857 3625 2914 in
3684 2872 3815 2930 per-

295 2946 496 3005 ambos
526 2946 591 3005 in
632 2962 752 3005 uno
781 2962 1018 3021 corpore
1064 2948 1181 3006 Deo
1219 2964 1324 3022 per
1369 2966 1620 3022 crucem,
1659 2949 2017 3008 interﬁciens
2097 2947 2392 3008 ventione.
2426 2970 2452 2997 α
2484 2946 2548 3006 Si
2574 2948 2734 3006 enim
2762 2947 3167 3020 compatimur,
3196 2952 3252 3006 et
3289 2945 3816 3019 conregnabimus;

296 3033 633 3093 inimicitias
682 3034 745 3094 in
792 3036 1097 3109 semetipso
1149 3055 1162 3095 ε
1212 3042 1269 3094 et
1317 3038 1562 3096 veniens
1603 3037 2019 3112 evangelizavit
2099 3035 2151 3094 si
2183 3036 2625 3107 commorimur,
2655 3042 2712 3093 et
2748 3035 3132 3093 convivemus
3164 3039 3338 3104 (Rom.
3380 3039 3530 3103 VIII).
3572 3057 3592 3084 ι
3625 3034 3696 3091 Et
3721 3033 3823 3092 ite-

297 3137 493 3231 pacem
522 3122 615 3231 his
647 3123 750 3220 qui
785 3122 980 3196 longe,
1008 3130 1064 3231 et
1096 3138 1295 3231 paceni
1323 3124 1417 3231 his
1445 3126 1551 3199 qui
1582 3142 1759 3200 prope
1789 3127 2015 3231 (Ppltes.
2039 3170 2084 3231 Ο
2104 3142 2237 3185 rum
2287 3127 2443 3186 idem
2488 3125 2663 3231 dicit.
2683 3123 2994 3223 Apostolus
3022 3148 3036 3183 :
3088 3149 3110 3176 οι
3156 3124 3217 3184 Si
3270 3124 3637 3231 com‘plantati
3687 3122 3825 3181 facti

300 3215 387 3280 Il).
442 3209 631 3283 Quid,
686 3210 972 3285 inquam,
1036 3211 1295 3271 faceret?
1348 3211 1745 3284 Considerate,
1808 3209 2311 3275 fratresusumus
2360 3213 2736 3273 similitudini
2783 3213 2987 3272 mortis
3029 3215 3176 3287 ejus,
3231 3212 3412 3272 simul
3460 3221 3517 3270 et
3571 3227 3823 3270 resurre-

302 3300 461 3369 mei,
507 3299 815 3375 diligenter
863 3300 1218 3361 considerate
1263 3304 1574 3362 ineti'abilis
1625 3304 1847 3363 viscera
1896 3305 2018 3380 pie-
2106 3305 2314 3363 ctionis
2366 3303 2589 3362 erimus
2646 3307 2815 3374 (Rom.
2864 3304 2964 3375 v1).
2999 3327 3024 3353 η
3061 3303 3243 3360 Nemo
3297 3318 3379 3372 se,
3429 3303 3633 3360 fratres
3689 3302 3824 3371 mei,

305 3390 456 3461 tatis,
495 3389 827 3464 perpendite
860 3389 1217 3451 immensum
1260 3400 1316 3450 et
1351 3392 1760 3451 inastimabile
1795 3394 2021 3466 pondus
2106 3392 2362 3450 inaniter
2407 3391 2662 3463 seducat,
2700 3406 2873 3448 nemo
2913 3406 2973 3448 se
3018 3406 3188 3448 vana
3240 3390 3359 3462 spei
3391 3390 3695 3449 securitate
3726 3389 3825 3447 de-

302 3478 522 3536 divina
558 3477 871 3537 charitatis.
920 3478 1067 3548 Quia
1099 3480 1259 3538 enim
1300 3481 1365 3538 in
1402 3482 1575 3541 rebus
1611 3482 1867 3540 inveniri
1901 3498 2020 3540 non
2108 3481 2299 3555 cipiat.
2333 3481 2462 3539 Non
2492 3482 2651 3538 enim
2699 3495 3013 3553 possumus
3060 3480 3153 3536 hic
3198 3478 3449 3552 gaudere
3482 3479 3553 3537 de
3591 3480 3825 3550 saeculo,

301 3573 524 3642 poterat
572 3567 826 3641 pretium
887 3575 1099 3627 nostra
1155 3569 1608 3643 redemptionis,
1672 3570 2024 3645 Redemptor
2109 3580 2165 3632 et
2216 3571 2338 3631 illic
2389 3586 2630 3646 regnare
2689 3586 2825 3630 cum
2879 3570 3125 3629 Christo.
3182 3568 3324 3627 Ecce
3379 3569 3719 3628 intemerata
3774 3578 3831 3627 et

304 3665 501 3715 noster
534 3655 907 3729 semetipsum
951 3654 1163 3715 obtulit
1208 3654 1362 3715 Patri
1400 3673 1501 3731 pro
1552 3659 1721 3718 nobis
1774 3660 2023 3718 hostiam
2110 3662 2361 3737 gloriosa
2386 3661 2551 3735 virgo
2580 3659 2782 3731 Maria,
2818 3661 2986 3733 cujus
3020 3657 3191 3718 hodie
3228 3656 3695 3734 splendidissima
3723 3673 3832 3715 na-

303 3743 369 3802 in
417 3743 650 3803 odorem
697 3744 1021 3804 suavitatis.
1074 3744 1168 3805 Sic
1216 3747 1337 3819 ipse
1382 3748 1567 3808 factus
1625 3752 1711 3808 est
1762 3749 2027 3808 sacerdos
2113 3751 2333 3812 tivitate
2384 3750 2660 3810 universa
2700 3764 2803 3823 per
2856 3749 3055 3806 orbem
3103 3754 3297 3806 sancta
3347 3745 3670 3805 illustratur
3726 3744 3830 3804 Ec-

304 3838 361 3890 et
416 3831 767 3891 sacriﬁcium
792 3878 809 3904 ,
864 3833 987 3907 ipse
1043 3833 1369 3909 redemptor
1425 3843 1481 3894 et
1531 3838 1804 3909 pretium.
1859 3837 2028 3897 Unde
2112 3841 2288 3900 clesia
2313 3884 2328 3911 ,
2380 3838 2445 3897 in
2502 3838 2627 3911 lege
2682 3836 3052 3910 praﬁgurata
3078 3878 3093 3907 ,
3147 3835 3211 3893 in
3264 3835 3722 3909 patriarcharum
3777 3842 3836 3892 et

306 3927 458 3981 recte
504 3936 606 3994 per
645 3921 894 3980 Paulum
931 3922 1182 3982 dicitur:
1221 3947 1245 3977 ι
1280 3924 1438 3983 Talis
1488 3925 1646 3984 enim
1688 3926 1923 3986 decebat
1962 3932 2029 3985 ut
2112 3930 2525 4004 pmphetarum
2575 3925 2824 3985 oraculis
2865 3923 3274 3999 pranuntiata,
3326 3923 3399 3982 ab
3452 3922 3656 3996 angelo
3707 3922 3832 3980 sin-

305 4007 478 4067 nobis
512 4014 661 4068 esset
696 4009 982 4083 pontifex,
1022 4017 1275 4084 sanctus,
1312 4013 1616 4085 innocens,
1657 4014 2025 4088 impollutus,
2113 4017 2305 4095 gulari
2368 4015 2829 4076 honoriﬁcentia
2889 4013 3195 4089 privilegio
3260 4014 3529 4085 salutata,
3590 4013 3833 4071 thronus

307 4105 644 4172 segregatus
691 4114 726 4156 a
758 4099 1155 4173 peccatoribus
1191 4108 1246 4158 et
1282 4101 1568 4161 excelsior
1602 4103 1762 4161 catis
1799 4102 2024 4185 factus;
2114 4106 2238 4178 Dei,
2272 4105 2485 4165 solium
2522 4103 2865 4176 divinitatis,
2901 4103 3183 4176 palatium
3224 4102 3376 4175 regis
3408 4103 3632 4173 aterni,
3663 4117 3833 4175 gazo-

307 4188 412 4261 qui
452 4203 571 4246 non
595 4187 768 4247 habet
797 4188 1056 4263 quotidie
1087 4192 1504 4262 necessitatem,
1532 4192 2030 4266 quemadmodum
2115 4195 2453 4272 phylacium
2501 4194 2777 4268 thesauri,
2814 4208 2933 4268 quo
2978 4208 3184 4252 sumus
3226 4192 3298 4250 de
3334 4192 3564 4252 cruenti
3606 4194 3830 4268 prado-

308 4278 647 4350 sacerdotes,
701 4279 868 4353 prius
919 4274 1023 4354 pro
1082 4281 1204 4340 suis
1256 4280 1481 4341 delictis
1535 4283 1753 4343 hostias
1805 4284 2031 4355 offerre,
2108 4285 2210 4353 nis
2251 4283 2487 4343 servitio
2537 4282 2873 4357 comparati,
2907 4281 3078 4341 nobis
3127 4280 3466 4355 proponitur
3517 4281 3582 4339 in
3632 4298 3834 4341 exem-

308 4368 645 4446 deindepro
674 4370 1065 4445 populo:hoc
1087 4371 1243 4431 enim
1268 4372 1401 4431 fecit
1427 4371 1706 4444 semel,se
1735 4370 2028 4432 olferendo
2119 4376 2303 4451 plum.
2377 4374 2517 4433 Hac
2583 4380 2703 4433 tam
2775 4372 3133 4447 singularis,
3189 4380 3307 4431 tam
3368 4372 3836 4447 incomparabilis

309 4451 489 4525 (Hebr.
521 4463 624 4535 VII)
660 4483 682 4513 ι
742 4462 1032 4522 Dominus
1072 4469 1268 4522 noster
1290 4463 1460 4523 Jesus
1491 4464 1774 4525 Christus.
2048 4526 2096 4540 ἢ
2120 4464 2317 4540 Virgo,
2349 4466 2399 4524 si
2438 4480 2558 4523 non
2597 4469 2936 4538 sequeretur
2981 4462 3372 4521 humilitatem
3416 4461 3648 4530 Christi,
3678 4476 3835 4518 nuu-

381 4526 646 4610 Audistis
686 4551 884 4625 itaque
920 4567 1097 4623 nunc,
1136 4552 1528 4625 dilectissimi,
1566 4553 1820 4614 breviter
1856 4526 2316 4631 repa-una‘in'
2349 4526 2698 4628 pertingeret
2749 4553 2822 4611 ad
2873 4552 3278 4611 celsitudinem
3333 4550 3544 4609 Christi
3589 4569 3601 4607 :
3632 4526 3693 4608 isi
3745 4549 3833 4607 in-

311 4642 552 4702 rationis
589 4648 806 4702 nostra
844 4642 1110 4701 mirabile
1149 4650 1593 4714 sacramentum,
1626 4645 1820 4705 audite
1857 4647 2031 4705 etiam
2112 4645 2314 4719 juncta
2364 4635 2634 4700 mandata
2682 4647 3105 4710 contemneret,
3145 4639 3215 4696 ad
3268 4636 3550 4711 promissa
3595 4635 3837 4709 pramia

310 4731 517 4792 salutis
559 4738 776 4793 nostra
810 4739 1205 4808 opportunum
1247 4733 1416 4794 valde
1455 4734 1792 4796 consilium.
1827 4735 2029 4794 Tradi-
2118 4733 2452 4793 nullatenus
2503 4732 2850 4805 perveniret.
2908 4731 3056 4788 Nam
3114 4728 3295 4797 dum,
3344 4725 3693 4800 pradicante
3744 4741 3833 4798 eo,

282 4821 398 4880 dit
440 4820 815 4896 semetipsum
844 4838 946 4896 pro
978 4822 1147 4882 nobis
1184 4822 1450 4882 Christus
1483 4824 1556 4882 ad
1588 4832 1852 4899 mortem,
1885 4841 2035 4884 mor—
2118 4821 2390 4896 quadam
2427 4820 2638 4880 mulier
2675 4821 2976 4879 extolleret
3018 4833 3219 4876 vocem
3262 4816 3331 4872 de
3372 4814 3559 4887 turba,
3593 4814 3829 4874 dicens:

317 4910 600 4972 tiiicemus
641 4916 698 4969 et
744 4926 850 4971 nos
898 4926 1000 4985 pro
1043 4913 1170 4986 ejus
1217 4928 1416 4971 amore
1468 4928 1705 4972 omnem
1753 4914 1816 4973 in
1861 4914 2033 4973 nobis
2124 4911 2387 4969 «Beatus
2424 4916 2628 4968 venter
2671 4911 2772 4985 qui
2813 4914 2866 4966 te
2901 4904 3165 4981 portavit,
3194 4911 3249 4963 et
3288 4903 3468 4962 ubera
3504 4920 3637 4978 qua
3675 4904 3835 4962 suxi-

317 5008 563 5060 terrena
631 5000 1117 5075 concupiscentia
1181 5000 1559 5076 voluptatem.
1632 5003 1798 5072 Quod
1873 5004 2033 5062 enim
2119 4998 2224 5070 sti,
2286 5018 2314 5052 »
2367 4997 2723 5071 respondit:
2787 5017 2814 5049 «
2868 4992 3142 5064 Quinimo
3194 4992 3376 5063 beati,
3430 4992 3531 5067 qui
3582 4991 3833 5050 audiunt

316 5092 517 5152 subire
562 5091 750 5152 crucis
803 5092 1137 5167 patibulum
1189 5095 1397 5166 voluit,
1450 5095 1608 5153 viam
1666 5096 1854 5167 nobis,
1919 5112 2034 5172 qua
2120 5089 2366 5149 verbum
2419 5087 2525 5146 Dei
2571 5092 2625 5145 et
2670 5082 3003 5172 custodiunt
3054 5082 3204 5140 illud
3249 5083 3395 5172 (Luc.
3440 5084 3544 5172 XI).
3604 5106 3622 5132 η
3678 5081 3834 5141 Alibi

319 5182 508 5241 redire
542 5180 841 5241 valeamus
877 5181 950 5240 ad
982 5181 1248 5255 patriam,
1275 5183 1480 5241 stravit
1506 5202 1520 5253 ;
1551 5191 1617 5243 ut
1645 5188 1747 5261 qui
1783 5169 1969 5261 volupl

2182 5177 2316 5247 iam,
2366 5192 2502 5235 cum
2549 5173 2786 5249 quidam
2829 5170 2940 5230 sibi
2988 5169 3049 5227 in
3095 5169 3308 5244 templo
3354 5170 3703 5244 propinquos
3743 5186 3832 5227 se-

320 5270 475 5330 tibus
524 5268 788 5330 delectati
842 5270 1253 5343 discessimus,
1309 5272 1540 5333 ﬂetibus
1595 5259 1888 5334 amaricati
1925 5259 2035 5335 re-
2121 5269 2379 5329 cundum
2438 5278 2672 5324 carnem
2714 5261 2914 5319 adesse
2962 5259 3295 5332 nuntiaret,
3340 5259 3584 5317 dicens:
3629 5284 3655 5307 «
3697 5259 3839 5317 Ecce

320 5360 600 5432 deamus;
648 5366 707 5418 et
757 5359 861 5436 qui
911 5375 1012 5434 per
1073 5359 1278 5419 illicita
1329 5360 1637 5420 deﬂuendo
1695 5364 2034 5439 cecidimus,
2124 5366 2308 5419 mater
2348 5362 2445 5416 tua
2476 5361 2531 5414 et
2576 5356 2781 5413 fratres
2829 5353 2913 5413 tui
2963 5352 3100 5412 foris
3146 5358 3318 5424 stant,
3344 5358 3670 5426 quarentes
3708 5357 3779 5422 te,
3814 5374 3835 5403 η

320 5449 497 5509 etiam
523 5464 557 5508 a
584 5448 761 5508 licitis
781 5449 1160 5524 nosmetipsos
1185 5450 1585 5526 restringendo
1611 5467 1951 5528 surgamus;
1982 5460 2039 5513 et
2127 5449 2465 5524 respondit:
2519 5470 2542 5501 ς
2575 5446 2719 5516 Quae
2766 5450 2850 5504 est
2897 5452 3077 5504 mater
3122 5460 3251 5502 mea
3289 5448 3347 5502 et
3394 5442 3496 5518 qui
3542 5448 3679 5502 sunt
3726 5445 3843 5503 fra-

323 5553 474 5613 quos
518 5538 801 5613 dejecerat
848 5539 1021 5598 elatio
1057 5538 1368 5614 superbia,
1417 5539 1599 5616 erigat
1644 5542 1885 5616 dejectio
1933 5544 2040 5604 hu-
2128 5557 2241 5612 tres
2270 5537 2428 5599 mei?
2470 5560 2497 5585 »
2550 5536 2621 5595 Et
2657 5535 2981 5595 extendens
3021 5549 3230 5593 manus
3268 5532 3328 5590 in
3359 5531 3676 5606 discipulos
3712 5547 3847 5591 suos

320 5628 482 5689 milis
510 5629 667 5691 vita.
702 5628 872 5690 Unde
901 5634 958 5687 et
993 5633 1185 5705 pastor
1221 5628 1495 5689 Ecclesia
1531 5629 1760 5707 clamat,
1790 5631 2033 5693 dicens:
2129 5631 2281 5693 dixit
2311 5649 2326 5692 :
2382 5655 2411 5683 α
2464 5628 2612 5688 Ecce
2654 5633 2838 5687 mater
2879 5642 3009 5686 mea
3051 5630 3108 5685 et
3155 5624 3356 5683 fratres
3401 5622 3538 5685 mei.
3587 5620 3850 5692 Quicun-

641 5746 898 5835 Plt'rnoc.
933 5745 1179 5808 CXLIV.
2774 5791 2779 5796 .
3480 5741 3555 5800 24
