4178 6456
383 339 484 398 747

1001 332 1059 392 S.
1104 329 1323 391 PETRI
1364 322 1689 385 DAMIANI
1732 320 1888 380 OPP.
1934 312 2129 378 PARS
2171 311 2312 373 SEU
2352 312 2603 373 TOMUS
2641 312 2716 370 II.
2756 343 2824 354 —
2866 307 3278 369 SERMONES.

3787 311 3910 372 748

379 480 495 539 que
547 462 704 522 enim
757 458 953 519 fecerit
1015 456 1372 513 voluntatem
1432 449 1615 508 Patris
1673 447 1811 517 mei,
1869 442 1972 516 qui
2037 439 2102 496 in
2136 438 2390 512 Aspiciis
2465 452 2731 512 prospera
2809 434 3090 492 matribus
3161 432 3446 492 nuntiare.
3526 432 3699 492 Beata
3770 450 3910 494 vero

380 522 543 613 0111118
604 554 727 621 est,
783 548 902 622 ipse
955 559 1120 605 meus
1177 542 1393 612 frater,
1457 552 1615 597 soror
1672 544 1728 595 et
1783 539 1966 593 mater
2027 535 2120 588 est
2204 528 2404 622 Maria,
2457 543 2591 586 cum
2649 525 2835 584 ﬁlium
2888 523 2957 581 ad
3019 524 3295 595 templum
3347 522 3594 580 deferret
3645 531 3700 581 et
3750 523 3911 582 hunc

381 645 602 713 (Matth.
636 644 767 708 XII).
804 660 831 688 π

2205 615 2440 675 Simeon
2473 617 2533 674 in
2565 615 2723 674 ulnis
2749 614 3046 686 acciperet,
3075 612 3300 671 audivit
3326 635 3339 668 :
3376 634 3403 665 «
3434 612 3504 670 Et
3534 618 3692 670 tuam
3720 612 3910 686 ipsius

455 690 956 799 Retinet-lintres
985 770 998 794 ,
1057 729 1249 783 notate
1302 718 1643 794 dignitatem
1697 720 1949 773 vestram
1981 754 1995 783 ,
2054 690 2120 767 si
2190 706 2447 799 animam
2485 701 2855 799 ρει-1180811111
2898 701 3131 776 gladius
3177 703 3388 798 (Ibid).
3431 702 3579 799 1).Αο
3614 702 3663 759 si
3709 708 3912 775 aperte

382 818 761 893 adimplentes
824 814 1183 873 voluntatem
1248 809 1352 869 Dei
1419 805 1686 879 frangitis
1746 804 2103 893 voluntatem

384 889 652 969 vestram.
737 907 881 965 Ecce
950 904 1114 962 beata
1171 907 1227 959 et
1288 896 1635 958 venerabilis
1701 895 1867 967 virgo
1921 889 2106 949 Maria

382 999 707 1061 secundum
744 1008 977 1055 carnem
1018 990 1255 1066 quidem
1299 993 1479 1046 mater
1513 983 1724 1044 Christi
1766 982 1895 1051 fuit,
1925 981 2104 1038 frater

385 1106 503 1148 non
536 1087 663 1155 fuit,
699 1099 858 1144 soror
906 1098 1024 1140 non
1072 1079 1200 1138 fuit.
1237 1078 1307 1135 Et
1339 1075 1678 1150 quicunque
1722 1069 1947 1144 aliquid
1994 1068 2102 1126 110-

385 1197 514 1240 rum
570 1175 744 1235 alicui
799 1171 1122 1232 secundum
1176 1165 1425 1226 carnalis
1472 1164 1606 1235 jura
1653 1155 2104 1234 propinquitatis

386 1265 692 1334 exstiterit,
748 1260 905 1319 aliud
963 1258 1073 1317 sibi
1119 1272 1243 1315 esse
1293 1251 1534 1313 omnino
1583 1264 1701 1306 non
1751 1246 1986 1316 valebit,
2036 1249 2104 1303 ut

390 1356 670 1416 nimirum
709 1351 759 1409 si
806 1354 986 1407 mater
1027 1344 1221 1413 fuerit,
1260 1344 1453 1409 frater,
1488 1336 1581 1397 vel
1616 1351 1777 1394 soror
1822 1348 1944 1392 esse
1986 1346 2101 1388 non

390 1445 606 1522 possit;
660 1440 707 1500 si
753 1454 894 1497 vero
943 1440 1138 1506 frater,
1196 1431 1293 1491 vel
1348 1444 1507 1489 soror
1561 1423 1866 1494 exstiterit,
1920 1428 2104 1480 mater

391 1513 511 1593 non
564 1530 656 1589 sit.
714 1528 831 1587 Nos
876 1532 1068 1586 autem
1103 1525 1229 1582 111110
1273 1519 1449 1579 simul
1482 1516 1678 1577 omnia
1726 1513 1954 1573 Christo
2002 1527 2105 1586 per

2189 794 2399 852 diceret
2440 813 2452 850 :
2487 792 2639 852 Dum
2678 791 2833 850 filius
2889 798 3025 849 tuus
3060 788 3303 847 senserit
3346 789 3673 862 passionem
3717 791 3911 850 crucis

2190 883 2252 941 in
2285 898 2538 956 corpore,
2579 889 2630 940 te
2667 881 2841 939 etiam
2894 878 3185 953 transﬁget
3219 878 3449 951 gladius
3488 879 3911 954 compassionis

2188 971 2251 1031 in
2286 978 2497 1029 mente.

2263 1058 2615 1118 Studeamus
2634 1063 2687 1117 et
2720 1074 2848 1131 nos,
2879 1055 3258 1124 dilectissimi,
3292 1054 3493 1113 saeculi
3523 1054 3705 1128 hujus
3734 1056 3908 1114 blan-

2189 1148 2446 1206 dimenta
2497 1147 2829 1220 despicere,
2880 1161 3072 1203 rerum
3131 1151 3490 1201 terrenarum
3547 1142 3906 1202 afﬂuentiam

2189 1236 2465 1305 devitarc,
2500 1235 2691 1293 carnis
2745 1235 3032 1292 incentiva
3081 1233 3416 1305 reprimere,
3457 1246 3683 1290 crucem
3734 1232 3907 1290 Chri-

2188 1325 2259 1383 sti
2300 1325 2530 1384 assidue
2568 1326 2630 1383 in
2680 1330 2872 1382 mente
2915 1331 3174 1396 portare;
3223 1326 3509 1395 quatenus
3548 1323 3697 1380 dum
3744 1337 3908 1381 nunc

2187 1415 2383 1472 anima
2434 1421 2627 1471 nostra
2670 1413 2862 1487 gladio
2915 1411 3112 1469 Mariae
3163 1409 3542 1480 transﬁgitur,
3598 1425 3731 1467 cum
3780 1411 3909 1484 ipsa

2188 1503 2555 1577 postmodum
2591 1502 2662 1560 de
2698 1509 2931 1559 aeternae
2970 1500 3256 1558 felicitatis
3293 1499 3601 1558 dulcedine
3639 1500 3904 1560 satietur.

2189 1590 2356 1660 Quod
2407 1592 2528 1665 ipse
2578 1598 2850 1664 praestare
2897 1589 3189 1663 dignetur,
3246 1590 3348 1662 qui
3403 1604 3475 1646 ex
3543 1589 3709 1648 Patre
3770 1596 3909 1648 ante

394 1622 678 1697 Spiritum
734 1631 960 1685 sumus,
1015 1614 1066 1673 si
1119 1611 1473 1671 voluntatem
1536 1602 1801 1697 Christi,_
1829 1618 1962 1676 quae
2015 1599 2104 1658 illi

394 1676 620 1787 sermper
663 1723 798 1768 cum
844 1676 1009 1766 Patre
1055 1700 1384 1762 communis
1435 1703 1537 1767 est,
1588 1691 1905 1765 adimplere
1952 1695 2104 1748 sata-
2189 1678 2401 1787 saeuiit
2451 1678 2683 1787 genitus
2730 1693 2806 1737 ex
2856 1678 2979 1752 ipsa
3020 1676 3177 1735 nasci
3221 1677 3493 1750 dignatus
3540 1686 3626 1736 est
3674 1678 3735 1736 in
3787 1679 3909 1737 ﬁne

395 1768 608 1879 gimus.
665 1798 775 1858 Sed
823 1794 977 1871 quod
1020 1799 1219 1851 natum
1264 1794 1349 1848 est
1378 1803 1453 1845 ex
1498 1799 1690 1854 carne,
1722 1796 1853 1841 caro
1898 1784 2020 1849 est;
2051 1769 2558 1857 etBchulorum.
2587 1768 2797 1826 Amen.

396 1867 550 1969 quod
590 1894 790 1946 natum
838 1867 924 1943 est
966 1898 1043 1941 ex
1089 1878 1314 1969 spiritu,
1347 1874 1584 1969 spiritus
1631 1875 1716 1930 est
1767 1871 1945 1940 (Ioan.
1998 1867 2102 1938 111),

395 1962 538 2054 quia
591 1976 745 2034 Deus
797 1971 1047 2046 Spiritus
1100 1973 1203 2026 est.
1261 1964 1353 2022 Ex
1405 1962 1507 2021 illa
1561 1975 1698 2054 ergo
1746 1964 1936 2054 parte,
1992 1970 2106 2029 qua
2220 1969 2467 2018 nonum.
2492 1970 2553 2016 IN
2583 1964 3334 2054 NATIVirxr‘e'aenitnTrinss‘IMzE
3360 1962 3618 2012 vraenus
3647 1964 3877 2011 malm.

396 2027 744 2138 nedempior
798 2027 992 2119 nBster
1048 2057 1202 2115 Deus
1260 2058 1391 2121 est,
1452 2027 1776 2138 propinqui
1802 2027 1932 2138 sibi
1990 2027 2105 2102 tam
2750 2027 3216 2138 "nituisse-Ei

397 2111 795 2225 multipliciter
837 2161 1064 2215 sumus,
1115 2146 1402 2217 quantum
1454 2111 1754 2196 illi‘beata
1802 2131 1998 2205 Virgo,
2031 2145 2107 2188 eX
2160 2116 2439 2225 ιῙΠξιξξοῗὶ
2489 2115 3053 2225 ιεξῗὲιὲίξηὲξῗηξξέιὶιὶ
3099 2111 3469 2225 βξξᾙίᾶυῧξί
3490 2112 3912 2225 ’ἐξ

399 2185 783 2225 ωυιιιμιιωιῠι
837 2185 1064 2215 eumue,
1115 2185 1402 2217 Ὶυυυυυιιμ
1456 2185 1543 2196 --η
1590 2185 1754 2194 ..ν-π..
1821 2185 1998 2205 ,ηοη
2041 2185 2106 2188 ,Ὗ

399 2256 514 2314 qua
556 2237 715 2296 nasci
757 2235 1028 2308 dignatus
1071 2237 1175 2299 est,
1209 2226 1528 2288 secundum
1564 2236 1798 2280 carnem
1842 2233 1966 2275 esse
1991 2231 2109 2275 non

2265 2191 2426 2244 Liber
2489 2192 2853 2258 generationis
2912 2192 3039 2244 Iesu
3099 2187 3303 2243 Christi
3361 2187 3469 2254 ﬁlii
3534 2185 3735 2249 Dauid,
3799 2185 3912 2253 ﬁlii

2267 2261 2571 2316 Abraham.
2651 2261 2938 2316 Abraham
3005 2260 3193 2316 genuit
3263 2259 3438 2316 Isaac.
3505 2259 3659 2312 Isaac
3727 2260 3911 2310 autem

442 2275 514 2298 ua
556 2275 715 2296 uacua.
757 2275 1028 2299 Ul'nxqiuu
1073 2275 1175 2299 νυν,
1209 2275 1528 2288 υνννι..,...-..
1569 2275 1798 2280 -.π----

399 2275 602 2404 potuit.
651 2275 955 2396 Proprium
1007 2327 1062 2378 et
1115 2316 1409 2391 singulare
1464 2312 1572 2371 fuit
1622 2309 1711 2367 illi
1765 2306 2110 2366 beatissimaa

400 2416 630 2476 Virgini
686 2412 979 2472 Christum
1047 2409 1111 2465 in
1180 2404 1359 2464 vulva
1408 2398 1742 2473 concipere;
1799 2409 2112 2455 commune

2267 2275 2571 2316 Abraham.
2651 2275 2938 2316 Abraham
3005 2275 3193 2327 genuit
3263 2275 3438 2321 isaac,
3505 2275 3659 2312 isaac
3727 2275 3911 2310 autem

2267 2335 2456 2400 genuit
2497 2332 2680 2395 Iacob,
2728 2333 2892 2386 Iacob
2923 2336 3102 2385 autem
3142 2330 3331 2396 genuit
3376 2329 3578 2384 Iudam
3619 2332 3670 2382 et
3701 2329 3912 2394 fratres

2269 2404 2406 2472 ejus.
2436 2402 2506 2459 Et
2537 2402 2780 2476 reliqua.
2814 2403 3034 2474 (Matth.
3066 2402 3130 2472 1.)

505 2461 539 2490 Ο

2269 2404 2406 2459 eius.
2436 2402 2506 2459 Et
2537 2402 2780 2459 reliqua.
2814 2403 3034 2459 (Matth.
3066 2414 3107 2458 1.

400 2402 630 2490 Virgini
686 2412 979 2472 Christum
1047 2409 1111 2465 in
1180 2404 1359 2464 vulva
1408 2402 1742 2473 concipere;
1799 2409 2112 2455 commune

399 2521 556 2577 vero,
603 2508 659 2561 et
708 2495 1040 2558 universale
1088 2498 1174 2551 est
1219 2490 1495 2550 omnibus
1554 2487 1747 2545 electis
1802 2485 1864 2542 111
1923 2480 2112 2542 cordis

2269 2404 2406 2472 ejus.
2436 2402 2506 2459 Et
2537 2402 2780 2476 reliqua.
2814 2403 3034 2474 (Matth.
3066 2402 3130 2472 1.)

2267 2492 2547 2564 Audistis,
2596 2493 2800 2550 fratres
2847 2491 3209 2561 charissimi,
3267 2490 3587 2549 Dominicae
3639 2487 3910 2545 incarna-

399 2574 551 2656 eumi
575 2589 883 2652 devotione
918 2592 1164 2660 portare.
1199 2581 1367 2640 Felix
1405 2580 1526 2651 illa,
1563 2585 1618 2637 et
1658 2576 1909 2634 nimium
1947 2574 2111 2633 beata
2197 2580 2372 2640 tionis
2411 2581 2704 2639 ineﬂ‘abile
2744 2589 3165 2639 sacmmenium
3197 2599 3211 2638 ε
3243 2578 3487 2638 audistis
3533 2577 3594 2634 in
3637 2574 3912 2648 genealo-

400 2684 648 2751 femina»
707 2694 839 2753 (illa3
897 2674 1069 2733 illum
1129 2686 1338 2730 novem
1397 2667 1697 2728 meﬂSibUS
1752 2663 1996 2737 ἕθεῖθνίῐ
2047 2661 2123 2719 iﬂ-
2196 2670 2290 2743 gia
2339 2670 2687 2728 beatissima;
2737 2670 3032 2742 genitricis
3083 2668 3208 2739 Dei,
3262 2665 3639 2740 reparationis
3694 2669 3911 2735 myste-

398 2770 626 2843 ventre;
667 2751 862 2828 felices
909 2765 1083 2823 etiam
1130 2776 1255 2830 nos,
1304 2760 1351 2818 si
1394 2758 1567 2817 illum
1607 2756 1839 2815 assidue
1888 2760 2114 2843 portare
2200 2759 2389 2828 rium;
2447 2759 2707 2828 audistis,
2763 2758 2907 2832 quia
2957 2756 3187 2815 Creator
3240 2755 3583 2830 angelorum
3636 2751 3914 2824 dignatus

399 2840 736 2923 studeamus
783 2858 843 2914 in
889 2860 1100 2912 mente.
1140 2848 1465 2908 Mirabilius
1507 2845 1745 2920 quidem
1787 2842 1898 2902 fuit
1945 2840 2113 2900 Chri-
2198 2854 2283 2905 est
2321 2849 2623 2921 propagari
2674 2848 2744 2907 de
2800 2848 2977 2922 stirpe
3028 2849 3398 2918 mortalium;
3457 2844 3718 2914 audistis,
3771 2841 3915 2916 quia

397 2959 555 3011 stum
599 2943 823 3017 COﬂCiDi
865 2944 928 3001 in
978 2938 1154 3000 Vulva
1189 2935 1405 3008 carnis;
1451 2934 1549 2993 Βθά
1589 2949 1707 2991 UOH
1746 2937 1830 2990 est
1867 2928 2114 2987 inferius
2198 2952 2443 3010 proavos
2486 2935 2695 2994 habere
2743 2941 2828 2994 est
2875 2935 3148 3011 dignatus
3197 2938 3259 2994 in
3308 2935 3473 2994 terris
3519 2933 3624 3008 qui
3678 2932 3807 2990 fons
3858 2934 3918 2988 et

399 3041 449 3101 si
514 3038 806 3096 deferatur
868 3032 930 3090 in
989 3027 1277 3103 ergastulo
1340 3025 1600 3099 pectoris.
1660 3023 1828 3081 Unde
1891 3027 1948 3079 et
2012 3035 2114 3092 per
2199 3024 2358 3097 origo
2407 3026 2669 3083 omnium
2723 3040 2919 3083 rerum
2962 3027 3096 3098 jura
3136 3025 3422 3098 gubernat
3471 3024 3534 3081 in
3584 3019 3763 3080 caelis.
3815 3017 3918 3076 Ait

399 3131 682 3189 Joannem
731 3126 1002 3189 ῑθεῒὶιῐυΐν
1043 3117 1278 3174 dicem!
1318 3137 1339 3166 ε
1371 3113 1491 3185 Εἕο
1529 3119 1614 3171 8ῑο
1657 3111 1728 3170 ad
1758 3109 2004 3179 ostium,
2057 3113 2113 3165 et
2136 3115 2353 3198 Cenim
2395 3114 2595 3173 beatus
2630 3111 2768 3170 231
2810 3114 3165 3188 evangelista
3201 3135 3213 3173 :
3251 3138 3271 3165 ι
3309 3114 3485 3173 Liber
3522 3107 3916 3186 generationis

397 3220 597 3296 pulso;
636 3215 683 3273 si
731 3211 864 3286 quis
904 3206 1195 3283 aperuerit
1245 3203 1411 3274 mihi.
1444 3202 1672 3296 intrabo
1717 3201 1788 3259 ad
1826 3199 2015 3267 illum.
2058 3204 2117 3256 et
2195 3202 2332 3296 Iesu
2361 3202 2572 3260 Christi
2606 3202 2714 3261 ﬁlii
2743 3203 2947 3274 David,
2983 3203 3092 3260 ﬁlii
3131 3202 3422 3261 Abraham
3456 3202 3678 3271 (Matth.
3711 3201 3775 3265 1).
3807 3220 3835 3247 ιο

397 3289 636 3367 amabo
659 3318 794 3361 cum
818 3299 940 3369 i110.
970 3303 1024 3356 et
1048 3296 1172 3369 ipse
1202 3309 1428 3352 mecum
1458 3294 1654 3364 (APOC-
1688 3303 1799 3359 ΠΙ)-
1836 3311 1858 3340 »
2271 3291 2382 3349 Sed
2420 3291 2804 3365 qumrendum
2849 3290 2945 3348 hic
2986 3289 3215 3348 videtur
3249 3305 3353 3347 cur
3404 3295 3484 3347 tot
3525 3295 3753 3362 patrum
3796 3299 3916 3342 nu-

478 3393 622 3451 230
672 3389 1004 3450 Notandum
1054 3400 1188 3444 vero
1237 3383 1378 3457 quia
1426 3382 1587 3455 prius
1635 3396 1697 3438 se
1748 3384 2115 3437 coeuaturum
2197 3396 2419 3439 merosa
2470 3379 2648 3437 series
2705 3378 3129 3449 intermittitur,
3172 3384 3237 3438 ut
3287 3382 3496 3437 horum
3550 3373 3916 3435 solummodo

2807 1865 3057 1926 SERMO
3101 1863 3200 1923 XL
3210 1862 3307 1921 VI.

401 3490 612 3557 narrat,
651 3479 860 3541 deinde
906 3490 1131 3535 coenam
1179 3474 1453 3532 daturum
1490 3476 1653 3545 grata
1685 3469 1809 3527 vice
1853 3482 2114 3542 pronun-
2197 3469 2440 3526 duorum
2464 3513 2503 3557 ,ﬂ
2537 3466 2718 3525 David
2786 3466 3004 3525 scilicet
3073 3464 3166 3525 et‘
3207 3466 3504 3525 Abraham
3564 3463 3917 3536 Redemptor

401 3578 520 3636 tiat.
570 3551 717 3643 Quia
768 3568 839 3626 de
894 3566 1061 3639 cujus
1118 3577 1274 3621 nunc
1323 3560 1492 3619 bonis
1528 3557 1802 3633 operibus
1842 3557 2113 3643 pascitur,
2200 3564 2389 3616 noster
2428 3556 2583 3614 tilius
2620 3572 2744 3614 esse
2781 3554 3049 3615 dicatur?
3079 3557 3193 3614 Cur
3226 3555 3386 3613 enim
3424 3552 3583 3612 ﬁlius
3622 3551 3827 3623 David,
3858 3555 3915 3608 et

399 3662 532 3726 cum
581 3641 646 3722 eo
691 3658 867 3719 simul
897 3652 1267 3730 postmodum
1308 3650 1369 3707 in
1397 3647 1601 3707 aeterni
1645 3644 1902 3704 convivii
1948 3642 2115 3717 dapi-
2198 3662 2337 3705 mox
2375 3644 2533 3702 filius
2571 3644 2889 3715 Abraham,
2923 3652 2979 3703 et
3020 3660 3137 3703 non
3182 3644 3374 3717 potius
3412 3642 3572 3701 ﬁlius
3608 3641 3786 3713 Iesse,
3822 3641 3916 3698 vel

398 3757 507 3815 bus
544 3750 830 3828 epulatur.
877 3729 1025 3803 Hinc
1067 3742 1241 3802 etiam
1267 3785 1281 3810 ,
1321 3737 1699 3807 dilectissimi,
1742 3734 2116 3794 consideran-
2198 3735 2358 3792 ﬁlius
2397 3731 2601 3802 Obetb,
2635 3732 2729 3790 vel
2767 3741 3110 3792 caeterorum
3140 3732 3409 3805 deinceps
3442 3733 3506 3789 in
3540 3729 3919 3803 medio-posi-

400 3847 545 3905 dum
580 3821 695 3901 'est
761 3842 981 3912 quanta
1050 3836 1124 3891 sit
1182 3828 1433 3903 dignitas
1494 3833 1723 3897 nostra,
1786 3830 2117 3912 quantaque
2202 3821 2440 3882 torum?

398 3935 566 3994 nobis
594 3931 670 3990 sit
702 3907 991 4003 proportio
1019 3937 1157 3980 cum
1193 3917 1391 3977 Maria.
1432 3914 1710 4003 Concepit
1730 3912 1911 4003 Maria
1941 3910 2118 4003 (11111-
2236 3976 2245 3985 ,
2273 3911 2384 3971 Sed
2428 3913 2552 3971 haec
2580 3913 2825 3988 quaestio
2866 3909 3029 3969 facile
3062 3909 3327 3981 solvitur,
3356 3908 3405 3967 si
3448 3909 3599 3967 facta
3634 3907 3922 3966 divinitus

398 4029 553 4081 stum
575 4019 639 4076 in
670 3997 846 4074 vulva
883 4011 1094 4079 carnis,
1131 4004 1532 4087 deferimusiet
1564 4016 1667 4060 nos
1695 4001 1758 4059 in
1798 3997 2119 4057 visceribus
2201 4004 2463 4078 utrisque
2512 4003 2820 4078 promissio
2870 4005 3217 4060 recensemp.
3265 3999 3514 4057 Abrahae
3566 3999 3781 4073 quippe
3827 3997 3922 4055 di-

405 4109 636 4170 mentis.
695 4100 1006 4164 Reﬁciebat
1064 4096 1245 4156 Maria
1299 4092 1594 4152 Christum
1624 4137 1640 4161 ,
1697 4104 1831 4149 cum
1907 4088 2120 4147 teneris
2202 4093 2340 4151 vina
2387 4108 2527 4152 voce
2569 4093 2788 4151 dictum
2838 4096 2965 4149 est:
3003 4115 3028 4139 ‹‹
3060 4089 3130 4148 In
3176 4088 3398 4147 semine
3438 4094 3534 4147 tuo
3575 4087 3923 4146 benedicen-

404 4196 583 4257 labris
638 4195 726 4251 lac
786 4189 1136 4264 exprimeret
1198 4184 1486 4255 uberum;
1541 4181 1836 4239 reﬁcimus
1899 4184 1955 4236 et
2015 4192 2121 4236 nos
2206 4189 2298 4241 tur
2325 4198 2528 4242 omnes
2555 4182 2742 4240 tribus
2776 4187 2945 4238 terra;
2983 4179 3129 4252 (Gen.
3167 4178 3340 4249 XXII).
3372 4198 3400 4231 »
3428 4176 3593 4246 Quod
3625 4190 3924 4250 exponens

405 4284 585 4347 variis
611 4283 895 4340 bonorum
923 4274 1149 4333 (16110ἱὶ8
1176 4287 1437 4344 ορθΓυῐῐισ
2202 4272 2529 4346 Apostolus,
2571 4272 2692 4329 ait:
2729 4293 2756 4325 «
2796 4270 2922 4328 Non
2961 4268 3112 4327 dixit
3148 4268 3211 4326 in
3250 4267 3592 4339 seminibus,
3641 4265 3810 4340 quasi
3860 4265 3924 4323 in

480 4374 648 4435 Libet
684 4375 875 4429 autem
921 4380 1100 4433 nunc,
1150 4357 1532 4428 dilectissimi,
1583 4372 1686 4432 pro
1741 4354 2124 4413 aedificatione
2204 4362 2434 4435 multis;
2481 4362 2581 4421 sed
2619 4361 2681 4419 in
2722 4360 2944 4418 semine
2997 4365 3095 4417 tuo
3138 4373 3275 4428 uno,
3327 4356 3479 4430 quod
3527 4362 3612 4414 est
3656 4355 3926 4414 Christus

408 4473 602 4526 nostra
656 4457 967 4557 _iD__Pegu‘a
1016 4453 1235 4557 (“Villii-3
1273 4449 1516 4549 Ιυδῐίῐίξθ
1567 4460 1881 4557 Ρὶινυῐξξρθΐ
1931 4444 2540 4557 I31(1‘1081.,(Ga.l.111).»
2571 4449 2732 4557 JQuia
2774 4449 2933 4508 enim
2980 4446 3275 4544 Abraham
3312 4444 3506 4504 adhuc
3534 4443 3598 4502 in
3639 4442 3924 4517 praeputio

407 4555 618 4615 mentis
651 4551 916 4624 inﬁgere,
955 4552 1011 4604 et
1047 4542 1295 4618 qualiter
1323 4539 1704 4612 omnipotens,
1728 4535 1883 4592 Deus
1912 4532 2121 4624 electos
2145 4532 2425 4612 “positus
2466 4537 2727 4606 credidit,
2766 4543 2926 4610 pater
2969 4534 3256 4608 gentium;
3295 4533 3434 4607 quia
3479 4546 3616 4589 vero
3661 4536 3923 4604 ροειωο..

407 4662 546 4708 81108
587 4622 837 4718 deprimi
887 4633 1272 4710 temporaliter
1317 4632 1468 4690 sinat
1486 4642 1718 4718 [111108-
1742 4625 2019 4683 extollere
2058 4623 2120 4718 in
2206 4630 2348 4688 dum
2386 4628 2619 4701 signum
2662 4623 3118 4685 circumcisionis
3157 4622 3394 4696 accepit,
3425 4627 3584 4695 pater
3617 4634 3742 4678 esse
3791 4634 3917 4677 me-

408 4706 695 4796 teternum
742 4706 1100 4795 decreverit,
1153 4722 1446 4794 indagare.
1502 4717 1574 4775 Ut
1627 4716 1785 4774 enim
1844 4728 2002 4772 nunc
2051 4712 2122 4770 de
2207 4718 2325 4776 ruit
2368 4716 2741 4784 Iudaeorum;
2791 4718 2847 4770 et
2884 4712 3024 4786 quia
3062 4710 3133 4769 de
3176 4711 3303 4781 ejus
3338 4710 3514 4781 stirpe
3546 4708 3647 4766 ille
3683 4706 3920 4781 prodiit,

408 4824 632 4886 caeteris
669 4821 891 4889 sileam,
924 4817 1050 4874 11ωο
1089 4812 1289 4871 eadem
1331 4806 1659 4867 beatissima
1694 4804 1904 4877 Virgo,
1952 4802 2123 4875 cujus

408 4913 746 4974 hodiernam
788 4905 1144 4965 nativitatem
1185 4898 1392 4958 debitis
1428 4909 1774 4954 veneramur
1806 4891 2117 4965 obsequiis,

408 5011 543 5064 ante
590 4995 1059 5058 constitutionem
1103 4987 1308 5049 mundi
1356 4988 1417 5045 111
1458 4982 1701 5043 consilio
1755 4990 1988 5040 aeternae
2040 4997 2124 5038 sa-

411 5090 647 5167 pientiae
703 5088 881 5145 electa
928 5091 983 5142 et
1033 5080 1354 5156 praelecta,
1408 5075 1541 5167 licet
1591 5074 1660 5132 de
1716 5073 1891 5167 regali
1952 5070 2125 5167 fuerit

411 5159 588 5254 stirpe
646 5171 960 5249 progenita,
1022 5168 1184 5226 nulla
1249 5173 1440 5224 tamen
1497 5162 1775 5222 humanae
1831 5159 2124 5233 dignitatis

410 5250 718 5329 altitudine
754 5263 967 5325 ﬂoruit.
998 5259 1179 5318 nullis
1210 5273 1408 5316 rerum
1453 5253 1854 5329 temporalium
1905 5250 2125 5310 divitiis

413 5355 748 5417 abundavit.
808 5348 1164 5422 Praesepium
1213 5345 1425 5419 quippe
1472 5340 1846 5417 parturientis
1884 5339 2123 5413 indicat,

412 5450 549 5521 quia
602 5441 984 5501 diversorium
1013 5480 1027 5507 ,
1087 5436 1149 5492 in
1213 5447 1327 5508 quo
1384 5434 1648 5505 pareret,
1708 5446 1825 5488 non
1880 5427 2126 5487 habebat

415 5518 564 5611 (Luc.
591 5538 671 5608 11).
720 5532 918 5593 Solent
953 5534 1150 5588 autem
1183 5523 1468 5594 homines,
1503 5521 1874 5581 nascentibus
1909 5518 2122 5592 pueris,

412 5624 597 5686 futuri
631 5637 929 5683 successus
976 5618 1109 5678 laeta
1143 5615 1497 5692 promittere,
1546 5616 1603 5671 et
1639 5628 1713 5670 ex
1762 5624 1967 5670 eorum
2015 5622 2125 5667 au-

2207 4822 2311 4879 per
2337 4820 2509 4880 quem
2538 4801 2859 4861 benedictio
2898 4799 3160 4860 redditur
3181 4799 3320 4858 olim
3363 4797 3683 4856 maledictae
3710 4802 3912 4864 terrze;

2207 4895 2419 4954 idcirco
2463 4895 2525 4952 in
2574 4893 2797 4951 semine
2837 4893 2963 4965 ejus
3014 4891 3439 4969 benedicuntur
3483 4901 3683 4946 omnes
3732 4885 3919 4943 tribus

2210 4990 2376 5041 terrae
2440 4981 2625 5041 David
2668 4997 2803 5040 vero
2848 4979 3067 5038 dictum
3119 4985 3242 5037 est:
3289 5002 3308 5026 ι
3344 4977 3425 5034 De
3470 4976 3661 5034 fructu
3703 4972 3922 5033 ventris

2212 5072 2295 5130 tui
2332 5087 2545 5145 ponam
2589 5086 2762 5144 super
2805 5069 2997 5128 sedem
3046 5082 3235 5125 meam
3272 5068 3443 5133 (Psal.
3471 5064 3680 5135 CXXX).
3714 5086 3738 5113 n
3773 5060 3922 5130 Quia

2209 5162 2386 5234 igitur
2444 5158 2535 5217 his
2590 5157 2820 5219 duobus
2879 5155 3199 5230 specialiter
3247 5162 3333 5212 est
3385 5154 3740 5229 promissus,
3800 5164 3919 5207 non

2209 5249 2499 5308 immerito
2559 5248 2861 5321 utriusque
2922 5245 3210 5320 praecipue
3276 5243 3436 5301 filius
3513 5257 3638 5301 esse
3706 5237 3923 5297 dicitur

2210 5342 2494 5401 Christus.

2284 5429 2395 5489 Sed
2426 5435 2482 5487 et
2517 5426 2663 5486 illud
2693 5423 3114 5500 inquirendum
3157 5428 3242 5481 est
3280 5436 3386 5480 cur
3429 5419 3615 5480 David
3667 5416 3923 5477 Abrahae

2209 5518 2272 5576 in
2326 5517 2539 5576 Christi
2587 5514 2953 5589 generatione
3008 5510 3386 5586 praaponitur,
3442 5524 3575 5568 cum
3623 5507 3921 5590 Abraham

2212 5608 2395 5667 multo
2415 5614 2549 5664 ante
2576 5621 2712 5665 eum
2743 5611 2993 5677 tempore
3017 5602 3198 5661 fuisse
3227 5617 3341 5660 non
3365 5596 3708 5660 dubitatur?
