4178 6488
293 339 398 398 749

1806 339 2055 402 SERMO
2092 339 2296 398 XLVI.

3692 335 3797 397 750

367 460 500 533 Sed,
528 462 577 520 si
630 461 869 520 modum
908 464 1070 522 facta:
1118 467 1190 524 ad
1231 471 1549 541 utrumque
1601 465 2366 540 promissionisAporaliter
2418 464 2708 533 ducimus,
2768 477 2870 535 per
2918 467 3164 535 quatuor
3218 467 3469 535 tempora
3522 462 3796 537 volvitur,

292 552 547 612 studiose
584 551 1022 626 perpendimus,
1055 569 1170 612 non
1191 554 1347 623 isine
1396 571 1572 614 causa
1606 554 1793 613 David
1828 555 2010 614 fuisse
2091 559 2148 611 et
2176 552 2450 624 mundus,
2478 551 2540 609 in
2569 568 2684 625 quo
2722 550 2998 619 vivimus,
3028 556 3274 622 quatuor
3320 550 3458 607 hinc
3506 551 3642 609 inde
3677 567 3800 625 par-

291 642 667 718 praepositum
716 641 1072 702 invenimus.
1113 643 1276 714 Quod
1320 644 1479 702 enim
1528 644 1779 703 Abrahae
1829 644 2009 703 semel

293 734 506 808 legitur
558 733 741 791 fuisse
782 733 1153 806 promissum,
1200 736 1308 793 hoc
1351 735 1539 793 David
1586 737 1873 810 frequenti
1927 741 2013 794 est

295 821 707 897 pollicitatione
760 821 1077 881 ﬁrmatum.
1128 823 1382 881 Abrahae
1437 824 1594 882 enim
1650 824 2012 883 solummodo

295 914 517 971 dictum
563 917 694 968 est:
732 934 756 956 κ
799 909 868 968 In
926 910 1148 970 semine
1200 918 1298 972 tuo
1351 912 1764 972 benedicentur
1814 928 2013 972 omnes

296 1006 513 1075 gentes.
575 1020 597 1049 ι
660 997 845 1056 David
902 1013 1041 1057 vero
1098 1000 1309 1058 Christi
1368 1008 1529 1074 pater
1595 1000 1711 1060 dici
1780 1001 2015 1076 speciali

296 1085 727 1162 quodammodo
784 1084 1090 1160 privilegio
1135 1088 1368 1158 meruit,
1429 1090 1531 1161 qui
1582 1090 1777 1162 plures
1832 1090 1903 1147 de
1949 1104 2017 1147 eo

298 1177 713 1254 promissioues
761 1176 1020 1250 accepit;
1076 1177 1226 1237 sicut
1280 1186 1365 1237 est
1436 1179 1583 1238 illud
1635 1179 1696 1237 in
1746 1179 2012 1253 psalmo:

303 1293 327 1318 α
374 1268 456 1326 De
484 1266 678 1325 fructu
710 1266 925 1324 ventris
957 1268 1041 1324 tui
1068 1283 1282 1340 ponam
1313 1283 1487 1340 super
1515 1269 1711 1326 sedem
1747 1283 1956 1326 meam.
1990 1292 2011 1318 ι

299 1355 371 1413 Et
426 1356 639 1413 iterum
687 1377 699 1411 :
759 1377 783 1403 υ
846 1354 1037 1411 Semel
1103 1355 1303 1428 juravi
1359 1356 1417 1415 in
1495 1364 1691 1415 sancto
1751 1371 1899 1426 meo,
1971 1355 2020 1414 si

299 1443 483 1502 David
531 1442 811 1512 mentiar,
873 1458 1069 1501 semen
1129 1444 1254 1517 ejus
1312 1445 1373 1503 in
1429 1452 1713 1503 aeternum
1766 1442 2051 1503 manebit

300 1534 494 1603 (Psal.
527 1536 873 1601 LXXXVIII).
937 1556 958 1581 ι
1020 1531 1093 1589 Et
1142 1531 1202 1589 in
1257 1533 1407 1592 libro
1467 1533 1739 1606 Regum,
1794 1533 2023 1591 Nathan

304 1624 578 1696 propheta
661 1623 724 1680 in
818 1621 1038 1695 Spiritu
1120 1630 1317 1682 sancto
1401 1624 1474 1683 ad
1569 1624 1749 1684 David
1830 1624 2022 1699 loqui-

306 1719 401 1770 tur
438 1757 452 1782 ,
503 1711 701 1771 dicens
766 1730 782 1769 :
845 1733 873 1766 ε(
937 1712 1083 1771 Cum
1165 1712 1472 1773 dormieris
1554 1731 1689 1775 cum
1760 1710 2025 1788 patribus

2097 642 2253 701 tibus
2308 640 2671 700 terminatur.
2725 638 2847 697 Hoc
2900 638 3153 710 denique
3202 638 3429 712 Moyses
3483 640 3797 712 praevidit,

2096 734 2203 791 hoc
2225 732 2382 790 Elias
2411 731 2722 789 intellexit:
2752 735 2992 803 uterque
3019 728 3175 786 enim
3199 729 3578 802 quadraginta
3593 729 3800 788 diebus

2095 819 2387 879 continuis
2411 816 2718 892 jejunavit.
2752 815 2952 885 (Emod.
2982 826 3211 882 XXXIV;
3237 818 3319 870 ΠΙ
3345 819 3474 884 Reg.
3501 821 3657 886 XIX).
3692 816 3802 876 Re-

2096 910 2354 983 demptor
2408 908 2582 967 etiam
2638 913 2828 964 uoster
2884 906 2994 963 hoc
3044 904 3198 962 idem
3250 905 3542 978 jejunium
3596 906 3800 966 diebus

2095 999 2330 1057 totidem
2368 994 2723 1056 consecravit
2768 995 2986 1065 (Matth.
3032 992 3137 1062 IV).
3176 992 3326 1050 Hinc
3373 1000 3456 1050 est
3492 994 3643 1067 quod
3692 995 3802 1053 lilii

2097 1087 2295 1156 Israel,
2324 1086 2428 1160 qui
2456 1100 2558 1158 per
2594 1084 2885 1142 desertum
2930 1082 3185 1141 laborem
3222 1083 3362 1141 tanti
3404 1083 3630 1142 itineris
3670 1100 3799 1157 per-

2100 1177 2376 1245 tulerunt,
2406 1181 2531 1248 post
2552 1171 2932 1247 quadraginta
2957 1186 3137 1230 annos
3164 1179 3372 1229 terram
3405 1173 3800 1247 repromissio-

2100 1269 2195 1326 nis
2229 1268 2522 1325 intrarunt
2553 1269 2729 1333 (Deut.
2756 1276 2807 1334 I;
2837 1268 2946 1319 Jos.
2979 1268 3087 1332 XI).
3119 1263 3236 1321 Nos
3279 1263 3530 1336 denique
3573 1264 3799 1336 fratres,

2101 1373 2208 1416 nos
2260 1355 2370 1413 tilii
2410 1355 2587 1414 Israel
2639 1371 2842 1415 sumus
2871 1400 2885 1427 ,
2943 1356 3050 1430 qui
3105 1356 3269 1429 prius
3319 1356 3575 1414 laborem
3627 1357 3804 1430 hujus

2103 1461 2454 1509 aerumnosa).
2511 1446 2648 1504 vitae
2703 1446 3068 1520 perferimus,
3099 1453 3156 1503 et
3194 1445 3278 1503 sic
3321 1446 3557 1504 demum
3596 1453 3806 1505 terram

2104 1534 2589 1609 repromissionis,
2638 1534 2699 1592 id
2754 1542 2859 1607 est,
2916 1534 3285 1593 stabilitatem
3341 1534 3506 1607 regni
3560 1534 3808 1593 coelestis

2104 1626 2410 1683 intramus.
2443 1623 2597 1681 Hinc
2625 1631 2709 1682 est
2734 1625 2909 1683 etiam
2945 1624 3100 1698 quod
3130 1623 3325 1693 Jonas,
3355 1625 3458 1696 qui
3493 1639 3567 1681 ex
3610 1623 3807 1681 divina

2103 1712 2362 1787 jussione
2406 1711 2481 1769 ad
2535 1710 2789 1770 Niniven
2838 1712 3107 1781 mittitur,
3159 1711 3467 1770 imminere
3514 1711 3627 1769 sibi
3684 1716 3810 1785 post

306 1800 457 1871 tuis,
515 1799 803 1859 suscitabo
854 1815 1053 1858 semen
1105 1807 1306 1873 tuum,
1360 1802 1513 1877 quod
1572 1803 1898 1877 egredietur
1950 1800 2662 1885 dquuadragintaidies
2709 1801 3007 1859 excidium
3054 1800 3465 1862 comminatur.
3522 1825 3542 1850 α
3582 1801 3809 1871 Adhuc,

306 1886 525 1946 lumbis
558 1890 690 1958 tuis,
722 1895 779 1946 et
821 1888 945 1961 ipse
992 1889 1103 1948 erit
1135 1890 1281 1948 mihi
1318 1890 1380 1948 in
1418 1890 1632 1962 tilium,
1688 1899 1743 1950 et
1779 1908 1884 1965 ego
1923 1907 2020 1950 ero

305 1976 369 2035 ei-
400 1976 459 2034 in
505 1982 726 2050 patrem
755 1980 835 2046 (II
882 1981 1015 2047 Reg.
1053 1982 1178 2048 VII).
1207 2002 1233 2030 ν
1264 1978 1296 2037 J
1305 1994 1410 2037 ure
1450 1995 1584 2052 ergo
1616 1980 1800 2039 David
1836 1981 2022 2039 Abra-

308 2065 403 2123 hae
445 2064 505 2122 in
549 2062 761 2124 Christi
808 2066 1175 2139 generatione
1226 2069 1553 2140 praefertur,
1589 2069 1683 2128 cui
1740 2068 2023 2144 multipli-

308 2153 430 2210 cior
472 2167 540 2211 ac
578 2169 677 2226 per
715 2153 821 2212 hoc
868 2154 1107 2214 omnino
1151 2156 1473 2216 immobilis
1519 2158 1824 2230 promissio
1873 2173 2024 2231 prm-

316 2248 572 2315 rogatur.

386 2330 541 2389 Illud
584 2348 719 2391 vero
763 2335 1044 2406 quosdam
1092 2349 1326 2393 movere
1383 2351 1501 2395 non
1555 2336 2030 2397 irrationabiliter

313 2425 520 2491 potest,
543 2435 647 2479 cur
669 2429 899 2481 sanctus
924 2424 1278 2496 evangelista
1302 2425 1788 2498 reprehensibiles
1819 2426 2032 2484 solum-

316 2509 487 2568 modo
545 2510 821 2570 mulieres
879 2512 941 2569 in
1001 2512 1212 2571 Christi
1267 2514 1602 2587 genealogia
1661 2514 2030 2587 interponere

322 2593 588 2671 studuit’;
626 2609 851 2660 sanctas
889 2618 1024 2661 vero
1059 2609 1113 2662 et
1159 2603 1379 2678 absque
1422 2605 1541 2664 ulla
1578 2607 2031 2665 contradictione

320 2687 637 2746 laudabiles
662 2689 893 2749 silentio
923 2690 1286 2764 praeterivit?

395 2775 507 2836 Sed
556 2778 666 2837 hoc
707 2778 921 2837 idcirco
966 2779 1177 2839 factum
1227 2787 1311 2839 est
1356 2788 1440 2853 ut,
1487 2780 1631 2839 dum
1688 2782 2079 2856 Redemptor’

320 2872 516 2924 noster
552 2865 622 2924 de
672 2868 1063 2939 peccatoribus
1120 2874 1290 2929 natus
1345 2885 1469 2928 esse
1524 2870 1890 2939 describitur,
1932 2888 2035 2945 pro

321 2955 712 3027 peccatoribus
760 2956 832 3014 de
873 2957 1018 3016 coelo
1060 2959 1131 3016 ad
1180 2965 1390 3017 terram
1429 2958 1792 3020 descendisse
1836 2962 2036 3020 creda-

324 3046 442 3099 tur.
482 3042 787 3121 Descendit
841 3043 1053 3119 quippe
1090 3052 1157 3103 ut
1204 3052 1429 3118 peccata
1486 3057 1680 3107 nostra
1730 3050 1852 3123 ipse
1902 3067 2038 3124 por—

325 3134 505 3201 taret;
547 3130 805 3190 ascendit
859 3148 1013 3203 vero,
1065 3139 1130 3191 ut
1176 3133 1498 3193 divinitatis
1543 3152 1664 3195 suae
1704 3154 1810 3197 nos
1862 3140 2038 3213 parti-

323 3215 478 3290 cipes
536 3218 784 3290 faceret;
832 3219 981 3281 sicut
1034 3234 1136 3293 per
1183 3222 1521 3295 Apostolum
1579 3223 1836 3284 dicitur:
1876 3250 1903 3278 α
1930 3226 2041 3296 Qui

326 3311 590 3365 mortuus
644 3315 731 3366 est
780 3314 1009 3382 propter
1067 3316 1296 3383 peccata
1351 3319 1567 3385 nostra,
1621 3321 1677 3372 et
1724 3317 2047 3373 resurrexit

323 3405 554 3471 propter
591 3398 1064 3472 justiﬁcationem
1120 3408 1377 3460 nostram
1433 3407 1607 3471 (Rom.
1665 3408 1770 3475 IV).
1805 3426 1833 3459 »
1891 3407 2046 3463 Hinc

326 3490 412 3542 est
457 3484 616 3543 enim
664 3485 818 3558 quod
859 3485 1170 3546 Matthaeus
1210 3488 1610 3550 descendendo
1648 3508 1749 3563 per
1781 3491 2042 3552 Salomo-

337 3587 492 3643 nem,
536 3574 705 3647 cujus
748 3583 988 3633 matrem
1034 3577 1489 3650 concupiscendo
1539 3579 1724 3638 David
1769 3583 2043 3660 peccavit,

332 3662 713 3737 quadraginta
794 3666 1191 3738 generationes
1272 3677 1624 3738 enumerat,
1680 3667 1826 3727 232
1909 3689 2045 3732 cum

334 3751 522 3812 Lucas
570 3753 929 3814 ascendendo
981 3772 1082 3830 per
1134 3757 1383 3831 Nathan,
1421 3775 1523 3832 per
1574 3762 1745 3836 cujus
1792 3762 2049 3821 nominis

331 3848 671 3923 prophetam
713 3857 1007 3923 peccatum
1055 3851 1238 3910 David
1290 3853 1576 3913 Dominus
1625 3854 1902 3927 expiavit,
1955 3871 2048 3915 se-

243 3970 246 3972 η
335 3938 634 4013 ptuaginta
686 3944 743 3997 et
803 3948 1019 4013 septem
1094 3943 1494 4013 generationes
1572 3943 1877 4002 describat.
1940 3943 2051 4002 Per

335 4026 672 4086 Matthaaum
715 4029 927 4104 quippe
970 4029 1231 4103 signatur
1280 4031 1422 4103 quia
1470 4031 1681 4090 idcirco
1717 4032 1817 4090 Dei
1864 4032 2049 4093 Filius

340 4115 413 4174 ad
456 4131 562 4174 nos
587 4123 912 4191 peccatores
968 4118 1283 4192 descendit,
1313 4127 1376 4179 ut
1423 4120 1786 4179 mortalitatis
1838 4128 2050 4181 nostrae

336 4204 623 4280 particeps
674 4204 838 4264 ﬁeret
862 4228 876 4277 ;
935 4223 1037 4281 per
1091 4207 1310 4267 Lucam
1366 4224 1504 4267 vero
1573 4210 1845 4269 innuitur
1911 4211 2051 4286 quia

339 4294 552 4353 idcirco
590 4300 719 4367 post
765 4297 1244 4355 resurrectionem
1273 4296 1345 4354 ad
1385 4296 1613 4356 Patrem
1662 4300 1942 4370 ascendit,
1987 4307 2051 4359 ut

337 4396 446 4440 nos
506 4380 829 4440 divinitatis
889 4398 1010 4442 suae
1069 4388 1363 4442 consortes
1411 4384 1679 4444 efﬁceret.
1736 4386 1897 4445 Sicut
1950 4402 2052 4460 per

338 4474 637 4547 egregium
701 4473 1139 4546 praedicatorem
1199 4473 1411 4534 dicitur

339 4562 617 4634 ascendit,
664 4562 804 4636 quid
851 4568 955 4635 est,
995 4563 1111 4621 nisi
1157 4563 1298 4638 quia
1342 4563 1637 4623 descendit
1683 4565 1940 4639 primum
1983 4566 2046 4622 in

343 4650 651 4710 inferiores
694 4658 882 4725 partes
926 4653 1142 4713 terrae?
1174 4652 1284 4724 Qui
1334 4654 1628 4713 descendit
1672 4655 1794 4729 ipse
1838 4663 1940 4726 est,
1995 4661 2051 4713 et

342 4742 450 4815 qui
484 4742 744 4800 ascendit
787 4758 960 4817 super
1005 4759 1207 4803 omnes
1239 4745 1434 4816 ccelos,
1464 4750 1530 4805 ut
1551 4745 1892 4821 adimpleret
1923 4762 2049 4805 om-

345 4829 445 4887 nia
491 4832 715 4902 (Ephes.
756 4835 862 4901 1V).
935 4853 958 4884 ι
1012 4831 1122 4891 Per
1173 4848 1482 4893 numerum
1545 4850 1818 4909 namque,
1876 4850 2053 4911 quem

346 4914 652 4976 Mattheeus
694 4918 939 4989 ordinat,
1000 4920 1287 4992 susceptio
1359 4927 1574 4979 nostrae
1644 4921 2048 4992 mortalitatis;

347 5021 451 5080 per
477 5006 651 5065 illum
680 5023 838 5079 vero,
867 5024 1041 5082 quem
1083 5008 1269 5067 Lucas
1306 5009 1516 5081 posuit,
1548 5010 1825 5068 humanae
1859 5010 2056 5084 expri-

352 5095 532 5155 mitur
582 5095 818 5156 abolitio
872 5097 1188 5171 pravitatis,
1254 5096 1754 5171 Quadragenarius
1807 5099 1964 5158 enim
2022 5116 2056 5158 a

351 5189 739 5263 quaternario,
775 5194 831 5247 et
866 5188 1104 5249 denario
1136 5190 1420 5259 nascitur;
1459 5189 1582 5264 ipse
1612 5206 1852 5265 quoque
1877 5192 2057 5250 dena-

354 5278 478 5338 rius
521 5293 553 5336 a
584 5281 957 5353 quaternario
993 5280 1306 5339 derivatur.
1349 5280 1509 5340 Unus
1540 5297 1811 5354 namque,
1843 5289 1899 5340 et
1921 5283 2055 5352 duo,

354 5374 414 5428 et
447 5374 580 5439 tres,
613 5374 670 5427 et
707 5376 977 5443 quatuor,
1005 5370 1188 5429 auctis
1226 5384 1452 5443 semper
1485 5371 1845 5441 monadibus,
1881 5372 1940 5429 in
1969 5371 2063 5428 de—

357 5457 595 5518 narium
617 5465 904 5519 crescunt.

432 5549 541 5609 Per
568 5550 1093 5624 quadragenarium
1131 5566 1266 5625 ergo
1305 5565 1615 5609 numerum
1655 5550 1763 5608 hoc
1808 5565 2065 5624 praesens

357 5641 642 5704 smeulum
677 5642 1029 5717 designatur,
1066 5641 1208 5717 quia
1242 5647 1300 5703 et
1325 5655 1518 5702 annus
1555 5640 1682 5713 iste,
1709 5654 1884 5714 quem
1913 5643 2065 5697 tem-

2108 1890 2349 1963 inquit,
2403 1884 2780 1963 quadraginta
2831 1890 2954 1948 dies
2985 1936 3001 1959 ,
3051 1898 3108 1949 et
3169 1890 3380 1949 Ninive
3443 1890 3813 1950 subvertetur

2108 1982 2250 2046 (Ion.
2284 1983 2392 2048 111).
2439 2000 2460 2029 ι
2499 1977 2682 2049 Quod,
2735 1978 2872 2052 quia
2917 1984 3054 2036 tunc
3103 1994 3221 2037 non
3278 1978 3490 2052 legitur
3542 1978 3815 2036 historia-

2106 2067 2239 2126 liter
2283 2068 2520 2137 factum,
2553 2073 2917 2141 exspectatur
2960 2067 3151 2126 adhuc
3204 2066 3582 2140 spiritualiter
3635 2067 3816 2126 adim-

2109 2155 2405 2231 plendum.
2440 2155 2547 2214 Per
2577 2155 2827 2214 Niniven
2856 2157 3070 2230 quippe
3105 2158 3362 2215 mundus
3410 2158 3517 2215 iste
3549 2157 3818 2231 designa-

2112 2253 2222 2315 tur,
2259 2260 2363 2317 per
2409 2244 2793 2317 quadraginta
2842 2259 2978 2318 ergo
3025 2244 3169 2316 dies,
3205 2245 3399 2304 omnis
3449 2252 3631 2304 status
3680 2245 3819 2303 vitae

2113 2335 2412 2409 praesentis
2488 2333 2783 2393 innuitur.
2846 2334 2980 2393 Post
3050 2334 3431 2409 quadraginta
3497 2351 3634 2409 ergo
3698 2334 3821 2392 dies

2112 2424 2324 2483 Ninive
2368 2423 2752 2495 subvertetur,
2798 2424 2938 2499 quia
2990 2432 3117 2497 post
3157 2426 3337 2498 hujus
3391 2424 3650 2483 mortalis
3688 2424 3824 2482 vita)

2112 2514 2460 2579 decursum,
2507 2513 2788 2586 completo
2846 2513 3114 2571 videlicet
3165 2513 3481 2572 electorum
3534 2527 3775 2571 numero
3811 2559 3826 2581 ,

2114 2603 2372 2661 mundus
2412 2603 2518 2660 iste
2576 2602 2922 2660 destruetur.
2967 2603 3076 2660 Per
3134 2603 3638 2676 septuagenarium
3690 2618 3826 2661 vero

2116 2706 2450 2761 numerum,
2485 2705 2658 2764 quem
2694 2690 2880 2749 Lucas
2916 2692 3125 2764 posuit,
3157 2690 3421 2748 remissio
3462 2698 3824 2764 peccatorum

2116 2779 2484 2854 exprimitur.
2518 2778 2678 2837 Sicut
2728 2778 2850 2851 ipse
2897 2779 3183 2837 Dominus
3212 2778 3271 2835 in
3301 2778 3619 2851 Evangelio
3653 2786 3825 2837 testa-

2119 2876 2232 2929 tur.
2267 2869 2411 2927 Cum
2462 2868 2619 2927 enim
2672 2869 2871 2927 Petrus
2918 2871 3317 2941 interrogaret,
3359 2868 3604 2927 dicens:
3658 2890 3685 2923 ‹‹
3723 2864 3831 2926 DO-

2120 2959 2300 3029 mine,
2331 2956 2557 3032 quoties
2583 2956 2902 3030 peccaverit
2930 2956 2991 3014 in
3022 2974 3114 3014 me
3140 2958 3316 3015 frater
3346 2973 3528 3027 meus,
3558 2965 3614 3016 et
3641 2957 3833 3016 dimit-

2122 3054 2237 3106 tam
2271 3048 2380 3107 ei‘?
2420 3063 2608 3120 usque
2669 3047 2876 3121 septies
2903 3049 2930 3103 ‘2
2982 3068 3012 3101 »
3061 3048 3419 3121 Respondit:
3458 3074 3484 3098 «
3515 3050 3643 3108 Non
3706 3036 3833 3107 dico

2126 3139 2228 3197 tibi
2282 3155 2469 3213 usque
2506 3140 2730 3215 septies
2762 3182 2777 3210 ,
2832 3139 2931 3198 sed
2989 3155 3174 3213 usque
3236 3141 3563 3215 septuagies
3628 3142 3836 3213 septies

2132 3230 2352 3300 (Matth.
2374 3202 2632 3299 ἀνιῶ..)
2683 3202 2949 3300 Congrue
2978 3202 3172 3286 autem
3201 3202 3834 3302 per‘septluagenarium

2129 3330 2441 3373 numerum
2494 3321 2854 3387 peccatorum
2908 3315 3172 3374 remissio
3216 3316 3572 3390 designatur,
3610 3320 3712 3393 qui
3762 3323 3835 3379 ab

2134 3402 2456 3460 undenario
2498 3408 2555 3458 et
2598 3402 2921 3474 septenario
2950 3403 3225 3460 nascitur.
3256 3404 3536 3463 Undecim
3586 3424 3838 3481 namque

2129 3487 2179 3547 si
2251 3488 2458 3560 septies
2531 3487 2995 3561 multiplicantur
3026 3533 3039 3558 ,
3093 3491 3455 3563 septuaginta
3509 3500 3565 3551 et
3623 3504 3838 3568 septem

2129 3593 2441 3637 numerum
2487 3576 2725 3636 faciunt.
2787 3578 3075 3637 Denarius
3124 3587 3318 3638 autem
3362 3598 3644 3642 numerus
3708 3601 3839 3656 per-

2132 3670 2314 3728 fectus
2340 3684 2462 3726 esse
2499 3668 2873 3741 dignoscitur,
2906 3683 3007 3741 per
3040 3684 3214 3741 quem
3245 3676 3301 3727 et
3327 3669 3645 3743 Decalogus
3683 3672 3837 3731 desi-

2128 3764 2360 3831 gnatur.
2399 3754 2512 3815 Sed
2550 3756 2598 3814 si
2628 3755 2904 3815 denarius
2955 3762 3039 3814 est
3085 3756 3389 3829 perfectus,
3420 3766 3594 3817 restat
3639 3776 3837 3822 neces-

2132 3849 2282 3907 sario
2310 3852 2374 3906 ut
2408 3847 2769 3906 undenarius
2794 3848 2868 3905 sit
2898 3847 3291 3920 imperfectus.

2201 3937 2350 4008 Quid
2386 3945 2471 3995 est
2496 3943 2694 3995 autem
2723 3942 3042 4008 peccatum,
3075 3934 3190 3993 nisi
3230 3939 3605 4008 transgressio
3643 3938 3838 4012 legis?
3926 3990 3935 4003 .

2135 4026 2197 4086 Si
2227 4042 2362 4099 ergo
2403 4041 2504 4099 per
2547 4025 2854 4083 denarium
2897 4024 2992 4082 lex
3034 4024 3399 4098 intelligitur,
3429 4034 3578 4085 recte
3602 4044 3704 4101 per
3729 4046 3839 4088 un-

2131 4117 2436 4175 denarium
2487 4114 2631 4188 legis
2675 4116 3049 4187 transgressio
3108 4116 3412 4188 figuratur.
3443 4113 3588 4171 233
3641 4117 3840 4191 Septe-

2130 4206 2295 4266 nario
2352 4221 2485 4264 vero
2537 4219 2782 4263 numero
2832 4212 2947 4263 tota
2998 4207 3200 4264 saeculi
3246 4206 3428 4280 hujus
3489 4208 3840 4268 universitas

2132 4296 2482 4365 continetur,
2515 4293 2654 4367 quia
2681 4294 2899 4366 septem
2926 4292 3133 4352 diebus
3161 4295 3355 4353 omnis
3392 4296 3672 4356 decursus
3710 4300 3842 4357 vitae

2132 4385 2437 4460 praesentis
2487 4383 2795 4443 evolvitur.
2852 4381 2960 4441 Per
3010 4382 3404 4442 undenarium
3451 4402 3587 4457 ergo
3634 4388 3842 4459 septies

1472 4495 1484 4533 :
1547 4498 1573 4526 α
1632 4475 1795 4546 Quod
1856 4482 2046 4535 autem
2074 4474 2592 4581 Dmultiplicatum
2635 4479 2842 4530 cuncta
2886 4480 3078 4531 nostra
3119 4480 3344 4545 peccata
3380 4473 3450 4530 ad
3478 4475 3841 4571 septuagesi-

2139 4578 2303 4622 mum
2338 4562 2649 4634 septimum
2688 4560 3059 4619 deducuntur
3100 4576 3434 4629 numerum,
3474 4560 3534 4616 in
3563 4576 3681 4634 quo
3708 4578 3840 4619 vere

2138 4652 2405 4711 omnium
2455 4652 2520 4708 tit
2561 4650 2825 4709 remissio
2870 4657 3251 4725 peccatorum.
3302 4650 3464 4708 Unde
3495 4651 3841 4723 elegantera

2138 4744 2350 4803 Christi
2392 4742 2675 4816 baptismo
2712 4744 2837 4801 haec
2886 4742 3204 4800 secundum
3258 4740 3475 4797 Lucam
3521 4742 3697 4799 series
3745 4745 3840 4801 in-

2139 4834 2399 4903 choatur,
2437 4840 2494 4890 et
2539 4832 2599 4890 in
2662 4831 2766 4890 Dei
2808 4831 2991 4889 Patris
3031 4843 3275 4902 persona
3314 4828 3516 4886 linitur
3553 4832 3700 4902 (Luc.
3734 4837 3835 4897 1m.

2140 4922 2211 4980 In
2238 4922 2520 4995 baptismo
2550 4921 2707 4979 enim
2738 4918 2948 4978 Christi
2985 4915 3247 4974 omnium
3282 4916 3448 4974 nobis
3479 4927 3840 4991 peccatorum

2139 5010 2406 5069 remissio
2456 5010 2719 5084 provenit
2758 5024 2858 5081 per
2892 5005 3174 5078 Spiritum
3207 5010 3491 5075 sanctum,
3534 5008 3637 5080 qui
3675 5024 3845 5080 super

2143 5100 2491 5173 baptizatum
2546 5097 2858 5155 Dominum
2899 5093 2962 5151 in
2999 5093 3186 5165 specie
3231 5093 3518 5152 columbae
3552 5095 3848 5153 descendit

2144 5190 2364 5260 (Matth.
2411 5190 2511 5258 Ill).
2562 5186 2674 5253 Sic,
2716 5184 2796 5241 sic
2854 5198 2955 5256 per
2983 5182 3279 5241 Christum
3335 5185 3631 5259 redempti,
3665 5194 3718 5242 et
3749 5202 3850 5258 per

2148 5277 2399 5350 Spiritus
2452 5273 2633 5332 sancti
2685 5271 2925 5345 gratiam
2983 5272 3190 5344 abluti,
3235 5274 3677 5333 reconciliamur
3736 5275 3851 5334 Deo

2148 5367 2322 5427 Patri.
2353 5364 2507 5434 Quos
2549 5362 2856 5436 utriusque
2890 5363 3257 5436 evangelista:
3293 5379 3499 5421 sensus
3534 5362 3600 5422 B.
3638 5363 3853 5423 Paulus

2149 5474 2267 5517 una
2315 5454 2599 5515 sententia
2651 5451 3106 5526 comprehendit,
3165 5453 3405 5510 dicens:
3442 5478 3462 5501 ι
3498 5452 3653 5510 Misit
3702 5454 3855 5512 Deus

2150 5544 2372 5605 Filium
2401 5557 2576 5603 suum
2606 5540 2669 5600 in
2708 5543 3152 5603 similitudinem
3207 5541 3399 5601 carnis
3444 5542 3678 5616 peccati,
3706 5548 3761 5601 et
3786 5544 3857 5601 de

2149 5645 2379 5711 peccato
2435 5634 2736 5695 damnavit
2785 5639 3083 5708 peccatum
3126 5633 3190 5693 in
3233 5648 3408 5693 carne
3455 5635 3628 5707 (Rom.
3680 5634 3786 5707 IX.)
3830 5653 3857 5683 ιι
