4178 6472
389 329 482 387 751

1006 321 1062 379 S.
1107 317 1327 376 PETRI
1370 313 1688 374 DAMIANI
1729 310 1885 370 OPP.
1929 307 2119 367 PARS
2162 306 2301 367 SEU
2342 307 2593 367 TOMUS
2633 306 2707 365 ΙΙ.
2750 337 2816 350 -—
2859 305 3276 365 SEBMONES.

3784 306 3895 362 75?

392 451 537 511 Cum
571 449 728 508 enim
761 445 899 503 dicit
929 464 940 501 :
980 470 1004 491 ‹‹
1034 440 1364 500 MisitDeus
1394 438 1612 497 Filium
1644 450 1817 494 suum
1845 434 1906 491 in
1929 431 2167 491 simi-A
2256 431 2427 503 Hinc,
2446 431 2835 499 fratres,hinc,
2857 445 3012 502 rogo,
3030 428 3590 503 perpenditequibus
3612 427 3899 486 laudibus

393 537 697 598 litudinem
753 533 943 592 carnis
988 530 1223 605 peccati,
1268 552 1293 579 η
1353 533 1715 601 peccatorum
1765 528 2091 581 nostrorum

392 625 817 699 susceptionem
892 620 1196 679 manifeste
1266 615 1553 685 declarat;
1613 628 1788 687 quam
1847 607 2100 669 ostendit

394 714 735 784 Matthmus,
786 725 919 768 cum
975 706 1373 767 descendendo
1422 702 1803 779 quadraginta
1856 715 2098 775 genera-

396 808 578 868 tiones
617 809 940 864 enumerat.
970 802 1115 860 Cum
1161 815 1298 858 vero
1341 797 1606 873 sequitur
1637 818 1651 853 :
1691 820 1719 845 ‹‹
1745 794 1817 852 Et
1859 794 1930 852 de
1966 808 2099 866 pec-

394 902 518 956 cato
570 894 870 954 damnavit
917 895 1215 966 peccatum
1273 889 1336 947 in
1390 904 1582 959 carne,
1625 911 1652 935 »
1709 884 2100 960 expiationem

396 987 662 1046 omnium
711 991 1043 1043 nostrorum
1085 979 1400 1039 criminum
1427 977 1675 1047 indicat;
1709 989 1882 1049 quam
1914 972 2102 1030 Lucas

393 1078 690 1152 exprimit,
716 1091 850 1133 cum
879 1071 1239 1132 ascendendo
1286 1070 1645 1143 septuaginta
1674 1074 1892 1140 septem
1922 1078 2100 1137 gene-

396 1165 648 1224 rationes
675 1161 964 1220 describit.

466 1252 725 1312 Plurima
752 1250 990 1326 quidem
1036 1248 1362 1307 dilectionis
1386 1250 1613 1312 vestrm,
1645 1242 1852 1300 fratres
1881 1238 2102 1297 charis-

395 1342 552 1412 simi',
575 1341 645 1399 de
669 1339 912 1398 lectione
931 1336 1282 1411 evangelica,
1305 1350 1439 1408 qum
1460 1333 1662 1392 multis
1688 1329 2100 1405 mysteriorum

395 1426 769 1487 sacramentis
826 1434 912 1484 est
964 1424 1221 1499 gravida,
1273 1436 1572 1496 possemus
1621 1433 1947 1492 exponere;
2003 1414 2101 1473 sed

393 1533 521 1578 eam
552 1517 765 1576 idcirco
803 1515 1091 1574 succincte
1132 1511 1603 1581 transcurrimus,
1662 1525 1736 1567 ne
1773 1523 1858 1574 ea,
1891 1520 2025 1581 qum
2067 1519 2103 1560 a

2182 520 2358 594 digna
2401 520 2475 578 sit
2520 520 2684 579 beata
2715 527 2768 577 et
2809 519 3056 592 gloriosa
3109 517 3274 590 virgo
3308 516 3512 587 Maria,
3541 531 3676 590 qum
3716 516 3899 574 illum

2183 610 2351 670 nobis
2377 609 2448 668 de
2473 609 2808 668 castissimis
2835 610 2958 668 suis
2980 607 3299 666 visceribus
3325 605 3546 680 genuit,
3569 606 3671 681 qui
3693 621 3801 665 nos
3822 605 3901 663 de

2184 705 2298 757 tam
2325 699 2612 772 profundo
2637 704 2868 771 gutture
2895 696 3221 756 avidissimi
3246 696 3514 755 draconis
3538 693 3773 767 eripuit.
3799 692 3898 751 Ad

2183 787 2310 861 ejus
2351 801 2605 860 namque
2641 786 2815 859 digne
2856 784 3146 844 efferenda
3187 785 3479 860 prmconia
3528 798 3643 842 non
3696 783 3898 841 rheto-

2185 876 2438 934 ricorum
2477 875 2688 932 diserta
2716 873 3005 942 facundia,
3045 889 3159 932 non
3191 874 3620 932 dialecticorum
3655 871 3903 931 subtilia

2185 970 2545 1038 argumenta,
2584 978 2700 1021 non
2750 962 3083 1020 acutissima
3117 962 3591 1036 philosophorum
3629 968 3761 1035 apta
3797 976 3903 1019 re-

2185 1055 2493 1130 periuntur
2521 1055 2774 1128 ingenia.
2802 1054 3036 1128 thuid
3072 1053 3309 1124 mirum,
3341 1054 3389 1112 si
3424 1054 3551 1112 hmc
3577 1042 3902 1112 ineﬂ‘abilis

2188 1146 2364 1217 Virgo
2395 1147 2453 1202 in
2494 1144 2617 1203 suis
2644 1143 2915 1203 laudibus
2943 1145 3182 1202 modum
3218 1144 3495 1202 humanm
3522 1144 3680 1202 vocis
3711 1158 3901 1202 exsu-

2185 1240 2365 1307 perat,
2395 1248 2527 1290 cum
2558 1238 2613 1290 et
2648 1232 2831 1305 ipsam
2860 1232 3089 1304 generis
3119 1232 3364 1290 humani
3397 1238 3669 1290 naturam
3698 1232 3897 1292 excel-

2185 1321 2431 1380 lentium
2480 1320 2819 1378 meritorum
2865 1319 3141 1393 dignitate
3189 1319 3590 1378 transcendat?
3618 1320 3742 1378 Non
3790 1320 3898 1379 de-

2184 1411 2364 1483 nique
2419 1408 2942 1466 excellentissimus
2994 1408 3095 1466 ille
3149 1408 3602 1481 patriarcharum
3654 1410 3895 1481 chorus,

2186 1514 2301 1556 non
2351 1498 2627 1571 providus
2683 1498 3094 1571 prophetarum
3151 1513 3470 1569 numerus,
3538 1513 3652 1556 non
3703 1497 3898 1572 judex

393 1605 710 1681 majoribus
755 1603 964 1662 nostris
1002 1603 1074 1660 de
1106 1618 1172 1660 ea
1210 1600 1383 1659 latius
1422 1599 1572 1657 dicta
1610 1602 1764 1667 sunt,
1810 1592 2101 1667 superﬂuo
2184 1586 2574 1681 apostolorum
2621 1594 2873 1681 senatus,
2910 1600 3024 1644 non
3067 1593 3391 1659 martyrum
3444 1586 3622 1644 victor
3660 1587 3895 1644 exerci-

392 1673 647 1769 rep'etere
675 1693 998 1751 videamur.
1030 1690 1182 1749 Illud
1203 1695 1395 1748 autem
1426 1702 1612 1746 unum
1642 1687 1706 1743 in
1734 1699 1800 1743 ea
1838 1697 1954 1741 non
1984 1687 2099 1739 tam
2185 1683 2298 1769 tus,
2327 1689 2441 1769 non
2475 1673 2688 1769 aliquis
2717 1673 3114 1769 antiquorum,
3145 1687 3276 1769 non.
3301 1675 3610 1747 quisquam
3640 1688 3896 1747 sequen-

391 1760 532 1843 libet
579 1796 870 1856 exponere
915 1797 1092 1855 quam
1148 1777 1368 1847 mirari,
1402 1777 1538 1852 quia
1569 1788 1812 1849 persona
1847 1771 2095 1830 Redem-
2119 1762 2332 1841 Btium
2372 1762 2607 1820 Patrum
2646 1762 2784 1820 huic
2830 1761 3179 1819 beatissimm
3210 1760 3436 1835 Virgini
3479 1761 3685 1836 poterit
3729 1776 3897 1820 com-

389 1875 568 1949 ptoris
592 1851 776 1931 nostri
804 1870 887 1930 sic
916 1851 977 1928 in
1017 1870 1135 1927 fine
1173 1869 1353 1942 hujus
1391 1851 1722 1940 propaginis
1750 1860 2004 1949 ponitur,
2022 1874 2099 1949 ac
2184 1852 2394 1949 parari.
2433 1851 2600 1948 Quid
2625 1851 2800 1949 enim
2841 1851 3190 1949 sanctitatis,
3243 1852 3386 1949 quid
3413 1852 3718 1949 _ju_sti_tim,_
3745 1852 3895 1928 quid

387 1939 436 2020 si
463 1963 674 2020 hamus
701 1960 763 2017 in
791 1958 1154 2017 extremitate
1188 1939 1358 2013 linem
1393 1939 1768 2012 subuectatur
1796 1969 1809 2007 :
1837 1948 1919 2006 sic
1942 1946 2099 2006 ordi-
2183 1939 2499 2015 religionis,
2538 1941 2678 2014 quid
2730 1940 3098 2014 perfectionis
3145 1940 3426 2014 singulari
3483 1942 3618 2001 huic
3668 1942 3898 2017 Virgini

390 2060 521 2111 nate
544 2050 775 2109 additur
800 2047 1172 2122 genealogim,
1203 2046 1355 2104 sicut
1382 2044 1595 2102 hamus
1625 2039 1922 2114 productm
1944 2039 2097 2096 inse-
2183 2033 2382 2091 deesse
2426 2031 2633 2122 potuit,
2680 2045 2814 2106 qum
2850 2030 3032 2089 totius
3073 2030 3292 2089 divinm
3321 2030 3521 2104 gratim
3554 2033 3902 2090 charismate

387 2140 537 2199 ritur
579 2138 772 2197 linem.
806 2120 951 2196 Cum
999 2120 1155 2193 enim
1202 2132 1416 2191 dicitur
1448 2150 1462 2189 :
1509 2153 1530 2182 α
1561 2128 1855 2186 Abraham
1900 2124 2101 2199 genuit
2184 2123 2356 2198 plena
2384 2121 2543 2183 fuit?
2582 2120 2678 2181 Sic
2708 2136 2963 2194 namque
2992 2120 3064 2178 ab
3095 2122 3320 2194 angelo,
3359 2122 3500 2181 dum
3530 2122 3899 2195 salutaretur,

387 2228 742 2301 Isaac,Isaac
764 2234 957 2286 autem
986 2225 1189 2299 genuit
1213 2222 1411 2293 Jacob,
1436 2243 1460 2271 υ
1484 2227 1538 2278 et
1558 2219 1751 2277 cmteri
1779 2216 2098 2292 progenito-
2186 2213 2442 2272 audivit:
2478 2237 2499 2262 α
2521 2214 2665 2280 Ave,
2682 2212 2863 2285 gratia
2890 2211 3079 2285 plena,
3104 2211 3387 2270 Dominus
3410 2220 3596 2271 tecum
3619 2216 3763 2286 (Luc.
3785 2214 3844 2286 I).
3867 2238 3895 2263 »

390 2335 482 2378 res
503 2319 593 2377 bis
611 2322 1015 2387 numerantur,
1033 2312 1200 2387 quasi
1229 2310 1419 2369 lilium
1442 2307 1878 2376 lilioinseritur,
1897 2310 1963 2364 ut
1983 2320 2100 2364 una
2185 2302 2368 2375 Quod,
2406 2316 2560 2375 rogo,
2597 2302 2828 2374 vitium,
2861 2302 2924 2359 in
2968 2301 3094 2385 ejus
3125 2308 3338 2370 mente,
3378 2302 3468 2360 vel
3497 2318 3730 2376 corpore
3758 2302 3899 2361 vin-

390 2423 463 2465 ex
503 2404 769 2480 pluribus
816 2403 875 2460 in
920 2404 1161 2474 longum
1190 2397 1346 2455 linea
1379 2396 1747 2482 producatur.
1780 2393 1927 2452 Cum
1964 2407 2100 2449 vero
2185 2394 2378 2482 dicare
2415 2393 2525 2451 sibi
2549 2392 2751 2482 potuit
2786 2393 3003 2482 locum,
3034 2390 3167 2466 qum
3205 2391 3275 2448 ad
3308 2391 3494 2449 instar
3523 2391 3674 2463 cmli,
3704 2391 3898 2466 pleni-

392 2479 818 2567 subjungitur:
862 2513 889 2542 α
926 2488 1102 2548 Jacob
1148 2491 1344 2545 autem
1390 2479 1599 2559 genuit
1642 2482 1851 2555 Joseph
1902 2482 2096 2538 virum
2186 2480 2409 2539 tudinis
2462 2480 2637 2538 totius
2689 2479 3014 2538 divinitatis
3072 2479 3283 2567 meruit
3347 2493 3471 2536 esse
3523 2480 3843 2538 sacrarium
3872 2481 3901 2539 ?

389 2566 610 2653 Marim,
644 2580 716 2638 de
744 2594 860 2653 qua
890 2584 1061 2635 natus
1091 2580 1176 2633 est
1200 2574 1232 2634 J
1238 2588 1388 2639 esus,
1427 2571 1532 2647 qui
1564 2576 1801 2629 vocatur
1836 2569 2100 2628 Christus
2188 2592 2214 2621 α
2244 2569 2313 2626 In
2343 2569 2569 2627 Christo
2600 2589 2628 2622 »
2658 2567 2835 2637 enim,
2865 2568 3014 2626 sicut
3041 2583 3144 2640 per
3179 2566 3427 2624 Paulum
3459 2567 3713 2653 dicitur}
3749 2593 3776 2617 α
3800 2567 3901 2626 ha-

384 2646 610 2742 (Matth.
643 2674 722 2740 1);
760 2646 780 2719 ἓ
815 2682 930 2725 non
957 2666 1076 2739 jam
1119 2663 1404 2730 directim,
1434 2646 1530 2720 sed
1562 2661 1727 2736 quasi
1759 2675 1833 2718 ex
1862 2658 2099 2732 obliquo
2183 2659 2326 2717 bitat
2373 2658 2565 2717 omnis
2614 2656 2914 2730 plenitudo
2966 2654 3286 2713 divinitatis
3339 2646 3708 2731 corporaliter
3758 2656 3898 2730 (Col.

387 2760 597 2817 hamus
624 2755 955 2830 apponitur,
984 2752 1086 2826 qui
1112 2751 1341 2825 antiqui
1369 2749 1535 2809 illius
1563 2748 1883 2807 Leviathan
1914 2746 2097 2804 fauci-
2182 2750 2285 2822 III).
2319 2772 2346 2797 »
2380 2748 2499 2806 Nec
2529 2746 2764 2815 mirum,
2792 2745 2842 2804 si
2879 2750 3219 2803 cunctorum
3276 2745 3478 2804 merita
3533 2747 3902 2805 transcendat

387 2840 501 2906 bus
534 2847 833 2919 infigatur.
875 2843 1028 2901 Hinc
1066 2849 1149 2900 est
1180 2840 1336 2915 quod
1372 2839 1443 2897 ad
1478 2839 1711 2897 beatum
1746 2838 1854 2896 Job
1899 2836 2098 2895 Domi-
2184 2833 2540 2904 mortalium,
2581 2848 2715 2907 qum
2759 2838 2817 2890 et
2866 2833 2993 2904 ipsa
3042 2832 3448 2905 superexcedit
3493 2832 3902 2892 celsitudinem

386 2950 501 2993 nus
544 2932 807 3006 loquitur
849 2930 1089 2987 dicens:
1145 2953 1168 2978 α
1214 2926 1493 3000 Nunquid
1540 2925 1729 2999 capies
1775 2924 2098 2983 Leviathan
2182 2923 2544 2997 angelorum.

386 3024 560 3082 hamo
587 3021 616 3081 ?
672 3042 701 3077 »
762 3021 875 3094 {Job
944 3019 1063 3091 XL.)
1118 3016 1227 3075 Per
1281 3016 1604 3074 Leviathan
1674 3015 1887 3088 quippe
1920 3060 1934 3084 ,
1995 3014 2099 3090 qui
2255 3013 2362 3072 Per
2396 3014 2546 3072 hanc
2573 3011 2730 3071 enim
2761 3009 3155 3092 beatissimam
3196 3011 3517 3084 Virginem,
3553 3027 3669 3071 non
3705 3010 3900 3072 solum

388 3114 825 3170 additamentum
878 3124 1061 3164 eorum
1112 3105 1324 3163 dicitur
1356 3151 1371 3175 ,
1431 3108 1589 3162 cetus
1641 3103 1740 3189 ille
1772 3103 2394 3199 devoratorcamissa
2447 3105 2588 3164 olim
2641 3105 2760 3164 vita
2818 3104 3158 3163 hominibus
3214 3104 3509 3175 redditur,
3563 3106 3663 3165 sed
3723 3107 3900 3166 etiam

385 3202 633 3262 humani
663 3200 891 3274 generis
914 3196 1272 3270 designatur,
1305 3194 1408 3270 qui
1446 3193 1588 3252 dum
1632 3196 1692 3251 se
1727 3191 2092 3250 divinitatem
2124 3191 2469 3253 'beatitudo
2516 3194 2794 3268 angelicm
2842 3193 3216 3254 sublimitatis
3249 3201 3514 3269 augetur,
3555 3196 3711 3270 quia,
3751 3197 3899 3256 dum

385 3289 615 3348 homini
663 3286 877 3345 addere
930 3283 1257 3359 spopondit,
1316 3280 1811 3341 immortalitatem
1863 3279 2097 3337 sustulit
2178 3287 2352 3344 homo
2398 3285 2471 3343 ad
2524 3300 2776 3360 superna
2813 3286 3132 3359 reducitur,
3180 3285 3417 3347 illorum
3466 3304 3768 3360 numerus,
3796 3289 3902 3364 qui

388 3384 541 3452 (Gen.
574 3380 691 3450 IlI);
726 3377 828 3452 qui
856 3374 1350 3451 praevaricationis
1371 3387 1610 3447 quoque
1633 3373 1889 3445 culpam,
1919 3385 2095 3444 quam
2178 3375 2503 3434 diminutus
2553 3376 2759 3446 fuerat,
2804 3381 3120 3449 reparatur.
3152 3375 3275 3435 Hoc
3314 3392 3523 3452 nempe
3559 3378 3901 3452 angelorum

385 3470 573 3544 primo
612 3465 836 3525 homini
867 3463 1217 3539 propinavit,
1255 3463 1396 3521 dum
1445 3477 1506 3520 se
1548 3460 1925 3535 sequentibus
1965 3474 2095 3532 pes-
2179 3458 2494 3524 multitudo
2520 3464 2621 3522 illa
2642 3465 2969 3538 signaverat
2999 3480 3133 3538 qum
3166 3466 3496 3540 pastoribus
3523 3467 3902 3526 audientibus

385 3547 543 3617 sima'
558 3556 931 3630 persuasione
976 3552 1344 3626 multiplicat,
1377 3567 1577 3626 pcenas
1615 3551 1699 3609 eis
1736 3548 1864 3608 sine
1906 3563 2096 3607 cessa-
2178 3553 2242 3612 in
2282 3553 2684 3627 Redemptoris
2723 3554 2903 3613 nostri
2946 3554 3243 3613 nativitate
3271 3554 3554 3614 clamabat
3587 3575 3600 3614 :
3638 3578 3660 3607 ι
3700 3555 3900 3614 Gloria

386 3647 541 3706 tione
588 3649 903 3704 ooacervat.
955 3643 1024 3702 In
1078 3643 1252 3702 hamo
1303 3648 1498 3700 autem
1569 3656 1697 3699 esca
1750 3639 2095 3710 ostenditur,
2178 3643 2239 3700 in
2282 3642 2528 3701 excelsis
2572 3642 2711 3714 Deo,
2766 3649 2821 3700 et
2863 3641 2925 3699 in
2984 3649 3131 3701 terra
3174 3659 3286 3716 pax
3335 3643 3677 3703 hominibus
3725 3643 3900 3702 bonm

384 3735 622 3794 aculeus
650 3733 991 3793 occultatur.
2179 3734 2493 3792 voluntatis
2526 3738 2676 3805 (Luc.
2714 3739 2799 3799 II).
2843 3755 2865 3784 ι
2897 3734 3042 3791 (lum
3070 3734 3228 3792 enim
3277 3734 3440 3808 prius
3477 3734 3689 3793 dicitur
3714 3733 3901 3807 gloria

453 3826 626 3886 Hunc
654 3840 789 3899 ergo
837 3823 1004 3882 Pater
1038 3821 1408 3895 omnipotens
1440 3820 1614 3878 hamo
1656 3819 1828 3894 cepit,
1856 3818 1997 3895 quia
2025 3818 2098 3876 ad
2180 3837 2306 3882 esse
2354 3823 2472 3882 Deo
2501 3823 2561 3881 in
2589 3823 2856 3896 excelsis,
2890 3822 3101 3881 deinde
3141 3823 3374 3882 additur
3397 3828 3451 3882 et
3475 3824 3538 3882 in
3574 3828 3722 3882 terra
3752 3838 3897 3897 pax,

382 3917 627 3976 mertem
656 3916 824 3976 illius
852 3913 1229 3987 unigenitum
1258 3911 1478 3970 Filium
1505 3910 1872 3968 incarnatum
1916 3907 2098 3978 misit,
2180 3918 2441 3986 patenter
2487 3913 2812 3971 ostenditur
2849 3911 2987 3986 quia
3018 3911 3331 3970 ineﬂ‘abilis
3366 3911 3725 3971 intemeratm
3758 3910 3895 3970 Vir-

384 4007 444 4064 in
486 4021 601 4080 quo
640 4012 697 4063 et
744 4017 874 4062 caro
917 4000 1212 4076 passibilis
1267 3999 1453 4058 videri
1502 4004 1710 4073 posset,
1738 4002 1796 4055 et
1822 3995 2101 4054 divinitas
2181 4001 2334 4075 ginis
2364 4006 2561 4075 partus
2590 4016 2707 4059 non
2755 4000 2947 4060 solum
2986 4000 3174 4070 terris,
3206 4001 3305 4060 sed
3334 4008 3390 4059 et
3418 4001 3559 4076 ipsis
3587 4000 3894 4060 nihilomi-
3942 4071 3949 4077 ν

384 4092 759 4167 impassibilis
789 4091 973 4150 videri
998 4106 1120 4148 non
1146 4089 1633 4162 posset.(lumque
1659 4086 1723 4143 in
1762 4100 1829 4143 eo
1867 4098 2101 4157 serpens
2182 4105 2298 4149 nus
2335 4090 2647 4163 generabat
2693 4089 2971 4162 gaudium
3000 4089 3181 4148 cmlis.
3212 4088 3336 4149 Hoc
3361 4091 3532 4148 etiam
3560 4088 3663 4147 illa
3696 4089 3898 4149 beato-

385 4183 495 4240 iste
535 4197 639 4254 per
685 4196 895 4239 manus
941 4178 1418 4253 persequentium
1462 4191 1650 4235 escam
1689 4173 1943 4248 corporis
1982 4187 2103 4230 mo-

386 4271 618 4340 mordit,
659 4268 980 4327 divinitatis
1026 4268 1199 4326 illum
1252 4267 1490 4325 aculeus
1537 4264 1870 4339 perforavit.
1928 4262 2102 4320 Prius

386 4374 525 4417 vero
555 4372 689 4416 eum
719 4357 782 4414 in
813 4356 1111 4414 miraculis
1142 4355 1327 4413 Deum
1363 4359 1730 4428 cognoverat,
1767 4353 1865 4411 sed
1905 4352 1976 4410 de
2005 4367 2101 4410 co-

388 4447 649 4523 gnitione
686 4447 760 4505 ad
797 4445 1213 4506 dubitationem
1255 4444 1480 4515 cecidit,
1509 4443 1746 4518 quando
1778 4443 1940 4502 hunc
1976 4457 2099 4516 pas-

385 4540 616 4601 sibilem
657 4535 804 4594 234
849 4535 1018 4595 vidit.
1048 4534 1220 4605 Quasi
1262 4535 1472 4593 hamus
1501 4549 1637 4607 ergo
1677 4535 1869 4594 fauces
1897 4534 2102 4608 deglu-

390 4629 586 4698 tientis
644 4628 849 4698 tenuit,
911 4626 1052 4685 dum
1107 4624 1169 4682 in
1223 4622 1326 4681 illo
1385 4637 1513 4681 esca
1575 4623 1768 4681 carnis
1815 4623 2100 4696 apparuit,

350 4709 564 4793 'quam
621 4716 923 4774 devorator
981 4718 1311 4786 appeteret,
1378 4718 1434 4769 et
1487 4711 1762 4770 divinitas
1820 4710 2106 4785 passionis

391 4813 645 4879 tempore
682 4803 869 4876 latuit,
905 4817 1038 4877 qum
1068 4806 1315 4859 necaret.
1346 4799 1413 4857 In
1447 4799 1620 4858 hamo
1657 4804 1785 4873 ejus
1833 4800 2103 4858 incarna-

392 4893 569 4952 tionis
610 4898 809 4966 captus
860 4898 965 4961 est,
1000 4889 1158 4964 quia,
1186 4888 1327 4948 dum
1375 4887 1439 4946 in
1485 4886 1587 4946 illo
1630 4887 1870 4961 appetiit
1916 4902 2103 4946 escam

389 4980 665 5057 corporis,
695 4981 1012 5041 transﬁxus
1042 4985 1126 5038 est
1175 4978 1374 5038 aculeo
1403 4975 1745 5036 divinitatis.
1776 4976 1866 5034 Ibi
1894 4975 2106 5048 quippe

392 5074 581 5131 inerat
630 5069 986 5141 humanitas,
1019 5084 1151 5143 qum
1195 5067 1265 5126 ad
1297 5083 1358 5126 se
1386 5068 1782 5126 devoratorem
1827 5064 2098 5134 duceret;

395 5158 479 5221 ibi
527 5158 826 5227 divinitas,
869 5173 1005 5233 qum
1043 5158 1356 5231 perforaret
1386 5178 1399 5227 ;
1429 5155 1513 5213 ibi
1546 5161 1740 5227 aperta
1768 5152 2099 5222 inﬁrmitas,

396 5264 530 5321 qum
579 5256 947 5322 provocaret;
994 5246 1075 5304 ibi
1126 5244 1346 5305 occulta
1418 5243 1622 5317 virtus,
1673 5257 1803 5315 qum
1859 5240 2103 5314 raptoris

397 5335 589 5395 fauces
637 5337 1013 5409 transligeret.
1050 5334 1117 5391 In
1166 5333 1340 5390 hamo
1376 5331 1555 5405 igitur
1593 5338 1795 5404 captus
1829 5334 1933 5400 est,
1967 5327 2106 5402 quia

400 5422 536 5481 inde
585 5424 804 5483 interiit
856 5425 1012 5482 unde
1065 5419 1398 5492 momordit,
1429 5428 1484 5478 et
1529 5436 1674 5493 quos
1706 5418 1838 5493 jure
1878 5416 2104 5474 tenebat

401 5515 668 5574 mortales
712 5515 996 5589 perdidit,
1028 5512 1165 5588 quia
1193 5526 1291 5570 eos
1314 5553 1331 5584 ,
1358 5511 1423 5569 in
1457 5527 1601 5586 quos
1622 5513 1722 5588 jus
1750 5523 1869 5568 non
1901 5507 2106 5567 habuit

399 5603 618 5677 mortis,
648 5610 910 5681 appetere
932 5604 996 5664 in
1026 5606 1210 5664 morte
1241 5601 1631 5676 praesumpsit.

2184 4192 2314 4236 rum
2361 4193 2677 4251 puerorum
2728 4176 2953 4236 indoles
3005 4178 3311 4250 asserebat,
3343 4178 3466 4254 qui,
3500 4178 3773 4237 veniente
3823 4179 3899 4238 ad

2182 4266 2511 4339 passionem
2563 4267 2830 4332 Domino,
2862 4267 3127 4326 concordi
3172 4283 3310 4327 voce
3336 4267 3678 4326 cantabant:
3712 4287 3741 4321 ‹‹
3774 4266 3896 4327 Ho-

2184 4370 2365 4413 sanna
2410 4355 2473 4413 in
2525 4356 2789 4414 excelsis.
2828 4355 3192 4425 Benedictus,
3225 4358 3328 4432 qui
3370 4356 3529 4416 venit
3561 4356 3623 4415 in
3659 4356 3896 4416 nomine

2185 4443 2416 4503 Domini
2448 4449 2667 4517 (Matth.
2699 4454 2848 4511 XXI).
2883 4469 2909 4493 η

2262 4533 2305 4593 Ο
2355 4534 2699 4593 mirabiliter
2752 4535 3001 4593 fecunda
3054 4522 3405 4609 virginitas,
3457 4549 3594 4609 qum
3640 4550 3793 4595 novo
3838 4540 3897 4594 et

2188 4622 2450 4681 inaudito
2506 4622 2790 4681 miraculo
2841 4627 2897 4680 et
2953 4625 3139 4680 mater
3200 4623 3314 4682 dici
3368 4622 3546 4697 possit
3592 4627 3647 4680 et
3689 4622 3895 4695 virgo!

2189 4712 2301 4782 Qui
2331 4718 2446 4773 toto
2479 4713 2700 4771 mundo
2733 4727 2852 4771 non
2891 4713 3132 4786 capitur,
3172 4714 3387 4788 puellm
3417 4714 3684 4788 innuptm
3714 4726 3906 4771 mem-

2188 4802 2309 4860 bris
2374 4803 2727 4862 infunditur.
2760 4862 2770 4867 _
2807 4802 3098 4862 Sentiebat
3151 4805 3391 4877 quidem
3447 4800 3594 4859 235
3651 4802 3907 4878 pondera

2189 4893 2408 4951 ventris
2444 4908 2574 4968 qum
2604 4892 2887 4967 pudorem
2930 4908 3049 4951 non
3088 4893 3363 4952 amiserat
3398 4892 3693 4951 castitatis.
3729 4891 3935 4949 Mira»

2192 4980 2358 5039 batur
2390 4988 2596 5055 partus
2634 4980 2887 5055 insignia
2918 4997 3050 5056 qum
3086 4981 3251 5041 nulla
3285 4987 3523 5042 noverat
3565 4980 3676 5039 viri
3705 4986 3902 5038 conta-

2189 5068 2301 5142 gia.
2331 5070 2466 5128 Erat
2514 5086 2643 5145 spes
2676 5071 2737 5129 in
2765 5077 2953 5144 partu,
2985 5086 3118 5130 cum
3150 5086 3265 5129 non
3304 5070 3506 5129 fuisset
3541 5070 3812 5143 voluptas
3836 5067 3902 5126 in

2190 5157 2362 5216 coitu.
2413 5158 2775 5218 Immensum
2819 5160 3096 5232 concepit,
3143 5165 3428 5217 mternum
3476 5156 3699 5231 genuit,
3732 5155 3899 5229 geni-

2192 5249 2314 5303 tum
2347 5253 2478 5305 ante
2503 5247 2720 5306 smcula
2744 5248 3070 5321 parturivit.
3101 5246 3213 5316 Qui
3244 5246 3355 5305 sibi
3381 5253 3437 5304 et
3465 5261 3683 5305 munus
3706 5245 3903 5303 fecun-

2188 5335 2383 5395 ditatis
2426 5336 2622 5397 attulit
2674 5345 3004 5410 conceptus,
3052 5341 3107 5395 et
3152 5337 3326 5394 decus
3374 5335 3728 5410 virginitatis
3782 5348 3901 5392 non

2186 5425 2424 5484 abstulit
2496 5434 2685 5486 natus.
2760 5426 2872 5496 Qui
2940 5432 3252 5498 antequam
3318 5431 3674 5497 nasceretur,
3726 5423 3900 5482 talem

2185 5515 2401 5574 creavit
2442 5531 2590 5589 eam,
2621 5523 2688 5575 ut
2721 5516 2846 5589 ipse
2883 5513 3060 5588 digne
3098 5512 3257 5572 nasci
3299 5513 3580 5587 potuisset
3607 5527 3681 5573 ex
3709 5527 3797 5585 ea,
3828 5510 3902 5569 de

2185 5620 2299 5682 qua
2336 5607 2613 5680 prOphcta
2642 5606 2825 5666 David
2852 5604 3037 5664 multo
3067 5610 3209 5664 ante
3229 5605 3577 5680 praedixerat
3605 5629 3618 5663 :
3654 5628 3681 5658 α
3708 5604 3900 5665 Mater
