4178 6438
304 283 412 345 753

1816 294 2065 355 SEBMO
2102 292 2305 354 XLVI.

3702 297 3806 357 754

309 410 454 472 Sion
481 412 667 473 dicet:
702 413 911 488 Homo,
942 422 1001 475 et
1036 417 1209 481 homo
1239 418 1423 479 factus
1458 425 1543 479 est
1580 436 1657 479 ex
1694 436 1781 494 ea,
1814 426 1869 481 et
1895 421 2225 497 ipseAsuis
2264 421 2436 481 totius
2463 421 2622 481 orbis
2654 437 2887 498 campos
2919 423 3079 484 velut
3109 423 3255 484 rosis
3291 429 3347 484 et
3392 424 3530 485 liliis
3567 426 3803 485 decora-

306 499 581 561 fundavit
628 516 757 560 eam
803 502 1137 565 Altissimus
1180 510 1350 577 (Psal.
1387 518 1666 577 LXXXVI.)
1696 530 1722 563 ››
1779 508 2016 571 Crestus

298 593 392 645 est
429 603 505 646 ex
543 603 609 647 ea
647 604 826 665 quam
863 593 1097 662 creavit,
1136 600 1393 667 portatus
1429 601 1514 654 est
1562 595 1834 656 manibus
1875 612 2019 670 quas

302 677 602 749 formavit,
634 678 799 737 suxit
826 679 1003 739 ubera
1037 697 1172 756 qum
1202 684 1463 758 replevit,
1493 684 1704 759 puellm
1741 686 2015 745 confove-

302 766 478 826 batur
531 766 593 825 in
632 769 855 842 gremio
906 785 1081 844 quem
1107 772 1431 831 vastissima
1477 775 1608 831 coeli
1648 789 1766 832 non
1817 774 2017 850 recipit

306 852 570 927 latitudo,
608 856 932 930 puerilibus
964 859 1156 917 fasciis
1203 858 1538 932 cingebatur
1572 862 1676 935 qui
1714 862 2016 922 immensi-

311 949 488 1003 tatem
518 945 675 1004 orbis
718 953 882 1005 terrm
908 945 1131 1022 pugillo
1168 949 1585 1022 complectitur,
1613 952 1815 1010 matris
1854 968 2017 1025 pare-

306 1031 407 1091 bat
431 1034 669 1093 arbitrio
697 1035 799 1110 qui
829 1037 1095 1096 omnium
1125 1053 1321 1096 rerum
1353 1038 1488 1112 jura
1520 1055 1626 1099 suo
1655 1040 2017 1114 gubernabat

305 1122 571 1197 imperio,
604 1123 868 1196 vagiebat
906 1124 967 1181 in
1019 1125 1327 1185 cunabulis
1355 1127 1456 1200 qui
1496 1128 1833 1202 angelorum
1871 1146 2016 1204 gau-

305 1211 473 1271 dium
503 1219 622 1270 erat
659 1211 722 1270 in
754 1211 937 1283 coelis,
973 1213 1190 1272 vilibus
1219 1215 1512 1287 tegebatur
1548 1218 1880 1290 crepundiis
1913 1220 2015 1292 qui

304 1300 515 1360 electos
561 1316 697 1361 suos
736 1301 879 1359 stola
923 1299 1117 1360 induit
1168 1302 1636 1375 immortalitatis,
1698 1305 2017 1380 imperabat

301 1389 395 1448 illi
435 1388 628 1463 puella
665 1387 762 1446 cui
801 1395 1008 1447 cuncta
1058 1389 1454 1464 obtemperant
1491 1399 1547 1449 et
1580 1392 1858 1452 obediunt
1895 1394 2015 1452 ele-

302 1483 519 1536 menta.
570 1476 666 1537 Sic
720 1492 971 1552 namque
1036 1479 1098 1536 in
1155 1478 1468 1559 Evangelio
1525 1480 1802 1554 scriptum
1856 1488 1937 1540 est
1997 1508 2009 1542 :

308 1588 331 1616 ι
367 1565 512 1636 Quia
565 1566 728 1625 venit
801 1582 935 1625 cum
990 1567 1325 1640 parentibus
1404 1568 1703 1641 Nazareth,
1757 1577 1812 1628 et
1894 1577 2015 1630 erat

302 1654 572 1713 subditus
594 1655 715 1714 illis
735 1658 887 1724 (Luc.
915 1660 1005 1725 II).
1035 1677 1063 1709 »

2097 510 2201 569 vit.
2239 510 2565 584 Singularis
2592 528 2846 588 namque
2871 514 2976 572 ﬂos
3002 520 3215 574 sanctm
3243 515 3516 574 Ecclesim
3546 515 3670 590 ipse
3695 522 3803 591 est,

2098 601 2249 659 sicut
2292 601 2364 660 de
2391 602 2696 677 semetipso
2742 602 2805 661 in
2836 603 3088 664 Canticis
3129 606 3483 665 canticorum
3520 605 3803 679 loquitur,

2097 691 2294 750 dicens
2355 712 2367 750 :
2439 692 2613 766 «Ego
2663 694 2769 753 ﬂos
2821 695 3028 768 campi,
3088 702 3145 754 et
3201 695 3394 755 lilium
3445 694 3803 755 convallium

2093 782 2274 855 (Cant.
2316 782 2397 846 II).
2432 800 2460 834 »
2517 779 2639 840 Hoc
2688 780 2885 840 lilium
2931 798 3048 841 non
3099 784 3163 842 in
3215 784 3535 856 montibus,
3591 783 3690 841 sed
3737 782 3800 841 in

2096 866 2457 926 convallibus
2511 867 2784 940 nascitur,
2826 870 2967 944 quia
3007 871 3270 943 superbis
3330 871 3483 930 Deus
3529 871 3803 930 resistens

2095 958 2158 1015 in
2213 957 2533 1017 humilium
2587 959 2860 1019 cordibus
2913 961 3227 1022 invenitur.
3292 960 3510 1020 Lilium
3564 966 3804 1020 vocatur

2096 1044 2383 1116 Christus,
2428 1046 2622 1105 lilium
2669 1048 2883 1107 dicitur
2920 1055 2976 1107 et
3022 1055 3205 1108 mater
3254 1047 3490 1119 Christi,
3535 1049 3686 1107 sicut
3736 1050 3799 1106 in

2097 1132 2296 1191 eodem
2354 1134 2586 1192 Cantico
2646 1136 3007 1195 subinfertur
3063 1161 3075 1195 :
3137 1158 3164 1192 (ί
3197 1135 3358 1196 Sicut
3414 1136 3607 1195 lilium
3652 1135 3804 1194 inter

2096 1221 2311 1293 spinas,
2356 1222 2439 1280 sic
2484 1222 2670 1282 amica
2728 1240 2858 1282 mea
2910 1226 3063 1283 inter
3110 1224 3261 1284 filias
3308 1227 3509 1299 (Ibid).
3556 1247 3578 1277 ι
3642 1223 3805 1283 Sicut

2099 1309 2284 1368 lilium
2318 1311 2471 1368 inter
2508 1310 2724 1385 spinas,
2765 1313 2848 1371 sic
2878 1312 3210 1371 beatissima
3250 1314 3411 1387 virgo
3448 1313 3626 1373 Maria
3673 1313 3800 1373 eni-

2096 1398 2206 1457 tuit
2243 1399 2395 1457 inter
2433 1398 2619 1470 ﬁlias;
2658 1416 2790 1474 qum
2828 1401 2898 1459 de
2942 1401 3173 1475 spinosa
3222 1403 3536 1477 propagine
3578 1401 3805 1461 Judmo-

2097 1505 2228 1548 rum
2278 1496 2432 1560 nata,
2474 1490 2849 1550 candescebat
2890 1491 3175 1549 munditia
3209 1492 3490 1565 virginem
3533 1492 3806 1551 castitatis

2092 1577 2155 1636 in
2208 1593 2464 1652 corpore.
2523 1579 2952 1638 ﬂammescebat
3001 1587 3197 1638 autem
3275 1581 3481 1638 ardore
3555 1578 3806 1651 geminm

2091 1668 2385 1727 charitatis
2447 1670 2512 1727 in
2567 1678 2780 1742 mente,
2830 1671 3122 1743 fragrabat
3181 1671 3392 1745 passim
3442 1670 3615 1729 odore
3667 1670 3809 1729 boni

375 1740 1000 1840 Meritoitaquebeata
1027 1742 1205 1840 Maria
1223 1744 1446 1840 dicitur
1472 1763 1680 1840 parens
1708 1742 2069 1840 pa_rientis,B
2092 1758 2303 1830 operis,
2357 1758 2626 1818 tendebat
2678 1740 2773 1819 ad?
2804 1740 3082 1820 sublimia
3146 1740 3470 1819 intentione
3534 1759 3808 1820 continua

302 1828 494 1888 oriens
517 1830 777 1901 orientis,
815 1831 946 1890 fons
976 1832 1150 1891 fontis
1180 1832 1320 1905 vivi,
1355 1835 1516 1910 origo
1544 1836 1836 1912 principii,
1872 1828 2067 1913 quia"
2099 1828 2305 1906 cordis.

302 1916 403 1976 ille
448 1933 522 1976 ex
553 1934 621 1976 ea
656 1920 868 1994 prodiit
903 1936 1004 1995 per
1034 1922 1335 1982 materiam
1379 1925 1571 1983 carnis
1603 1926 1704 2000 qui
1729 1936 1903 1999 caput
1930 1935 2016 1987 est

2172 1937 2455 1996 Nonnulli
2492 1944 2710 2008 autem,
2753 1937 2895 1996 dum
2929 1937 3066 2012 plus
3098 1953 3297 2012 sapere
3333 1953 3507 2011 quam
3553 1942 3810 2011 oporteat

301 2015 359 2101 et
398 2007 634 2101 initium
687 2012 953 2101 omnium
1003 2028 1197 2071 rerum
1249 2029 1351 2087 per
1405 2016 1712 2074 essentiam
1764 2016 2011 2079 deitalis.
2101 2041 2299 2099 sapere
2360 2026 2633 2100 gestiunt,
2690 2026 2824 2099 quis
2872 2007 3048 2101 pater,
3091 2007 3183 2086 vel
3225 2007 3366 2101 qum
3394 2007 3809 2084 mater'beatm

303 2095 445 2203 Haec
471 2104 558 2157 est
583 2098 835 2203 denique
861 2108 1021 2201 porta
1048 2101 1172 2201 illa,
1208 2102 1282 2203 de
1313 2118 1434 2203 qua
1455 2103 1724 2203 Eaechiel
1754 2114 2016 2203 testatur,
2101 2095 2298 2172 Marim
2331 2095 2522 2185 fuerit,
2554 2095 2743 2173 studio
2772 2095 3081 2189 supernum
3104 2095 3449 2174 curiositatis
3471 2113 3802 2188 inquirunt.

303 2188 499 2248 dicens
536 2209 549 2248 :
585 2212 612 2241 α
645 2190 939 2251 Convertit
969 2208 1082 2264 me,
1118 2192 1332 2266 inquit,
1367 2195 1439 2253 ad
1468 2195 1626 2254 viam
1666 2206 1843 2271 portm
1881 2188 2017 2259 san:
2105 2201 2217 2265 Sed
2245 2203 2460 2275 aliquis
2488 2203 2668 2261 lector
2694 2188 2873 2261 nimis
2900 2205 3182 2264 inutiliter
3205 2203 3411 2278 qumrit
3441 2203 3594 2279 quod
3624 2219 3806 2261 evan-

302 2279 511 2338 ctuarii
559 2280 881 2352 exterioris,
922 2299 1055 2357 qum
1105 2284 1443 2358 respiciebat
1489 2287 1563 2345 ad
1616 2288 1921 2361 orientem,
1964 2299 2019 2351 et
2101 2292 2305 2365 gelista
2344 2308 2579 2351 narrare
2616 2294 2975 2367 superﬂuum
3016 2294 3206 2353 duxit.
3245 2294 3306 2353 Si
3335 2292 3493 2351 enim
3528 2294 3665 2353 huic
3697 2308 3805 2351 no-

302 2371 431 2428 hmc
474 2378 596 2430 erat
632 2372 849 2431 clausa.
892 2372 965 2430 Et
995 2373 1146 2431 dixit
1188 2374 1472 2434 Dominus
1523 2377 1595 2435 ad
1656 2394 1792 2437 me:
1852 2380 2019 2441 Porta
2105 2380 2247 2438 titim
2286 2381 2600 2439 utilitatem
2639 2381 2830 2440 inesse
2874 2388 3262 2456 cognosceret,
3306 2398 3673 2456 nequaquam
3712 2396 3809 2439 no-

302 2462 445 2533 hmc,
504 2477 680 2535 quam
722 2462 900 2533 vides,
940 2463 1136 2522 clausa
1180 2464 1306 2536 erit,
1351 2470 1405 2523 et
1450 2482 1569 2524 non
1624 2468 1930 2541 aperietur,
1964 2479 2019 2530 et
2100 2470 2238 2528 bilis
2276 2471 2585 2530 historicus
2622 2488 2745 2530 rem
2780 2474 3160 2533 necessariam
3201 2473 3433 2531 silentio
3471 2471 3807 2546 praeteriret.

308 2550 400 2608 vir
454 2566 570 2609 non
625 2552 892 2610 transibit
927 2568 1029 2625 per
1072 2567 1219 2623 eam,
1270 2560 1325 2611 et
1375 2570 1602 2627 semper
1654 2555 1762 2614 erit
1821 2557 2017 2618 clausa
2103 2556 2420 2616 Sciendum
2472 2575 2608 2618 vero
2661 2567 2748 2617 est
2795 2561 2957 2619 hunc
2993 2577 3118 2618 esse
3154 2577 3373 2619 morem
3434 2560 3811 2634 scriptoribus

303 2643 521 2710 (Ezech.
579 2647 766 2712 XLIV).
816 2668 843 2691 »
908 2643 1051 2701 Vere
1090 2659 1315 2716 semper
1360 2640 1579 2713 clausa:
1615 2645 1753 2716 quia
1791 2661 2018 2721 semper
2099 2648 2245 2705 sacri
2288 2648 2506 2723 eloquii
2556 2656 2640 2721 ut,
2690 2649 2842 2708 sicut
2885 2651 3118 2708 student
3160 2665 3387 2722 semper
3434 2648 3607 2708 silere
3655 2650 3808 2722 quod

304 2728 651 2803 incorrupta.
710 2731 1052 2804 Incorrupta
1124 2738 1261 2788 ante
1329 2736 1558 2804 partum
1600 2777 1614 2801 ,
1680 2733 2015 2807 incorrupta
2097 2735 2278 2806 obest,
2324 2735 2408 2794 sic
2444 2735 2618 2794 etiam
2653 2738 2864 2795 referre
2909 2736 3235 2825 despiciunt
3287 2736 3440 2811 quod
3485 2736 3634 2794 scire
3688 2751 3807 2795 non

304 2825 428 2889 post
480 2826 743 2892 partum,
799 2819 1134 2893 concipiens
1189 2818 1423 2889 virum,
1475 2821 1738 2879 nesciens
1792 2822 2012 2895 virum,
2097 2824 2344 2898 prodest.
2405 2825 2737 2900 Aliquando
2795 2818 2989 2886 autem
3022 2827 3086 2886 in
3125 2843 3285 2885 sacra
3323 2825 3620 2899 Scriptura
3670 2825 3809 2884 certi

301 2907 454 2966 sicut
508 2924 607 2980 per
655 2909 969 2967 Jeremiam
1008 2909 1222 2967 dicitur
1254 2928 1268 2967 :
1311 2934 1339 2959 α
1364 2908 1557 2968 Faciet
1592 2909 1878 2970 Dominus
1915 2929 2014 2972 no-

303 3010 441 3053 vum
494 3011 668 3070 super
744 3003 975 3061 terram,
1031 3004 1088 3056 et
1137 3013 1268 3063 ecce
1338 2997 1555 3056 mulier
1630 2998 2013 3060 circumdabit

304 3083 496 3143 virum
525 3087 661 3160 (Jer.
694 3094 898 3156 xxxx).
930 3108 960 3140 »

2097 2928 2268 2971 causa
2298 2914 2559 2988 mysterii
2596 2914 2818 2990 aliquid
2870 2915 3350 2990 prmtermittitur,
3391 2922 3452 2974 ut
3491 2914 3612 2990 ipso
3641 2914 3808 2986 quasi

2097 3004 2382 3063 clamante
2434 3004 2665 3064 silentio
2706 3023 2985 3080 magnum
3024 3007 3249 3080 aliquid
3293 3005 3594 3064 sentiatur.
3649 3003 3810 3064 Sicut

2031 3128 2076 3189 ο
2097 3100 2182 3153 est
2207 3094 2364 3169 quod
2391 3092 2813 3189 Melchisedech
2841 3095 2904 3189 in
2934 3096 3144 3155 veteris
3160 3094 3804 3189 narrationehistorim,

372 3172 740 3235 Gaudeamus
777 3177 994 3253 itaque,
1035 3177 1418 3250 dilectissimi,
1458 3183 1514 3235 et
1548 3179 1912 3239 exsultemus
1946 3180 2006 3239 in
2032 3172 2075 3189 “
2095 3185 2223 3243 sine
2244 3190 2423 3258 patre,
2441 3183 2568 3242 sine
2596 3192 2798 3256 matre,
2822 3184 2947 3243 sine
2973 3184 3308 3259 genealogia
3333 3200 3432 3258 per
3459 3183 3695 3256 Moysen
3719 3182 3809 3240 in-

301 3262 597 3322 nativi'tate
654 3264 1004 3324 beatissimm
1058 3266 1164 3324 Dei
1239 3266 1538 3341 genitricis
1600 3268 1819 3341 Mariae,
1873 3285 2009 3343 qum

299 3366 517 3410 novum
550 3354 773 3413 mundo
806 3355 1097 3414 nuntiavit
1138 3358 1449 3431 gaudium,
1479 3366 1535 3416 et
1588 3359 1760 3418 totius
1789 3359 2011 3419 exstitit

298 3440 575 3501 humanm
614 3442 817 3503 salutis
854 3446 1184 3506 exordium.
1224 3449 1619 3520 Exsultemus,
1659 3450 1921 3524 inquam,
1954 3458 2011 3510 et

299 3530 445 3590 sicut
498 3532 751 3605 gaudere
820 3532 1074 3592 solemus
1148 3535 1209 3591 in
1265 3535 1568 3594 nativitate
1634 3537 1866 3608 Christi,
1930 3539 2009 3597 ita

298 3621 469 3680 etiam
516 3622 905 3681 nihilominus
944 3623 1302 3697 gaudeamus
1344 3625 1408 3682 in
1452 3625 1755 3684 nativitate
1807 3629 2009 3687 matris

297 3710 531 3769 Christi.
563 3710 752 3774 Hodie
781 3719 916 3772 nata
956 3720 1042 3771 est
1070 3712 1270 3787 regina
1298 3714 1525 3787 mundi,
1555 3714 1807 3774 fenestra
1850 3717 2003 3788 cmli,

291 3800 473 3874 janua
512 3801 783 3875 paradisi,
819 3802 1257 3863 tabernaculum
1284 3803 1410 3878 Dei,
1435 3805 1600 3864 stella
1628 3806 1825 3878 maris,
1854 3808 2007 3867 scala

297 3888 559 3959 cmlestis,
591 3904 693 3963 per
721 3905 898 3964 quam
927 3907 1218 3966 supernus
1256 3892 1384 3951 Rex
1418 3893 1762 3953 humiliatus
1791 3895 1862 3953 ad
1889 3896 2008 3954 ima

298 3978 627 4049 descendit;
688 3986 743 4038 et
786 3981 981 4053 homo,
1032 3981 1135 4055 qui
1170 3989 1487 4056 prostratus
1521 3982 1767 4055 jacebat,
1794 3984 1867 4042 ad
1907 4000 2005 4044 su-

297 4083 475 4141 perna
535 4069 827 4129 exaltatus
898 4072 1172 4130 ascendit.
1238 4071 1423 4130 Hodie
1499 4073 1768 4146 apparuit
1845 4073 2008 4133 stella

299 4156 540 4228 mundo,
586 4173 689 4230 per
729 4172 904 4231 quam
951 4157 1050 4217 Sol
1091 4158 1333 4233 justitim
1375 4158 1575 4218 illuxit
1612 4161 1853 4220 mundo.
1900 4162 2007 4220 Illa

299 4243 585 4316 videlicet,
630 4245 701 4303 de
738 4261 853 4320 qua
901 4262 1002 4321 per
1040 4247 1375 4323 prophetam
1413 4246 1625 4308 dicitur
1665 4268 1677 4307 :
1716 4272 1744 4301 α
1779 4248 2008 4308 Orietur

297 4334 463 4393 stella
498 4351 573 4394 ex
611 4334 807 4407 Jacob,
846 4342 903 4393 et
946 4344 1218 4410 exsurget
1264 4336 1438 4396 homo
1475 4338 1547 4396 de
1588 4338 1767 4397 Israel
1818 4341 2001 4403 (Num.

2097 3273 2418 3332 troducitur
2447 3274 2602 3341 (Gen.
2635 3285 2779 3342 XIV;
2805 3276 2970 3339 Hebr.
2996 3282 3122 3343 VII),
3146 3281 3211 3332 ut
3235 3273 3498 3331 videlicet
3523 3271 3808 3341 Christus,

2091 3361 2195 3435 qui
2248 3366 2333 3418 est
2387 3360 2650 3418 sacerdos
2702 3361 3026 3419 secundum
3074 3360 3338 3420 ordinem
3388 3359 3807 3427 Melchisedech

2093 3453 2265 3520 (Psal.
2287 3455 2431 3519 CIX),
2447 3466 2546 3522 per
2565 3465 2701 3508 eum
2723 3450 3106 3523 significetur,
3121 3449 3191 3508 de
3208 3465 3323 3524 quo
3338 3450 3612 3522 propheta
3632 3447 3801 3506 dicit:

2097 3563 2121 3587 «
2150 3537 2590 3597 Generationem
2614 3537 2770 3595 enim
2792 3539 2918 3612 ejus
2949 3538 3083 3611 quis
3110 3537 3399 3597 enarrabit
3416 3537 3444 3595 ?
3470 3558 3490 3588 η
3525 3540 3651 3610 (Isa.
3666 3538 3804 3609 LIII.)

2091 3628 2160 3686 In
2199 3626 2566 3701 generatione
2605 3633 2799 3684 autem
2837 3626 3047 3685 Christi
3079 3625 3201 3684 illm
3245 3625 3501 3684 ordinari
3542 3640 3804 3699 personm

2092 3719 2298 3777 merito
2353 3716 2702 3788 debuerunt,
2763 3734 2864 3792 per
2915 3734 3060 3793 quas
3115 3718 3185 3776 ad
3235 3718 3449 3792 Joseph
3505 3717 3804 3776 descensio

2092 3811 2274 3882 fieret,
2302 3824 2420 3867 non
2457 3808 2530 3867 ad
2569 3808 2834 3879 Mariam,
2869 3825 3004 3881 quae
3041 3809 3114 3868 de
3157 3825 3274 3869 una
3312 3825 3443 3868 cum
3484 3808 3610 3882 ipso
3650 3807 3803 3867 tribu

2093 3899 2302 3968 fuerat,
2350 3897 2681 3956 declinaret.
2733 3897 3098 3957 Consuetudo
3150 3898 3365 3972 quippe
3414 3900 3602 3957 fuerat
3655 3902 3803 3955 vete-

2092 4003 2225 4046 rum
2252 3987 2401 4046 utin
2429 3987 2760 4061 genealogia
2792 3987 3049 4045 virorum
3081 3987 3177 4045 vix
3212 3986 3529 4061 aliquando
3564 3985 3803 4045 nomina

2088 4083 2369 4151 ponerent
2422 4074 2791 4133 feminarum.
2833 4074 2895 4135 Si
2939 4091 3074 4135 vero
3111 4075 3426 4135 mulierum
3463 4091 3648 4150 genus
3697 4090 3800 4134 vo-

2090 4164 2338 4224 luissent
2386 4164 2728 4233 describere,
2778 4180 2881 4237 per
2958 4164 3234 4225 mulieres
3300 4164 3447 4224 illud
3522 4164 3805 4223 curabant

2091 4251 2403 4327 aliquando
2456 4266 2790 4326 propagare.
2860 4253 3173 4312 Attestatur
3229 4261 3441 4321 nostrm
3496 4252 3804 4315 assertioni

2092 4340 2278 4398 Lucas
2332 4338 2708 4412 evangelista,
2754 4339 2858 4414 qui
2900 4340 3237 4399 Zachariam
3292 4348 3509 4415 patrem
3564 4341 3804 4400 Joannis

297 4429 491 4497 XXIV).
525 4450 545 4477 ι
584 4427 771 4485 Hodie
805 4433 935 4485 nata
961 4434 1043 4485 est
1080 4428 1548 4501 splendidissima
1573 4429 1679 4487 illa
1708 4429 1892 4503 virgo,
1929 4446 2071 4503 ex“
2092 4444 2194 4503 per
2255 4426 2425 4486 virile
2485 4444 2671 4502 genus
2726 4428 3061 4501 ostendere,
3135 4429 3421 4489 Elisaheth
3493 4445 3629 4487 vero
3702 4444 3803 4501 per

295 4530 411 4590 qua
452 4515 725 4588 processit
773 4513 1067 4588 speciosus
1119 4516 1303 4574 forma
1346 4532 1467 4590 prm
1514 4516 1653 4574 ﬁliis
1698 4513 2300 4575 hominum“sexum
2318 4515 2545 4573 curavit
2578 4515 2926 4575 muliebrem
2953 4517 3275 4591 designare.
3333 4541 3353 4568 ι
3392 4516 3545 4587 Fuit,
3586 4516 3799 4589 inquit,

295 4613 574 4679 tanquam
641 4620 885 4678 sponsus
940 4605 1013 4663 de
1066 4605 1317 4665 thalamo
1392 4621 1499 4665 suo
1566 4610 1739 4676 (Psal.
1811 4613 2002 4677 XLIV).
2091 4602 2153 4660 in
2208 4603 2416 4661 diebus
2453 4602 2698 4662 Herodis
2745 4605 2899 4679 regis
2939 4606 3181 4677 Judmm,
3233 4606 3494 4663 sacerdos
3538 4603 3800 4679 quidam,

294 4692 482 4765 Hodie
516 4692 728 4767 prodiit
764 4709 839 4752 ex
877 4700 1039 4752 utero
1088 4694 1308 4766 matris,
1363 4710 1496 4769 qum
1553 4695 1833 4771 templum
1881 4696 2006 4754 fieri

297 4782 512 4841 meruit
555 4780 895 4841 divinitatis.
943 4782 1126 4841 Hodie
1155 4783 1389 4856 impleta
1419 4791 1499 4841 est
1543 4784 1840 4858 prophetia
1878 4784 2000 4857 illa,

296 4887 472 4946 quam
510 4872 764 4930 eximius
797 4872 1208 4945 prophetarum
1263 4872 1439 4931 Isaias
1477 4873 1645 4948 quasi
1696 4889 1880 4946 prmco
1920 4875 2002 4932 fa-

296 4970 422 5021 ctus
458 4963 526 5020 ad
567 4963 883 5021 adventum
922 4961 1143 5035 regium
1177 4964 1403 5033 mundi,
1456 4979 1667 5037 magna
1703 4980 1841 5023 voce
1885 4964 2003 5022 cla-

297 5048 511 5121 mabat,
546 5048 787 5108 dicens:
840 5074 860 5100 -
896 5049 1239 5122 Egredietur
1273 5050 1435 5124 virga
1483 5051 1554 5109 de
1595 5050 1786 5109 radice
1822 5051 2000 5125 Jesse,

298 5145 353 5197 et
402 5138 508 5198 ﬂos
537 5140 610 5198 de
648 5139 840 5198 radice
877 5140 1005 5213 ejus
1042 5141 1310 5199 ascendet
1355 5142 1480 5213 (Isa.
1530 5144 1633 5209 x1).
1669 5167 1694 5191 »ι
1740 5142 1811 5200 Et
1856 5142 2003 5200 bene

300 5228 423 5286 bmc
459 5228 930 5303 incomparabilis
970 5228 1146 5303 Virgo
1189 5230 1351 5303 virga
1392 5225 1536 5285 236
1586 5232 1816 5305 dicitur,
1867 5250 2000 5308 qum

296 5324 351 5374 et
397 5332 497 5391 per
536 5317 920 5376 intentionem
958 5318 1227 5377 desiderii
1261 5318 1331 5377 ad
1362 5334 1611 5392 superna
1648 5322 1904 5394 emicuit,
1944 5331 2000 5381 et

299 5421 397 5479 per
432 5407 848 5467 sinceritatem
900 5408 1040 5467 boni
1095 5409 1284 5481 operis
1346 5401 1610 5467 distortm'
1667 5410 2002 5469 nodositatis

300 5494 507 5555 vitium
541 5514 656 5556 non
688 5498 954 5556 incurrit.
993 5498 1071 5557 De
1097 5515 1213 5571 qua
1250 5497 1412 5571 virga
1440 5497 1786 5572 Redemptor
1812 5508 2003 5559 noster

298 5586 469 5657 quasi
503 5587 610 5646 ﬂos
643 5587 925 5657 ascendit,
964 5588 1069 5662 qui
1100 5588 1452 5662 martyribus
1481 5594 1535 5646 et
1571 5588 2000 5649 confessoribus

2091 4696 2331 4753 nomine
2383 4694 2706 4767 Zacharias,
2747 4695 2819 4753 de
2857 4695 2982 4754 vice
3017 4696 3188 4762 Abia,
3226 4702 3282 4753 et
3319 4709 3469 4752 uxor
3505 4693 3590 4751 illi
3622 4694 3694 4751 de
3725 4693 3797 4750 ﬁ-

2090 4782 2279 4841 liabus
2311 4784 2506 4841 Aaron
2549 4787 2693 4857 (Luc.
2737 4784 2792 4857 1).
2827 4806 2855 4839 »
2898 4784 2972 4843 Ut
3011 4784 3291 4842 nimirum
3330 4796 3583 4854 congrue
3633 4782 3724 4840 vir
3764 4798 3799 4840 a

2089 4876 2250 4947 viris,
2291 4876 2511 4935 femina
2536 4878 2837 4951 propagari
2868 4875 3164 4935 videretur
3188 4891 3223 4933 a
3253 4874 3509 4932 feminis.

2160 4966 2466 5026 Matthmus
2546 4967 2763 5042 igitur,
2816 4964 2917 5039 qui
2991 4964 3103 5022 viri
3166 4970 3538 5037 proposuerat
3611 4975 3798 5036 genus

2087 5055 2449 5133 describere,
2488 5055 2650 5114 illius
2702 5053 2939 5123 scilicet,
3002 5053 3072 5111 de
3133 5068 3252 5127 quo
3304 5069 3403 5128 per
3461 5053 3798 5127 prophetam

2087 5148 2297 5207 dicitur
2328 5167 2341 5207 :
2380 5172 2407 5195 «
2442 5149 2586 5206 Ecce
2623 5146 2714 5205 vir
2752 5143 2956 5203 Oriens
2997 5160 3207 5203 nomen
3249 5146 3373 5219 ejus
3409 5146 3594 5206 (Zach.
3628 5148 3734 5213 v1),
3765 5164 3791 5196 κ

2087 5237 2314 5295 erudite
2357 5250 2459 5308 per
2500 5233 2713 5307 .loseph
2751 5231 3101 5291 descendere
3150 5234 3366 5302 voluit;
3416 5232 3616 5290 Marim
3660 5247 3797 5289 vero

2089 5331 2353 5398 parentes
2382 5338 2598 5396 ponere
2634 5320 2996 5395 superfluum
3025 5320 3327 5394 judicavit.

2156 5412 2267 5482 Qui
2310 5426 2445 5483 ergo
2484 5418 2792 5483 parentum
2835 5408 3034 5469 Marim
3072 5409 3336 5468 notitiam
3382 5410 3594 5469 habere
3642 5409 3795 5469 desi-

2085 5503 2262 5573 derat,
2313 5502 2384 5559 de
2425 5502 2645 5559 semine
2697 5517 2823 5560 eam
2866 5500 3139 5569 Abrahm,
3186 5499 3258 5556 de
3305 5498 3459 5558 tribu
3507 5499 3675 5569 Juda,
3724 5500 3796 5558 de

2088 5591 2243 5664 regia
2270 5590 2446 5665 stirpe
2482 5589 2687 5663 David,
2727 5589 3091 5649 descendisse
3126 5597 3446 5663 cognoscat.
3490 5587 3634 5657 237
3676 5590 3793 5651 No-
