4178 6456
374 282 478 343 755

991 282 1049 342 S.
1094 280 1314 340 PETRI
1358 279 1675 338 DAMIANI
1714 276 1871 338 OPP.
1917 277 2109 338 PARS
2151 277 2295 337 SEU
2332 277 2584 339 TOMUS
2621 278 2697 338 II.
2740 310 2810 323 —
2851 274 3269 340 SERMONES.

3777 278 3896 339 756

377 413 525 470 verit
573 427 806 487 quoque
857 427 985 469 eam
1031 427 1164 469 cum
1221 408 1557 468 sacerdotali
1610 410 1802 467 Aaron
1870 408 2148 481 genereA
2240 407 2284 466 Ο
2324 407 2526 481 quanti
2564 408 2715 467 hanc
2744 408 3103 467 vindemiam
3136 405 3316 465 aridis
3354 407 3639 464 mentium
3690 408 3897 467 fauci-

380 500 739 574 cognationis
782 498 1055 556 habuisse
1108 497 1619 571 propinquitatem.
1673 495 1834 555 Unde
1880 497 1933 554 ei
1985 510 2089 569 per

381 589 655 663 angelum
690 588 899 645 dicitur
940 610 953 644 :
1001 610 1022 637 α
1062 587 1131 643 Et
1170 602 1298 645 ecce
1346 586 1637 644 Elisabeth
1684 591 1923 657 cognata
1968 592 2084 654 tua,

382 685 438 734 et
482 678 602 749 ipsa
651 674 909 748 concepit
955 674 1145 733 lilium
1190 675 1252 732 in
1291 680 1581 732 senectute
1615 687 1720 731 sua
1768 677 1919 742 (Luc.
1957 677 2023 741 ι).
2057 698 2082 721 η

384 765 454 822 Et
491 766 623 836 jure
668 763 1017 836 Redemptor
1064 770 1257 821 noster
1302 763 1372 820 de
1414 761 1768 835 sacerdotali,
1812 761 1989 821 simul
2034 767 2090 820 et

385 854 537 925 regia
573 853 942 925 generatione
976 868 1205 910 carnem
1246 852 1536 925 suscipere
1584 852 1787 922 voluit,
1819 854 1919 926 qui
1962 853 2090 911 Rex

383 949 515 1000 ante
561 942 776 999 saecula
818 942 1094 1009 existens,
1124 947 1318 1013 utpote
1354 957 1527 999 verus
1555 941 1835 1011 sacerdos,
1878 950 2088 1001 semet-

384 1033 578 1101 ipsum
612 1030 763 1087 Patri
794 1044 897 1100 pro
928 1028 1095 1087 nobis
1133 1029 1433 1086 suavitatis
1460 1029 1707 1087 hostiam
1740 1029 2085 1089 immolavit.

384 1120 531 1177 Nam
583 1127 638 1176 et
684 1136 788 1178 rex
830 1119 1011 1177 David
1049 1135 1182 1177 cum
1230 1135 1405 1193 panes
1465 1119 1895 1193 propositionis,
1945 1136 2091 1194 quos

318 1229 323 1235 ’
384 1225 498 1267 non
536 1209 739 1268 licebat
766 1209 882 1267 nisi
914 1209 1051 1267 solis
1079 1209 1245 1266 edere
1274 1208 1669 1267 sacerdotibus
1719 1210 2092 1268 manducavit

385 1301 460 1361 (Π
482 1303 614 1367 Reg.
653 1304 806 1369 XXI),
829 1298 889 1355 in
936 1313 1052 1354 una
1086 1297 1401 1371 eademque
1430 1314 1673 1371 persona
1710 1299 1847 1358 Jesu
1879 1299 2091 1358 Christi

386 1386 618 1444 Domini
650 1388 832 1445 nostri
872 1394 1185 1461 utrumque
1214 1388 1501 1459 futurum,
1536 1388 1597 1445 id
1634 1394 1737 1454 est.
1767 1405 2011 1462 regnum
2039 1398 2094 1449 et

385 1474 792 1543 sacerdotium,
836 1475 1127 1547 ﬁguravit.
1163 1475 1282 1532 Nec
1337 1475 1527 1532 solum
1579 1476 1860 1535 Mediator
1890 1479 1994 1537 Dei
2039 1485 2094 1537 et

390 1562 716 1632 hominum,
747 1563 920 1619 homo
946 1562 1228 1632 Christus,
1262 1564 1386 1622 Rex
1432 1570 1488 1621 et
1521 1564 1798 1624 Sacerdos
1837 1582 2093 1640 congrue

388 1650 621 1723 dicitur,
657 1651 752 1708 sed
782 1656 837 1707 et
871 1651 1207 1727 quicunque
1236 1651 1323 1709 illi
1351 1653 1596 1723 perfecto
1624 1669 1819 1712 amore
1845 1658 2090 1729 conjun-

2167 500 2277 559 bus
2315 499 2605 570 sitiebant,
2654 498 2857 573 quanti
2892 498 2964 556 ad
3001 503 3264 556 mustum
3301 495 3653 570 evangelica
3680 497 3897 572 gratias

2168 590 2491 664 pertingere
2538 586 2911 648 inenarrabili
2947 586 3234 646 desiderio
3301 585 3656 657 ﬂagitabant.
3715 587 3895 647 Unde

2167 687 2224 738 et
2251 677 2552 753 discipulis
2580 675 2802 734 Veritas
2841 674 2980 733 dicit
3018 692 3031 731 :
3076 696 3102 723 α
3136 675 3323 731 Amen
3364 673 3491 732 dico
3522 674 3686 732 vobis
3724 676 3893 750 quod

2168 770 2338 829 multi
2392 768 2702 843 prophetae,
2763 773 2820 825 et
2867 780 3028 838 reges
3083 764 3395 827 voluerunt
3452 760 3597 818 238
3656 765 3883 835 videre,

2168 874 2303 933 quin
2340 873 2443 915 vos
2490 855 2719 925 videtis,
2766 859 2821 912 et
2859 867 2977 911 non
3022 851 3314 919 viderunt,
3366 857 3423 908 et
3473 850 3695 922 audire,
3744 868 3888 926 quae

2167 946 2400 1012 auditis,
2433 950 2490 1003 et
2527 960 2639 1003 non
2675 943 2984 1003 audierunt
3018 944 3167 1010 (Luc.
3208 944 3363 1009 XIX).
3398 960 3425 992 »
3464 938 3547 997 De
3573 941 3682 998 hac
3710 941 3891 1001 vinea

2173 1051 2414 1109 sponsus
2465 1034 2528 1092 in
2587 1033 2837 1092 Canticis
2894 1030 3250 1089 canticorum
3305 1028 3584 1102 loquitur,
3637 1029 3839 1087 dicens
3865 1052 3882 1087 :

2174 1146 2202 1181 «
2229 1125 2508 1185 Descendi
2562 1124 2633 1183 ad
2683 1124 2918 1182 hortum
2978 1134 3218 1191 nucum,
3274 1125 3339 1177 ut
3397 1118 3652 1176 viderem
3712 1135 3890 1193 poma

2170 1217 2547 1288 convallium,
2577 1222 2633 1274 et
2668 1215 3016 1289 inspicerem
3044 1214 3092 1269 si
3122 1211 3411 1270 ﬂoruisset
3451 1212 3640 1284 vinea,
3671 1218 3727 1270 et
3754 1228 3886 1286 ger-

2171 1304 2490 1363 minassent
2533 1301 2685 1361 mala
2726 1300 2936 1376 punica
2977 1302 3151 1374 (Cant.
3189 1300 3287 1373 VI).
3319 1320 3348 1354 »
3415 1299 3634 1358 Malum
3672 1301 3892 1374 quippe
3950 1366 3957 1373 ο

2172 1393 2449 1468 punicum
2500 1406 2692 1451 amara
2740 1389 2975 1464 quidem
3024 1388 3232 1446 cortice
3270 1389 3509 1461 tegitur,
3553 1390 3650 1447 sed
3699 1389 3893 1448 dulcis

2172 1483 2234 1540 in
2288 1482 2413 1555 ejus
2466 1478 2732 1552 granulis
2776 1476 3029 1536 suavitas
3094 1476 3430 1536 occultatur.
3501 1477 3650 1536 Sunt
3693 1483 3894 1537 autem

2172 1568 2600 1641 nonnulli,qui,
2631 1567 2774 1625 dum
2802 1581 2903 1639 per
2924 1563 3249 1622 aﬂlictionis
3286 1565 3735 1624 amaritudinem
3764 1581 3898 1624 cru-

2171 1676 2294 1718 cem
2342 1657 2551 1717 Cliristi
2580 1654 2809 1714 assidue
2834 1654 3136 1729 patiuntur
3163 1653 3223 1710 in
3267 1668 3522 1728 corpore,
3554 1670 3653 1729 per
3675 1654 3896 1712 amoris

387 1738 563 1813 gitur,
602 1741 905 1813 utriusque
956 1739 1252 1813 dignitatis
1310 1742 1657 1800 vocabulum
1709 1747 2527 1820 promeretur.Bdesiderium
2576 1742 2881 1801 dulcedine
2933 1741 3436 1815 contemplationis
3487 1743 3712 1801 intimae
3758 1742 3893 1800 reﬁ-

390 1828 555 1886 Unde
606 1835 663 1885 et
698 1845 800 1903 per
847 1829 1083 1888 Petrum
1144 1830 1355 1889 dicitur
1412 1852 1425 1889 :
1488 1854 1509 1882 ι
1558 1832 1672 1891 Vos
1724 1835 1860 1893 estis
1918 1851 2101 1907 genus

389 1920 654 1989 electum,
686 1921 875 1993 regale
931 1922 1334 1993 sacerdotium,
1387 1939 1530 1995 gens
1582 1931 1793 1997 sancta,
1854 1929 2103 2001 populus

389 2007 788 2082 acquisitionis
844 2012 882 2084 (1
920 2014 1063 2067 Patr.
1119 2013 1197 2081 II).
1241 2038 1266 2060 »
1299 2012 1370 2070 Et
1420 2015 1481 2071 in
1535 2015 1879 2091 Apocalypsi
1926 2019 2103 2078 Joan-

393 2097 486 2154 nis
518 2116 530 2153 :
568 2118 589 2147 α
625 2096 850 2169 Dignus
887 2114 967 2168 es,
998 2099 1244 2157 Domine
1287 2100 1460 2172 Deus,
1502 2103 1759 2176 accipere
1804 2105 2018 2165 librum
2046 2111 2104 2169 et

393 2185 617 2257 aperire
644 2186 940 2258 signacula
984 2187 1142 2259 ejus;
1179 2190 1455 2262 quoniam
1484 2192 1706 2249 occisus
1741 2208 1822 2264 es,
1854 2202 1911 2251 et
1939 2196 2102 2256 rede-

394 2275 553 2331 misti
607 2289 713 2332 nos
750 2275 867 2332 Deo
910 2274 973 2331 in
1013 2274 1299 2347 sanguine
1341 2284 1440 2335 tuo
1484 2293 1559 2335 ex
1607 2280 1766 2337 omni
1822 2282 1995 2355 tribu,
2052 2291 2106 2343 et

400 2362 618 2435 lingua,
665 2369 720 2420 et
775 2363 1004 2435 populo,
1060 2370 1115 2420 et
1158 2364 1412 2437 natione,
1471 2373 1526 2424 et
1588 2368 1769 2426 fecisti
1826 2386 1934 2430 nos
1989 2373 2105 2432 Deo

400 2458 592 2509 nostro
644 2466 910 2523 regnum,
945 2452 1281 2525 sacerdotes,
1308 2462 1363 2512 et
1391 2455 1762 2527 regnabimus
1792 2474 1965 2534 super
1993 2467 2106 2520 ter—

395 2556 517 2601 rain
565 2543 752 2612 (Apoc.
811 2542 884 2607 ν).
924 2564 945 2593 ι
1003 2543 1188 2615 Reges
1236 2546 1391 2603 enim
1446 2561 1547 2618 per
1593 2546 1803 2605 Christi
1865 2550 2102 2621 gratiam

396 2645 620 2698 sumus,
670 2629 807 2704 quia
860 2632 1051 2689 crucis
1101 2634 1384 2692 vexillum
1441 2636 1503 2692 in
1560 2635 1746 2693 fronte
1786 2643 2102 2709 portamus.

398 2717 726 2776 Sacerdotes
760 2725 955 2778 autem
988 2721 1121 2793 jure
1158 2710 1425 2794 dicimur,
1459 2724 1599 2798 quia
1636 2726 1815 2783 sancti
1858 2726 2107 2800 Spiritus

397 2806 523 2866 oleo
558 2814 613 2864 et
637 2808 963 2867 chrismatis
989 2809 1263 2868 unctione
1290 2811 1550 2871 linimur.

473 2895 628 2953 Inter
664 2903 868 2954 cuncta
904 2904 1096 2955 autem
1134 2899 1310 2972 hujus
1346 2903 1693 2959 venerandae
1731 2904 2108 2964 solemnitatis

400 2985 674 3057 insignia,
726 2987 931 3044 fratres
974 2987 1319 3057 cbarissimi,
1376 2989 1522 3047 illud
1578 2992 1749 3049 etiam
1808 3010 1923 3052 non
1983 2995 2107 3052 sine

2185 1836 2421 1895 ciuntur
2458 1834 2519 1892 in
2564 1837 2778 1890 mente.
2821 1829 2972 1888 Mala
3022 1845 3155 1903 ergo
3198 1830 3409 1903 punica
3470 1832 3664 1904 sponsi
3718 1832 3897 1890 vinea

2185 1923 2491 1999 germinat,
2544 1920 2683 1995 quia
2732 1918 2873 1977 tales
2926 1933 3125 1990 parere
3173 1926 3368 1976 sancta
3427 1918 3679 1977 Ecclesia
3728 1935 3892 1978 nun-

2186 2028 2362 2087 quam
2403 2016 2603 2067 cessat.
2657 2008 2737 2066 De
2783 2009 2888 2066 hac
2932 2006 3131 2065 eadem
3169 2007 3339 2066 vinea
3382 2007 3445 2065 in
3485 2008 3701 2066 eisdem
3739 2008 3898 2067 Cau-

2187 2098 2315 2157 ticis
2351 2111 2558 2172 sponsa
2593 2096 2666 2153 ad
2705 2109 2984 2167 sponsum
3026 2094 3306 2169 loquitur,
3346 2094 3546 2154 dicens
3590 2120 3603 2153 :
3668 2116 3695 2149 ‹‹
3725 2096 3900 2155 Mane

2187 2202 2494 2261 surgamus
2528 2184 2600 2243 ad
2639 2184 2896 2253 vineam,
2932 2183 3234 2242 videamus
3283 2184 3333 2241 si
3378 2184 3579 2242 ﬂoruit
3620 2180 3810 2254 vinea,
3846 2185 3901 2243 si

2188 2279 2354 2336 ﬂores
2403 2276 2627 2334 fructus
2670 2272 3031 2347 parturiunt;
3067 2271 3115 2329 si
3144 2273 3467 2331 ﬂoruerunt
3496 2273 3647 2331 mala
3682 2273 3900 2348 punica

2188 2369 2362 2440 (Cant.
2398 2367 2521 2434 VII).
2550 2387 2570 2413 ι
2618 2362 2809 2436 Hujus
2845 2359 3035 2419 vineta
3080 2360 3183 2418 ille
3225 2360 3610 2419 vindemiator
3649 2361 3896 2432 exstitit,

2187 2457 2289 2531 qui
2345 2457 2408 2513 in
2460 2453 2730 2513 torculari
2786 2450 3070 2525 passionis
3117 2467 3239 2510 suae
3310 2467 3562 2524 pressus,
3622 2453 3900 2526 mysticus

2188 2546 2357 2604 nobis
2395 2544 2582 2602 divini
2620 2541 2836 2616 eloquii
2874 2556 3079 2599 sensus
3120 2541 3364 2614 aperuit,
3399 2548 3454 2598 et
3494 2543 3701 2601 vinum
3731 2541 3904 2600 nobis

2187 2633 2538 2707 evangelicae
2564 2632 2764 2705 gratiae
2794 2629 3141 2704 propinavit.
3182 2629 3264 2687 De
3301 2644 3416 2702 quo
3456 2629 3722 2688 videlicet
3758 2630 3904 2689 vino

2187 2727 2249 2784 in
2286 2723 2502 2783 eisdem
2541 2721 2793 2781 Canticis
2831 2734 3057 2793 sponsas
3101 2733 3238 2775 voce
3266 2717 3336 2775 ad
3370 2734 3646 2790 sponsum
3683 2718 3901 2777 iterum

2188 2814 2399 2873 dicitur
2432 2837 2444 2870 :
2493 2833 2521 2866 «
2553 2812 2767 2871 Guttur
2802 2816 2967 2868 tuum
3009 2808 3154 2866 sicut
3201 2808 3409 2866 vinum
3450 2808 3758 2881 optimum,
3808 2808 3905 2866 di-

2186 2916 2368 2977 gnum
2396 2901 2603 2959 dilecto
2630 2913 2758 2956 meo
2786 2897 2856 2954 ad
2886 2897 3203 2969 potandum
3241 2899 3445 2969 (Ibid.).
3486 2920 3507 2947 ι

2262 2990 2433 3047 Hunc
2478 2987 2961 3046 vindemiatorem
2999 2992 3307 3044 cruentum
3354 3002 3456 3060 per
3493 3000 3722 3044 crucem
3769 3001 3903 3059 pas-

401 3074 674 3147 profundi
730 3090 901 3132 causa
966 3077 1226 3149 mysterii
1295 3079 1602 3150 contigisse
1677 3081 1966 3153 creditur;
2044 3077 2373 3174 utcsionis
2410 3076 2694 3149 sanguine
2738 3074 2908 3143 longe
2944 3080 3077 3132 ante
3110 3072 3288 3131 Isaias
3335 3079 3720 3147 prospexerat,
3769 3087 3907 3130 cum

402 3162 583 3220 Mater
615 3162 847 3220 Domini
893 3164 1001 3222 sub
1038 3164 1162 3236 ipso
1199 3180 1344 3236 pene
1378 3166 1806 3227 vindemiarum
1855 3178 2109 3244 tempore

403 3257 755 3308 nasceretur.
809 3251 976 3309 Nunc
1022 3253 1235 3327 quippe
1296 3253 1599 3314 vinearum
1657 3258 1922 3331 palmites
1980 3276 2113 3334 pro-

406 3347 584 3399 ventu
613 3340 807 3399 onusti
826 3341 1116 3400 fructuum
1140 3342 1208 3399 ad
1229 3342 1347 3400 ima
1367 3344 1658 3417 deﬂuunt;
1689 3362 1846 3406 nunc
1864 3364 2112 3409 uvarum

404 3429 551 3489 botri
582 3431 819 3503 gravida
873 3432 1204 3490 maturitate
1239 3441 1606 3506 turgescunt;
1647 3453 1802 3495 nunc
1838 3438 2115 3511 agricola-

407 3536 539 3579 rum
578 3535 728 3591 spes,
776 3536 912 3593 quae
962 3527 1076 3578 toto
1117 3522 1255 3578 anni
1302 3522 1519 3582 circulo
1586 3541 1864 3606 suspensa
1910 3529 2114 3598 fuerat,

404 3610 613 3669 uberes
654 3611 922 3669 transacti
974 3611 1188 3670 laboris
1219 3628 1278 3669 se
1310 3628 1536 3686 carpere
1574 3616 1794 3675 fructus
1824 3619 2114 3691 exsultat;

408 3715 567 3757 nunc
618 3699 848 3757 arbores
907 3700 1218 3771 saporifera
1266 3702 1558 3761 fructuum
1616 3706 1896 3763 suavitate
1949 3706 2118 3765 redo-

406 3787 549 3858 lent,
580 3793 645 3845 ut
682 3803 869 3860 poma,
907 3804 1039 3861 quae
1078 3789 1382 3848 acerbitate
1420 3807 1525 3849 sua
1562 3793 1866 3852 hominum
1915 3802 2119 3868 gustus

409 3885 909 3950 exasperaverant,
965 3886 1124 3954 grata
1197 3881 1527 3942 maturitate
1596 3884 1946 3943 demulcent.
2007 3886 2117 3946 Sed

409 3983 510 4039 per
554 3969 693 4036 hmo,
741 3983 876 4041 quas
925 3968 1186 4026 exterius
1229 3971 1542 4041 cernimus,
1590 3974 1879 4032 reﬂecterc
1923 3977 2120 4034 oculos

412 4054 484 4111 ad
524 4055 799 4112 interiora
836 4054 1132 4114 debemus.
1176 4055 1359 4115 Vinea
1403 4060 1616 4134 quippe
1655 4078 1947 4137 synagoga
1976 4071 2115 4134 erat,

414 4158 546 4216 quas
601 4142 741 4213 legis
781 4149 836 4200 et
862 4145 1272 4216 prophetarum
1310 4149 1480 4216 dicta,
1529 4152 1693 4222 quasi
1728 4151 2009 4225 plantaria
2047 4154 2118 4211 ad

413 4232 785 4304 proferendos
821 4234 1043 4292 fructus
1083 4244 1390 4309 acceperat.
1426 4237 1591 4294 Unde
1629 4246 1682 4295 et
1730 4256 1832 4312 per
1874 4243 2119 4315 prophe—

419 4326 529 4377 tam
572 4319 826 4377 dicitur:
872 4342 899 4374 «
937 4321 1112 4379 Vinea
1151 4330 1342 4380 autem
1386 4323 1651 4395 Sabaoth,
1697 4327 1903 4386 domus
1943 4328 2119 4388 Israel

2194 3164 2532 3255 prophetico,
2555 3162 2762 3255 plenus
2809 3162 3038 3255 spiritu,
3071 3162 3180 3255 sub
3213 3162 3661 3255 interrogatione
3690 3162 3907 3255 clama-

2195 3251 2331 3315 bat:
2368 3252 2569 3324 «Quis
2606 3259 2691 3310 est
2718 3253 2846 3324 iste,
2879 3252 2981 3326 qui
3021 3251 3181 3309 venit
3208 3252 3279 3310 de
3317 3251 3521 3324 Edom,
3573 3252 3760 3311 tinctis
3803 3268 3907 3310 ve-

2196 3348 2383 3407 stibus
2410 3347 2481 3406 de
2511 3345 2683 3403 Bosra
2710 3346 2738 3399 ?
2768 3364 2796 3397 »
2823 3344 2893 3401 Et
2921 3342 3095 3416 paulo
3132 3347 3257 3416 post
3287 3362 3298 3399 :
3342 3366 3371 3395 (ι
3403 3341 3591 3411 Quare
3626 3358 3762 3416 ergo
3803 3358 3908 3402 ru-

2196 3441 2369 3498 brum
2400 3442 2487 3495 est
2520 3435 2935 3493 indumentum
2973 3440 3159 3502 tuum,
3194 3440 3250 3491 et
3290 3435 3704 3493 vestimentum
3737 3440 3906 3493 tuum

2198 3529 2346 3586 sicut
2371 3525 2718 3584 calcantium
2741 3524 2805 3582 in
2833 3523 3099 3582 torculari
3122 3525 3149 3580 ?
3177 3546 3201 3572 υ
3225 3527 3356 3591 (Isa.
3383 3526 3569 3596 LXIII.)
3592 3524 3911 3582 Indumen-

2200 3623 2322 3674 tum
2351 3615 2564 3688 quippe
2590 3611 2803 3670 Christi
2843 3610 2991 3668 nihil
3028 3618 3113 3668 est
3142 3609 3322 3681 aliud,
3351 3611 3465 3669 nisi
3512 3627 3722 3684 corpus
3746 3610 3903 3687 quod

2199 3705 2445 3777 sumpsit
2490 3719 2564 3761 ex
2619 3702 2854 3760 domina
2905 3708 2960 3758 et
3014 3699 3242 3774 virgine
3290 3700 3490 3760 Maria.
3545 3702 3660 3760 Nec
3712 3707 3908 3760 tamen

2197 3792 2358 3852 aliud
2407 3799 2492 3851 est
2542 3791 2955 3849 vestimentum
3005 3789 3147 3862 ejus,
3184 3796 3357 3862 atque
3386 3788 3533 3848 illud
3573 3789 3715 3864 ipse.
3757 3790 3905 3849 Nam

2198 3890 2459 3943 nostrum
2481 3896 2712 3954 quoque
2740 3880 3147 3939 vestimentum
3172 3894 3302 3937 caro
3321 3879 3554 3953 dicitur,
3584 3880 3682 3938 sed
3714 3888 3904 3939 tamen

2198 3974 2309 4048 ipsi
2356 3987 2462 4031 nos
2515 3985 2718 4029 sumus
2761 3984 2912 4040 caro,
2953 3984 3068 4042 qua
3106 3969 3405 4027 vestimur.
3460 3967 3542 4026 De
3576 3969 3686 4028 hoc
3728 3970 3902 4029 vesti-

2199 4067 2396 4121 mento
2449 4076 2548 4134 per
2601 4059 2887 4119 Joannem
2945 4058 3156 4116 dicitur
3195 4080 3208 4115 :
3262 4079 3283 4108 ι
3318 4056 3581 4116 Habebat
3625 4058 3688 4116 in
3727 4060 3906 4117 vesti-

2199 4158 2414 4223 mento,
2461 4158 2515 4208 et
2551 4150 2611 4207 in
2661 4151 2878 4207 femore
2919 4163 3023 4206 suo
3059 4146 3356 4219 scriptum,
3402 4147 3530 4206 Rex
3574 4164 3802 4221 regum,
3852 4156 3907 4206 et

2199 4242 2487 4301 Dominus
2543 4238 2969 4298 dominantium
3023 4240 3209 4310 (Apoc.
3275 4242 3421 4301 XIX).
3470 4264 3493 4288 υ
3551 4239 3661 4297 Per
3714 4239 3906 4296 femur

2200 4331 2411 4405 quippe
2454 4327 2785 4402 propagatio
2827 4325 3016 4384 carnis
3059 4325 3142 4382 Iit.
3179 4325 3289 4395 Qui
3333 4342 3468 4399 ergo
3499 4342 3597 4400 per
3640 4325 3906 4400 propagi-

415 4416 499 4468 est
545 4412 673 4477 (Isa.
716 4414 799 4478 v).
830 4430 857 4462 »
898 4409 970 4466 Et
1014 4409 1314 4469 Psalmista
1358 4435 1370 4468 :
1427 4437 1454 4461 ‹‹
1491 4412 1752 4485 Vineam,
1801 4415 2011 4491 inquit,
2044 4435 2181 4491 ex“
2206 4435 2334 4477 nem
2362 4416 2590 4490 generis
2610 4415 2853 4473 humani
2886 4416 2944 4472 in
2969 4413 3257 4471 mundum
3288 4414 3447 4473 hunc
3482 4414 3642 4473 venit
3670 4430 3745 4471 ex
3771 4413 3907 4471 Vir-

415 4500 662 4573 zEgypto
719 4499 1059 4558 transtulisti
1110 4502 1274 4572 (Psal.
1333 4507 1560 4575 LXXIX).
1597 4526 1624 4559 »
1697 4504 1858 4565 Sicut
1921 4518 2116 4568 autem

416 4589 718 4647 vinearum
777 4589 1003 4648 fructus
1067 4597 1178 4647 toto
1229 4606 1387 4651 anno
1436 4600 1823 4665 exspectatur,
1880 4596 1941 4654 in
1998 4598 2119 4657 solo

416 4694 551 4737 vero
587 4685 869 4738 autumno
914 4677 1248 4751 colligitur;
1290 4680 1370 4738 sic
1408 4682 1710 4755 nimirum,
1749 4684 1832 4743 sic
1869 4685 2117 4744 Redem-

415 4774 544 4841 ptor
598 4775 807 4839 noster,
865 4784 1039 4841 quem
1095 4768 1188 4826 lex
1237 4772 1707 4843 praesignaverat,
1759 4790 1934 4849 quem
1993 4791 2121 4848 pro-

415 4859 605 4930 phette
656 4857 1063 4930 praadixerant,
1115 4874 1289 4930 quem
1339 4861 1521 4917 sancti
1568 4877 1769 4919 omnes
1817 4863 1888 4920 ab
1932 4864 2118 4920 Adam

415 4961 601 5016 usque
640 4944 713 5001 ad
752 4952 1089 5002 transactam
1120 4947 1384 5018 quintam
1428 4954 1651 5006 aetatem
1699 4965 1929 5008 summo
1965 4951 2121 5007 desi-

414 5034 573 5093 derio
624 5040 1112 5105 exspectaverant,
1145 5036 1204 5091 in
1245 5037 1367 5094 solo
1402 5036 1600 5095 Mariae
1632 5045 1883 5111 tempore
1924 5038 2117 5108 venit;

413 5131 469 5181 et
504 5133 641 5181 tunc
668 5122 838 5195 quasi
874 5122 1079 5180 vinum
1117 5140 1186 5181 ex
1212 5126 1615 5196 spiritualibus
1657 5130 1785 5185 uvis
1817 5127 2117 5199 expressit,

414 5214 551 5284 quia
582 5211 824 5270 latentes
840 5213 865 5237 *
886 5218 1100 5268 sustem
1115 5212 1243 5283 phia
1274 5212 1480 5270 litterae
1500 5217 1772 5286 mysticos
1796 5214 2123 5273 intellectus

415 5302 659 5372 aperuit.
717 5299 879 5357 Unde
932 5308 987 5357 et
1046 5316 1143 5372 per
1186 5302 1523 5371 Apostolum
1576 5302 1787 5361 dicitur
1835 5323 1847 5360 :
1915 5304 2121 5361 «Cum

413 5397 608 5445 autem
668 5389 823 5446 venit
882 5387 1179 5461 plenitudo
1234 5391 1521 5462 temporis,
1585 5392 1741 5449 misit
1806 5393 1962 5451 Deus
2025 5394 2121 5451 Fi-

415 5476 562 5535 lium
621 5495 791 5537 suum
848 5480 1058 5537 factum
1118 5496 1189 5535 ex
1250 5479 1512 5549 muliere,
1572 5481 1784 5539 factum
1841 5482 1950 5540 sub
2003 5483 2123 5555 lege

420 5567 562 5638 (Gal.
590 5570 689 5636 1v).
717 5588 742 5617 ››

2133 4472 2182 4530 D

2203 4509 2358 4582 gine,
2386 4514 2440 4565 et
2468 4522 2567 4579 per
2603 4504 3024 4563 Incarnationis
3056 4520 3177 4562 sua;
3216 4505 3577 4578 mysterium,
3610 4504 3744 4578 quia
3779 4503 3907 4562 Rex

2200 4605 2366 4663 esset,
2422 4603 2477 4653 et
2533 4594 2836 4663 Dominus,
2890 4592 3112 4649 cunctis
3168 4592 3438 4665 gentibus
3492 4591 3788 4661 indicavit,
3845 4590 3910 4647 in

2202 4685 2543 4744 vestimento
2564 4689 2620 4739 et
2643 4682 2703 4738 in
2736 4680 2946 4737 femore
2970 4680 3251 4752 scriptum
3278 4680 3481 4739 habuit
3508 4699 3521 4737 :
3545 4679 3672 4738 Rex
3703 4694 3909 4751 regum

2199 4781 2255 4832 et
2287 4771 2572 4831 Dominus
2601 4769 3049 4828 dominantium.
3091 4769 3251 4828 Unde
3292 4771 3450 4828 enim
3489 4768 3710 4828 mundo
3738 4768 3908 4825 inno-

2204 4862 2330 4928 tuit,
2384 4859 2465 4917 ibi
2520 4857 2818 4917 scientiam
2872 4874 2997 4917 sum
3058 4859 3371 4932 majestatis
3424 4857 3733 4928 inscripsit.
3787 4855 3910 4913 Hoc

2201 4955 2393 5008 autem
2421 4949 2834 5008 indumentum
2863 4949 3105 5008 rubrum
3133 4950 3423 5022 prophetae
3449 4947 3732 5020 apparuit,
3770 4946 3908 5019 quia

2202 5038 2548 5110 Redemptor
2578 5044 2771 5095 noster
2799 5038 3098 5112 proprium
3138 5054 3240 5111 pro
3280 5036 3673 5111 redemptione
3716 5040 3908 5092 nostra

2202 5126 2548 5198 sanguinem
2602 5125 2769 5183 fudit.
2828 5125 2934 5183 Cui
2991 5126 3114 5199 ipse
3169 5125 3513 5197 respondit:
3571 5144 3597 5176 «
3633 5122 3911 5182 Torcular

2201 5215 2417 5273 calcavi
2486 5204 2674 5277 solus.’
2713 5221 2767 5272 et
2816 5215 2886 5272 de
2921 5214 3193 5286 gentibus
3241 5230 3353 5272 non
3406 5220 3490 5271 est
3531 5214 3623 5270 vir
3676 5228 3905 5271 mecum

2204 5306 2326 5377 (Isa.
2370 5304 2552 5373 LXIII).
2586 5324 2614 5355 »
2659 5302 2830 5361 Solus
2872 5303 3027 5359 enim
3072 5301 3343 5372 torcular,
3388 5301 3450 5358 in
3495 5316 3610 5375 quo
3658 5302 3909 5359 calcatus

2202 5399 2307 5461 est,
2334 5391 2610 5461 calcavit;
2642 5392 2779 5465 quia
2807 5407 2911 5450 sua
2937 5390 3188 5464 potentia
3220 5405 3368 5460 eam,
3396 5406 3571 5464 quam
3603 5389 3906 5460 sustinuit,

2204 5482 2529 5555 passionem
2568 5481 2723 5540 vicit.
2764 5481 2909 5539 Nam
2945 5481 3050 5555 qui
3087 5495 3272 5553 usque
3314 5480 3385 5537 ad
3438 5487 3681 5538 mortem
3719 5478 3909 5537 crucis

2204 5570 2531 5645 patibulum
2563 5568 2821 5643 pertulit,
2853 5569 2924 5626 de
2954 5573 3135 5626 morte
3166 5567 3289 5641 ipsa
3325 5583 3459 5627 cum
3494 5568 3678 5641 gloria
3708 5582 3907 5626 resur-
