4178 6472
318 260 423 318 757

1829 260 2076 323 SERMO
2112 262 2317 323 XLVI.

3731 260 3840 318 758

319 382 492 442 rexit.
524 381 679 440 Bene
724 384 917 440 autem
959 382 1191 455 dicitur,
1231 408 1257 433 «
1297 388 1350 442 et
1389 383 1460 443 de
1493 385 1765 459 gentibus
1796 401 1913 443 non
1951 387 2299 446 estAvariis
2338 401 2515 446 sacrae
2564 385 2878 461 Scripturze
2924 382 3241 454 sententiis,
3282 382 3442 441 velut
3494 398 3568 441 ex
3602 382 3848 441 diversis

222 488 228 493 ο
319 472 416 530 vir
443 486 695 541 mecum,
729 490 758 524 »
783 471 924 544 quia
950 472 1013 541 ii,
1048 489 1150 547 pro
1190 474 1408 550 quibus
1447 476 1566 550 pati
1606 482 1862 546 venerat,
1904 492 2035 550 pas-

320 559 503 618 sionis
558 559 686 634 ejus
737 575 862 618 esse
912 561 1213 635 participes
1264 563 1567 623 debebant.
1609 563 1720 634 Qui
1777 580 1877 638 pro
1946 581 2035 635 eo,

320 648 479 724 quod
517 648 767 706 necdum
802 649 1186 724 crediderant,
1218 653 1289 711 de
1341 653 1482 728 ipsis
1517 655 1579 714 in
1618 654 2037 713 resurrectione

318 737 717 811 conqueritur,
752 753 1001 809 quorum
1034 740 1151 797 vita
1176 741 1237 799 in
1271 742 1396 815 ejus
1431 750 1613 801 morte
1647 742 2031 816 quaerebatur.

318 827 451 900 Ipse
500 826 673 884 etiam
728 827 864 885 vitis
911 827 1138 900 dicitur,
1199 831 1348 890 sicut
1404 848 1504 905 per
1549 832 1919 904 semetipsum
1972 832 2031 888 in

318 916 638 989 Evangelio
670 922 954 975 testatur:
1000 938 1027 971 «
1065 918 1205 992 Ego,
1252 921 1473 996 inquit,
1516 938 1646 982 sum
1701 922 1835 981 vitis
1881 937 2033 992 vera,

319 1009 378 1062 et
410 1003 576 1062 Pater
597 1018 767 1062 meus
787 1004 1035 1077 agricola
1065 1012 1148 1063 est
1181 1010 1358 1075 (Joan.
1392 1012 1518 1079 XV).
1549 1029 1579 1062 »
1826 1076 1829 1077 ν

391 1091 535 1150 Haec
587 1092 838 1164 denique
876 1093 1259 1153 sacratissima
1289 1096 1425 1155 vitis
1472 1102 1655 1155 totum
1694 1111 1795 1169 per
1837 1095 2031 1154 orbem

319 1177 468 1236 239
514 1189 806 1241 sarmenta
864 1183 1119 1255 tetendit,
1167 1184 1303 1258 quia
1360 1185 1578 1261 ubique
1624 1186 1858 1243 dilatata
1910 1185 2032 1242 fru-

318 1262 619 1341 ctiﬁcans,
652 1269 820 1343 quasi
870 1276 951 1328 tot
997 1272 1263 1345 palmites
1307 1274 1486 1343 misit,
1532 1280 1669 1347 quot
1707 1273 1860 1331 intra
1897 1289 2034 1331 san-

319 1364 472 1417 ctam
517 1359 833 1418 Ecclesiam
873 1368 1097 1419 sanctos
1142 1377 1245 1435 per
1283 1363 1525 1436 gratiam
1557 1378 1682 1422 sum
1718 1363 2035 1421 vocationis

322 1447 516 1519 elegit.
566 1446 733 1507 Unde
783 1448 938 1507 idem
990 1465 1224 1525 quoque
1270 1451 1611 1512 inculcando
1679 1451 2029 1527 subjungit:

325 1562 349 1592 ι
386 1538 507 1612 Ego
558 1554 719 1610 sum,
750 1539 976 1615 inquit,
1018 1541 1184 1613 vitis,
1217 1558 1319 1601 vos
1364 1550 1557 1602 autem
1594 1543 1894 1618 palmites;
1929 1544 2024 1617 qui

320 1633 519 1684 manet
544 1628 606 1685 in
634 1644 761 1699 me,
789 1636 846 1687 et
870 1645 974 1702 ego
1000 1629 1059 1686 in
1099 1646 1186 1702 eo,
1213 1630 1310 1688 hic
1338 1631 1447 1689 fert
1483 1631 1735 1690 fructum
1773 1630 2025 1690 multum

2118 490 2370 534 uvarum
2404 542 2411 547 η
2448 475 2729 534 folliculis
2798 473 3176 548 exprimatur.
3244 470 3447 530 Merito
3516 472 3843 531 autumnali

2121 567 2375 639 tempore
2421 564 2699 635 nascitur,
2744 570 2811 622 ut
2851 563 3003 637 jam,
3053 561 3212 620 velut
3250 561 3309 618 in
3349 567 3632 620 autumno
3672 560 3844 619 totius

2118 653 2318 712 saeculi
2370 655 2595 713 fructus
2635 651 3030 726 spiritualium
3070 650 3341 709 arborum
3380 650 3732 710 comedatur.
3773 650 3844 708 In

2117 740 2482 815 plenitudine
2530 741 2800 815 temporis
2845 739 3023 810 venit,
3065 755 3199 814 quae
3250 739 3429 811 gratia
3467 739 3637 813 plena
3682 740 3837 799 fuit:

2117 852 2139 882 ι
2185 835 2327 901 Ave,
2377 855 2396 883 η
2432 832 2629 907 inquit
2654 830 2916 905 angelus,
2955 852 2975 881 ι
3006 830 3189 903 gratia
3221 828 3408 902 plena,
3434 829 3716 888 Dominus
3754 836 3839 886 te-

2112 934 2267 990 cum,
2303 921 2598 978 benedicta
2642 926 2703 978 tu
2743 920 2802 977 in
2851 918 3191 976 mulieribus
3218 921 3368 985 (Luc.
3401 922 3466 984 I).
3504 938 3531 970 ››

2187 1005 2231 1065 Ο
2254 1008 2444 1078 dulce,
2473 1022 2507 1066 ο
2546 1006 2889 1065 admirabile
2920 1005 3218 1072 nuntium,
3250 1021 3284 1063 ο
3319 1019 3539 1063 novum
3564 1009 3619 1062 et
3658 1004 3832 1062 inau-

2114 1094 2298 1153 ditum
2328 1096 2609 1169 angelicae
2639 1094 3004 1154 salutationis
3041 1094 3423 1169 obsequium!
3469 1092 3709 1151 Plenam
3747 1107 3842 1165 ap-

2111 1186 2288 1260 pellat
2333 1187 2535 1259 gratia,
2596 1187 2733 1261 quia
2790 1187 2913 1261 ipse
2975 1187 3035 1245 in
3090 1202 3214 1245 eam
3274 1182 3674 1255 descendebat,
3735 1198 3846 1257 per

2113 1290 2287 1348 quem
2332 1276 2492 1333 omni
2541 1277 2760 1335 mundo
2811 1276 3011 1335 collata
3063 1284 3148 1334 est
3194 1275 3393 1350 gratia.
3439 1296 3464 1327 «
3518 1273 3829 1332 Dominus,

2112 1356 2325 1438 inquit,
2367 1369 2593 1435 tecum;
2649 1386 2677 1419 »
2709 1367 2847 1440 quia
2876 1366 2979 1425 ille
3010 1367 3071 1423 in
3122 1372 3175 1423 te
3216 1371 3319 1433 est,
3354 1365 3455 1439 qui
3501 1364 3674 1421 talem
3705 1362 3841 1420 fecit

2113 1462 2187 1527 te,
2226 1463 2291 1514 ut
2338 1463 2394 1514 et
2436 1457 2558 1531 ipse
2597 1459 2759 1516 ﬁeret
2798 1474 2873 1516 ex
2920 1453 3066 1510 240
3121 1461 3193 1512 te.
3236 1476 3263 1508 ‹‹
3305 1451 3609 1512 Benedicta
3662 1460 3724 1511 tu
3773 1453 3835 1511 in

2115 1545 2485 1606 mulieribus.
2531 1571 2557 1598 π
2609 1547 2716 1605 Per
2767 1545 3079 1604 mulierem
3132 1544 3328 1602 infusa
3376 1550 3461 1601 est
3510 1541 3836 1601 maledictio

2112 1640 2308 1706 terrze,
2341 1652 2442 1709 per
2496 1635 2805 1694 mulierem
2861 1632 3120 1693 redditur
3153 1631 3474 1690 benedictio
3506 1636 3690 1688 terrae.
3725 1629 3833 1687 Per

321 1715 521 1787 (Ibid).
563 1736 583 1766 ι
622 1715 797 1775 Hunc
853 1716 1122 1776 eumdem
1166 1718 1536 1777 mediatorem
1584 1720 1685 1778 Dei
1734 1725 1790 1777 et
1837 1720 2286 1796 ho:ni-Bcujus
2334 1739 2572 1783 manum
2619 1730 2788 1797 potus
2840 1722 3041 1780 mortis
3089 1736 3303 1779 amarae
3349 1718 3697 1793 porrigitur,
3731 1732 3832 1791 per

321 1819 492 1873 num,
520 1804 816 1863 hominem
847 1803 1136 1865 Christum
1167 1806 1386 1877 Jesum,
1420 1807 1618 1866 botrus
1646 1807 1748 1865 ille
1777 1808 2046 1882 signave-

321 1901 431 1963 rat,
489 1908 665 1966 quem
729 1893 801 1952 de
874 1902 1023 1952 terra
1096 1895 1563 1968 repromissionis
1644 1898 2041 1971 exploratores

321 1982 385 2040 in
426 1982 711 2056 phalanga
748 1984 818 2042 ad
858 1984 1011 2043 ﬁlios
1050 1985 1224 2043 Israel
1275 1985 1607 2044 deferebant
1641 1989 1829 2054 (Num.
1881 1992 2035 2054 XIII).

323 2069 562 2131 Duobus
605 2078 797 2130 autem
836 2075 1209 2147 portitoribus
1260 2076 1401 2134 hinc
1431 2075 1567 2133 inde
1596 2076 1922 2150 suppositis,
1953 2076 2038 2134 al-

323 2166 443 2219 tero
492 2160 759 2220 videlicet
810 2164 1196 2235 praecedente,
1246 2164 1426 2224 altero
1473 2166 1891 2239 subsequente,
1932 2166 2036 2225 bo-

325 2257 448 2308 trus
498 2250 558 2308 in
612 2251 801 2309 medio
863 2253 1174 2325 ferebatur,
1231 2254 1368 2328 quia
1424 2254 1771 2328 Redemptor
1823 2261 2033 2325 noster,

324 2337 466 2396 dum
510 2354 543 2396 a
583 2340 845 2412 patribus
901 2340 1123 2401 Veteris
1174 2344 1522 2402 Testamenti
1577 2351 1867 2403 venturus
1910 2360 2035 2402 esse

326 2426 680 2500 prtedicitur,
713 2444 746 2485 a
785 2428 930 2487 Novi
972 2445 1105 2488 vero
1141 2431 1617 2504 przedicatoribus
1649 2432 1765 2505 jam
1805 2433 2034 2492 venisse

326 2517 655 2587 nuntiatur,
690 2519 854 2590 quasi
904 2520 1103 2579 botrus
1144 2521 1202 2578 in
1238 2522 1523 2595 phalanga
1550 2523 1825 2594 defertur,
1862 2529 1925 2582 ut
1961 2523 2033 2580 ad

324 2605 731 2676 capessendam
780 2622 1047 2679 supernae
1108 2609 1567 2682 repromissionis
1615 2617 1820 2667 terram
1870 2626 2035 2668 mens

323 2694 588 2753 ﬁdelium
632 2696 994 2755 accendatur.
1028 2698 1318 2770 Phalanga
1350 2700 1563 2772 quippe
1600 2698 1784 2756 delata
1822 2700 2029 2757 hume-

324 2784 402 2841 ris
459 2784 824 2858 portitorum,
853 2786 1054 2845 divina
1110 2788 1205 2845 lex
1264 2796 1349 2845 est
1396 2787 1664 2861 imposita
1711 2788 2032 2846 cervicibus

324 2871 645 2931 hominum.
708 2872 887 2947 Cujus
945 2884 1132 2947 partes
1170 2876 1369 2935 botrus
1420 2876 1523 2935 ille
1576 2876 1803 2934 medius
1847 2875 2031 2934 conti-

323 2961 544 3030 nuavit,
567 2962 702 3035 quia
737 2962 998 3022 Salvator
1018 2973 1229 3033 noster,
1252 2966 1353 3040 qui
1382 2966 1513 3024 fecit
1542 2974 1786 3041 utraque
1815 2983 2026 3038 unum,

2124 1827 2252 1877 eam
2297 1828 2530 1886 quoque
2574 1811 2761 1870 dulcis
2804 1811 2940 1869 vitae
2984 1808 3265 1883 poculum
3309 1807 3643 1867 exhibetur.
3696 1808 3835 1866 Lar-

2120 1900 2430 1974 gissimum
2461 1900 2877 1960 benedictionis
2904 1914 3075 1957 novae
3106 1899 3393 1956 ﬂuentum
3429 1903 3613 1954 totum
3647 1895 3836 1953 deter-

2122 1988 2215 2057 sit,
2242 1988 2663 2048 maledictionis
2710 1987 2967 2061 antiquae
3009 1986 3360 2058 contagium.
3411 1984 3521 2042 Sed
3568 1983 3710 2057 quid
3757 1983 3830 2041 ad

2120 2077 2247 2134 haec
2296 2076 2515 2135 Maria?
2568 2076 2847 2151 Nunquid
2900 2075 3084 2133 delato
3151 2073 3263 2131 sibi
3313 2073 3542 2131 coalitus
3601 2071 3830 2140 nuntio,

2120 2164 2181 2223 in
2228 2167 2624 2225 immoderata
2672 2182 2733 2224 se
2790 2165 3008 2223 laetitia:
3055 2164 3237 2222 risum
3286 2162 3503 2221 solvit?
3550 2162 3828 2235 Nunquid

2120 2254 2181 2312 in
2230 2256 2519 2330 superbize
2570 2256 2784 2314 fastum
2829 2255 3113 2314 cervicem
3166 2254 3377 2311 mentis
3410 2250 3644 2311 erexit?
3673 2251 3832 2310 Nun-

2118 2343 2258 2417 quid
2314 2359 2455 2412 non,
2507 2352 2820 2416 antequam
2883 2341 3269 2416 responderet,
3315 2339 3830 2414 ipsumangelicee

2119 2431 2478 2490 salutationis
2525 2432 2754 2506 pondus
2795 2431 2999 2489 librata
3044 2431 3255 2489 mentis
3299 2430 3461 2488 lance
3512 2428 3829 2503 pensavit?

2118 2518 2217 2576 Ait
2257 2520 2415 2577 enim
2454 2520 2807 2593 evangelista
2841 2539 2854 2577 :
2894 2541 2916 2566 α
2954 2518 3097 2588 Quae
3126 2534 3261 2576 cum
3301 2518 3572 2587 audisset,
3606 2518 3830 2575 turbata

2118 2612 2201 2663 est
2251 2605 2313 2663 in
2366 2622 2635 2664 sermone
2682 2608 2828 2679 ejus,
2871 2615 2926 2663 et
2972 2605 3254 2678 cogitabat
3298 2604 3487 2677 qualis
3537 2612 3684 2662 esset
3720 2604 3830 2662 ista

2119 2692 2387 2751 salutatio
2428 2698 2581 2760 (Luc.
2616 2699 2679 2762 I).
2714 2714 2742 2748 »
2783 2693 2892 2752 Ubi
2942 2700 3078 2753 sunt
3117 2694 3256 2764 illae,
3290 2709 3421 2765 quae
3459 2692 3680 2762 dicunt,
3721 2707 3829 2766 ego

2115 2797 2247 2840 sum
2299 2783 2481 2856 virgo,
2522 2800 2626 2858 ego
2660 2801 2792 2844 sum
2830 2783 3042 2857 virgo?
3080 2783 3353 2841 Verbosae
3375 2826 3388 2853 ,
3435 2781 3825 2852 contentiosae,

2115 2878 2524 2944 suspectuOsae,
2556 2873 2950 2946 superﬂuosze,
2983 2878 3139 2930 veste
3175 2869 3526 2943 Compositae,
3564 2869 3825 2928 moribus

2114 2959 2455 3033 dissipatae?
2510 2962 2627 3036 Ego
2679 2977 2812 3021 sum
2864 2962 3066 3034 virgo;
3126 2961 3319 3018 nescio
3375 2959 3529 3018 enim
3603 2961 3820 3031 virum,

319 3062 451 3105 cum
490 3051 819 3124 evangelica
849 3053 1106 3111 doctrina
1146 3055 1288 3127 legis
1325 3063 1381 3112 et
1419 3056 1827 3128 prophetarum
1861 3049 2322 3145 man-Gignoro
2372 3050 2731 3125 conjugium.
2781 3048 2824 3109 Ο
2878 3050 3060 3123 virgo,
3119 3064 3296 3124 quam
3355 3049 3495 3106 felix
3552 3063 3726 3145 esses,
3773 3047 3824 3105 si

318 3136 449 3193 data
487 3138 811 3212 conjunxit.
849 3139 962 3198 Sed
990 3141 1094 3214 qui
1140 3142 1513 3214 praecedebat,
1565 3143 1714 3217 quod
1766 3144 2029 3202 humeris
2052 3136 2268 3211 “quod
2308 3138 2486 3197 habes
2522 3139 2584 3195 in
2622 3154 2813 3206 carne,
2873 3154 3133 3197 servares
3173 3141 3228 3195 in
3266 3144 3478 3207 mente,
3509 3136 3826 3195 custodires

316 3226 596 3297 portabat,
625 3229 809 3288 oculis
850 3244 965 3289 non
1006 3230 1268 3299 videbat;
1300 3231 1401 3305 qui
1434 3238 1628 3290 autem
1663 3233 2029 3307 sequebatur,

318 3328 465 3372 onus
492 3330 667 3374 suum
714 3333 942 3391 semper
988 3318 1342 3378 intuebatur.
1385 3319 1493 3377 Per
1530 3320 1702 3379 illum
1740 3337 1895 3395 ergo,
1928 3322 2030 3396 qui

320 3404 692 3478 praecedebat,
732 3408 983 3480 populus
1008 3407 1346 3467 Judasorum
1365 3426 1379 3479 ;
1412 3424 1512 3481 per
1538 3408 1711 3466 illum
1743 3424 1898 3478 vero,
1927 3411 2029 3484 qui

320 3494 690 3568 sequebatur,
759 3512 872 3554 non
938 3496 1256 3570 incongrue
1319 3497 1657 3570 designatur
1716 3497 2027 3557 multitudo

317 3582 602 3653 gentium.
651 3582 759 3641 Ille
813 3583 969 3641 enim
1032 3600 1130 3656 per
1194 3600 1373 3642 sacrae
1422 3582 1735 3658 Scripturze
1787 3587 2026 3659 paginas

315 3670 480 3743 quasi
519 3670 579 3727 in
618 3671 881 3732 humeris
921 3673 1213 3732 Christum
1256 3675 1539 3748 portavit;
1569 3673 1662 3732 sed
1703 3674 1841 3748 quia
1874 3690 2023 3747 prm-

314 3764 534 3815 sentem
577 3758 640 3817 in
682 3775 873 3830 carne,
904 3761 1254 3836 impediente
1306 3760 1666 3820 inﬁdelitatis
1712 3778 1838 3821 sua:
1880 3763 2023 3821 cali-

313 3845 480 3918 gine,
541 3861 660 3905 non
722 3848 1026 3923 cognovit,
1078 3849 1313 3907 dorsum
1384 3849 1435 3907 ei
1470 3850 1893 3923 quodammodo
1958 3851 2018 3909 in

312 3935 511 3993 fatiem
551 3935 731 3994 misit.
785 3936 896 3995 Iste
932 3953 1091 4008 vero,
1128 3937 1231 4010 qui
1276 3937 1558 4012 sequitur,
1602 3938 1841 4011 aspicit;
1882 3942 2021 4013 quia

310 4024 545 4095 gentilis
590 4025 838 4098 populus
871 4026 1313 4101 Redemptorem
1348 4042 1539 4098 suum,
1579 4027 1641 4084 in
1677 4043 1848 4101 quem
1878 4028 2020 4086 fide-

2112 3225 2171 3284 in
2219 3228 2474 3285 actione!
2523 3226 2674 3296 Quid
2728 3228 2884 3286 enim
2938 3228 3183 3301 prodest,
3221 3227 3400 3285 solius
3436 3218 3625 3284 carnis
3668 3225 3822 3299 inte-

2110 3318 2373 3391 gritatem
2427 3336 2655 3379 servare
2680 3367 2695 3390 ,
2731 3328 2787 3379 et
2829 3322 3214 3393 malignorum
3251 3319 3562 3394 spirituum
3612 3315 3823 3390 stupris

2111 3407 2323 3464 mentis
2364 3408 2641 3466 interiora
2686 3408 3105 3481 corrumpere?
3142 3408 3292 3477 Quid
3329 3409 3493 3482 juvat
3531 3405 3818 3478 virginem

2108 3511 2253 3569 esse,
2296 3504 2353 3556 et
2398 3497 2771 3571 exigentibus
2831 3497 3126 3556 actionum
3181 3496 3404 3554 meritis
3450 3508 3818 3569 nequaquam

2106 3587 2180 3645 ad
2243 3586 2590 3660 virginalem
2638 3586 2953 3661 praemium
3002 3582 3350 3658 pervenire?
3398 3584 3572 3657 Virgo
3625 3596 3816 3648 carne,

2106 3693 2221 3736 non
2254 3679 2492 3751 animo,
2541 3676 2889 3751 virginitatis
2928 3676 3169 3750 prtemio
3206 3692 3320 3734 non
3363 3674 3597 3747 potitur.
3639 3669 3817 3731 Aliud

2105 3767 2318 3841 quippe
2364 3773 2450 3825 est
2494 3766 2875 3824 tentationum
2922 3766 3140 3824 fortiter
3177 3764 3464 3822 illecebris
3514 3759 3816 3829 contraire,

2104 3854 2262 3912 aliud
2301 3854 2516 3912 eisdem
2552 3852 2762 3911 blande
2800 3853 3206 3927 irrepentibus,
3235 3863 3289 3912 et
3326 3854 3375 3912 si
3407 3869 3519 3912 non
3560 3866 3815 3925 corpore,

2104 3951 2298 4001 mente
2326 3950 2517 4001 tamen
2542 3943 2830 4000 enerviter
2854 3942 3072 4000 cedere.

2175 4031 2303 4090 Non
2349 4047 2484 4103 ergo
2521 4032 2789 4105 cuiquam
2830 4031 3045 4088 suﬂicit
3079 4030 3149 4088 ad
3186 4030 3530 4103 capessenda
3576 4030 3816 4103 prmmia

308 4112 440 4171 liter
470 4114 670 4183 credit,
698 4116 1005 4174 manifeste
1029 4115 1333 4187 cognoscit.
2100 4120 2258 4179 solus
2280 4119 2467 4194 pudor
2491 4120 2810 4192 virgineus,
2844 4120 2952 4177 nisi
2983 4126 3039 4178 et
3068 4119 3198 4176 aliis
3230 4119 3402 4178 fuerit
3439 4118 3653 4177 ditatus
3694 4118 3815 4175 vir-

384 4201 572 4260 Potest
622 4203 794 4262 etiam
845 4220 947 4277 per
980 4202 1444 4276 repromissionis
1481 4206 1692 4261 terram
1741 4218 1854 4261 non
1914 4205 2012 4265 in-
2099 4208 2340 4268 tutibus.
2393 4208 2599 4268 Joanni
2643 4208 2857 4282 quippe
2898 4208 2958 4266 in
3006 4208 3351 4283 Apocalypsi
3392 4224 3490 4282 per
3536 4207 3812 4281 angelum

310 4306 565 4363 congrue
611 4293 802 4366 ipsum
856 4293 1203 4352 beatissimze
1278 4295 1381 4353 Dei
1439 4295 1744 4356 Genitricis
1799 4312 2009 4371 corpus
2098 4295 2311 4353 dicitur
2343 4319 2355 4352 :
2391 4293 2522 4352 «Hi
2570 4301 2726 4365 sunt,
2767 4294 2868 4367 qui
2915 4309 3049 4352 cum
3101 4293 3451 4352 mulieribus
3508 4309 3623 4352 non
3677 4301 3817 4351 sunt

309 4381 579 4455 intelligi,
608 4399 683 4442 ex
732 4400 847 4457 quo
892 4384 1237 4458 Redemptor
1280 4389 1475 4442 noster
1503 4384 1677 4443 velut
1697 4385 2072 4458 singularis“
2096 4382 2475 4456 coinquinati.
2493 4381 2764 4456 Virgines
2784 4383 2943 4441 enim
2964 4388 3116 4452 sunt,
3144 4390 3200 4440 et
3228 4390 3556 4458 sequuntur
3580 4383 3814 4455 Agnum

308 4469 510 4530 botrus
531 4474 712 4531 voluit
736 4474 1074 4534 humanitus
1104 4474 1636 4547 germinari.Juxta
1665 4474 1831 4545 illud,
1856 4479 2004 4549 quod
2027 4468 2075 4500 υ
2102 4486 2485 4553 quocumque.
2527 4469 2659 4528 ierit
2707 4474 2900 4543 (Apoc.
2930 4474 3079 4541 XIV).
3120 4494 3140 4522 ιι
3175 4472 3379 4545 Agnus
3415 4468 3571 4527 enim
3606 4476 3813 4539 noster,

310 4559 588 4633 scriptum
644 4569 729 4620 est
781 4582 793 4620 :
856 4585 876 4614 ι
931 4561 1156 4621 Veritas
1212 4562 1282 4620 de
1334 4570 1483 4621 terra
1533 4569 1656 4620 orta
1705 4568 1789 4621 est
1842 4567 2015 4632 (Psal.
2100 4562 2202 4621 ille
2254 4561 2541 4630 videlicet,
2581 4560 2681 4634 qui
2731 4559 2873 4618 tollit
2923 4568 3150 4634 peccata
3206 4560 3430 4630 mundi,
3476 4558 3813 4617 charitatem

309 4655 595 4718 LXXXIV).
634 4670 661 4703 »
709 4650 778 4707 Et
834 4650 981 4711 bene
1018 4666 1149 4709 caro
1188 4650 1537 4710 beatissimze
1579 4650 1834 4724 Virginis
1874 4657 2021 4710 terra
2102 4650 2324 4721 habuit,
2355 4649 2493 4723 quia
2533 4664 2634 4722 pro
2672 4648 2858 4707 salute
2894 4650 3199 4709 hominum
3240 4648 3533 4723 proprium
3575 4648 3815 4719 sangui-

306 4735 773 4808 repromissionis
819 4745 904 4795 est
953 4738 1121 4806 dicta,
1181 4754 1314 4812 quae
1371 4738 1537 4811 longe
1583 4744 1717 4797 ante
1766 4741 2022 4813 paritura
2101 4754 2236 4796 nem
2294 4734 2454 4796 fudit.
2497 4736 2692 4797 Gratia
2747 4737 3093 4799 humilitatis
3132 4737 3388 4807 emicuit,
3423 4736 3558 4808 quia
3618 4735 3816 4793 humi-

310 4820 665 4884 Salvatorem
714 4826 918 4884 mundi
947 4842 979 4884 a
1019 4825 1308 4899 prophetis
1346 4824 1721 4885 multifariam
1762 4834 1846 4885 est
1886 4843 2020 4901 pro-
2101 4828 2265 4889 liavit
2300 4827 2672 4901 semetipsum
2713 4844 2897 4902 usque
2935 4829 3006 4887 ad
3046 4833 3311 4896 mortem,
3348 4834 3588 4884 mortem
3618 4830 3815 4883 autem
3870 4820 3877 4835 ⁵

309 4914 503 4970 missa.
540 4913 683 4983 Quae
726 4930 862 4972 vere
904 4913 993 4971 lac
1029 4921 1084 4971 et
1128 4915 1236 4971 mel
1292 4916 1574 4984 manavit;
1621 4917 1765 4974 dum
1812 4917 2017 4987 Deum,
2101 4917 2309 4977 crucis.
2359 4917 2702 4975 Patientiam
2758 4916 3031 4985 servavit,
3064 4913 3202 4989 quia
3250 4930 3382 4973 cum
3443 4912 3811 4972 maledicere-

307 5007 365 5059 et
416 5003 711 5062 hominem
762 5004 1102 5062 intemerata
1154 5003 1481 5075 virginitate
1529 5006 1801 5077 profudit.
1859 5006 2021 5065 Unde
2105 5014 2217 5072 tur,
2259 5021 2372 5063 non
2416 5005 2829 5071 maledicebat;
2882 5018 3015 5060 cum
3069 5008 3376 5075 pateretur,
3427 5019 3538 5060 non
3581 5001 3822 5059 commi-

305 5100 362 5149 et
406 5108 506 5165 per
542 5093 753 5153 Isaiam
798 5096 1046 5154 dicitur:
1086 5118 1111 5144 α
1153 5094 1298 5152 Ecce
1336 5094 1500 5168 virgo
1534 5096 1596 5153 in
1638 5104 1798 5156 utero
1825 5098 2019 5156 conci-
2104 5095 2370 5153 nubatur.
2439 5094 2750 5153 Mundanae
2807 5090 3103 5164 dignitatis
3155 5091 3522 5150 altitudinem
3579 5089 3818 5164 sprevit.

305 5182 441 5256 piet,
485 5189 540 5239 et
581 5184 764 5256 pariet
801 5183 1013 5255 ﬁlium,
1049 5190 1105 5242 et
1142 5184 1437 5243 vocabitur
1477 5200 1688 5245 nomen
1731 5187 1856 5260 ejus
1896 5186 2023 5245 Em-
2103 5183 2260 5256 quia,
2293 5183 2445 5242 sicut
2494 5198 2596 5254 per
2643 5182 2924 5240 Joannem
2967 5180 3199 5249 dicitur,
3231 5197 3361 5240 cum
3409 5179 3820 5238 velientillum

308 5271 579 5340 manuel;
628 5272 899 5347 butyrum
941 5280 997 5331 et
1040 5272 1151 5331 mel
1206 5273 1482 5341 comedet,
1527 5281 1588 5332 ut
1639 5275 1778 5332 sciat
1826 5291 2021 5348 repro-
2104 5288 2295 5346 regem
2323 5270 2690 5337 constituere,
2725 5268 2939 5326 montis
2973 5269 3279 5328 latibulum
3313 5269 3477 5342 petiit
3504 5272 3685 5332 (Joan.
3713 5271 3816 5335 Vl).

302 5362 439 5421 bare
487 5363 703 5423 malum
751 5370 807 5421 et
853 5364 1063 5437 eligere
1101 5365 1317 5423 bonum
1381 5367 1525 5435 (Isai.
1576 5370 1698 5425 vni.
1743 5390 1768 5414 ››
1820 5365 2021 5423 Merito
2104 5364 2377 5422 Inimicos
2431 5360 2659 5426 dilexit,
2719 5375 2822 5432 pro
2872 5359 3086 5435 quibus
3141 5366 3196 5418 et
3248 5361 3305 5417 in
3366 5374 3535 5417 cruce
3598 5357 3820 5432 positus

303 5468 438 5527 ergo
481 5454 645 5511 beata
691 5454 853 5526 virgo
884 5453 1062 5523 Maria
1099 5453 1207 5511 sub
1252 5453 1372 5525 ipso
1408 5452 1830 5511 vindemiarum
1874 5462 2020 5513 tem—
2105 5452 2390 5521 exoravit,
2420 5451 2618 5509 dicens
2649 5470 2661 5509 :
2696 5475 2717 5503 α
2751 5450 2935 5520 Pater,
2966 5450 3198 5523 ignosce
3227 5449 3525 5525 illis.quia
3552 5450 3822 5507 nesciunt

302 5558 440 5618 pore
483 5543 763 5613 nascitur,
799 5549 861 5601 ut
907 5543 1027 5618 jam
1068 5558 1237 5602 novae
1280 5542 1478 5615 gratiae
1519 5550 1779 5600 mustum
1828 5543 1910 5600 sic
1948 5559 2019 5601 ex
2106 5543 2244 5616 quid
2296 5541 2515 5600 faciunt
2570 5544 2715 5613 (Luc.
2744 5542 2933 5610 XXIII).
2972 5562 2998 5593 »
3030 5541 3131 5599 Ille
3178 5541 3373 5615 itaque
3411 5542 3642 5612 Agnum
3675 5554 3821 5612 quo-
