4178 6454
340 233 447 293 759

965 231 1026 291 S.
1069 230 1292 291 PETRI
1329 229 1655 290 DAMIANI
1694 230 1851 290 OPP.
1896 225 2090 288 PARS
2130 224 2273 287 SEU
2311 227 2563 289 TOMUS
2599 227 2680 289 II.
2719 260 2787 273 —
2829 226 3245 290 SERMONES.

3751 230 3881 292 760

343 374 595 432 cumque
632 359 763 417 ierit
792 357 1072 433 sequitur,
1111 356 1214 430 qui
1246 372 1364 414 non
1407 356 1527 414 sola
1561 354 1897 428 virginitate
1934 355 2122 429 ejusA
2148 377 2176 409 ((
2205 354 2348 412 Ecce
2391 352 2601 413 ancilla
2646 353 2903 425 Domini,
2942 354 3042 412 liat
3071 354 3217 412 mihi
3252 354 3574 413 secundum
3614 354 3876 414 verbum

348 450 605 523 vestigia,
634 449 733 506 sed
763 464 865 522 per
891 463 1091 506 omnes
1120 462 1351 521 quoque
1375 445 1664 505 virtutum
1702 444 1958 515 semitas,
1993 444 2059 501 in

345 544 635 609 quantum
658 535 953 610 praevalet,
983 535 1263 594 imitatur.
1296 534 1402 593 Ille
1430 535 1670 609 Agnum
1703 534 1967 609 sequitur
1995 534 2058 591 in

345 626 736 700 perventionis
762 625 983 699 requie,
1015 625 1116 700 qui
1154 624 1330 683 illum
1370 623 1588 681 imitari
1619 623 1930 695 studuitjn
1960 623 2060 681 iti-

345 716 500 774 neris
528 715 896 774 adversitate.

422 803 533 862 Sed
584 803 925 878 plerumque
980 803 1417 862 conversatione
1454 804 1898 877 conjugatorum
1942 803 2063 862 vita

345 894 721 952 confunditur
746 894 1067 967 virginum,
1099 909 1237 951 cum
1276 904 1330 951 et
1359 892 1448 950 illi
1489 892 1641 950 ultra
1676 892 1939 950 habitum
1968 908 2062 951 as-

346 986 593 1039 sumunt
639 994 831 1053 opera,
865 986 921 1037 et
974 979 1067 1037 isti
1105 979 1278 1052 juxta
1310 979 1573 1037 ordinem
1606 980 1905 1054 proprium
1944 994 2063 1037 non

347 1070 604 1126 excitant
664 1069 855 1127 corda.
916 1068 1082 1126 Unde
1147 1074 1201 1125 et
1258 1083 1361 1141 per
1408 1070 1748 1142 prophetam
1796 1069 2056 1127 dicitur:

353 1181 373 1207 α
430 1158 739 1229 Erubesce,
798 1157 998 1228 Sidon,
1053 1156 1134 1214 ait
1194 1171 1355 1213 mare
1412 1158 1561 1228 (1εαί.
1594 1159 1764 1229 XXV).
1806 1181 1827 1209 ι»
1884 1155 2064 1227 Quasi

346 1234 500 1306 enim
532 1263 633 1320 per
669 1262 868 1305 vocem
906 1247 1084 1304 maris
1120 1245 1191 1303 ad
1222 1245 1636 1303 verecundiam
1668 1243 1845 1305 Sidon
1879 1245 2065 1303 addu-

349 1335 521 1407 citur,
562 1334 794 1409 quando
827 1349 928 1407 per
964 1331 1452 1406 comparationem
1494 1331 1630 1390 vitae
1673 1332 2063 1402 saecularium,

348 1432 523 1497 atque
550 1425 612 1482 in
643 1426 753 1482 hoc
780 1424 1001 1481 mundo
1030 1421 1462 1491 ﬂuctuantium,
1486 1422 1609 1494 ejus
1641 1422 1741 1494 qui
1780 1421 2063 1493 munitus,

348 1522 402 1572 et
462 1513 630 1589 quasi
688 1511 911 1570 stabilis
963 1512 1239 1580 cernitur,
1297 1510 1414 1568 vita
1479 1510 1837 1583 reprobatur.
1900 1510 2068 1586 Saepe

349 1604 506 1661 enim
548 1600 823 1660 nonnulli
867 1602 937 1658 ad
977 1600 1292 1658 Dominum
1327 1605 1453 1671 post
1484 1598 1672 1656 carnis
1712 1607 1937 1672 peccata
1973 1617 2066 1659 re-

2140 455 2309 508 tuum
2358 448 2568 516 (Ibid).
2611 466 2640 501 »
2702 446 2807 505 Dei
2856 450 3040 503 mater
3082 444 3157 503 ab
3207 445 3413 519 angelo
3449 444 3770 518 dicebatur,
3804 452 3881 505 et

2140 539 2266 611 ipsa
2302 550 2361 593 se
2416 533 2691 593 ancillam
2726 533 2961 594 Domini
3004 534 3329 592 fatebatur.”
3355 534 3430 593 Et
3466 550 3604 594 vere
3653 542 3875 607 mater,

2140 625 2318 686 simul
2350 631 2405 684 et
2448 625 2677 685 ancilla.
2722 623 2950 684 Ancilla
2996 623 3287 700 siquidem
3329 640 3432 699 per
3483 640 3876 684 communem

2139 715 2489 775 conditionis
2535 717 2810 774 humanae
2866 722 3154 786 naturam,
3184 718 3365 772 mater
3396 730 3533 774 vero
3570 731 3673 789 per
3705 716 3872 774 inef-

2141 805 2379 865 fabilem
2427 804 2612 863 divini
2656 803 2919 863 muneris
2968 803 3230 877 gratiam.
3277 802 3457 861 Mater
3494 804 3557 862 in
3599 820 3667 862 eo
3704 805 3870 878 quod

2141 896 2379 968 genuit;
2411 894 2622 952 ancilla
2643 893 2705 951 in
2730 909 2796 952 eo
2822 893 2977 968 quod
3001 892 3196 967 genita
3224 893 3357 951 fuit.
3381 893 3638 952 Necdum
3664 894 3871 954 Evan-

2142 984 2363 1059 gelium
2420 984 2698 1056 scriptum
2752 988 2890 1053 erat,
2931 989 2987 1040 et
3025 982 3147 1056 jam
3195 982 3529 1056 evangelica
3576 989 3869 1056 prmcepta

2144 1074 2426 1133 servabat.
2447 1070 2713 1143 Praecipit
2734 1070 2894 1130 enim
2914 1070 3230 1129 Dominus:
3273 1093 3294 1123 α
3318 1070 3544 1140 Quanto
3570 1073 3753 1146 major
3780 1086 3864 1140 es,

2145 1164 2393 1222 humilia
2425 1168 2478 1220 te
2504 1162 2565 1220 in
2592 1159 2866 1220 omnibus
2894 1163 3090 1228 (Math.
3109 1172 3295 1231 XXIII;
3326 1163 3496 1217 Ecch‘.
3523 1164 3631 1231 III).
3656 1183 3677 1212 η
3710 1159 3869 1230 Quid

2146 1253 2304 1311 enim
2351 1252 2541 1325 majus
2583 1257 2767 1308 matre
2805 1248 3079 1307 Domini?
3133 1248 3283 1319 Quid
3328 1249 3614 1309 humilius
3647 1249 3869 1308 ancilla

2147 1338 2420 1402 Domini?
2452 1362 2480 1395 «
2513 1341 2657 1399 Ecce
2693 1339 2903 1398 ancilla
2934 1338 3191 1412 Domini,
3217 1340 3315 1397 ﬁat
3352 1339 3500 1397 mihi
3538 1339 3869 1398 secundum

2147 1433 2392 1492 verbum
2432 1440 2617 1491 tuum.
2661 1452 2689 1484 »
2722 1431 2887 1490 Unde
2928 1430 3076 1489 bene
3122 1431 3183 1489 in
3226 1431 3479 1489 Canticis
3510 1431 3869 1490 canticorum

2146 1524 2274 1582 htec
2302 1538 2531 1596 sponsa,
2563 1526 2619 1580 et
2649 1528 2831 1579 mater
2860 1520 3111 1590 Domini,
3149 1520 3346 1593 sponsi
3373 1519 3466 1578 sui
3493 1535 3631 1578 voce
3661 1519 3869 1578 lauda-

2150 1620 2262 1685 tur,
2294 1628 2429 1671 cum
2474 1611 2729 1670 dicitur:
2763 1631 2791 1665 ‹‹
2824 1610 2967 1680 Quae
3004 1609 3261 1668 ascendit
3288 1623 3391 1683 per
3427 1608 3719 1668 desertum
3760 1609 3872 1667 sic-

350 1697 613 1764 deuntes,
641 1697 797 1749 tanto
838 1706 899 1748 se
948 1688 1248 1747 ardentius
1282 1689 1345 1745 in
1370 1688 1540 1747 bonis
1577 1691 1848 1763 operibus
1887 1691 2059 1761 exhi-
2073 1707 2120 1766 Β
2147 1709 2214 1762 ut
2245 1701 2474 1774 virgula
2523 1700 2696 1771 fumi,
2724 1716 2800 1758 ex
2842 1698 3196 1757 aromatibus
3244 1697 3522 1771 myrrhae,
3557 1703 3612 1755 et
3649 1696 3868 1768 thuris,

352 1785 508 1854 bent,
531 1788 747 1855 quanto
762 1780 1210 1839 damnabiliores
1233 1794 1292 1837 se
1315 1779 1385 1838 de
1403 1780 1574 1837 malis
1594 1781 1811 1841 vident.
1829 1782 1899 1840 Et
1920 1798 2075 1857 saepe

352 1872 490 1929 241
524 1873 763 1946 quidam
804 1872 867 1930 in
908 1873 1100 1931 carnis
1136 1872 1462 1945 integritate
1500 1871 1897 1947 perdurantes,
1929 1874 2070 1933 dum

352 1964 550 2022 minus
607 1977 668 2020 se
725 1960 1043 2037 respiciunt
1092 1961 1325 2033 habere,
1370 1960 1524 2033 quod
1590 1961 1858 2035 deﬂeant,
1899 1966 2072 2039 plene

310 2080 317 2084 ν
354 2057 464 2114 sibi
494 2056 755 2114 suﬂicere
784 2056 921 2114 vitae
949 2072 1074 2116 suae
1102 2056 1498 2115 innocentiam
1525 2061 1750 2129 putant,
1785 2062 1961 2130 atque
1999 2041 2072 2114 ad

278 2210 287 2217 ι
355 2146 642 2202 fervorem
674 2144 914 2218 spiritus
958 2145 1142 2203 nullis
1175 2161 1235 2203 se
1281 2144 1506 2202 ardoris
1537 2143 1792 2201 stimulis
1832 2144 2071 2201 inﬂam—

358 2238 536 2289 mant.
570 2232 640 2288 Et
684 2232 751 2289 ﬁt
787 2231 1138 2305 plerumque
1184 2232 1303 2289 Deo
1352 2229 1567 2303 gratior
1618 2245 1814 2288 amore
1863 2231 2072 2289 ardens

360 2321 476 2378 vita
518 2330 647 2395 post
697 2321 949 2394 culpam,
978 2337 1155 2395 quam
1198 2321 1506 2380 securitate
1567 2326 1797 2393 torpens
1825 2321 2073 2395 virginis

358 2411 709 2468 innocentia.
746 2410 911 2468 Unde
961 2419 1016 2468 et
1062 2426 1202 2469 voce
1246 2410 1469 2470 Judicis
1498 2409 1709 2468 dicitur
1740 2429 1754 2466 :
1787 2431 1815 2464 «
1846 2411 2071 2470 Remit-

361 2504 563 2556 tuntur
609 2499 664 2556 ei
699 2506 925 2571 peccata
980 2498 1181 2571 multa,
1224 2498 1504 2574 quoniam
1564 2497 1773 2557 dilexit
1820 2498 2071 2558 multum

362 2589 513 2655 (Luc.
546 2590 669 2659 VII).
701 2608 727 2637 ιη
778 2587 847 2645 Et
873 2587 1128 2645 iterum:
1170 2609 1190 2638 α
1232 2585 1524 2645 Gaudium
1566 2592 1650 2644 est
1687 2586 1911 2660 angelis
1967 2586 2073 2645 Dei

362 2691 534 2749 super
607 2692 726 2734 uno
797 2683 1090 2748 peccatore
1168 2674 1568 2749 paenitentiam
1625 2682 1849 2747 agente,
1895 2691 2072 2751 quam

362 2782 536 2839 supra
601 2765 915 2838 nonaginta
968 2780 1178 2823 novem
1229 2764 1423 2839 justis,
1483 2763 1588 2838 qui
1638 2780 1758 2822 non
1811 2764 2075 2838 indigent

363 2856 701 2930 poenitentia
735 2858 879 2929 (Luc.
922 2857 1046 2929 xv).
1082 2878 1109 2909 »

434 2946 543 3003 Illa
588 2961 723 3019 ergo
769 2945 1070 3019 virginitas
1099 2945 1348 3019 perfecta
1376 2952 1482 3013 est,
1513 2961 1647 3019 quae
1677 2944 1919 3017 reliquis
1948 2947 2070 3003 vir-

2154 1799 2210 1851 et
2247 1790 2509 1851 universi
2556 1788 2817 1863 pulveris
2851 1786 3268 1861 pigmentarii?
3301 1812 3323 1838 ι
3357 1788 3529 1859 (Cant.
3561 1786 3666 1858 III.)
3694 1785 3872 1844 Beata

2153 1879 2366 1954 quippe
2392 1877 2573 1937 Maria
2599 1877 2747 1936 sicut
2769 1876 3000 1950 virgula
3023 1877 3170 1934 fumi
3192 1893 3265 1935 ex
3288 1875 3644 1935 aromatibus
3664 1889 3871 1932 ascen-

2153 1969 2258 2039 dit,
2299 1967 2437 2042 quia
2472 1982 2546 2023 ex
2590 1965 2728 2024 vitae
2766 1982 2889 2024 suae
2926 1965 3240 2024 virtutibus
3280 1966 3339 2023 in
3380 1963 3595 2023 interni
3641 1978 3873 2036 semper

2151 2056 2376 2114 incensi
2429 2053 2833 2112 rectitudinem
2880 2054 3156 2127 proficere
3200 2052 3468 2122 studuit;
3520 2067 3627 2109 nec
3673 2065 3874 2124 sparsa

2151 2162 2254 2219 per
2305 2144 2676 2218 cogitationes
2718 2142 2984 2213 deﬂuxit,
3014 2143 3114 2201 sed
3151 2158 3274 2201 sese
3310 2142 3465 2200 intra
3500 2157 3709 2200 arcana
3736 2156 3865 2199 cor—

2153 2236 2243 2294 dis
2289 2235 2353 2293 in
2402 2234 2610 2308 rigoris
2658 2235 2822 2307 virga
2856 2232 3225 2292 constrinxit.
3256 2232 3398 2303 Quae
3433 2228 3578 2287 242
3615 2247 3703 2303 ea,
3735 2246 3872 2306 quae

2151 2325 2285 2397 egit,
2333 2323 2475 2382 dum
2531 2325 2843 2398 recogitare
2886 2338 3112 2396 semper
3148 2338 3214 2381 ac
3257 2327 3561 2381 retractare
3606 2337 3727 2380 non
3767 2320 3875 2379 de-

2149 2415 2312 2486 stitit,
2362 2413 2663 2487 myrrham
2715 2412 2950 2487 quidem
2996 2418 3051 2470 et
3099 2414 3236 2470 thus
3280 2411 3528 2469 habebat
3574 2411 3635 2467 in
3675 2424 3871 2483 opere,

2152 2504 2248 2562 sed
2294 2505 2598 2578 pulverem
2640 2503 2699 2561 in
2743 2502 3106 2577 cogitatione.
3146 2501 3218 2559 Et
3266 2501 3411 2558 bene
3446 2498 3677 2572 virgula
3720 2498 3876 2557 fumi

2150 2600 2276 2657 hac
2306 2597 2516 2656 dicitur
2552 2612 2685 2673 quae
2736 2612 2837 2669 per
2868 2595 3091 2667 virgam
3135 2608 3366 2668 quoque
3402 2594 3595 2649 Aaron
3628 2588 3875 2663 mystice

2152 2690 2454 2765 ﬁguratur.
2492 2687 2600 2745 Illa
2641 2686 2799 2744 enim
2838 2682 3239 2757 amygdalinas
3278 2697 3456 2741 nuces
3491 2680 3712 2753 absque
3745 2678 3873 2736 ullo

2152 2780 2398 2837 humore
2441 2775 2652 2834 terreni
2703 2772 2932 2845 cespitis
2979 2771 3248 2843 protulit;
3288 2769 3396 2827 ista
3458 2783 3597 2825 vero
3650 2766 3877 2838 absque

2153 2869 2274 2927 ullo
2302 2866 2461 2927 virili
2485 2865 2705 2923 semine
2733 2862 2836 2921 Dei
2880 2862 3097 2920 Filium
3128 2858 3444 2935 generavit.
3480 2857 3609 2931 Ipse
3639 2870 3876 2931 quoque

2154 2959 2334 3031 virgae
2375 2956 2539 3015 illius
2587 2956 2829 3022 fructus,
2872 2952 2921 3010 si
2958 2951 3214 3010 studiose
3250 2949 3575 3019 discutitur,
3615 2945 3877 3019 aliquam

364 3038 585 3096 “Itilius
625 3037 899 3111 Cingitur:
929 3053 1060 3110 qua?
1126 3053 1261 3096 Vera
1307 3037 1519 3094 mentis
1565 3037 1894 3095 humilitate
1931 3054 2134 3121 COD-0
2158 3064 2294 3108 cum
2343 3046 2569 3103 Christo
2613 3042 2821 3101 habere
2858 3039 3306 3101 similitudinem
3353 3036 3671 3095 invenitur.
3717 3033 3882 3096 Sicut

364 3127 539 3185 ditur.
571 3126 712 3196 Quae
758 3141 877 3183 non
920 3124 1109 3183 solum
1147 3124 1425 3182 illibatam
1471 3141 1531 3183 se
1568 3133 1758 3183 servat
1786 3126 1850 3183 in
1880 3141 2070 3197 carne,
2157 3136 2315 3195 enim
2359 3131 2727 3206 amygdalina
2786 3147 2912 3190 nux
2965 3146 3040 3189 ex
3100 3128 3310 3187 nucleo
3361 3132 3599 3196 constat,
3640 3139 3768 3183 osse
3819 3129 3878 3180 et

366 3219 464 3276 sed
494 3219 668 3277 etiam
697 3217 965 3293 pudicam
985 3216 1232 3276 custodit
1252 3218 1315 3275 in
1342 3233 1459 3277 ore.
1486 3217 1651 3278 Unde
1673 3225 1728 3276 et
1754 3219 1917 3277 beata
1946 3219 2070 3277 vir-

366 3321 439 3379 go
468 3304 667 3377 Maria,
699 3305 896 3365 audito
937 3305 1216 3379 angelicas
1262 3306 1565 3379 legationis
1599 3307 1890 3380 mysterio,
1933 3307 2072 3366 soli-

370 3405 493 3454 tum
524 3398 767 3455 modesti
801 3396 1017 3455 silentii
1047 3397 1297 3471 rigorem
1326 3397 1549 3468 tenuit;
1582 3403 1637 3455 et
1666 3400 1716 3456 si
1754 3398 1878 3470 ipsa
1915 3398 2072 3455 enim

366 3486 517 3543 intra
556 3502 617 3543 se
653 3485 939 3544 discutere
982 3501 1096 3544 non
1138 3492 1321 3559 posset
1357 3485 1548 3558 qualis
1594 3491 1741 3543 esset
1778 3486 1880 3543 illa
1916 3486 2074 3546 salu-

368 3576 528 3645 tatio,
568 3575 760 3633 verbis
791 3581 984 3633 tamen
1020 3574 1321 3650 inquirere
1355 3574 1717 3648 superﬂuum
1755 3574 2072 3647 deputavit.

371 3666 481 3727 Sed
522 3681 659 3724 mox
689 3666 926 3724 tacendo
954 3666 1159 3724 audire
1197 3667 1439 3737 meruit,
1478 3666 1633 3738 quod
1670 3666 2077 3739 interrogando

370 3756 667 3829 inquirere
713 3770 832 3812 non
874 3754 1261 3827 praesumpsit.
1309 3756 1405 3813 Ait
1449 3756 1610 3813 enim
1664 3756 1908 3829 angelus
1972 3756 2073 3814 ei:

375 3867 402 3899 «
444 3846 528 3904 Ne
576 3845 802 3916 timeas,
843 3844 1053 3913 Maria;
1105 3844 1381 3903 invenisti
1432 3843 1590 3903 enim
1637 3845 1882 3919 gratiam
1922 3845 2078 3919 apud

372 3934 689 3993 Dominum
726 3953 741 4007 ;
776 3949 904 3992 ecce
929 3935 1086 3993 conci
1094 3934 1215 4008 pies
1249 3935 1307 3992 in
1351 3941 1531 4006 utero,
1561 3940 1616 3992 et
1644 3934 1829 4009 paries
1864 3934 2074 4008 ﬁlium,

375 4032 431 4083 et
472 4023 706 4082 vocabis
750 4039 961 4082 nomen
1009 4026 1135 4099 ejus
1171 4024 1371 4082 Jesum
1417 4026 1564 4096 (Luc.
1592 4025 1652 4095 Ι).
1685 4049 1710 4073 ››
1753 4022 1915 4094 Quod
1955 4041 2080 4099 pro—

373 4115 545 4187 pheta
582 4113 766 4171 multo
815 4119 947 4171 ante
999 4114 1265 4172 futurum
1323 4114 1615 4187 prmdixit,
1668 4114 1778 4172 hoc
1824 4130 2080 4187 praesens

376 4203 574 4260 adesse
608 4201 824 4259 eisdem
869 4202 1062 4260 verbis
1103 4202 1345 4274 angelus
1375 4203 1688 4260 nuntiavit.
1720 4203 1871 4261 Dicit
1897 4205 2077 4276 enim,

374 4297 439 4350 ut
466 4290 833 4364 praemissum
861 4297 965 4361 est,
983 4290 1162 4349 Isaias
1192 4309 1204 4347 :
1244 4313 1265 4343 α
1292 4291 1437 4348 Ecce
1466 4292 1628 4363 virgo
1656 4292 1716 4349 in
1750 4300 1912 4351 utero
1941 4309 2077 4351 con-

2157 3227 2395 3296 cortice;
2438 3224 2518 3281 ita
2554 3220 2900 3294 Redemptor
2938 3224 3133 3278 noster
3177 3234 3252 3277 ex
3297 3217 3598 3275 divinitate
3634 3216 3879 3282 constat,

2156 3323 2212 3375 et
2240 3315 2433 3373 anima
2456 3313 2634 3372 simul
2661 3318 2717 3370 et
2747 3325 2939 3369 carne.

2230 3406 2377 3476 Quia
2427 3420 2564 3463 vero
2610 3403 2829 3477 absque
2884 3400 3007 3459 ullo
3061 3398 3217 3458 virili
3272 3398 3494 3457 semine
3530 3396 3600 3455 de
3639 3393 3881 3467 Virgine

2160 3496 2487 3553 nasciturus
2512 3496 2651 3560 erat,
2676 3491 2797 3564 ipse
2831 3488 3016 3547 multo
3038 3494 3171 3545 ante
3207 3502 3308 3560 per
3336 3485 3678 3559 Pr0phetam
3709 3482 3881 3540 dixe-

2162 3590 2249 3641 rat
2283 3603 2295 3641 :
2334 3605 2355 3634 α
2395 3582 2515 3655 Ego
2565 3586 2760 3639 autem
2799 3572 3184 3638 sum'vermis
3230 3582 3286 3634 et
3330 3590 3445 3634 non
3489 3576 3659 3632 homo
3705 3572 3875 3643 (Psal.

2161 3676 2315 3740 XXI).
2350 3694 2371 3724 ι
2402 3670 2566 3731 Sicut
2597 3670 2756 3728 enim
2784 3668 3001 3726 vermis
3028 3683 3104 3724 ex
3132 3664 3292 3739 ligno
3318 3667 3534 3739 absque
3556 3662 3746 3721 alieno
3772 3675 3882 3717 na-

2163 3763 2341 3821 scitur
2394 3758 2648 3827 semine;
2693 3758 2773 3816 ita
2822 3763 2879 3814 et
2923 3754 3187 3815 Christus
3242 3754 3461 3828 absque
3511 3751 3634 3810 ulla
3690 3749 3882 3809 carnis

2163 3847 2626 3923 concupiscentia
2663 3846 2733 3905 de
2772 3846 2934 3905 beata
2970 3851 3144 3903 natus
3180 3851 3265 3903 est
3311 3841 3568 3916 Virgine.
3609 3840 3765 3898 Hinc
3796 3843 3884 3895 est

2164 3941 2341 4009 enim,
2382 3936 2537 4014 quod
2583 3952 2684 4011 per
2731 3935 3066 4011 prophetam
3119 3934 3305 3991 alium
3352 3931 3563 3991 dicitur
3600 3948 3614 3988 :
3672 3952 3695 3982 ι
3739 3926 3885 3985 Ecce

2164 4030 2447 4090 Dominus
2492 4025 2761 4085 ascendet
2802 4039 2975 4099 super
3008 4022 3223 4081 nubem
3261 4022 3449 4080 levem
3475 4022 3620 4092 (Isai.
3660 4016 3807 4088 XIX).
3857 4036 3880 4065 ι

2169 4120 2265 4180 Sol
2305 4119 2519 4194 quippe
2567 4132 2702 4176 cum
2747 4115 2904 4174 nube
2958 4113 3187 4187 tegitur,
3227 4112 3301 4171 ab
3340 4109 3619 4171 humanis
3661 4105 3886 4166 visibus

2165 4210 2500 4269 occultatur.
2558 4207 2653 4267 Sic
2692 4206 2994 4273 nimirum,
3035 4205 3118 4262 sic
3165 4202 3424 4261 Salvator
3462 4206 3673 4269 noster,
3717 4213 3884 4257 sum-

2166 4307 2260 4373 pta
2291 4315 2365 4357 ex
2390 4297 2631 4370 Virgine
2664 4312 2723 4354 se
2752 4310 2924 4353 carne
2954 4292 3206 4364 vestivit,
3236 4292 3297 4349 in
3338 4306 3451 4364 qua
3487 4287 3765 4347 divinitas
3795 4285 3882 4343 la-

374 4380 571 4454 cipiet;
632 4385 688 4437 et
732 4380 917 4453 pariet
966 4379 1177 4449 ﬁlium,
1233 4386 1287 4437 et
1335 4379 1632 4437 vocabitur
1680 4396 1889 4440 nomen
1956 4384 2295 4483 ejusDtens
2328 4390 2585 4447 humano
2627 4385 2842 4443 intuitu
2891 4382 3077 4441 videri
3110 4397 3227 4439 non
3266 4377 3659 4483 potuit.'9ua3
3696 4375 3884 4483 nubes

375 4475 721 4534 Emmanuel
759 4476 909 4545 (Isai.
940 4484 1062 4535 VII).
1100 4496 1121 4524 ε
1162 4471 1285 4532 Illic
1312 4474 1498 4545 Jesus,
1539 4476 1641 4549 qui
1695 4479 1952 4535 Salvator
1992 4463 2382 4539 di-"idcirco
2431 4476 2579 4534 levis
2620 4474 2852 4544 dicitur,
2905 4471 3045 4545 quia
3098 4470 3429 4528 beatissima
3482 4467 3659 4540 Virgo
3711 4463 3883 4523 nullo

374 4565 557 4636 citur;
592 4564 689 4624 hic
732 4564 1103 4635 Emmanuel,
1142 4563 1245 4637 qui
1282 4566 1561 4622 nobiscum
1609 4571 1749 4624 Deus
1797 4569 2080 4643 interpre-

373 4661 542 4714 tatur.

442 4744 569 4814 Qua
619 4743 837 4815 laetitia,
896 4759 1011 4817 quo
1067 4741 1337 4815 tripudio,
1397 4743 1603 4801 fratres
1686 4744 1825 4815 mei,
1883 4745 2083 4804 Mariae

371 4849 538 4892 mens
589 4834 803 4909 repleta
840 4850 962 4892 esse
998 4838 1277 4908 potuerat,
1322 4833 1558 4906 quando
1591 4833 1717 4891 haec
1753 4835 2084 4908 prophetica

371 4929 429 4982 et
478 4921 811 4995 evangelica
865 4923 1044 4981 verba
1106 4922 1256 4979 inter
1305 4936 1366 4979 se
1414 4921 1667 4979 invicem
1706 4923 2076 4981 conferebat:

374 5036 400 5064 α
432 5013 614 5071 Maria
653 5013 833 5081 enim,
874 5013 1071 5088 inquit
1114 5012 1488 5087 evangelista,
1540 5012 1917 5071 conservabat
1955 5028 2080 5071 om—

368 5104 466 5163 nia
524 5102 699 5163 verba
746 5104 891 5172 haec,
933 5104 1235 5161 conferens
1295 5104 1357 5160 in
1414 5102 1584 5160 corde
1627 5118 1733 5160 suo
1758 5106 1903 5174 (Luc.
1935 5103 2016 5169 II).
2051 5125 2076 5154 υ

365 5194 432 5251 In
463 5199 679 5268 quanta
716 5209 777 5253 se
825 5193 1171 5251 excellentia
1200 5209 1373 5267 super
1405 5208 1579 5251 omne
1613 5193 1939 5251 humanum
1975 5207 2080 5264 ge-

2170 4568 2281 4629 viri
2329 4567 2551 4625 semine
2597 4562 2852 4634 gravida,
2892 4560 3013 4618 sola
3056 4560 3237 4616 sancti
3279 4557 3529 4631 Spiritus
3576 4554 3759 4631 gratia
3805 4554 3883 4612 fe-

2168 4656 2470 4714 cundatur.
2510 4651 2652 4721 Qum
2700 4657 2755 4707 et
2790 4646 3130 4722 dignitatem
3170 4644 3478 4706 Genitricis
3515 4643 3788 4714 obtinuit,
3825 4649 3884 4701 et

2167 4742 2516 4817 virginalem
2559 4738 2896 4814 pudicitiam
2934 4753 3054 4795 non
3091 4735 3303 4794 amisit.
3338 4735 3481 4804 Quae
3516 4735 3642 4793 sine
3683 4739 3884 4792 conta-

2168 4834 2484 4891 minatione
2515 4830 2790 4903 concepit,
2826 4836 2880 4887 et
2920 4827 3046 4885 sine
3076 4825 3274 4885 dolore
3312 4824 3506 4883 filium
3542 4820 3880 4897 procreavit.

2167 4923 2293 4981 Non
2341 4928 2574 4980 secutus
2612 4926 2698 4979 est
2735 4918 2897 4977 dolor
2941 4923 3189 4991 partum,
3239 4916 3377 4992 quia
3421 4929 3536 4972 non
3593 4909 3886 4986 praecessit

2167 5011 2346 5069 libido
2406 5016 2768 5083 conceptum.
2830 5008 3061 5067 Dictum
3121 5020 3373 5077 namque
3424 5003 3610 5061 fuerat
3668 5000 3808 5058 Evaa
3864 5023 3879 5058 :

2171 5122 2193 5150 ε
2227 5100 2296 5158 In
2332 5099 2529 5158 dolore
2563 5099 2752 5172 paries
2789 5098 2978 5157 lilium
3013 5098 3161 5171 (Gen.
3209 5095 3311 5167 III).
3360 5116 3382 5145 ι
3417 5092 3558 5163 Quae
3594 5089 3885 5149 sententia

2165 5188 2226 5246 in
2275 5189 2406 5247 aliis
2459 5188 2743 5246 matribus
2786 5187 2995 5260 viguit,
3026 5185 3089 5243 in
3128 5183 3308 5242 Maria
3345 5198 3481 5241 vero
3516 5183 3755 5240 modum
3788 5179 3882 5238 sui

363 5297 475 5341 nus
536 5283 844 5343 sublimari
894 5288 1291 5356 conspexerat,
1345 5297 1477 5355 quae
1534 5296 1594 5338 se
1648 5279 1934 5339 Creatoris
1990 5280 2083 5339 sui
2157 5277 2309 5352 juris
2337 5276 2552 5337 amisit.
2586 5277 2655 5335 In
2696 5276 3042 5335 mulieribus
3081 5273 3201 5332 ﬁxa
3238 5273 3499 5346 perstitit,
3539 5271 3601 5329 in
3642 5269 3883 5344 Virgine

366 5376 608 5429 matrem
658 5372 786 5430 ﬁeri
834 5368 1150 5429 audiebat?
1192 5368 1303 5427 Sed
1346 5383 1479 5442 quae
1519 5375 1675 5427 tanto
1713 5368 1867 5442 apud
1894 5367 2081 5425 Deum

372 5458 599 5530 fastigio
651 5475 903 5519 crescere
967 5458 1198 5525 meruit,
1259 5461 1478 5530 quanta
1552 5471 1611 5513 se
1665 5456 1817 5530 apud
1872 5463 2082 5513 semet-

365 5545 554 5619 ipsam
599 5548 948 5607 humilitatis
993 5546 1307 5621 dejectione
1356 5543 1704 5603 substravit?
1743 5544 1845 5602 Ait
1883 5543 2077 5602 enim:

2164 5365 2477 5439 praevalere
2530 5381 2646 5424 non
2695 5365 2899 5439 potuit.
2939 5363 3082 5432 Quae
3116 5362 3275 5420 enim
3326 5361 3502 5435 Virgo
3558 5358 3881 5433 permansit

2163 5454 2562 5529 concipiendo,
2611 5454 2870 5513 dolorem
2922 5453 3136 5513 sentire
3185 5467 3302 5510 non
3352 5452 3540 5525 potuit
3586 5449 3874 5524 patiendo.

2165 5541 2269 5602 Ille
2302 5544 2536 5619 quippe,
2570 5545 2673 5618 qui
2701 5560 2774 5603 ex
2803 5560 2870 5603 ea
2895 5538 3269 5602 ineifabiliter
3305 5541 3533 5617 prodiit,
3564 5542 3881 5602 claustrum
