4178 6438
239 286 343 348 761

1750 279 1998 340 SERMO
2035 280 2269 342 XLVII.

3656 278 3765 339 762

233 408 543 486 virginalis
578 406 878 484 pudicitiae
905 421 1024 467 non
1054 407 1326 482 corrupit.
1369 406 1670 482 Virginem
1708 407 2238 480 deniqueAatlixit
2291 425 2387 469 eas
2439 410 2596 469 cruci
2650 425 2794 468 suae.
2853 409 2943 467 Ex
2999 410 3189 467 altera.
3237 413 3397 483 parte
3442 408 3762 468 cruciﬁxus

235 501 483 559 veniens
516 494 798 567 introivit,
832 495 1134 569 Virginem
1172 495 1561 573 nihilominus
1597 495 1823 566 exiens,
1867 494 1959 552 de-

237 588 496 664 reliquit.
532 587 673 646 Htec
696 586 855 644 enim
879 591 962 643 est
989 586 1195 645 hortus
1231 584 1556 656 conclusus,
1596 585 1727 644 fons
1763 585 1960 658 signa-

239 686 335 737 tus
375 679 557 747 (Cant.
589 678 693 745 IV),
721 689 856 749 quae
880 680 936 732 et
961 673 1218 732 fructum
1252 672 1621 732 fecunditatis
1668 672 1869 745 edidit,
1906 680 1963 731 et

240 765 594 839 virginitatis
625 763 899 820 meritum
931 776 1049 819 non
1076 760 1393 821 imminuit.

315 854 360 915 Ο
390 853 699 925 mirabilis,
726 868 762 911 o
786 851 1159 926 singulariter
1196 842 1576 911 nobilis'caro
1613 851 1963 912 beatissima:

240 943 542 1018 Virginis,
602 942 664 999 in
723 956 841 1015 qua
892 940 1199 999 muliebris
1251 947 1460 999 natura
1499 946 1785 1005 mutatur.
1848 944 1963 1000 hu-

242 1050 420 1093 mana
469 1030 721 1090 conditio
764 1045 882 1089 non
940 1036 1201 1090 tenetur!
1238 1031 1347 1089 Per
1374 1032 1590 1091 coitum
1616 1033 1852 1109 quidem
1881 1038 1967 1092 est

244 1124 462 1199 genita,
503 1121 602 1181 sed
653 1135 755 1195 per
799 1117 1112 1177 eﬂicaciam
1157 1119 1343 1178 coitus
1394 1135 1510 1177 non
1561 1122 1755 1179 enixa.
1799 1121 1966 1179 Edita

242 1212 545 1276 communi
599 1209 963 1270 nascentium
1004 1210 1161 1282 jure,
1192 1210 1373 1269 edidit
1419 1210 1729 1284 singularis
1766 1211 1967 1286 gratia;

248 1306 523 1365 novitate.
555 1302 624 1361 In
653 1303 915 1360 humano
950 1299 1203 1375 denique
1240 1318 1450 1375 genere
1486 1301 1587 1361 ille
1624 1302 1835 1361 nobilis
1875 1303 1966 1360 di—

247 1394 418 1465 citur,
451 1391 553 1467 qui
600 1388 772 1449 claris
817 1390 1106 1463 majorum
1155 1390 1343 1449 titulis
1392 1391 1710 1465 insignitur
1734 1411 1749 1463 ;
1803 1394 1968 1451 beata

246 1498 386 1543 vero
423 1480 627 1552 Maria,
669 1479 800 1537 licet
837 1477 908 1536 de
951 1493 1227 1550 generosa
1255 1478 1331 1536 sit
1359 1484 1589 1552 patrum
1625 1480 1800 1553 stirpe
1832 1497 1968 1554 pro-

245 1572 458 1647 genita,
492 1569 566 1628 ab
615 1568 716 1627 illo
759 1575 956 1626 tamen
999 1566 1176 1626 trahit
1216 1567 1720 1627 excellentissima;
1765 1568 1971 1627 nobili-

248 1660 381 1719 tatis
431 1673 636 1734 genus,
666 1657 770 1732 qui
822 1656 893 1714 de
948 1654 1049 1714 illa
1106 1662 1191 1714 est
1234 1672 1387 1715 novo
1442 1657 1718 1715 nascendi
1759 1673 1970 1733 genere

2046 504 2130 556 est
2168 497 2514 572 Redemptor
2551 504 2763 571 noster,
2816 513 2890 557 ex
2934 498 3050 556 alia
3091 513 3359 557 summus
3400 496 3503 556 ille
3545 513 3765 571 praeva-

2045 588 2273 648 ﬁmwn

2116 677 2245 736 Rex
2289 678 2401 738 Hai
2456 684 2522 737 ut
2556 685 2750 737 narrat
2798 679 3038 738 historia
3083 683 3216 749 (Jos.
3253 692 3378 750 VIII,
3415 696 3519 736 sec.
3564 676 3762 747 LXX),

2046 770 2361 840 suspensus
2405 775 2492 826 est
2523 769 2585 826 iu
2624 768 2857 841 gemino
2900 769 3181 839 patibulo,
3212 770 3291 827 ita
3322 785 3427 826 rex
3457 769 3658 826 mortis
3699 767 3759 824 in

2046 853 2263 928 duplici
2294 855 2554 929 patibulo
2577 857 2970 929 suspenditur,
3000 857 3139 930 quia
3168 856 3311 917 dum
3338 855 3632 914 Christum
3664 855 3761 912 in-

2049 943 2272 1014 terﬁcit,
2303 943 2363 1001 in
2392 943 2515 1016 ipsa
2544 960 2711 1003 cruce
2740 944 3116 1017 cruciﬁgitur,
3147 961 3323 1020 quem
3360 943 3587 1003 invenit
3640 958 3763 999 ma-

2046 1046 2228 1104 gnum
2274 1040 2700 1091 sacramentum
2746 1033 2953 1105 crucis,
2982 1049 3089 1091 nec
3128 1039 3213 1091 est
3255 1032 3479 1105 aliquid
3511 1034 3618 1091 hoc
3669 1047 3762 1090 sa-

2048 1131 2338 1182 cramento
2415 1125 2711 1184 sacratius.
2765 1125 3004 1198 Respice
3061 1140 3292 1184 crucem
3361 1129 3628 1191 stantem,
3705 1125 3762 1178 et

2048 1213 2182 1274 vide
2208 1230 2384 1287 quam
2415 1220 2565 1272 recta
2599 1214 3060 1274 cacuminatione
3090 1215 3161 1273 de
3190 1215 3356 1272 terris
3391 1214 3648 1286 erigatur
3684 1209 3757 1268 ad

2050 1301 2282 1373 coelum,
2314 1308 2367 1360 et
2420 1303 2721 1360 veritatem
2776 1303 2859 1361 rei
2911 1303 3034 1375 ipsa
3083 1303 3338 1376 imagine
3393 1303 3756 1375 protestetur.

2050 1391 2258 1450 Nonne
2286 1391 2390 1450 tibi
2416 1392 2645 1451 videtur
2683 1392 2871 1467 ﬁgura
2900 1395 3027 1466 ejus
3050 1394 3287 1463 coelum,
3318 1397 3372 1449 et
3401 1397 3610 1449 terram
3655 1404 3763 1447 su-

2048 1478 2219 1536 blimi
2261 1480 2695 1539 continuatione
2742 1481 3139 1554 conjungere?
3185 1480 3327 1537 Haec
3375 1484 3459 1536 est
3502 1474 3769 1534 firmissi-

2050 1585 2215 1628 mum
2272 1586 2339 1628 ac
2386 1569 2792 1628 indissolubile
2842 1573 3061 1645 gluten,
3123 1585 3240 1644 quo
3291 1565 3763 1640 conglutinantur

2048 1657 2357 1718 rationales
2402 1667 2702 1731 creaturas,
2744 1667 2809 1717 ut
2842 1674 2919 1717 ex
2963 1659 3223 1733 utrisque
3260 1659 3361 1716 ﬁat
3402 1655 3504 1714 illa
3540 1653 3762 1724 civitas,

256 1752 605 1821 procreatus,
640 1752 697 1803 et
730 1759 833 1819 per
869 1742 1252 1802 clarissimam
1286 1743 1541 1803 sobolem
1579 1760 1814 1804 omnem
1853 1747 2218 1823 hu-Bcujus
2278 1748 2633 1823 participatio
2691 1749 2819 1823 ejus
2872 1750 2935 1808 in
2989 1750 3243 1823 idipsum
3294 1749 3460 1820 (Psal.
3527 1743 3765 1815 CXXIX).

246 1836 407 1894 mani
452 1828 775 1893 stemmatis
812 1831 1039 1890 excedit
1074 1831 1453 1891 nobilitatem.
1499 1833 1664 1892 Clara
1721 1850 1966 1908 proavo-

248 1942 385 1985 rum
417 1924 620 1996 titulis,
654 1924 755 1982 sed
783 1921 1318 1996 incomparabiliter
1354 1923 1564 1982 clarior
1590 1923 1968 1997 generositate

250 2015 448 2091 prolis.
478 2014 628 2072 Filia
668 2012 954 2087 siquidem
1012 2027 1244 2085 regum;
1300 2012 1397 2070 sed
1445 2011 1626 2070 Mater
1668 2011 1841 2084 Regis
1886 2028 1969 2070 re-

249 2119 391 2177 gum
422 2126 437 2160 :
475 2126 497 2152 ι
532 2099 793 2160 Gloriosa
828 2100 980 2158 dicta
1017 2106 1155 2158 sunt
1191 2099 1263 2158 de
1298 2107 1372 2172 te,
1405 2100 1609 2158 civitas
1651 2101 1754 2159 Dei
1799 2103 1965 2171 (Psal.

248 2192 527 2265 LXXXVI).
560 2211 590 2245 »
629 2190 743 2250 Sed
772 2189 1059 2266 quidquid
1095 2189 1166 2247 de
1196 2194 1248 2247 te
1275 2205 1310 2247 a
1336 2187 1566 2247 mortali
1605 2189 1844 2247 homine
1877 2187 1970 2246 di—

248 2281 417 2350 citur,
461 2278 823 2338 celsitudinis
861 2286 980 2338 tute
1018 2277 1240 2336 meritis
1286 2294 1407 2337 non
1455 2284 1739 2352 aequatur.
1784 2279 1968 2348 Quam

252 2371 414 2430 enim
450 2367 742 2428 excellens
777 2365 962 2442 gratia
999 2382 1171 2440 super
1208 2365 1446 2440 angelos
1487 2365 1691 2432 elevat,
1734 2364 1808 2423 ad
1846 2366 1972 2438 ejus

259 2461 436 2535 digne
465 2458 752 2517 efferenda
775 2456 1065 2530 praeconia
1094 2457 1353 2514 humana
1380 2454 1659 2528 fragilitas
1682 2470 1797 2513 non
1825 2453 1973 2528 aspi-

251 2556 358 2608 rat.
406 2547 702 2620 Rogamus
748 2551 826 2615 te,
874 2543 1344 2609 clementissima,
1395 2542 1582 2615 ipsius
1638 2543 1866 2616 pietatis
1916 2550 1972 2601 et

253 2636 669 2696 misericordia)
706 2641 912 2705 mater,
940 2640 1005 2694 ut
1035 2634 1139 2708 qui
1173 2638 1287 2691 tuae
1316 2631 1506 2690 laudis
1539 2631 1790 2704 insignia
1828 2629 1973 2687 243

253 2726 627 2800 frequentare
675 2723 995 2796 gaudemus
1028 2722 1091 2780 in
1145 2720 1331 2790 terris,
1384 2728 1496 2779 tum
1545 2720 1974 2780 intercessionis

254 2813 557 2874 auxilium
590 2812 802 2871 habere
834 2826 1166 2869 mereamur
1195 2810 1257 2867 in
1282 2808 1481 2880 ccelis;
1514 2815 1798 2882 quatenus
1829 2810 1977 2869 sicut

252 2918 358 2976 per
394 2909 450 2960 te
490 2901 590 2960 Dei
626 2900 810 2959 Filius
850 2900 1122 2973 dignatus
1158 2903 1244 2957 est
1276 2897 1347 2956 ad
1385 2904 1576 2955 nostra
1610 2898 1975 2973 descendere,

252 2993 335 3051 ita
388 2996 443 3048 et
492 3006 599 3049 nos
647 3006 749 3064 per
812 2997 867 3048 te
925 2988 998 3047 ad
1062 2992 1188 3062 ejus
1251 2986 1549 3046 valeamus
1621 2987 1975 3047 consortium

2050 1837 2195 1897 Vide
2243 1837 2415 1896 etiam
2463 1839 2751 1912 quomodo
2815 1839 3170 1914 quadrifaria
3241 1837 3463 1895 ratione
3513 1838 3763 1907 quatuor

2050 1927 2256 1987 mundi
2291 1927 2520 1986 climata
2557 1930 3023 2003 comprehendat,
3064 1936 3120 1989 et
3155 1940 3389 1987 omnem
3423 1926 3495 1984 ad
3524 1941 3585 1982 se
3628 1938 3760 1995 per-

2052 2021 2239 2078 trahat
2279 2025 2623 2078 creaturam.
2650 2022 2813 2079 Astat
2867 2022 3037 2079 Jesus
3089 2021 3151 2078 in
3200 2016 3411 2085 medio,
3461 2011 3762 2090 quadrifa-

2052 2109 2137 2167 ria
2162 2109 2253 2167 sui
2276 2110 2532 2182 corporis
2560 2115 2720 2183 parte
2762 2110 3066 2181 distentus,
3097 2106 3152 2167 et
3174 2104 3449 2181 expansis
3489 2100 3764 2160 manibus

2052 2194 2328 2254 omnibus
2356 2194 2427 2252 ad
2456 2210 2525 2252 se-
2545 2211 2619 2253 ex
2645 2196 2807 2254 omni
2852 2202 3011 2270 parte
3056 2192 3424 2254 venientibus
3465 2184 3759 2261 amplissi-

2056 2297 2220 2367 mum
2267 2283 2679 2342 misericordiae
2712 2286 2903 2344 sinum
2934 2284 3202 2344 ostendit.
3232 2282 3378 2341 Nam
3411 2276 3617 2351 «apud
3650 2275 3763 2333 Do-

2056 2366 2287 2432 minum
2336 2375 2750 2441 misericordia,
2800 2383 2857 2435 et
2896 2376 3124 2450 copiosa
3169 2372 3323 2447 apud
3368 2386 3506 2429 eum
3548 2366 3770 2425 redem-

2056 2464 2174 2538 ptio
2217 2468 2387 2533 (Ps’al.
2436 2472 2675 2535 CXXIX).
2737 2490 2758 2519 ι
2809 2466 3054 2525 Prorsus
3097 2464 3346 2538 copiosa,
3376 2476 3495 2519 non
3539 2457 3781 2543 stricta;

2057 2554 2196 2630 quia
2242 2556 2473 2629 largiter
2519 2558 2678 2615 unda
2724 2557 3026 2629 sanguinis
3056 2557 3126 2613 de
3150 2568 3383 2628 corpore
3411 2548 3623 2609 Christi
3662 2562 3766 2619 per

2057 2644 2318 2717 quinque
2365 2650 2548 2717 partes
2595 2646 2907 2703 emanavit.
2962 2643 3265 2704 Sulliccret
3308 2640 3379 2698 ad
3426 2634 3766 2707 redemptio—

2056 2748 2193 2791 nem
2236 2732 2410 2802 orbis,
2459 2733 2550 2791 vol
2592 2748 2714 2791 una
2756 2731 3159 2807 pretiosissimi
3210 2726 3511 2802 sanguinis
3564 2728 3761 2798 gutta;

2058 2823 2158 2883 sed
2211 2822 2339 2880 data
2389 2828 2473 2880 est
2522 2821 2706 2896 copia,
2736 2828 2804 2880 ut
2848 2820 3033 2879 virtus
3079 2817 3375 2893 diligentis
3407 2816 3473 2874 in
3497 2809 3764 2871 beneﬁcii

2058 2913 2475 2974 redundatione
2506 2915 2795 2972 clarescat.

2137 3002 2250 3062 Sed
2296 3018 2371 3060 ne
2416 3002 2560 3060 forte
2603 3006 2924 3061 occurreret
2961 3000 3088 3071 tibi,
3119 3005 3185 3060 ut
3226 2997 3445 3072 ubique
3483 2999 3768 3051 terrarum

262 3078 583 3175 Ρίῗτνθηίΐθς
649 3077 762 3175 QUI
825 3092 959 3135 cum
1020 3075 1296 3175 Paff‘ehf-‘t
1350 3073 1569 3175 δρίΐξῐυ
1622 3082 1817 3175 8³Ποξο
1882 3076 1972 3134 Vi“
1997 3113 2043 3175 α
2065 3090 2212 3149 244
2235 3109 2495 3159 currens,
2528 3092 2966 3165 Redemptorem
2995 3098 3166 3150 tuum
3201 3086 3466 3148 invenire
3491 3098 3608 3142 non
3635 3095 3767 3153 pos-

267 3169 354 3227 νίῐ
416 3174 473 3227 εἴ
530 3167 809 3242 gloriatur
861 3180 965 3240 Per
1033 3163 1265 3222 inﬁnita
1324 3162 1536 3221 53301113
1601 3165 1972 3224 S‘BCUIOI‘um-
2002 3162 2231 3253 vses,a
2258 3198 2490 3256 quaqua
2529 3162 2937 3256 mundi—parte
2990 3179 3279 3254 procedas,
3309 3177 3434 3235 sive
3466 3172 3537 3232 ab
3562 3169 3768 3230 Orien-

266 3260 478 3315 Amen.

855 3321 1104 3383 SERMO
1143 3321 1376 3381 XLVII.

373 3428 412 3474 Ῑ.
438 3427 513 3474 DE
540 3423 953 3473 EXALTATIONE
989 3422 1234 3470 SANCTzE
1271 3422 1494 3471 CRUCIS.
1530 3412 1656 3482 (XIV
1690 3414 1865 3482 SEPT.)

335 3522 412 3581 De
461 3522 625 3595 virga
661 3520 819 3579 Jesse
867 3518 1212 3577 devenimus
1264 3518 1337 3576 ad
1388 3518 1613 3590 virgam
1667 3518 1877 3589 crucis,
1920 3525 1978 3577 et

256 3613 614 3688 principium
647 3609 1060 3682 redemptionis
1106 3608 1227 3667 ﬁne
1270 3608 1695 3667 concludimus.
1745 3609 1836 3666 Ex
1874 3608 1976 3667 illa

256 3701 427 3761 Jesus
455 3700 720 3759 Christus
768 3697 946 3772 Virgo
995 3698 1158 3772 virga
1218 3697 1446 3771 virgine
1501 3697 1844 3756 mirabiliter
1891 3705 1977 3756 est

256 3793 610 3863 generatus;
648 3787 711 3846 in
746 3786 860 3846 ista
897 3792 1120 3860 martyr
1157 3793 1481 3861 martyrum
1522 3795 1714 3862 caput,
1745 3794 1801 3846 et
1830 3803 1973 3845 mar-

259 3876 397 3952 tyrii
426 3876 614 3935 forma
648 3877 896 3950 turpiter
924 3881 1009 3935 est
1031 3891 1339 3949 appensus.
1379 3875 1487 3934 Illa
1520 3876 1682 3951 virga
1716 3877 1977 3936 directio-

257 3964 372 4036 nis,
404 3965 568 4039 virga
612 3964 777 4038 regni
818 3966 904 4024 tui
956 3965 1119 4038 (Psal.
1164 3968 1344 4039 XLIV),
1378 3965 1459 4023 ait
1496 3963 1643 4023 illud
1687 3966 1973 4027 familiare

260 4053 513 4128 Spiritus
551 4055 732 4113 sancti
770 4069 1079 4128 organum,
1113 4053 1252 4124 quia
1279 4052 1431 4111 nihil
1462 4053 1702 4126 Virgine
1737 4055 1966 4126 rectius,

258 4142 534 4201 subtilius
583 4143 755 4202 nihil.
785 4142 942 4202 Audi
983 4149 1040 4201 et
1081 4143 1152 4201 de
1195 4143 1346 4201 alia:
1390 4163 1419 4198 «
1462 4142 1697 4217 Virgam
1736 4145 1971 4204 virtutis

258 4238 374 4290 tuae
411 4231 631 4290 emittet
666 4231 952 4291 Dominus
988 4248 1065 4291 ex
1103 4231 1244 4291 Sion
1271 4235 1445 4303 (Psal.
1474 4236 1618 4305 CIX).
1652 4254 1679 4287 »
1711 4233 1970 4293 Profecto

256 4338 405 4381 crux
451 4323 564 4381 fuit
608 4322 774 4396 virga
817 4323 1074 4395 virtutis,
1112 4321 1172 4381 in
1210 4338 1326 4396 qua
1362 4323 1647 4382 Dominus
1681 4325 1968 4385 virtutum

2063 3280 2137 3344 te,
2170 3272 2293 3329 sive
2333 3271 2405 3328 ab
2448 3270 2769 3340 Occidente,
2803 3275 2903 3328 seu
2942 3287 2976 3328 a
3023 3268 3283 3339 Meridie,
3316 3265 3409 3325 vel
3448 3281 3483 3322 a
3528 3262 3768 3335 Septen-

2059 3361 2248 3419 trione
2324 3368 2559 3434 paratus
2616 3369 2703 3418 est
2754 3360 2878 3433 ipse
2930 3361 3222 3432 suscipere
3286 3355 3639 3421 venientem,
3713 3353 3771 3407 et

2056 3448 2269 3507 blanda
2314 3447 2619 3505 confovere
2666 3446 2991 3504 dulcedine.
3032 3445 3143 3505 Sed
3189 3443 3420 3502 attende
3467 3440 3610 3514 quid
3665 3437 3771 3495 tibi

2057 3539 2408 3612 exprimitur
2446 3538 2517 3595 de
2557 3537 2727 3595 corde
2777 3536 3082 3595 Altissimi.
3133 3535 3314 3617 Venis
3358 3533 3432 3591 ad
3467 3529 3769 3589 hominem

2056 3625 2456 3686 crucifixum?
2503 3625 2824 3684 cruciﬁxus
2886 3624 3108 3694 venias,
3163 3631 3263 3682 aut
3320 3617 3766 3691 cruciﬁgendus.

2056 3714 2167 3784 Qui
2207 3715 2365 3773 enim
2410 3713 2622 3772 Christi
2667 3720 2823 3785 sunt,
2872 3713 3293 3772 cruciﬁxerunt
3332 3723 3563 3768 carnem
3602 3720 3771 3763 suam

2056 3819 2193 3863 cum
2235 3803 2412 3874 vitiis,
2443 3810 2499 3860 et
2544 3800 3026 3875 concupiscentiis
3073 3802 3216 3872 (Gal.
3269 3800 3345 3870 v).
3393 3796 3489 3857 Sic
3541 3796 3771 3869 lignum

2055 3896 2303 3967 Christo,
2336 3895 2727 3954 necessarium
2773 3893 2899 3952 tibi.
2936 3893 3046 3952 Sed
3093 3893 3216 3965 jam
3261 3888 3502 3949 ascende
3542 3886 3614 3945 ad
3648 3899 3774 3943 ver-

2053 3985 2115 4044 bi
2156 3984 2334 4058 hujus
2374 3983 2613 4041 celsiora
2660 3983 2906 4056 l‘astigia,
2951 3989 3008 4039 et
3032 3980 3165 4039 vide
3205 3978 3482 4053 quidnam
3513 3976 3586 4034 sit
3615 3971 3772 4047 quod

2053 4074 2366 4150 egreditur.
2400 4072 2694 4147 Scriptum
2722 4072 2893 4130 estin
2926 4071 3151 4145 Regum
3182 4067 3442 4138 historia,
3474 4065 3614 4140 quia
3640 4062 3771 4120 bea-

2054 4173 2109 4223 ta
2148 4165 2246 4223 illa
2288 4170 2472 4223 mater
2515 4163 2596 4222 ait
2632 4165 2703 4222 ad
2748 4162 2936 4221 Eliam
2971 4179 2984 4217 :
3023 4186 3044 4215 κ
3076 4161 3161 4220 En
3197 4160 3404 4233 colligo
3448 4159 3564 4217 duo
3611 4155 3772 4227 ligna

2054 4257 2159 4323 (III
2200 4259 2334 4323 Reg.
2384 4258 2552 4322 XVII).
2618 4275 2640 4305 ι
2701 4252 2826 4311 Duo
2879 4251 3058 4324 ligna,
3118 4251 3235 4310 duo
3293 4248 3484 4308 crucis
3532 4243 3770 4305 brachia

2051 4350 2205 4405 sunt.
2238 4342 2307 4401 In
2340 4343 2433 4402 his
2456 4343 2684 4402 duobus
2709 4342 3029 4401 humanam
3057 4348 3111 4399 et
3136 4340 3454 4414 angelicam
3502 4343 3769 4394 naturam

258 4412 506 4470 viriliter
548 4411 853 4486 pugnavit,
898 4417 955 4468 et
1002 4411 1162 4471 vicit.
1212 4432 1241 4466 «
1287 4413 1594 4486 Assumpsi
1631 4414 1779 4471 mihi
1825 4415 1969 4473 duas

2059 4431 2334 4505 intellige.
2372 4433 2442 4489 Et
2471 4431 2621 4489 illud
2651 4431 2887 4505 quidem
2932 4430 3183 4503 lignum,
3214 4411 3368 4503 quod
3396 4434 3547 4486 recta
3584 4421 3770 4483 subli-

255 4503 471 4575 virgas,
500 4503 580 4560 ait
605 4502 917 4576 propheta;
946 4517 1126 4560 unam
1170 4502 1375 4561 vocavi
1418 4503 1702 4574 decorem,
1738 4510 1794 4561 et
1829 4504 1970 4562 alte-

255 4608 383 4651 ram
426 4591 758 4652 funiculum
812 4595 999 4663 (Zach.
1048 4596 1155 4664 XI).
1212 4615 1234 4645 n
1290 4592 1471 4668 Virga
1499 4591 1969 4666 pulchritudinis,

255 4689 456 4741 uterus
504 4680 779 4756 Virginis.
842 4702 870 4735 «
915 4680 1187 4753 Pulchra,
1241 4682 1451 4757 inquit,
1502 4691 1567 4741 ut
1612 4683 1752 4743 luna
1794 4684 1968 4755 (Cant.

256 4771 357 4843 VI),
395 4790 416 4821 ι
455 4769 618 4844 virga
666 4768 936 4840 funiculi,
978 4770 1207 4844 lignum
1253 4771 1520 4845 patibuli,
1562 4771 1974 4831 disterminans

254 4866 503 4936 utraque
547 4875 796 4934 regnum
843 4860 948 4919 Dei
994 4866 1050 4917 et
1100 4860 1338 4932 diaboli,
1391 4862 1697 4936 imponens
1744 4861 1973 4919 frenum

258 4949 498 5009 malitias
549 4950 698 5023 ejus,
730 4951 1025 5025 latamque
1063 4951 1188 5023 ejus
1219 4954 1691 5027 pervagationem
1737 4952 1974 5011 validis-

254 5038 405 5097 sima
441 5043 716 5110 potestate
762 5053 1054 5098 coercens.
1087 5037 1156 5095 In
1191 5038 1300 5096 bac
1341 5039 1672 5098 confossum
1709 5048 1795 5097 est
1824 5039 1976 5099 latus

255 5130 594 5203 innoxium,
622 5139 679 5190 et
707 5131 781 5190 ad
814 5131 1020 5190 horam
1063 5129 1385 5189 crucifixus
1414 5138 1499 5189 est
1525 5132 1804 5190 innocens
1850 5148 1974 5191 ma-

258 5229 454 5301 nibus,
484 5234 539 5288 et
588 5230 811 5289 mundo
862 5229 1051 5289 corde.
1100 5228 1402 5288 Terribilis
1444 5227 1545 5287 ille
1589 5230 1755 5302 latro,
1807 5234 1976 5306 cujus

257 5333 468 5377 manus
516 5318 706 5392 plenae
751 5325 891 5377 sunt
939 5318 1245 5394 sanguine,
1277 5316 1338 5375 in
1366 5317 1473 5374 hac
1500 5317 1635 5376 item
1675 5319 1976 5378 confossus

257 5412 365 5478 est,
422 5413 479 5465 et
529 5407 844 5466 confectus.
880 5406 992 5467 Sed
1046 5407 1307 5467 Christus
1359 5404 1546 5477 aliter,
1605 5406 1772 5465 aliter
1829 5408 1971 5480 ipse.

259 5494 522 5554 Christus
551 5494 624 5553 ad
654 5501 1124 5571 monumentum,
1150 5495 1251 5555 ille
1275 5494 1339 5553 in
1369 5501 1677 5553 aeternum.
1714 5494 1975 5554 Debella-

258 5582 348 5642 vit
392 5598 589 5643 aereas
642 5590 968 5663 potestates,
1023 5586 1106 5645 ait
1158 5584 1467 5663 Apostolus
1521 5584 1739 5658 (Coloss.
1793 5586 1870 5657 II),
1921 5590 1978 5644 et

2055 4524 2252 4580 mitate
2283 4521 2464 4579 tendit
2489 4522 2562 4579 ad
2589 4521 2782 4591 cmlos,
2830 4519 3190 4594 superiorem
3234 4517 3426 4590 accipe
3476 4518 3763 4581 naturam,

2053 4625 2190 4682 quae
2240 4608 2396 4666 stetit
2423 4610 2485 4667 in
2513 4608 2875 4679 rectitudine,
2907 4616 2961 4666 et
3000 4606 3419 4666 ofﬁciosissime
3464 4599 3770 4659 devotione

2054 4696 2340 4756 voluntati
2368 4695 2731 4755 Dominantis
2764 4693 3197 4753 adhaesitJllud
3222 4706 3377 4761 vero,
3399 4687 3555 4762 quod
3581 4692 3764 4743 trans-

2055 4800 2290 4845 versum
2350 4791 2455 4856 est,
2494 4784 2829 4842 humanam
2885 4780 3167 4855 designat,
3224 4792 3356 4851 quae
3415 4781 3764 4842 transversa,

2055 4879 2194 4949 imo,
2226 4883 2290 4935 ut
2335 4876 2532 4934 verius
2580 4874 2865 4941 dicamus,
2909 4886 3130 4940 eversa,
3173 4874 3356 4925 status
3398 4864 3491 4923 sui
3520 4860 3767 4935 perdidit

2058 4966 2407 5040 aequitatem.
2446 4963 2679 5022 Intuere
2707 4976 2844 5019 cum
2871 4963 3086 5031 quanto
3129 4958 3485 5013 sacramento
3509 4950 3766 5040 jungan-

2058 5036 2174 5111 tur.
2203 5052 2273 5111 In
2302 5059 2548 5128 utroque
2581 5051 2739 5122 ligno
2771 5048 2837 5104 ﬁt
2862 5043 3079 5114 scissio,
3115 5051 3169 5101 et
3196 5059 3270 5100 ex
3308 5040 3610 5128 occasione
3630 5036 3764 5094 vul-

2057 5159 2267 5202 nerum
2315 5126 2539 5216 junctio
2578 5141 2855 5214 junctura
2893 5133 3278 5208 componitur.
3323 5126 3767 5216 Supercmlestes

2059 5232 2297 5307 spiritus
2320 5214 2445 5289 non
2471 5227 2757 5286 mediocre
2796 5224 3014 5283 vulnus
3060 5226 3419 5296 acceperunt,
3448 5231 3583 5276 cum
3613 5214 3768 5272 Deus

2058 5319 2124 5378 in
2168 5318 2390 5392 angelis
2442 5315 2567 5375 suis
2636 5313 2847 5387 reperit
2916 5311 3263 5385 pravitatem
3314 5309 3435 5379 (Job
3490 5310 3612 5375 IV);
3659 5319 3769 5362 nec

2059 5408 2481 5469 contemnenda
2547 5404 2733 5480 plaga,
2784 5419 2919 5463 cum
2971 5419 3102 5462 eam
3155 5400 3418 5460 resarciri
3490 5403 3766 5471 oporteat,

2061 5499 2200 5573 quia
2230 5512 2348 5555 non
2376 5495 2639 5553 restituto
2692 5492 2888 5552 sociali
2929 5506 3194 5561 numero,
3244 5489 3630 5549 numerositas
3673 5504 3769 5546 ca-

2061 5584 2205 5646 dens
2230 5585 2377 5644 facta
2406 5584 2637 5645 videtur
2664 5583 2729 5641 in
2756 5595 2996 5643 vanum.
3041 5579 3289 5641 Inferior
3334 5585 3471 5637 vero
3502 5584 3711 5637 natura
3737 5591 3772 5635 a
