4178 6474
415 251 519 312 763

1042 252 1102 315 S.
1144 254 1367 314 PETRI
1405 255 1729 315 DAMIANI
1768 256 1924 317 OPP.
1968 257 2160 318 PARS
2201 256 2343 317 SEU
2385 257 2636 319 TOMUS
2675 259 2750 318 II.
2795 291 2858 303 --
2899 258 3314 321 SERMONES.

3822 266 3933 325 764

413 376 611 450 planta
652 376 812 449 pedis
864 393 1050 451 usque
1087 377 1159 436 ad
1198 380 1469 438 verticem
1512 382 1590 439 ita
1637 381 1975 441 venenifera
2012 383 2457 445 fer-Amilitari
2498 385 2821 455 perfossum
2870 391 2975 455 est,
3004 392 3069 444 ut
3110 392 3307 457 pectus
3351 392 3516 446 tuum
3547 404 3582 446 a
3613 390 3809 462 pravis
3842 408 3937 452 co-

415 463 767 523 mentatione
805 463 1017 524 infecta
1069 472 1171 539 est,
1203 472 1269 526 ut
1311 468 1527 527 nesciat
1572 469 1727 528 unde
1774 471 1988 543 veniat,
2029 478 2131 531 aut
2208 468 2589 542 gitationibus
2619 470 3024 543 mundaretur,
3055 473 3405 531 mundatum
3452 474 3931 550 sanctiﬁcaretur,

423 567 542 625 quo
573 550 759 610 vadat.

2210 565 2650 617 conservaretur
2729 559 3171 618 sanctiﬁcatum.
3225 560 3405 619 Pedes
3481 562 3591 632 illi,
3675 580 3934 639 quorum

491 639 881 713 Utrorumque
924 640 1235 713 spirituum
1272 642 1448 714 igitur
1493 644 1753 719 utrisque
1788 646 2131 705 vulneribus
2211 646 2527 703 scabellum
2603 646 2842 705 adorare
2906 647 3203 717 debemus,
3285 649 3425 722 quia
3505 660 3771 711 sanctum
3850 664 3936 714 est

416 742 534 783 non
582 726 948 785 mediocriter
975 728 1291 801 hiantibus,
1332 730 1631 804 impressio
1686 735 1827 791 facta
1852 742 1937 792 est
1965 736 2135 807 junc-

2213 737 2377 795 (Psal.
2446 737 2670 807 XCVIII),
2730 736 2873 794 dura
2926 735 3307 794 transﬁxione
3360 739 3579 796 confixi
3637 750 3798 812 sunt,
3858 760 3931 802 ne

420 814 640 885 turalis,
691 831 823 888 quze
875 818 1100 874 Christo
1140 820 1524 893 conjungente
1582 820 1659 879 ita
1703 830 1788 879 est
1838 824 2129 893 resarcita,
2211 824 2384 896 pedes
2425 823 2507 881 tui
2554 823 2891 881 festinarent
2916 825 2987 882 ad
3018 824 3263 895 malum,
3292 825 3394 883 sed
3433 837 3735 888 currerent
3775 831 3933 890 viam

417 907 483 959 ut
526 902 669 958 nihil
717 900 1077 961 vulniferum
1126 904 1391 965 videatur
1425 907 1634 966 inesse.
1677 910 1938 967 Christus
1975 911 2131 967 enim

420 990 481 1046 in
533 989 794 1063 utrisque
851 998 907 1048 et
955 1007 1060 1065 pro
1106 995 1365 1070 utrisque
1406 998 1694 1067 conﬁxus,
1722 1006 2001 1072 utrosque
2046 1014 2137 1056 ca-

417 1077 561 1135 villa
607 1080 862 1151 corporis
889 1082 980 1138 sui
1008 1082 1233 1141 validus
1284 1084 1476 1155 nectit,
1505 1092 1561 1142 et
1584 1103 1792 1160 corpus
1828 1089 2134 1161 proprium

413 1165 703 1238 juncturis
753 1171 1008 1241 opponit,
1061 1187 1136 1229 ne
1186 1172 1413 1231 valeant
1474 1176 1715 1233 resilire.
1764 1178 1918 1235 Crux
1958 1178 2134 1251 igitur

410 1261 605 1335 jungit
659 1262 872 1321 cmlum
928 1272 983 1321 et
1027 1271 1271 1337 terram;
1332 1267 1593 1328 Christus
1640 1272 1701 1329 in
1746 1289 1912 1331 cruce
1961 1274 2137 1330 trahit

416 1353 643 1422 omnia;
688 1355 774 1411 leo
816 1354 1053 1427 rugiens
1090 1357 1170 1415 ibi
1213 1358 1456 1431 ligatur;
1498 1364 1741 1433 angelus
1778 1364 2135 1421 confaadera-

420 1447 513 1499 tur
551 1448 606 1498 et
644 1442 849 1511 homo;
893 1452 1194 1519 totumque
1226 1463 1325 1519 per
1361 1464 1487 1506 eam
1533 1451 1806 1521 reﬁcitur,
1847 1453 2133 1525 quidquid

418 1531 552 1590 fecit
582 1547 793 1589 manus
824 1532 1132 1590 Altissimi.

492 1626 723 1687 Excede
758 1645 892 1703 ergo
930 1630 1223 1704 paulisper
1259 1646 1463 1689 sensus
1507 1633 1716 1704 carnis,
1764 1640 1817 1691 et
1857 1635 2138 1692 irruentia

2214 913 2618 971 mandatorum
2657 913 2907 971 Domini.
2959 913 3110 984 Quid
3146 912 3362 987 plura?
3410 938 3432 967 α
3466 915 3763 975 Foderunt
3810 935 3936 977 ma-

2214 1015 2327 1057 nus
2369 1000 2495 1070 ejus
2553 1006 2607 1057 et
2654 1000 2841 1083 pedes,
2888 1007 2943 1058 et
2988 1000 3513 1060 dinumeraverunt
3553 1005 3752 1062 omnia
3800 1022 3938 1064 ossa

2216 1103 2321 1146 sua
2363 1090 2528 1157 (Psal.
2584 1089 2728 1161 XXI).
2780 1113 2806 1137 »
2852 1088 2959 1148 Pro
3008 1097 3062 1146 te
3106 1104 3338 1148 carnem
3372 1096 3426 1147 et
3455 1091 3711 1149 animam
3765 1108 3938 1151 suam

2214 1176 2423 1247 posuit,
2456 1182 2519 1233 ut
2571 1190 2780 1248 corpus
2823 1184 2879 1233 et
2922 1176 3189 1249 spiritum
3238 1183 3405 1235 tuum
3452 1177 3560 1235 sibi
3594 1178 3935 1238 vindicaret.

2216 1263 2357 1321 Toto
2386 1279 2447 1321 se
2476 1271 2656 1321 totum
2685 1271 2739 1321 te
2770 1266 3140 1338 comparavit.
3200 1264 3350 1335 Quid
3399 1265 3550 1324 ultra
3597 1267 3798 1326 debuit
3848 1269 3939 1325 fa-

2214 1369 2341 1411 cere
2394 1361 2450 1411 et
2500 1369 2616 1411 non
2671 1352 2851 1412 fecit?
2908 1352 3173 1411 Absolvit
3219 1353 3503 1425 vinctum,
3570 1354 3943 1414 illuminavit

2214 1460 2461 1515 caacum,
2485 1446 2620 1517 quia
2646 1467 2668 1496 α
2710 1444 2993 1503 Dominus
3023 1445 3192 1503 solvit
3242 1444 3616 1517 compeditos,
3649 1444 3943 1504 Dominus

2216 1534 2510 1592 illuminat
2556 1550 2735 1592 cteros
2791 1537 2959 1605 (Psal.
2988 1538 3190 1601 CXLV).
3227 1558 3253 1582 ››
3288 1533 3546 1592 Reduxit
3596 1550 3937 1606 erronenm,

2217 1623 2609 1681 reconciliavit
2658 1638 2843 1693 reum,
2881 1623 2983 1695 qui
3015 1631 3066 1681 te
3093 1622 3338 1696 portavit
3380 1623 3443 1680 in
3482 1623 3746 1680 humeris
3789 1625 3941 1697 suis,

421 1728 826 1788 corporearum
876 1719 1275 1791 phantasmata
1339 1719 1741 1793 voluptatum,
1799 1729 1855 1779 et
1906 1722 2131 1781 intuere

2221 1713 2322 1786 qui
2354 1728 2456 1786 pro
2490 1720 2542 1770 te
2574 1712 2720 1770 Patri
2754 1713 2985 1787 proprio
3015 1714 3304 1785 sanguine
3335 1712 3632 1771 satisfecit.

420 1801 639 1860 divinae
676 1812 900 1863 naturae
932 1806 1262 1878 bonitatem,
1305 1808 1670 1878 suavitatem,
1709 1810 2126 1879 dignationem.

420 1889 696 1949 Meditare
741 1892 1079 1966 positionem
1135 1893 1402 1951 cruciﬁxi
1448 1897 1719 1968 corporis.
1773 1896 1916 1955 Vide
1944 1898 1993 1955 si
2021 1898 2131 1956 ali-

416 1978 557 2051 quid
599 1985 682 2037 est
729 1980 790 2037 in
831 1996 917 2049 eo,
964 1980 1117 2052 quod
1160 1997 1271 2039 non
1320 1977 1541 2054 peroret
1592 2000 1691 2055 pro
1732 1992 1783 2042 te
1830 1987 1982 2059 apud
2026 1987 2131 2044 Pa-

418 2072 584 2127 trem.
618 2068 895 2127 Divinum
932 2069 1073 2129 illud
1104 2077 1273 2144 caput
1304 2071 1609 2145 multiplici
1649 2073 1949 2146 spinarum
1988 2077 2133 2133 den-

419 2154 584 2214 sitate
644 2156 971 2228 densatum,
1030 2174 1218 2232 usque
1269 2160 1337 2216 ad
1397 2160 1616 2218 cerebri
1686 2162 2131 2222 teneritudinem

415 2248 719 2304 confixum
751 2254 836 2305 est
860 2248 1002 2307 dum
1033 2249 1345 2320 configitur
1374 2250 1559 2322 spina.
1596 2276 1621 2297 »
1665 2250 1860 2325 Spinis
1887 2261 2134 2326 peccato-

416 2349 548 2392 rum
593 2349 855 2404 suorum,
888 2360 914 2384 »
967 2339 1044 2393 ait
1088 2336 1372 2395 Dominus
1419 2354 1519 2411 per
1557 2339 1921 2412 Prophetam,
1960 2364 1981 2393 κ
2020 2342 2137 2400 cir-

416 2425 710 2484 cumdedit
736 2440 829 2482 me
854 2424 1102 2499 populus
1128 2426 1233 2482 iste
1258 2428 1425 2493 (Psal.
1458 2432 1609 2494 XXI).
1647 2450 1667 2478 ι
1701 2429 1791 2486 Ad
1817 2430 1956 2505 quid
1983 2431 2135 2491 hoc?

412 2512 499 2572 Ne
540 2513 758 2572 doleret
802 2522 968 2587 caput
1009 2520 1196 2582 tuum,
1241 2529 1313 2570 ne
1353 2521 1447 2571 tua
1487 2514 1891 2576 vulneraretur
1943 2520 2135 2578 inten-

417 2606 515 2664 tio.
552 2605 967 2677 Caligaverunt
1004 2604 1063 2661 in
1103 2611 1345 2662 mortem
1384 2604 1537 2663 oculi
1577 2606 1689 2677 sui,
1721 2614 1777 2665 et
1814 2608 1917 2667 illa
1957 2610 2134 2669 lumi-

414 2692 596 2757 naria,
632 2708 762 2765 quae
814 2692 1152 2751 illuminant
1200 2692 1420 2757 orbem,
1471 2693 1544 2751 ad
1596 2695 1796 2754 horam
1849 2698 2136 2757 exstincta

417 2788 573 2839 sunt.
627 2782 831 2840 Nonne
893 2781 1010 2839 illis
1062 2783 1595 2853 obtenebrantibus,
1654 2787 1908 2846 tenebraa
1972 2789 2136 2849 factae

416 2876 555 2927 sunt
578 2884 678 2941 per
707 2869 1042 2927 universam
1073 2878 1279 2927 terram
1321 2879 1375 2927 et
1398 2872 1498 2929 illa
1520 2872 1636 2930 duo
1660 2889 1867 2947 magna
1887 2862 2137 2934 lumina-

418 2958 505 3015 ria
534 2973 669 3015 cum
696 2956 815 3014 illis
846 2955 1238 3016 luminaribus
1266 2959 1531 3018 submota
1560 2968 1697 3020 sunt
1724 2962 1751 3020 ?
1781 2962 1904 3021 Hoc
1937 2972 2133 3022 autem

414 3051 600 3102 totum
633 3044 843 3102 factum
876 3053 961 3102 est
989 3052 1054 3102 ut
1077 3054 1475 3105 averterentur
1492 3048 1749 3108 oculitui
1777 3066 1851 3108 ne
1873 3051 2133 3111 viderent

413 3135 750 3203 vanitatem,
789 3141 846 3191 et
900 3134 947 3190 si
1005 3135 1285 3206 viderent,
1346 3152 1463 3194 non
1518 3138 1899 3197 adhzererent.
1948 3143 2134 3201 Aures

410 3222 699 3296 illaa,quaa
734 3223 791 3280 in
826 3221 989 3280 ccelis
1016 3223 1267 3282 audiunt
1295 3248 1306 3282 :
1345 3246 1365 3276 α
1399 3224 1661 3295 Sanctus,
1693 3227 1954 3300 Sanctus,
1985 3230 2134 3290 San-

412 3321 526 3381 tus,
554 3310 698 3368 245
737 3314 1020 3372 Dominus
1058 3315 1211 3373 Deus
1251 3312 1499 3373 Sabaoth
1535 3319 1688 3385 (1εαὶ.
1724 3321 1807 3391 VI)
1827 3336 1842 3388 ;
1877 3341 1898 3369 ι
1929 3320 2133 3380 audie-

413 3408 549 3458 runt
570 3401 631 3458 in
660 3403 828 3460 terris
857 3426 870 3460 :
914 3428 933 3452 ιι
970 3404 1338 3462 Βωωοηὶυω
1368 3405 1545 3463 habes
1574 3410 1751 3475 (Joan.
1801 3410 1945 3481 VII);
1976 3433 2002 3459 ν»
2029 3418 2084 3470 et
2116 3430 2128 3469 :

415 3512 437 3540 ι
467 3490 772 3564 Cruciﬁge,
802 3492 1073 3563 crucifige
1098 3508 1231 3549 eum
1260 3495 1384 3564 (Luc
1406 3496 1598 3565 XXIII).
1621 3517 1642 3546 ι
1670 3494 1742 3553 Ut
1762 3498 1903 3569 quid
1933 3498 2133 3560 istud?

415 3577 498 3635 Ne
536 3594 706 3636 aures
733 3584 850 3637 tum
880 3580 1357 3639 obsurdescerent
1384 3582 1454 3639 ad
1486 3582 1797 3643 clamorem
1838 3589 2130 3661 pauperis,

414 3683 486 3725 ne
526 3668 843 3741 reciperent
877 3668 1144 3728 auditum
1190 3685 1430 3739 vanum,
1463 3686 1535 3728 ne
1564 3671 1932 3732 detractionis
1969 3676 2133 3736 virus

411 3757 621 3830 apertis
690 3756 1068 3833 propitiisque
1126 3758 1366 3817 auribus
1422 3760 1796 3834 susciperent.
1868 3763 2133 3838 Speciosa

412 3845 513 3904 illa
538 3847 710 3905 facies
740 3849 979 3921 speciosi
1028 3850 1208 3908 forma
1241 3866 1360 3925 prae
1398 3850 1536 3909 ﬁliis
1588 3854 1892 3913 hominum
1948 3859 2131 3931 sputis

410 3934 557 3992 illita
583 3944 688 4006 est,
719 3935 926 3995 afﬂicta
966 3938 1243 4013 colaphis,
1294 3940 1519 3998 addicta
1561 3942 1995 4016 delusionibus;
2048 3947 2132 4006 sic

411 4044 664 4102 namque
714 4032 991 4104 scriptum
1048 4041 1133 4091 est
1190 4056 1203 4090 :
1268 4060 1294 4083 ‹‹
1346 4032 1658 4108 Cmperunt
1703 4054 2019 4112 conspuere
2064 4042 2127 4099 in

412 4134 566 4188 eum,
603 4127 659 4177 et
711 4128 1003 4191 percutere
1046 4123 1246 4180 faciem
1298 4124 1424 4197 ejus
1471 4132 1525 4183 et
1568 4126 1814 4186 illudere
1847 4130 1900 4187 ei
1929 4130 2128 4189 dicen-

417 4212 504 4264 tes
543 4229 555 4262 :
597 4206 932 4279 Prophetiza
969 4210 1102 4283 quis
1140 4218 1226 4268 est
1265 4213 1364 4285 qui
1406 4218 1460 4271 te
1497 4216 1823 4286 percussit?
1853 4243 1878 4266 ››
1912 4219 2125 4290 (Matth.

417 4296 611 4365 XXVI.)
650 4294 836 4364 Quare
886 4297 1036 4355 hoc?
1085 4298 1155 4356 Ut
1202 4299 1374 4357 facies
1428 4306 1525 4358 tua
1572 4302 2024 4377 illuminaretur,
2056 4308 2124 4365 il-

409 4386 692 4443 luminata
743 4384 1199 4459 conﬁrmaretur,
1249 4394 1303 4445 et
1351 4388 1639 4449 diceretur
1685 4393 1754 4451 de
1792 4400 1886 4453 te:
1923 4418 1944 4447 ι
1980 4395 2124 4455 Vul-

2147 4445 2196 4503 D

2288 1802 2532 1860 Attende
2580 1818 2715 1876 ergo
2764 1801 3072 1861 consilium
3123 1802 3223 1859 Dei
3268 1802 3374 1871 tui,
3408 1816 3529 1861 non
3571 1801 3760 1861 solum
3803 1819 3945 1863 cum

2217 1888 2384 1947 Patre
2412 1892 2724 1964 regnantis,
2762 1890 2861 1948 sed
2890 1898 2946 1948 et
2972 1888 3300 1948 dulcissimi
3352 1888 3526 1947 amici
3557 1891 3640 1947 tui
3669 1890 3733 1948 in
3766 1907 3944 1951 cruce

2214 1976 2558 2050 pendentis;
2591 1994 2698 2036 nec
2725 1978 2883 2035 enim
2913 1977 3039 2035 falli
3065 1983 3267 2050 potest,
3318 1976 3458 2050 quia
3501 1978 3777 2051 sapientia
3831 1987 3942 2050 est,

2218 2080 2325 2123 nec
2367 2064 2565 2123 fallere
2620 2072 2672 2122 te
2717 2066 2863 2136 vult,
2912 2081 3017 2139 pro
3046 2081 3162 2139 quo
3193 2064 3641 2139 ignominiosam
3690 2068 3945 2126 sustinet

2218 2170 2448 2227 pmnam
2481 2174 2492 2213 :
2533 2177 2554 2205 α
2587 2153 2647 2214 Si
2672 2156 2824 2230 quis,
2877 2155 3088 2229 inquit,
3125 2154 3253 2213 vult
3295 2161 3421 2228 post
3452 2170 3546 2213 me
3576 2157 3798 2225 venire,
3832 2157 3942 2215 ab-

2217 2251 2387 2317 neget
2412 2244 2807 2318 semetipsum,
2836 2251 2889 2303 et
2936 2244 3095 2302 tollat
3134 2259 3366 2302 crucem
3409 2260 3578 2304 suam
3624 2251 3681 2304 et
3725 2262 3939 2321 sequa-

2219 2339 2316 2392 tur
2347 2349 2438 2392 me
2471 2338 2619 2405 (Luc.
2650 2335 2757 2403 IX).
2788 2359 2815 2382 ιο
2848 2332 3002 2393 Audi
3030 2332 3363 2407 consilium,
3399 2349 3518 2393 non
3555 2342 3937 2409 praeceptum.

2222 2423 2280 2483 Si
2329 2425 2487 2483 enim
2531 2431 2883 2499 praeceptum
2931 2430 3099 2496 esset,
3146 2424 3485 2500 quicunque
3537 2425 3765 2485 effectui
3821 2438 3939 2486 non

2219 2514 2632 2587 manciparent,
2701 2514 2989 2572 cruciatus
3053 2520 3282 2585 possent
3346 2521 3679 2585 exspectare
3733 2531 3941 2589 perpe-

2219 2611 2381 2671 tuos;
2443 2603 2541 2662 sed
2595 2619 2729 2662 cum
2781 2603 2960 2661 dicit:
3005 2624 3032 2655 «
3077 2601 3137 2660 Si
3184 2603 3318 2676 quis
3372 2603 3574 2674 vult,»
3628 2604 3689 2661 in
3746 2611 3944 2664 nostra

2216 2692 2409 2766 posuit
2454 2692 2765 2762 voluntate,
2808 2699 3009 2752 utrum
3049 2709 3124 2751 ex
3172 2709 3341 2768 aaquo
3395 2708 3529 2752 cum
3582 2709 3649 2752 eo
3704 2710 3945 2752 currere

2217 2780 2575 2840 festinemus.
2626 2781 2874 2839 Grandis
2930 2783 3181 2855 profecto
3226 2782 3406 2851 labor,
3444 2781 3559 2839 ‘sed
3619 2782 3937 2856 praemium

2216 2870 2688 2941 incomparabile.
2709 2890 2737 2922 α
2758 2869 2887 2927 Post
2911 2886 3027 2940 me,
3060 2893 3087 2923 υ
3111 2870 3322 2944 inquit.
3352 2870 3484 2929 Post
3508 2886 3646 2929 eum
3674 2873 3940 2930 eundum

2216 2965 2315 3026 est,
2351 2959 2489 3033 quia
2534 2960 2655 3031 ipse
2690 2966 2773 3017 est
2808 2960 3035 3028 veritas,
3070 2976 3143 3018 ne
3172 2959 3573 3032 decipiamur;
3628 2977 3730 3034 per
3777 2977 3938 3028 eum,

2216 3047 2352 3119 quia
2387 3047 2509 3120 ipse
2544 3047 2660 3118 via,
2688 3063 2761 3105 ne
2801 3047 3176 3119 aberremus;
3208 3048 3282 3105 ad
3328 3063 3488 3119 eum,
3516 3048 3656 3122 quia
3697 3048 3822 3121 ipse
3855 3056 3943 3108 est

2227 3137 2359 3207 vita,
2410 3154 2484 3195 ne
2527 3138 2847 3199 moriamur
2898 3162 2910 3195 :
2969 3161 2990 3186 ι
3042 3139 3161 3211 Ego
3205 3154 3360 3207 sum,
3390 3161 3417 3188 υ
3450 3138 3549 3208 ait,
3590 3162 3611 3189 ι
3644 3139 3759 3209 via,
3793 3139 3945 3198 veri-

2221 3233 2305 3284 tas
2348 3234 2402 3285 et
2454 3227 2571 3285 vita
2621 3228 2794 3291 (Joan.
2854 3229 2994 3297 XIV).
3062 3247 3089 3280 »
3142 3226 3460 3301 Sequitur:
3505 3227 3806 3300 «abneget
3848 3244 3942 3286 se-

2220 3317 2549 3390 metipsum.
2585 3338 2613 3371 »
2657 3317 2888 3376 Primus
2921 3318 3022 3375 ille
3054 3332 3281 3389 parens,
3306 3316 3565 3390 praaﬁxis
3592 3317 3942 3377 obedientize

2222 3406 2447 3479 legibus
2487 3412 2823 3476 roarctatus,
2853 3408 2916 3464 in
2945 3422 3214 3480 campum
3260 3407 3432 3464 malaa
3483 3406 3762 3464 libertatis
3808 3408 3941 3465 eXi-

2220 3497 2322 3555 vit.
2358 3501 2666 3570 Acceperat
2714 3496 2772 3554 in
2818 3504 3125 3570 praecepto,
3181 3503 3246 3555 ut
3292 3496 3648 3554 voluntatem
3709 3494 3939 3554 Creato-

2220 3585 2299 3642 ris
2341 3591 2698 3658 praaponeret
2744 3600 2888 3654 sum,
2923 3584 3021 3642 sed
3068 3599 3230 3653 usus,
3275 3584 3396 3643 imo
3440 3583 3659 3642 abusus
3710 3584 3940 3656 propria

2217 3673 2535 3742 voluntate,
2594 3690 2727 3733 cum
2774 3675 2944 3732 beare
2989 3690 3049 3731 se
3098 3672 3305 3742 voluit,
3364 3673 3611 3746 perdidit
3656 3670 3801 3728 246
3845 3690 3937 3732 se-

2220 3763 2551 3836 metipsum.
2606 3762 2897 3836 Depulsus
2940 3778 3075 3836 ergo
3129 3762 3201 3820 ab
3244 3762 3345 3820 illa
3397 3762 3551 3820 felici
3602 3762 3937 3822 haereditate

2216 3853 2496 3912 exsilium
2542 3852 2778 3913 sortitus
2824 3859 2908 3911 est
2958 3869 3061 3928 pro
3105 3852 3310 3927 patria.
3347 3858 3590 3910 mortem
3635 3867 3738 3925 pro
3791 3852 3932 3923 vita,

2218 3962 2320 4019 pro
2350 3945 2533 4018 gloria
2560 3946 2966 4020 ignominiam.
3002 3945 3062 4005 Si
3094 3946 3183 4004 vis
3212 3962 3347 4019 ergo
3379 3946 3449 4003 ad
3481 3951 3639 4005 tuam
3674 3944 3931 4003 haeredi-

2220 4042 2390 4093 tatem
2422 4037 2650 4105 reverti,
2684 4042 2840 4095 tuam
2868 4036 3090 4107 abnega
3122 4034 3501 4094 voluntatem.

2289 4122 2356 4180 In
2403 4123 2509 4181 hac
2557 4123 2937 4197 abnegatione
2980 4122 3097 4181 duo
3138 4121 3502 4181 solummodo
3542 4128 3701 4194 sunt,
3733 4124 3934 4182 adver-

2217 4227 2317 4270 sus
2359 4228 2490 4284 quae
2542 4228 2799 4285 pugnare
2841 4218 2898 4271 et
2946 4227 3286 4284 expugnare
3343 4216 3632 4283 oporteat;
3667 4210 3840 4270 elatio
3867 4210 3931 4269 in

2217 4306 2427 4372 mente,
2464 4300 2728 4373 voluptas
2785 4300 2845 4357 in
2900 4315 3152 4373 corpore.
3211 4300 3370 4372 Fuge
3423 4314 3614 4369 regem
3671 4305 3727 4356 et
3778 4299 3934 4373 regis

2216 4391 2558 4459 exercitum,
2608 4389 2936 4461 superbiam
2984 4395 3040 4447 et
3078 4388 3368 4463 superbiae
3414 4388 3656 4461 prolem,
3680 4396 3736 4447 et
3757 4389 3927 4448 illum

414 4484 507 4537 tus
544 4477 673 4550 ejus
709 4492 826 4535 non
859 4485 997 4535 sunt
1032 4478 1285 4550 amplius
1318 4481 1378 4538 in
1418 4482 1644 4542 diversa
1686 4488 1886 4545 mutati
1923 4492 1974 4557 (Ι
1994 4475 2447 4559 Reg.“secutus
2490 4476 2660 4535 illum
2712 4485 3056 4535 consecutus
3097 4494 3159 4535 es
3206 4476 3307 4549 qui
3350 4475 3500 4534 dixit
3541 4499 3554 4532 :
3594 4500 3613 4526 ι
3654 4476 3932 4535 Discitea

408 4570 475 4636 ι).
516 4588 537 4616 ι
570 4563 645 4623 Os
682 4564 827 4624 illud
867 4566 1017 4640 quod
1060 4566 1223 4626 docet
1254 4570 1514 4643 angelos,
1564 4574 1828 4632 homines
1873 4576 2129 4645 instruit,

411 4653 565 4728 quod
612 4653 783 4724 dixit,
846 4661 904 4711 et
947 4655 1162 4715 factum
1214 4666 1318 4726 est,
1362 4675 1677 4735 parumper
1719 4664 2033 4736 obmutuit,
2068 4672 2133 4723 ut

412 4741 709 4802 veritatem
740 4751 797 4802 et
822 4745 1106 4819 judicium
1158 4747 1495 4822 loqueretur
1536 4767 1600 4809 os
1638 4760 1809 4810 tuum
1855 4760 1909 4811 et
1948 4755 2129 4812 conﬁ-

414 4839 627 4892 teretur
656 4834 966 4895 Dominum
997 4837 1180 4896 Deum
1207 4855 1403 4898 suum.
1434 4840 1641 4899 Manus
1668 4842 1806 4911 illae,
1833 4858 1962 4916 quae
1990 4844 2128 4900 fun-

407 4923 694 4983 daverunt
747 4926 942 4997 cmlos,
992 4934 1248 4986 extensaa
1302 4936 1441 4987 sunt
1493 4928 1556 4987 in
1617 4946 1785 4989 cruce
1832 4930 2129 5005 clavisque

408 5016 885 5074 transverberatis
930 5017 1281 5088 durissimis,
1314 5026 1378 5078 ut
1424 5035 1636 5077 manus
1683 5026 1797 5079 tua:
1845 5022 2126 5080 extende-

2217 4583 2308 4625 me
2354 4566 2493 4639 quia
2534 4565 2691 4623 mitis
2740 4581 2872 4623 sum
2919 4572 2974 4623 et
3010 4565 3252 4623 humilis
3300 4565 3470 4623 corde
3504 4566 3722 4637 (Matth.
3757 4570 3857 4638 XI).
3901 4588 3928 4618 υ

2216 4654 2469 4714 Pretiosa
2525 4653 2719 4723 vestis,
2775 4653 2965 4727 epulae
3013 4651 3285 4712 lautiores
3334 4663 3389 4713 et
3444 4654 3705 4728 voluptas
3741 4670 3932 4715 secre-

2216 4745 2323 4803 tior
2374 4743 2543 4817 longe
2585 4745 2707 4801 sint
2754 4759 2788 4801 a
2832 4749 2903 4812 te,
2934 4749 2988 4801 et
3030 4758 3231 4802 carnes
3281 4750 3406 4803 tuas
3454 4744 3658 4803 timore
3698 4744 3931 4804 Domini

2212 4834 2527 4894 conﬁxisti.
2582 4832 2900 4907 Abnegatio
2946 4833 3124 4907 igitur
3181 4834 3511 4907 voluntatis,
3576 4834 3930 4893 haereditatis

2212 4930 2297 4982 est
2325 4922 2701 4997 reruperatio.

2286 5012 2606 5087 Sequitur:
2646 5036 2665 5065 α
2702 5013 2891 5072 Tollat
2938 5029 3171 5072 crucem
3217 5028 3402 5073 suam.
3443 5035 3463 5066 ι
3498 5011 3562 5072 Si
3608 5027 3725 5070 non
3772 5012 3927 5069 ceci-

410 5112 615 5165 rentur
651 5105 721 5164 ad
765 5106 996 5179 inopem
1032 5115 1088 5165 et
1117 5108 1307 5167 dicere
1331 5124 1525 5182 posses
1555 5133 1567 5167 :
1602 5130 1628 5162 «
1663 5110 1878 5167 Anima
1909 5125 2035 5167 mea
2060 5109 2120 5167 in
2211 5103 2386 5162 disset
2423 5105 2606 5163 Adam
2639 5110 2695 5164 et
2718 5106 2783 5163 in
2828 5105 2928 5163 illa
2977 5105 3070 5165 sui
3119 5112 3304 5164 status
3351 5104 3630 5173 dignitate
3675 5103 3926 5161 mansis-

408 5195 681 5253 manibus
711 5195 855 5254 meis
876 5211 1102 5269 semper
1132 5202 1302 5263 (Psal.
1342 5204 1572 5268 CXVIII).
1610 5221 1637 5253 ››
1671 5198 1833 5269 Quod
1863 5205 2125 5257 tenemus
2208 5199 2312 5265 set,
2373 5202 2521 5252 esset
2601 5204 2791 5254 tamen
2860 5197 3002 5254 alias
3056 5194 3384 5253 evocandus
3439 5201 3494 5252 et
3542 5194 3598 5251 in
3657 5192 3923 5251 ordinem

410 5280 473 5340 in
506 5282 801 5352 manibus,
850 5300 964 5342 non
1006 5285 1172 5342 facile
1203 5285 1635 5359 obliviscimur,
1667 5288 1748 5347 sic
1778 5295 1834 5348 et
1863 5289 1960 5363 qui
1992 5288 2122 5345 ani-
2209 5283 2637 5357 promovendus
2658 5284 2987 5357 angelicum
3017 5304 3030 5352 ;
3056 5283 3129 5340 ob
3153 5282 3446 5356 duplicem
3487 5280 3643 5339 enim
3687 5296 3926 5338 causam

411 5387 565 5430 mam
596 5390 763 5434 suam
789 5374 958 5434 bona}
987 5374 1302 5449 Operationi
1336 5375 1617 5448 imprimit
1644 5392 1756 5434 non
1795 5376 1962 5433 tradit
1995 5391 2119 5433 eam
2211 5374 2395 5432 factus
2442 5382 2579 5444 erat,
2611 5381 2666 5432 et
2693 5376 2762 5433 ad
2800 5372 3230 5432 resarciendum
3278 5387 3589 5431 numerum
3641 5368 3925 5427 imminu-

410 5459 708 5521 oblivioni.
756 5462 958 5523 Pectus
996 5463 1162 5531 illud,
1197 5463 1255 5521 in
1294 5478 1412 5537 quo
1443 5470 1582 5522 sunt
1618 5480 1819 5523 omnes
1868 5464 2119 5522 thesauri
2209 5470 2354 5534 tum,
2388 5470 2443 5521 et
2464 5463 2729 5523 ad‘illum
2779 5460 3144 5537 implendum
3187 5461 3289 5535 qui
3338 5461 3549 5531 deerat,
3577 5459 3625 5518 si
3682 5457 3928 5531 angelus

407 5549 704 5623 sapientiai
737 5559 793 5611 et
830 5551 1087 5612 scientize
1122 5552 1225 5611 Dei
1264 5550 1583 5611 absconditi
1628 5555 1754 5626 (Col.
1789 5555 1867 5625 II),
1926 5552 2122 5612 lancea
2208 5568 2323 5611 non
2351 5552 2665 5611 cecidisset.
