4178 6436
246 305 354 367 765

1726 295 1978 360 SEBMO
2014 298 2277 362 XLVIII.

3650 316 3757 376 766

318 429 468 501 Quia
509 429 687 503 igitur
713 443 814 503 per
855 426 1424 487 abrenuntiationem
1463 424 1711 500 propriae
1742 422 2215 485 volun-Aribus
2265 429 2535 501 moveris,
2591 437 2646 489 et
2695 434 2958 505 traheris,
3004 436 3343 498 durioribus
3397 439 3584 500 clavis
3647 444 3759 503 tuis

245 520 379 579 tatis
435 519 604 578 nobis
654 518 961 577 haereditas
1015 517 1321 587 redditur,
1377 520 1797 589 consequenter
1867 528 1968 586 per

242 609 436 668 crucis
502 605 884 682 portationem
939 614 1098 680 grata
1144 605 1247 665 illa
1294 605 1596 664 beatorum
1653 602 1965 677 spirituum

245 698 488 758 societas
526 704 842 771 reparatur.
877 695 1003 755 Duo
1035 709 1171 753 vero
1218 693 1492 753 notabilia
1536 697 1690 763 sunt,
1724 707 1855 765 quae
1902 690 1966 750 in

245 788 356 845 hac
392 785 580 844 crucis
615 783 934 859 portatione
983 799 1090 842 nos
1138 783 1352 841 habere
1403 787 1678 855 oporteat,
1727 785 1791 837 ut
1838 778 1966 836 laesi

246 890 367 933 non
405 874 689 932 lwdamus
726 879 782 930 et
817 870 1246 930 benefaciamus
1284 869 1647 929 laedentibus.
1690 868 1963 939 Magnum

248 964 487 1040 quidem
519 970 572 1021 et
610 963 764 1022 ultra
800 962 1101 1020 hominem
1135 964 1221 1018 est
1257 959 1620 1032 asperitatem
1651 958 1960 1016 verborum

248 1062 307 1113 et
350 1056 657 1113 verberum
699 1068 818 1111 non
863 1052 1051 1111 solum
1105 1050 1241 1123 pati,
1283 1049 1382 1108 sed
1435 1053 1491 1107 et
1537 1064 1656 1107 non
1706 1047 1960 1106 reddere.

247 1143 405 1203 Illud
459 1157 593 1202 vero
636 1141 829 1216 majus
880 1147 963 1199 est
1012 1145 1068 1198 et
1119 1139 1389 1198 divinum
1441 1136 1716 1212 quiddam
1768 1136 1959 1209 sapit:

252 1258 281 1283 κ
307 1231 637 1291 Benefacite
684 1230 777 1288 his
825 1229 927 1304 qui
972 1229 1223 1287 oderunt
1259 1243 1361 1285 vos
1398 1231 1545 1296 (Luc.
1586 1227 1685 1297 Vi).
1720 1247 1747 1279 ››
1782 1225 1963 1298 Magi-

247 1329 364 1380 ster
404 1326 593 1379 noster
630 1326 686 1377 et
722 1318 1027 1389 Dominus,
1060 1317 1324 1377 Christus
1368 1317 1557 1375 Filius
1598 1316 1721 1387 Dei,
1767 1322 1823 1373 et
1874 1316 1971 1373 lae-

245 1410 450 1469 dentes
508 1409 790 1483 patienter
848 1407 1086 1482 pertulit
1147 1413 1203 1464 et
1256 1406 1539 1465 benefecit
1598 1404 1964 1470 laedentibus,

245 1501 447 1559 dicens
500 1518 511 1557 :
569 1519 598 1553 «
627 1498 814 1568 Pater,
860 1497 1095 1570 ignosce
1139 1497 1279 1568 illis,
1311 1497 1448 1571 quia
1501 1495 1771 1554 nesciunt
1824 1493 1964 1568 quid

250 1587 471 1647 faciunt
499 1590 646 1655 (Luc.
681 1592 874 1654 XXIII).
912 1608 933 1637 ι
979 1585 1291 1644 Considera
1320 1584 1693 1655 beneﬁcium,
1716 1583 1858 1641 dum
1890 1583 1965 1641 fel

249 1678 358 1748 ori,
412 1676 562 1735 clavi
615 1674 905 1745 manibus,
951 1672 1152 1731 lancea
1207 1673 1372 1730 lateri
1413 1677 1843 1747 apponerentur
1892 1670 1965 1729 ab

2045 514 2219 588 pedes
2255 515 2674 591 Omnipotentis
2719 524 3209 598 transverberans,
3244 528 3315 586 ab
3360 530 3623 589 inferiori
3664 531 3755 590 in-

2048 602 2163 662 fers
2196 605 2570 678 supplicium,
2606 608 2751 666 dum
2793 621 3196 673 momentanea
3229 615 3524 690 voluptate
3551 619 3763 678 volun-

2046 698 2220 750 tatem
2249 692 2612 754 Dominantis
2640 698 2923 758 excludis.
2958 699 3105 759 Cum
3130 705 3507 777 prosperariis
3540 706 3600 763 in
3647 708 3762 765 ini-

2046 780 2283 853 quitate,
2334 790 2390 840 et
2442 783 2712 843 fmtidiori
2756 803 2931 845 cursu
3004 799 3473 863 rerumpeccata
3522 796 3766 867 peccatis

2047 872 2399 947 accumulas,
2430 874 2662 933 clavum
2695 877 2864 950 ponis
2892 878 2954 935 in
2994 878 3156 938 illius
3185 879 3445 952 dextera,
3481 899 3657 956 quem
3693 884 3764 942 de

2048 957 2170 1015 suis
2203 959 2367 1018 bonis
2398 964 2665 1035 persequi
2696 980 2810 1023 non
2844 966 3090 1025 desistis.
3125 966 3271 1026 Cum
3298 985 3433 1028 vero
3464 971 3764 1030 abundan-

2051 1046 2211 1105 tioris
2249 1050 2478 1107 tristitia
2517 1052 2861 1125 absorberis,
2897 1060 2953 1111 et
2994 1061 3153 1114 tuam
3183 1057 3536 1130 impietatem
3566 1058 3764 1132 pietati

2051 1134 2155 1192 Dei
2208 1138 2630 1209 prmpondems,
2671 1140 2961 1199 sinistram
3010 1144 3134 1217 ejus
3177 1145 3488 1219 transfigis,
3520 1155 3573 1205 et
3618 1163 3762 1205 con-

2049 1230 2278 1297 ceptum
2311 1227 2565 1285 furorem
2606 1229 2801 1288 furore
2837 1236 2949 1289 tute
2980 1232 3393 1305 desperationis
3419 1236 3756 1310 ampliﬁcas.

2049 1315 2310 1389 Denique
2339 1332 2472 1375 cum
2504 1320 2810 1392 praesumis
2847 1321 3155 1380 defendere
3207 1324 3362 1398 quod
3400 1325 3603 1396 fecisti,
3637 1326 3759 1384 lan-

2049 1419 2283 1463 cearum
2332 1406 2510 1464 ictum
2563 1406 2728 1466 lateri
2779 1408 3093 1469 Salvatoris
3138 1413 3453 1488 intorques,
3495 1415 3765 1488 nihilque

2049 1494 2288 1566 gravius
2320 1494 2536 1567 ingeris
2578 1494 2873 1556 Cruciﬁxo
2920 1515 3096 1572 quam
3139 1503 3283 1559 tueri
3318 1504 3473 1576 quod
3512 1504 3650 1562 odit.
3683 1504 3767 1563 De

2052 1582 2160 1640 hoc
2201 1582 2359 1640 enim
2402 1592 2630 1657 peccato
2677 1586 2953 1660 scriptum
3000 1596 3131 1646 est:
3200 1614 3226 1641 α
3260 1590 3388 1649 Non
3438 1591 3766 1651 miserearis

2051 1669 2345 1743 omnibus,
2388 1673 2489 1747 qui
2530 1674 2839 1747 operantur
2878 1676 3249 1751 iniquitatem
3295 1684 3466 1749 (Psal.
3515 1685 3701 1750 LVIII).
3731 1705 3759 1730 ι»

250 1765 543 1834 inimicis;
596 1780 661 1823 os
710 1768 766 1821 et
820 1777 1031 1821 manus
1086 1769 1143 1820 et
1190 1761 1347 1820 latus
1397 1761 1643 1833 agebant
1695 1774 1797 1833 pro
1847 1757 2227 1839 ini-BVides
2252 1760 2371 1834 jam
2400 1771 2615 1838 quanta
2652 1764 2977 1825 differentia
3010 1767 3161 1826 inter
3197 1774 3502 1843 utramque
3534 1786 3763 1830 crucem

251 1868 477 1999 mlgisde
506 1954 640 2011 ergo
673 1939 722 1997 si
751 1936 1031 2012 angelicaa
1070 1936 1338 2011 dignitati
1367 1939 1523 2011 juste
1564 1938 1689 1997 haec
1718 1937 1975 2011 assigne-

254 2045 412 2089 mus.
457 2029 597 2087 Hzec
641 2028 796 2086 enim
842 2028 960 2086 duo
1011 2026 1248 2085 illorum
1296 2027 1625 2100 proprietati
1666 2034 1804 2086 sunt
1854 2044 1979 2101 pro-

254 2118 401 2192 pria.
455 2117 724 2188 Quotidie
773 2116 908 2175 illos
960 2116 1031 2175 ad
1067 2117 1252 2176 nostri
1306 2117 1627 2176 custodiam
1676 2119 1975 2191 deputatos

255 2209 662 2283 multipliciter
721 2208 1096 2281 oﬂ‘endimus,
1157 2214 1213 2267 et
1273 2210 1552 2268 offensam
1624 2210 1976 2284 negligentia

254 2302 650 2362 cumulamus.
716 2300 834 2374 Ipsi
892 2307 1087 2359 autem
1144 2300 1278 2358 licet
1334 2317 1368 2358 a
1416 2300 1584 2359 nobis
1642 2302 1976 2375 frequenter

251 2392 501 2467 injurias
538 2392 847 2466 patiantur,
881 2390 1171 2450 sustinent
1220 2396 1406 2450 tamen
1450 2399 1503 2450 et
1545 2391 1975 2466 compatiuntur

253 2480 663 2555 peccantibus;
714 2496 821 2539 nec
858 2481 1050 2538 minor
1088 2479 1324 2539 illorum
1363 2480 1511 2548 circa
1549 2496 1654 2539 nos
1692 2480 1970 2549 custodia,

254 2571 373 2630 imo
400 2571 584 2645 major
616 2569 964 2641 sollicitudo,
996 2584 1129 2627 cum
1167 2569 1304 2627 boni
1334 2569 1590 2629 custodis
1614 2570 1687 2628 sit
1720 2568 1973 2627 infirmis

251 2659 441 2732 magis
471 2673 646 2733 quam
674 2657 830 2716 sanis
858 2672 1090 2732 operam
1121 2656 1419 2716 exhibere.

328 2746 722 2820 Subjungitur
754 2770 767 2804 :
804 2766 831 2798 «
862 2746 933 2804 Et
958 2751 1231 2819 sequatur
1260 2761 1373 2804 me.
1405 2766 1434 2799 »
1471 2746 1616 2804 Cum
1644 2745 1705 2802 in
1738 2746 1827 2804 sui
1866 2746 1971 2804 ab-

254 2835 563 2907 nmgatione
594 2841 893 2893 revocetur
919 2834 1248 2906 hiereditas,
1281 2840 1337 2892 et
1364 2834 1426 2891 in
1462 2833 1712 2893 tollendo
1741 2848 1969 2893 crucem

251 2925 504 2999 dignitas
568 2925 928 2999 angelorum,
992 2926 1054 2983 in
1104 2925 1427 2985 imitatione
1480 2925 1691 2984 Christi
1744 2940 1971 2985 summa

255 3009 426 3069 nobis
453 3010 697 3069 felicitas
735 3017 1083 3069 reservatur.
1126 3010 1235 3068 Hic
1264 3017 1352 3069 est
1388 3011 1673 3070 virtutum
1699 3026 1967 3070 consum-

2059 1851 2436 1923 perambulet.
2489 1854 2779 1929 Relinque
2825 1873 2962 1931 ergo
3005 1873 3255 1929 crucem,
3294 1876 3470 1933 quam
3522 1859 3623 1918 tibi
3675 1861 3764 1919 fa-

2059 1939 2314 2013 bricasti,
2369 1948 2424 2000 et
2466 1943 2711 2015 gloriare
2754 1944 2817 2002 in
2864 1961 3034 2004 cruce
3078 1946 3307 2005 Domini
3356 1948 3457 2006 Dei
3492 1948 3576 2007 tui
3620 1950 3763 2021 (Gal.

2058 2036 2165 2101 VI),
2188 2033 2286 2104 qui
2320 2038 2405 2090 est
2429 2032 2761 2093 benedictus
2787 2036 2849 2094 in
2874 2036 3105 2096 saecula.
3134 2040 3342 2097 Amen.

2639 2135 2890 2198 SEBMO
2917 2138 3180 2199 XLVIII.

2213 2235 2273 2282 ΙΙ.
2308 2237 2553 2285 HOMILIA
2581 2238 2654 2284 DE
2678 2239 3093 2372 ΕΧᾶΙῐξΑΤΙΟΝ
3118 2240 3361 2288 ΒΑΝΟΤΛΕ
3383 2240 3606 2289 CBUCIS.

2903 2313 3059 2358 SEPT.

2903 2313 3059 2358 SEPT.

2130 2384 2430 2444 Vexillum
2484 2386 2844 2460 imperatoris
2899 2390 3122 2459 aeterni,
3166 2390 3367 2448 fratres
3416 2389 3762 2461 cbarissimi,

2059 2490 2126 2533 ea
2166 2475 2470 2533 devotione
2520 2477 2928 2551 prosequimur
2966 2495 3079 2554 qua
3111 2487 3164 2536 et
3204 2479 3393 2554 ipsum
3436 2480 3540 2554 qui
3586 2479 3649 2536 in
3698 2494 3766 2537 eo

2058 2562 2416 2636 triumphare
2469 2563 2741 2635 dignatus
2781 2572 2866 2622 est
2906 2581 3267 2623 veneramur.
3306 2566 3468 2635 Quod
3500 2566 3766 2624 videlicet

2059 2652 2205 2711 nulli
2257 2660 2597 2727 sanctorum,
2635 2669 2707 2710 ex
2761 2653 3138 2712 ecclesiastica
3188 2655 3551 2728 cognoscitur
3595 2654 3762 2712 insti-

2060 2740 2277 2799 tutione
2303 2740 2593 2799 collatum.
2632 2741 2869 2801 Sanctos
2895 2744 3054 2800 enim
3085 2743 3391 2818 quoslibet,
3423 2744 3546 2801 sive
3588 2744 3760 2801 etiam

2056 2829 2314 2887 ccelestes
2368 2830 2615 2888 virtutes
2666 2846 2900 2890 oramus
2939 2832 3199 2907 quidem,
3247 2833 3345 2890 sed
3396 2848 3512 2891 non
3558 2834 3761 2891 adora-

2057 2932 2219 2986 mus;
2283 2932 2413 2975 cum
2467 2934 2602 2976 vero
2644 2935 2873 2979 crucem
2920 2936 3025 2979 nos
3071 2922 3323 2981 fatemur
3371 2921 3627 2991 adorare,
3671 2919 3765 2978 vel

2058 3004 2265 3075 colere,
2297 3005 2383 3063 illi
2414 3012 2635 3065 tantum
2666 3008 2868 3081 ﬁgurze
2913 3008 3193 3068 Dominici
3230 3010 3500 3083 corporis,
3542 3023 3674 3083 quae
3703 3008 3765 3066 in

254 3097 450 3169 matio,
487 3098 623 3157 finis
660 3113 888 3168 cursus,
929 3097 1286 3171 principium
1324 3099 1718 3173 praemiorum.
1766 3099 1875 3159 Sed
1908 3101 1967 3158 in
1991 3130 2034 3190 ρ
2057 3109 2225 3152 cruce
2278 3095 2421 3153 facta
2473 3102 2574 3165 est,
2630 3097 2776 3155 hanc
2814 3098 3112 3156 noscimur
3158 3096 3541 3157 reverentiam
3592 3094 3765 3153 exhi-

251 3185 363 3245 hac
419 3186 741 3245 imitatione
790 3185 906 3244 duo
960 3192 1095 3244 sunt
1147 3186 1542 3261 adimplenda,
1593 3187 1860 3247 videlicet
1907 3194 1972 3247 ut

254 3273 663 3347 magistrorum
712 3273 983 3333 subdaris
1038 3273 1319 3347 imperiis,
1375 3280 1431 3333 et
1482 3274 1970 3350 perseverantiam

254 3380 374 3425 non
422 3366 669 3423 amittas.
705 3365 792 3423 Ita
841 3364 1013 3438 plane
1054 3364 1264 3437 poteris
1303 3364 1466 3438 sequi
1507 3364 1825 3435 Christum,
1868 3366 1970 3439 qui

255 3469 373 3512 non
408 3453 568 3512 venit
600 3454 785 3511 facere
812 3452 1173 3512 voluntatem
1209 3468 1398 3523 suam,
1432 3453 1532 3510 sed
1567 3453 1693 3525 ejus
1722 3454 1824 3527 qui
1858 3453 1970 3511 mi-

255 3541 329 3599 sit
361 3539 524 3598 illum
556 3540 727 3613 (Joan.
773 3542 850 3613 V),
887 3545 944 3598 et
979 3539 1082 3613 qui
1126 3554 1230 3612 pro
1272 3538 1472 3597 eadem
1521 3539 1816 3597 voluntate
1852 3555 1967 3597 non

258 3631 451 3690 timuit
482 3645 696 3703 ponere
743 3628 1001 3686 animam
1053 3643 1219 3687 suam
1269 3629 1442 3699 (Joan.
1493 3630 1619 3701 XII).
1672 3626 1800 3697 Quo
1848 3629 1971 3687 fru-

256 3723 374 3787 ctu,
406 3732 521 3791 qua
556 3714 819 3783 utilitate,
854 3731 969 3789 quo
1014 3713 1253 3789 prtemio
1277 3717 1304 3772 ?
1349 3736 1376 3767 α
1407 3714 1479 3772 Ut
1520 3714 1622 3773 ubi
1664 3730 1767 3789 ego
1815 3731 1968 3789 sum,

2054 3181 2207 3240 bere.
2242 3183 2307 3240 In
2348 3184 2513 3256 signo
2550 3199 2759 3257 nempe
2788 3185 3049 3255 victoriae
3090 3186 3363 3245 victorem
3407 3184 3672 3255 colimus,
3711 3190 3766 3242 et

2055 3270 2345 3327 adorando
2386 3286 2636 3342 crucem,
2668 3274 2882 3346 ipsum,
2923 3274 3023 3346 qui
3068 3274 3385 3333 cruciﬁxus
3430 3281 3534 3343 est,
3562 3272 3762 3331 adora-

2056 3373 2206 3416 mus.
2261 3359 2613 3433 Quapropter
2659 3361 2806 3420 sicut
2876 3364 3201 3434 aggaudere
3280 3363 3621 3436 resurgenti,
3672 3361 3765 3420 vel

2053 3447 2382 3505 ascendenti
2421 3447 2668 3506 Domino
2705 3451 3135 3519 consuevimus,
3168 3451 3248 3509 ita
3293 3452 3463 3508 etiam
3498 3451 3764 3508 exaltatze

2055 3534 2181 3609 ejus
2235 3536 2393 3594 cruci
2458 3552 2570 3595 non
2640 3538 2931 3597 immerito
3005 3541 3455 3613 congaudemus.
3505 3540 3762 3598 Pretium

2054 3640 2309 3698 namque
2347 3633 2608 3684 nostrum
2640 3628 2763 3685 haec
2796 3634 3001 3686 statera
3045 3628 3298 3697 libravit,
3332 3644 3448 3702 quo
3495 3626 3763 3685 videlicet

2055 3719 2111 3769 et
2137 3712 2207 3769 de
2225 3712 2366 3787 jugo
2410 3713 2761 3787 [Egyptiacee
2798 3715 3090 3773 servitutis
3117 3716 3417 3788 eripimur,
3444 3720 3499 3773 et
3529 3730 3602 3772 ex
3644 3714 3760 3771 im-

260 3804 473 3880 inquit,
511 3803 633 3861 illic
679 3802 753 3861 sit
795 3810 851 3861 et
899 3802 1163 3861 minister
1204 3818 1371 3861 meus
1414 3804 1628 3873 (Ibid.).
1666 3827 1693 3854 »
1750 3802 1972 3873 Quanta
2055 3802 2217 3874 probi
2245 3803 2529 3861 exactoris
2560 3804 2780 3861 foenore
2810 3803 3143 3862 liberamur.
3169 3803 3308 3861 Haec
3333 3803 3503 3876 plane
3530 3817 3760 3860 summa

259 3893 508 3969 dignitas
554 3907 678 3951 esse
724 3907 860 3951 cum
908 3892 1044 3962 Deo,
1099 3893 1284 3951 beatis
1334 3893 1613 3952 interesse
1652 3894 1968 3967 spiritibus,
2056 3890 2402 3964 inexplebili
2449 3891 2832 3950 damnationis
2866 3900 3077 3951 nostrae
3121 3891 3501 3964 chirographo
3536 3889 3760 3948 satisfe-

260 3989 315 4042 et
372 3983 526 4041 inter
575 3980 747 4040 illum
795 3980 1085 4040 caelestem
1139 3987 1490 4041 conventum
1537 3989 1812 4057 perpetuo
1858 3998 1971 4041 nu-
2056 3978 2149 4042 cit,
2186 3986 2240 4036 et
2270 3978 2573 4037 insolubili
2604 3994 2709 4037 nos
2747 3979 2938 4037 debito
2976 3988 3217 4039 vetustte
3248 3980 3532 4038 cautionis
3568 3978 3760 4037 absol-

257 4071 507 4129 meraril
2057 4068 2156 4126 vit.
2193 4068 2357 4126 llnde
2399 4069 2473 4126 ad
2502 4068 2866 4129 Colossenses
2904 4071 3245 4144 praedicator
3273 4071 3539 4145 egregius
3571 4090 3583 4128 :
3634 4097 3659 4119 «ι
3692 4070 3764 4128 Et

339 4155 485 4215 247
535 4159 678 4219 Vide
716 4173 851 4233 ergo
898 4174 972 4217 ne
1029 4175 1233 4219 rursus
1280 4160 1618 4235 tibimetipsi
1672 4162 1974 4236 cruciﬁgas
2055 4175 2178 4229 vos,
2214 4159 2422 4233 inquit,
2454 4174 2590 4217 cum
2639 4159 2850 4218 mortui
2884 4159 3085 4218 essetis
3130 4160 3188 4218 in
3230 4161 3478 4231 delictis,
3510 4168 3566 4219 et
3616 4176 3762 4235 prae-

259 4249 475 4308 Filium
522 4249 627 4308 Dei
673 4256 729 4307 et
776 4251 998 4308 hostem
1036 4252 1126 4310 tui
1169 4252 1402 4324 habeas,
1437 4267 1646 4311 rursus
1688 4252 1974 4312 fabricans
2056 4249 2217 4324 putio
2269 4249 2458 4308 carnis
2504 4256 2732 4320 vestrm,
2789 4249 3221 4309 conviviticavit
3269 4248 3414 4307 248
3463 4267 3594 4311 cum
3637 4251 3760 4323 illo,

257 4354 510 4409 crucem,
552 4338 613 4395 in
664 4354 780 4413 qua
826 4338 1199 4413 crucifigatur
1244 4340 1363 4412 ille,
1396 4341 1498 4415 qui
1546 4356 1854 4415 resurgens
1898 4358 1970 4400 ex
2056 4339 2277 4398 donans
2314 4339 2478 4397 vobis
2521 4339 2715 4397 omnia
2749 4338 2975 4406 delicta,
3002 4338 3221 4410 delens,
3259 4339 3413 4413 quod
3451 4341 3761 4398 adversum

257 4429 504 4487 mortuis
545 4429 663 4502 jam
725 4444 845 4487 non
900 4429 1148 4488 moritur
1203 4430 1372 4502 (Rom.
1427 4431 1530 4501 Vi).
1610 4428 1844 4488 Intuere
1900 4447 2034 4502 ne“
2058 4445 2163 4487 nos
2212 4435 2350 4494 erat,
2405 4428 2851 4501 chirographum
2897 4428 3129 4499 decreti,
3171 4428 3325 4502 quod
3368 4434 3487 4485 erat
3531 4433 3759 4491 contra-

254 4486 612 4575 mortiferam
642 4532 874 4576 crucem
914 4517 1150 4590 eﬂicias,
1182 4486 1243 4575 in
1272 4534 1388 4592 qua
1425 4486 1595 4577 facies
1625 4518 1837 4576 Filium
1868 4486 2038 4579 DeiD
2059 4516 2213 4574 rium
2262 4515 2449 4584 nobis,
2498 4522 2553 4573 et
2594 4486 2785 4588 ipsum
2821 4516 2950 4573 tulit
2990 4516 3060 4573 de
3090 4486 3300 4585 medio,
3329 4514 3568 4587 aﬂigens
3611 4514 3754 4573 illud

251 4606 467 4665 amaris
519 4606 821 4666 doloribus
871 4607 1128 4667 interire.
1178 4607 1461 4682 Superbia
1500 4609 1786 4683 superius,
1829 4608 1974 4668 inte-
2055 4603 2213 4663 cruci
2256 4628 2269 4661 :
2309 4610 2366 4662 et
2412 4602 2743 4676 exspolians
2785 4603 3160 4676 principatus,
3193 4611 3246 4660 et
3283 4608 3603 4674 potestates,
3642 4607 3758 4660 tra-

255 4696 378 4753 rius
416 4695 675 4766 luxuria,
717 4712 751 4754 a
786 4696 1010 4755 dextris
1043 4698 1396 4771 prosperatio
1442 4697 1788 4773 iniquitatis,
1819 4714 1853 4757 a
1892 4699 1974 4757 si-
2056 4692 2230 4750 duxit
2277 4691 2649 4763 conﬁdenter,
2703 4692 2891 4766 palam
2954 4692 3321 4764 triumphans
3362 4690 3496 4747 illos
3550 4690 3611 4747 in
3667 4706 3758 4749 se-

252 4784 454 4842 nistris
482 4783 845 4843 adversitatis
891 4784 1233 4857 desperatio,
1266 4787 1480 4859 spinas,
1517 4788 1709 4845 clavos
1751 4794 1806 4845 et
1846 4789 1973 4846 lan-
2057 4783 2299 4856 metipso
2352 4785 2486 4852 (Col.
2542 4788 2627 4852 II).
2665 4803 2692 4835 ››
2742 4781 2884 4852 Quae
2929 4781 3107 4854 igitur
3162 4778 3364 4853 lingua
3414 4779 3476 4836 in
3528 4778 3754 4837 laudem

252 4890 413 4933 ceam
444 4874 564 4933 ﬁlio
592 4875 850 4949 Virginis
884 4882 1316 4950 repraesentant.
1353 4875 1499 4935 Cum
1535 4878 1693 4935 enim
1742 4878 1975 4939 elevans

252 4969 308 5021 te
332 4970 389 5021 et
424 4963 733 5022 ambulans
769 4964 918 5023 collo
954 4969 1189 5022 extento
1234 4971 1406 5037 caput
1457 4966 1741 5024 Altissimi
1778 4969 1972 5040 spina-

254 5068 387 5112 rum
427 5051 856 5126 multiplicitate
887 5058 1251 5126 contorques,
1284 5059 1339 5109 et
1378 5052 1471 5110 hic
1508 5068 1542 5110 a
1580 5054 1974 5127 superioribus

253 5140 512 5215 superari
568 5140 809 5203 moleste
852 5140 985 5209 fers,
1038 5140 1159 5198 imo
1206 5140 1530 5213 superiores
1568 5142 1758 5212 potius
1800 5159 1972 5217 supe-

253 5247 380 5290 rare
414 5230 735 5301 contendis,
771 5230 860 5288 illi
901 5229 1112 5289 similis
1160 5245 1220 5288 es
1273 5228 1375 5303 qui
1409 5245 1470 5287 se
1512 5229 1761 5289 similem
1804 5232 1975 5291 Altis-

254 5321 402 5379 simo
439 5320 729 5392 cogitavit.
770 5319 1059 5393 Scriptum
1092 5324 1176 5377 est
1225 5317 1380 5377 enim
1417 5336 1429 5375 :
1473 5343 1499 5367 ‹‹
1527 5318 1682 5377 Deus
1710 5321 1973 5393 superbis

253 5408 466 5467 resistit
518 5411 569 5479 (Ι
611 5413 759 5465 Petr.
813 5408 892 5479 ν),
950 5428 978 5461 ››
1045 5405 1164 5466 illis
1221 5406 1509 5477 videlicet,
1561 5408 1663 5481 qui
1713 5424 1845 5467 cum
1905 5426 1972 5469 eo

252 5513 326 5555 ex
355 5511 525 5573 aequo
553 5503 704 5556 stare
734 5496 1115 5554 contendunt.
1151 5494 1465 5569 Componis
1497 5494 1697 5555 oculos
1729 5502 1874 5571 tuos,
1906 5506 1974 5557 ut

253 5600 372 5645 non
414 5584 685 5658 respicias
721 5584 955 5656 ccelum,
987 5591 1044 5644 et
1072 5582 1433 5659 voluptuosis
1467 5584 1658 5644 carnis
1686 5592 1802 5645 tuae
1843 5601 1969 5645 mo-

2057 4873 2246 4932 crucis
2275 4872 2576 4932 invenitur
2614 4872 2840 4941 idonea,
2874 4884 3006 4943 quae
3031 4868 3245 4926 coelum
3272 4868 3526 4941 aperuit,
3548 4875 3756 4926 terram

2055 4980 2089 5023 a
2118 4964 2402 5021 sententia
2435 4963 2692 5038 antiquae
2721 4958 3141 5020 maledictionis
3178 4958 3447 5030 absolvit,
3480 4965 3757 5017 tartarum

2058 5053 2380 5126 spoliavit?
2420 5052 2560 5110 Haec
2600 5051 2877 5109 nimirum
2929 5047 3101 5106 olivae
3143 5064 3249 5106 nos
3288 5047 3560 5106 oleastros
3605 5047 3758 5104 inse-

2058 5143 2191 5211 ruit,
2238 5149 2293 5200 et
2340 5143 2411 5201 de
2462 5142 2615 5199 vasis
2667 5139 2949 5196 iraa'vasa
2990 5138 3401 5196 misericordiae
3440 5136 3757 5195 fabricavit.

2057 5229 2195 5288 Haec
2234 5246 2340 5288 nos
2387 5228 2649 5286 sedentes
2688 5228 2746 5284 in
2779 5224 3029 5283 tenebris
3069 5225 3130 5283 in
3176 5224 3325 5283 lucis
3370 5224 3521 5282 ﬁlios
3572 5231 3758 5281 trans-

2057 5322 2211 5386 tulit.
2245 5320 2315 5377 de
2340 5315 2595 5375 inimicis
2635 5315 2978 5373 domesticos
3008 5313 3156 5383 fecit,
3189 5314 3260 5371 de
3283 5311 3611 5372 conditione
3637 5328 3758 5371 ser—

2055 5411 2159 5469 vili
2216 5411 2275 5467 in
2316 5408 2477 5481 regni
2519 5407 2669 5465 ﬁlios
2703 5406 3014 5479 adoptavit.
3058 5404 3168 5465 Sed
3220 5419 3557 5479 quanquam
3614 5403 3761 5463 desit

2058 5497 2326 5558 facundia
2364 5494 2684 5570 peritiaque
2719 5492 3024 5563 sermonis,
3063 5507 3282 5551 cessare
3324 5507 3437 5550 non
3479 5491 3758 5550 debemus

2057 5603 2090 5645 a
2137 5586 2308 5645 laude
2342 5582 2549 5657 crucis,
2590 5583 2731 5658 quia
2770 5580 2922 5657 quod
2966 5579 3223 5640 facultati
3266 5579 3645 5652 subtrahitur,
3685 5595 3758 5638 ex
