4178 6440
425 287 534 347 767

1050 283 1109 343 S.
1152 281 1376 342 PETRI
1413 276 1733 339 DAMIANI
1771 275 1930 335 OPP.
1974 271 2167 334 PARS
2208 271 2350 333 SEU
2388 273 2641 334 TOMUS
2679 274 2755 333 II.
2799 306 2867 316 —
2907 273 3321 334 SERMONES.

3826 276 3939 337 768

425 411 787 472 abundantia
841 410 1010 467 bonae
1080 406 1395 465 voluntatis
1458 403 1752 479 impletur,
1807 397 2127 475 praesertim
2145 395 2455 462 Aexaltari
2490 402 2711 472 oportet
2740 396 2956 456 Filium
2992 398 3269 470 hominis,
3299 404 3365 457 ut
3402 398 3594 459 omnis
3632 401 3735 475 qui
3753 402 3939 462 credit

427 516 564 561 eum
609 497 914 573 Apostolus
958 496 1110 553 dicat
1141 519 1154 553 :
1206 516 1234 549 «
1266 493 1388 553 Non
1436 494 1498 551 in
1537 489 1819 564 sapientia
1850 487 2032 558 verbi,
2068 494 2134 545 ut

426 606 547 650 non
591 593 902 648 evacuetur
939 600 1086 643 crux
1138 584 1351 642 Christi
1382 588 1435 651 (Ι
1479 585 1747 651 00721).»
1793 578 2132 637 Praedicato-

426 696 516 736 res
574 692 827 748 namque
878 672 1067 733 crucis
1120 673 1274 731 Deus
1324 672 1634 745 piscatores
1691 666 1957 738 instituit,
2016 680 2132 723 non

426 772 696 825 oratores.
751 763 1052 821 Accuratis
1097 760 1291 834 itaque
1342 758 1534 818 verbis
1573 773 1718 816 crux
1763 772 1878 815 non
1932 753 2137 812 asseri-

424 863 536 924 tur,
571 853 670 912 sed
717 851 1043 910 econtrario
1087 854 1385 908 vacuatur.
1420 848 1773 919 Quapropter
1826 860 1942 902 non
1975 841 2133 901 indi-

426 958 609 1017 gnum
652 949 755 1011 est,
812 942 861 998 si
914 940 1075 997 beata
1126 953 1270 996 crux
1327 936 1521 995 verbis
1566 950 1723 993 nunc
1772 932 2134 1006 simplicibus

428 1031 794 1107 praedicetur,
828 1028 1045 1103 quibus
1073 1028 1275 1101 utique
1304 1026 1531 1085 invecta
1580 1025 1802 1083 mundo
1827 1024 1979 1081 inter
2010 1022 2134 1096 ipsa

427 1137 596 1180 novre
622 1118 758 1177 ﬁdei
787 1118 1115 1176 rudimenta
1143 1116 1526 1188 cognoscitur.

494 1210 828 1269 Notandum
886 1222 1024 1266 vero
1077 1206 1217 1278 quia
1266 1206 1416 1264 sicut
1466 1203 1694 1261 duobus
1748 1200 1929 1274 signis
1983 1215 2132 1256 crux

420 1306 660 1368 constat,
717 1298 795 1356 ita
864 1297 1009 1355 duas
1059 1298 1185 1369 ejus
1236 1294 1629 1353 solemnitates
1700 1306 1801 1364 per
1860 1288 2133 1347 annalem

416 1388 709 1447 circulum
743 1384 1123 1444 ecclesiastica
1161 1382 1391 1441 traditio
1435 1380 1698 1439 celebrat.
1747 1379 1887 1437 Haec
1927 1392 2134 1451 nempe

428 1480 545 1538 duo
590 1478 750 1551 ligna
786 1476 1000 1535 mulier
1046 1474 1275 1533 volebat
1314 1472 1626 1545 Sareptana
1675 1468 1962 1542 colligere,
1997 1467 2133 1541 qui-

420 1570 533 1628 bus
574 1575 764 1642 posset
802 1567 1036 1638 inopem
1065 1563 1173 1621 sibi
1205 1562 1400 1621 cibum
1437 1568 1493 1617 et
1522 1558 1641 1618 ﬁlio
1668 1558 2001 1631 providere;
2034 1557 2133 1614 sed

422 1657 600 1731 hujus
653 1657 851 1716 viduae
900 1656 1087 1714 farina
1123 1663 1179 1713 et
1223 1654 1418 1713 oleum
1468 1653 1539 1711 ad
1583 1659 1900 1731 proventus
1955 1650 2135 1709 abun-

2217 484 2281 543 in
2332 485 2504 544 illum
2565 502 2682 546 non
2735 494 2944 560 pereat,
2992 488 3093 547 sed
3156 487 3364 547 habeat
3423 486 3603 548 vitam
3653 497 3939 549 aeternam

2221 578 2404 643 (Joan.
2456 581 2569 646 Ill).
2608 601 2634 625 »ι
2682 577 2855 635 Recte
2904 591 3040 650 ergo
3087 592 3324 651 serpens
3373 592 3573 636 aeneus
3619 593 3722 650 pro
3766 578 3941 653 signo

2216 667 2470 739 ponitur,
2522 674 2577 727 et
2625 668 2878 742 populus
2921 666 3208 740 aspiciens
3251 683 3286 725 a
3337 681 3535 726 morsu
3577 669 3938 742 serpentium

2221 754 2528 827 liberatur;
2579 757 2717 830 quia
2770 756 3106 829 quicunque
3158 756 3222 813 in
3276 753 3656 827 Salvatorem,
3723 758 3829 829 qui
3872 757 3939 814 in

2216 858 2383 902 cruce
2415 860 2732 919 suspensus
2776 851 2882 915 est,
2913 860 2989 902 ex
3035 843 3321 902 desiderio
3358 844 3700 903 imitationis
3746 847 3943 904 inten-

2215 932 2383 1003 dunt,
2421 948 2595 991 omne
2619 948 2758 990 mox
2784 932 2948 990 virus
2974 939 3031 989 et
3059 930 3357 989 lethiferos
3388 946 3615 990 morsus
3640 932 3938 991 veternosi

2217 1023 2497 1096 serpentis
2523 1022 2795 1081 evadunt.
3344 1040 3349 1045 ν

2288 1111 2358 1169 Et
2396 1111 2717 1170 notandum
2752 1110 2906 1184 quod
2948 1126 3185 1185 serpens
3224 1111 3323 1169 ille
3361 1126 3463 1184 pro
3508 1111 3675 1184 signo
3720 1109 3943 1168 dicitur

2218 1200 2436 1272 positus
2471 1218 2483 1257 :
2524 1214 2662 1258 nam
2699 1205 2755 1257 et
2802 1197 3038 1257 Simeon
3070 1198 3167 1256 ille
3195 1200 3410 1273 justus,
3435 1198 3623 1257 delato
3667 1199 3737 1255 ad
3787 1204 3941 1257 tem-

2219 1292 2379 1363 plum
2421 1291 2689 1361 Domino,
2742 1288 3067 1347 vaticinans
3119 1289 3199 1346 ait
3254 1313 3267 1347 :
3326 1287 3528 1347 «Ecce
3574 1287 3799 1362 positus
3851 1293 3943 1346 est

2216 1380 2313 1438 hic
2358 1380 2419 1438 in
2466 1380 2703 1438 ruinam
2750 1388 2807 1439 et
2853 1379 2915 1437 in
2958 1379 3440 1437 resurrectionem
3499 1379 3821 1437 multorum
3870 1378 3938 1436 in

2215 1470 2412 1540 Israel,
2458 1477 2512 1528 et
2558 1470 2619 1527 in
2678 1470 2913 1544 signum
2959 1470 3054 1528 cui
3108 1469 3535 1527 contradicetur
3583 1473 3733 1539 (Luc.
3783 1472 3868 1537 II).
3908 1494 3937 1519 ιο

2214 1560 2282 1617 In
2341 1560 2575 1632 signum
2634 1575 2883 1633 namque
2931 1558 3400 1617 contradictionis
3454 1558 3802 1631 Redemptor
3854 1562 3947 1616 est

2214 1650 2454 1721 positus,
2510 1648 2651 1721 quia
2708 1646 2769 1704 in
2835 1662 3007 1704 cruce
3060 1652 3181 1704 erat
3236 1660 3339 1718 pro
3409 1645 3656 1704 humani
3705 1645 3944 1718 generis

424 1747 679 1804 dantiam
717 1744 1145 1804 benedicuntur
1180 1744 1284 1812 CIII
1323 1748 1456 1812 Reg.
1503 1746 1675 1810 XVII),
1731 1747 1795 1799 ut
1837 1736 2402 1817 charitatisBsalute
2444 1750 2741 1810 passurus.
2791 1734 2898 1794 Cui
2946 1734 3231 1792 nimirum
3278 1733 3439 1792 cruci
3484 1733 3676 1792 omnis
3729 1733 3941 1793 mundi

432 1835 654 1893 fructus
692 1840 748 1892 et
792 1832 1098 1891 hilaritatis
1121 1831 1244 1905 jam
1285 1838 1421 1890 tunc
1447 1832 1510 1888 in
1544 1834 1901 1888 sacramento
1938 1827 2132 1886 Eccle-

428 1924 535 1981 sia:
587 1922 1039 1992 commendetur,
1100 1920 1403 1978 «hilarem
1441 1918 1600 1977 enim
1647 1918 1905 1975 datorem
1949 1916 2136 1989 diligit

431 2013 585 2071 Deus
632 2014 703 2083 (ΙΙ
730 2014 847 2069 Cor.
882 2000 981 2082 1X).
1014 2031 1040 2062 ι)
1080 2009 1269 2069 Vidua
1316 2010 1441 2066 haec
1470 2013 1665 2066 sancta
1702 2013 1823 2064 erat
1860 2005 2132 2076 Ecclesia,

425 2100 497 2157 de
529 2116 647 2173 qua
692 2098 937 2157 dicitur:
991 2117 1019 2149 «
1046 2097 1299 2155 Viduam
1335 2096 1463 2168 ejus
1508 2093 1859 2151 benedicens
1897 2092 2135 2151 benedi-

376 2237 381 2242 .
424 2201 550 2244 eam
597 2189 767 2255 (Psal.
804 2190 1043 2253 CXXXI).
1085 2205 1111 2237 »
1177 2184 1283 2242 Cui
1339 2183 1542 2240 licebat
1582 2181 1909 2252 cuicunque
1963 2180 2138 2239 vellet

423 2281 652 2332 mortuo
710 2274 836 2331 viro
890 2272 1184 2345 conjungi,
1244 2271 1385 2345 quia
1432 2268 1731 2327 desinente
1790 2268 1935 2341 lege,
2000 2284 2138 2325 mox

429 2362 673 2431 Christo,
721 2360 821 2434 qui
866 2362 1002 2418 linis
1048 2360 1191 2432 legis
1234 2367 1336 2426 est,
1372 2359 1443 2417 ad
1477 2356 1764 2430 justitiam
1804 2357 1965 2414 omni
2018 2373 2138 2415 cre-

426 2450 584 2509 denti
617 2453 784 2523 (Rom.
819 2452 902 2519 x),
949 2448 1160 2507 meruit
1204 2448 1458 2506 Ecclesia
1493 2446 1770 2519 copulari.
1804 2445 1912 2503 Illa
1942 2446 2140 2504 cibum

421 2539 748 2609 anhelabat,
806 2538 908 2611 qui
961 2537 1191 2595 duobus
1261 2543 1410 2595 esset
1482 2536 1657 2608 lignis
1728 2542 2031 2607 excoctus;
2085 2543 2141 2593 et

420 2635 613 2686 sancta
661 2626 916 2685 Ecclesia
971 2642 1175 2700 panem
1235 2626 1306 2683 de
1361 2624 1506 2683 ccelo
1558 2624 1887 2682 venientem
1935 2624 2135 2695 esurit,

419 2718 522 2790 qui
569 2718 627 2775 in
679 2733 778 2775 ara
820 2717 1009 2775 crucis
1061 2723 1146 2773 est
1189 2715 1462 2775 torridus.
1508 2712 1622 2782 Qui
1659 2713 2053 2785 voluptuosos,
2084 2720 2142 2772 et

419 2807 683 2865 carnales
744 2806 901 2864 cibos
960 2806 1195 2879 appetit,
1236 2804 1582 2877 serpentinis
1628 2801 1914 2860 morsibus
1964 2802 2140 2860 tradi-

425 2904 539 2965 tur,
581 2894 685 2967 qui
717 2910 854 2951 vero
892 2894 963 2951 ad
1010 2896 1167 2953 hunc
1208 2909 1417 2968 panem
1450 2893 1701 2966 respicit,
1746 2909 1779 2949 a
1827 2884 2143 2966 grassantis

422 2983 635 3040 veneni
674 2982 928 3056 pernicie
978 2981 1274 3040 liberatur.
1309 2982 1458 3051 Quid
1498 2988 1603 3050 est,
1634 2980 1788 3053 quod
1824 2980 1991 3037 dixi?
2013 2979 2141 3038 Non

2216 1825 2499 1898 sapientia
2532 1823 2899 1894 contradixit,
2929 1822 3028 1881 sed
3051 1822 3196 1896 Regi
3222 1838 3323 1895 per
3348 1836 3475 1880 eam
3504 1822 3703 1895 gloriae
3734 1822 3945 1881 trium-

2217 1913 2419 1988 phanti
2458 1913 2687 1971 tandem
2736 1912 2958 1970 devicta
3007 1910 3329 1970 succubuit.
3373 1910 3537 1970 Sicut
3578 1912 3638 1970 in
3694 1913 3941 1972 Actibus

2217 2002 2607 2077 apostolorum
2638 2001 2848 2059 dicitur
2887 2020 2899 2059 :
2936 2026 2963 2050 κ
2995 2000 3077 2058 De
3119 2006 3271 2057 secta
3314 2005 3511 2058 autem
3542 2000 3650 2058 hac
3695 2000 3937 2075 scimus,

2218 2092 2357 2164 quia
2387 2092 2606 2164 ubique
2635 2091 2688 2149 ei
2719 2089 3133 2149 contradicitur
3161 2089 3307 2161 (Act.
3342 2092 3471 2162 XX).
3509 2114 3531 2142 ι
3566 2090 3637 2148 Et
3666 2089 3888 2149 Paulus
3920 2115 3937 2150 :

2224 2206 2250 2230 «
2298 2181 2713 2251 Praedicamus,
2761 2180 2973 2255 inquit,
3033 2180 3235 2238 Jesum
3286 2180 3658 2251 cruciﬁxum,
3714 2181 3942 2240 Judaais

2219 2270 2457 2342 quidem
2486 2268 2844 2339 scandalum,
2876 2268 3146 2343 gentibus
3173 2275 3371 2328 autem
3403 2269 3708 2328 stultitiam
3742 2274 3786 2341 (Ι
3812 2273 3934 2328 Cor.

2220 2359 2279 2430 I).
2320 2379 2340 2409 ι
2373 2357 2485 2417 Sed
2528 2358 2811 2432 quoniam
2852 2357 3005 2432 quod
3045 2356 3289 2416 stultum
3332 2366 3417 2415 est
3457 2356 3581 2426 Dei,
3614 2359 3937 2432 sapientius

2221 2452 2304 2505 est
2342 2446 2699 2516 hominibus,
2733 2452 2789 2504 et
2826 2446 2981 2521 quod
3025 2445 3329 2506 inﬁrmum
3359 2452 3443 2504 est
3483 2446 3586 2504 Dei
3618 2446 3822 2505 fortius
3852 2454 3940 2505 est

2222 2534 2576 2603 hominibus,
2608 2533 2957 2608 Redemptor
2984 2542 3199 2602 noster,
3233 2534 3335 2607 qui
3372 2550 3490 2592 non
3520 2534 3678 2592 venit
3714 2535 3941 2593 mittere

2223 2639 2441 2697 pacem,
2477 2623 2585 2682 sed.
2612 2622 2872 2696 gladium
2917 2626 3133 2696 (Matth.
3173 2625 3257 2696 X),
3286 2622 3462 2681 lorica
3507 2623 3699 2681 carnis
3743 2624 3940 2682 accin-

2220 2720 2365 2777 ctus.
2400 2712 2461 2769 in
2503 2712 2679 2785 hujus
2709 2711 2916 2770 mundi
2957 2727 3226 2786 campum
3270 2711 3638 2785 praeliaturus
3677 2712 3938 2781 accessit,

2223 2808 2278 2858 et
2310 2798 2598 2857 vexillum
2636 2799 2952 2871 praeferens
2978 2799 3188 2870 crucis,
3222 2799 3487 2858 omnium
3512 2799 3624 2859 sibi
3663 2799 3940 2857 resisten-

2227 2888 2374 2946 tium
2420 2886 2563 2945 colla
2595 2886 2855 2945 calcavit.
2901 2886 2996 2947 Sic
3060 2888 3142 2946 sic
3183 2887 3450 2946 videlicet
3499 2887 3706 2946 Potens
3745 2895 3943 2946 noster

2224 2977 2288 3035 in
2319 2975 2516 3051 praelio
2542 2983 2598 3034 et
2629 2976 2866 3035 hostiles
2895 2978 3245 3051 quandoque
3271 2977 3423 3037 acies
3469 2977 3542 3035 ad
3570 2992 3675 3035 sua
3701 2992 3943 3036 conver-

422 3073 722 3146 ignoratis,
760 3073 982 3142 fratres,
1030 3073 1168 3146 quia
1209 3071 1384 3129 Israel
1424 3072 1522 3129 ille
1573 3070 1820 3128 carnalis
1869 3086 2139 3129 murmu-
2161 3069 2310 3170 Ctit,
2343 3074 2399 3126 et
2424 3083 2539 3125 non
2564 3066 2752 3126 solum
2792 3076 3053 3141 mortem,
3093 3069 3192 3127 sed
3223 3074 3278 3127 et
3315 3070 3506 3142 ipsum
3540 3067 3743 3126 mortis
3773 3068 3940 3141 prin-

426 3176 559 3217 rans
587 3159 900 3234 aliquando
929 3159 1206 3218 adversus
1231 3159 1489 3233 Moysen,
1528 3159 1586 3216 in
1617 3158 1841 3217 deserto
1873 3158 2097 3216 dicebat
2122 3177 2135 3216 :

429 3269 455 3300 «
489 3247 651 3305 Deest
703 3248 889 3321 panis,
940 3262 1057 3306 non
1119 3256 1255 3307 sunt
1305 3263 1495 3322 aquae,
1544 3246 1739 3305 anima
1786 3253 1979 3305 nostra
2017 3248 2138 3320 jam

423 3342 663 3393 nauseat
693 3351 868 3409 super
891 3335 1018 3394 cibo
1048 3335 1157 3392 isto
1188 3334 1484 3393 levissimo
1513 3339 1697 3405 (Num.
1732 3341 1882 3402 XXI).
1915 3360 1941 3384 ››
1973 3333 2140 3393 Tunc

426 3422 670 3480 immisit
705 3423 768 3480 in
808 3439 905 3482 eos
942 3424 1227 3482 Dominus
1265 3423 1477 3496 ignitos
1520 3430 1847 3497 serpentes;
1889 3438 2139 3498 cumque

423 3511 761 3584 prenitentia
815 3512 971 3570 ducti
1022 3511 1447 3585 indulgentiam
1509 3519 1797 3586 peterent,
1863 3528 1935 3570 ex
1985 3528 2138 3586 prae-

423 3608 587 3675 cepto
638 3602 871 3661 Domini
930 3602 1064 3661 fecit
1115 3602 1342 3676 Moyses
1393 3609 1718 3675 serpentem
1768 3619 2019 3671 aeneum,
2084 3609 2141 3661 et

422 3707 527 3766 pro
556 3691 719 3765 signo
747 3693 955 3765 posuit,
994 3692 1065 3750 ad
1099 3707 1292 3766 quem,
1326 3692 1684 3765 quicumque
1714 3693 1971 3765 percussi
2004 3694 2139 3751 fue-

427 3785 573 3850 rant,
641 3780 987 3853 aspicientes
1051 3781 1315 3853 protinus
1383 3778 1753 3837 sanabantur.
1826 3779 2141 3838 Enimvero

425 3885 526 3942 ptr
561 3869 869 3928 consilium
908 3871 1191 3942 serpentis
1228 3877 1313 3927 est
1358 3870 1532 3927 homo
1574 3867 1842 3941 delapsus
1882 3868 1945 3926 in
1985 3884 2139 3926 mor-

426 3966 576 4026 tem;
608 3974 689 4016 aes
732 3974 867 4017 vero
924 3959 1144 4018 caeteris
1176 3957 1422 4016 metallis
1459 3957 1784 4015 durabilius
1821 3956 2137 4016 invenitur.

497 4049 718 4107 IEneus
783 4050 977 4125 itaque
1030 4066 1265 4123 serpens
1323 4050 1640 4108 Dominum
1690 4049 1983 4123 ﬁguravit,
2037 4049 2143 4122 qui

426 4140 688 4197 infusum
720 4141 890 4198 nobis
922 4156 1210 4199 venenum
1251 4141 1553 4201 diabolica;
1590 4140 1974 4214 suggestionis
2005 4140 2140 4199 abe-

427 4226 531 4300 git.
575 4227 645 4283 Et
683 4235 811 4299 apte
849 4244 1052 4286 aeneus
1088 4245 1343 4302 serpens,
1385 4236 1450 4287 ut
1489 4245 1590 4302 per
1628 4237 1948 4302 serpentem
1984 4246 2143 4289 mor-

428 4324 589 4385 tuus,
618 4323 674 4374 et
702 4331 803 4388 per
830 4332 910 4373 aes
942 4318 1227 4376 Dominus
1269 4317 1691 4391 signiﬁcaretur
1717 4328 1989 4380 aeternus.
2032 4321 2141 4392 Qui

428 4405 587 4463 enim
623 4421 693 4462 ex
735 4404 1093 4461 humanitate
1137 4406 1327 4463 crucis
1366 4406 1714 4480 supplicium
1756 4407 2012 4480 pertulit,
2063 4424 2135 4467 ex

427 4495 731 4553 divinitate
782 4500 1096 4567 perpetuus
1168 4498 1224 4550 et
1298 4493 1675 4566 impassibilis
1737 4494 1901 4554 vivit.
1960 4495 2137 4556 Porro

426 4592 618 4645 autem
653 4601 890 4660 serpens
922 4600 1123 4643 aeneus
1150 4583 1596 4643 similitudinem
1635 4585 1868 4659 quidem
1901 4602 2140 4659 serpen-

426 4676 502 4732 tis
545 4676 736 4746 habet,
776 4675 874 4733 sed
931 4670 1076 4729 249
1131 4690 1423 4733 venenum
1468 4676 1745 4748 serpentis
1789 4692 1905 4735 non
1944 4678 2134 4736 habet.

426 4762 501 4820 Et
525 4763 874 4837 Redemptor
912 4769 1104 4821 noster
1144 4761 1203 4820 in
1254 4762 1638 4822 similitudine
1675 4765 1910 4838 quidem
1950 4767 2141 4825 carnis

421 4851 637 4925 precati
680 4852 964 4925 apparuit,
1019 4851 1118 4909 sed
1157 4854 1372 4925 peccati
1412 4868 1703 4912 venenum
1740 4854 1805 4912 in
1843 4871 1909 4914 eo
1948 4854 2140 4914 locum

420 4940 634 4999 habere
677 4955 794 4998 non
823 4940 1030 5013 potuit,
1065 4940 1279 5015 quippe
1307 4942 1408 5017 qui
1441 4963 1463 4993 ι
1499 4951 1796 5017 peccatum
1835 4960 1954 5002 non
1986 4944 2137 5016 fecit,

421 5045 528 5088 nec
552 5028 721 5087 dolus
753 5028 1029 5087 inventus
1060 5035 1145 5088 est
1175 5029 1235 5087 in
1263 5047 1361 5089 ore
1386 5032 1515 5105 ejus
1543 5033 1590 5104 (Ι
1612 5035 1758 5090 Petr.
1784 5034 1866 5105 II).
1900 5056 1922 5084 ι

494 5120 613 5177 Nec
637 5120 1107 5192 praetereundum
1152 5126 1236 5178 est
1272 5122 1428 5196 quod
1466 5138 1720 5196 congrue
1749 5122 1886 5180 satis
1914 5122 2141 5181 mansio

422 5205 525 5266 illa
566 5206 670 5266 ubi
720 5207 847 5265 haec
879 5208 1025 5265 facta
1065 5216 1202 5266 sunt
1243 5209 1518 5269 Salmona
1551 5210 1782 5284 dicitur,
1812 5225 1948 5285 quae
1976 5212 2139 5270 vide-

422 5297 556 5355 licet
607 5300 959 5368 z’maguncula
1005 5299 1429 5372 interpretatur,
1477 5300 1616 5373 quia
1665 5300 1791 5359 illic
1855 5301 2140 5359 nimirum

421 5387 487 5444 in
535 5388 713 5462 hujus
771 5390 921 5447 aenei
979 5387 1263 5461 serpentis
1316 5388 1523 5459 forma,
1581 5390 1770 5466 imago
1822 5398 1908 5449 est
1958 5391 2139 5449 nostri

383 5473 739 5538 .Salvatoris
788 5494 1082 5551 expressa.
1142 5477 1306 5535 Unde
1358 5483 1414 5535 et
1463 5477 1614 5536 idem
1674 5479 1936 5538 Salvator
1988 5478 2069 5537 ait
2121 5502 2135 5537 :

439 5584 463 5614 α
502 5562 662 5622 Sicut
703 5567 980 5627 exaltavit
1024 5567 1251 5643 Moyses
1295 5575 1616 5643 serpentem
1663 5570 1722 5628 in
1768 5571 2012 5641 deserto,
2063 5569 2138 5628 ita

2226 3158 2408 3232 cipem
2442 3173 2629 3231 usque
2659 3158 2729 3215 ad
2761 3159 2991 3216 inferna
3034 3166 3370 3232 persecutus
3407 3157 3710 3217 exstinxit.
3746 3158 3941 3232 Hujus

2224 3261 2362 3305 sane
2391 3245 2529 3305 belli
2575 3247 2695 3320 jam
2740 3254 2877 3306 tunc
2907 3247 3173 3305 minister
3216 3254 3336 3305 erat
3373 3247 3597 3320 Moyses
3646 3262 3783 3305 cum
3832 3264 3940 3320 pu-

2221 3345 2423 3411 gnaret
2451 3344 2651 3396 contra
2684 3337 2963 3395 Amalech
3009 3339 3209 3407 (Exod.
3237 3342 3412 3407 XVII).
3463 3337 3553 3395 Ad
3584 3337 3739 3411 quod
3773 3337 3941 3395 vide-

2224 3427 2355 3485 licet
2379 3426 2594 3485 bellum
2616 3442 2734 3485 non
2751 3425 2990 3499 gladios,
3016 3442 3133 3484 non
3158 3425 3268 3484 tela
3288 3426 3559 3496 vibravit,
3588 3425 3687 3484 sed
3711 3426 3941 3499 virgam

2223 3514 2326 3573 Dei
2355 3515 2417 3572 in
2447 3531 2628 3575 manu
2654 3515 2881 3587 detulit,
2909 3531 3043 3591 quae
3067 3516 3267 3589 procul
3289 3514 3466 3575 dubio
3492 3516 3716 3589 lignum
3750 3517 3941 3574 crucis

2223 3603 2539 3661 Dominicaa
2580 3604 2870 3676 ﬁguravit.
2921 3603 3032 3663 Sed
3076 3612 3196 3663 esto
3226 3612 3290 3664 ut
3334 3604 3559 3677 virgam
3601 3604 3840 3675 deferat,
3875 3613 3941 3663 ut

2222 3691 2284 3749 in
2341 3691 2489 3765 ligni
2540 3697 2899 3750 sacramento
2954 3691 3225 3762 conﬁdat,
3284 3701 3339 3752 et
3405 3708 3525 3751 non
3578 3692 3777 3764 armis,
3838 3692 3939 3751 sed

2224 3778 2382 3852 ligno
2426 3779 2614 3852 potius
2656 3787 2916 3839 armatus
2957 3780 3212 3839 hostium
3253 3796 3469 3839 cuneos
3511 3780 3939 3839 debellaturum

2223 3884 2284 3926 se
2321 3884 2444 3927 esse
2490 3884 2608 3927 non
2638 3868 2913 3943 ambigat,
2948 3870 3062 3927 nisi
3098 3876 3289 3927 tamen
3336 3868 3582 3944 speciem
3618 3869 3805 3928 crucis
3831 3885 3941 3927 ex-

2222 3958 2510 4032 presserit,
2542 3958 2654 4015 nisi
2695 3958 3046 4033 triumphale
3089 3958 3375 4018 vexillum
3404 3958 3468 4017 in
3498 3958 3751 4017 sublime
3778 3959 3940 4016 leva-

2226 4050 2396 4120 verit,
2428 4048 2650 4107 nullam
2692 4056 2843 4107 certe
2880 4049 3179 4108 victoriam
3221 4050 3292 4108 de
3334 4050 3632 4123 prostratis
3674 4049 3943 4108 hostibus

2222 4138 2525 4199 obtinebit.
3492 4194 3497 4197 λ

2294 4230 2528 4289 Habens
2556 4230 2749 4305 itaque
2779 4232 3005 4306 Moyses
3034 4232 3255 4304 virgam
3297 4230 3360 4288 in
3400 4246 3602 4303 manu,
3634 4230 3745 4288 hoc
3779 4229 3944 4288 insu-

2224 4334 2325 4392 per
2353 4318 2575 4377 addidit
2617 4327 2681 4378 ut
2709 4320 2945 4379 brachia
2985 4335 3089 4378 sua
3130 4319 3191 4377 in
3226 4319 3463 4378 modum
3495 4318 3686 4377 crucis
3715 4333 3942 4391 expan-

2223 4409 2401 4478 deret,
2430 4409 2628 4483 sicque
2666 4408 2788 4483 jam
2832 4409 3048 4469 factum
3097 4414 3198 4477 est,
3229 4416 3294 4469 ut
3330 4415 3689 4467 catervarum
3733 4407 3942 4465 adver-

2225 4498 2481 4556 santium
2510 4499 2662 4556 acies
2696 4498 2855 4570 ligno
2883 4503 2939 4556 et
2969 4498 3133 4571 signo
3162 4499 3272 4557 hoc
3303 4496 3473 4572 pleno
3503 4497 3691 4556 crucis
3722 4505 3941 4570 myste-

2224 4586 2310 4644 rio
2337 4592 2650 4661 superaret.
2694 4586 2816 4644 Hoc
2854 4584 3013 4643 enim
3055 4601 3215 4644 sacra
3248 4592 3484 4646 testatur
3514 4585 3771 4655 historia,
3802 4602 3940 4645 cum

2228 4674 2366 4733 dicit
2394 4695 2408 4732 :
2447 4700 2473 4724 «
2499 4674 2648 4733 Dum
2682 4675 2899 4732 levaret
2920 4690 3130 4733 manus
3157 4674 3403 4750 Moyses,
3428 4674 3694 4734 vincebat
3721 4674 3937 4745 Israel;

2225 4765 2317 4822 sin
2353 4771 2546 4822 autem
2586 4762 2896 4838 paululum
2934 4763 3270 4835 remisisset,
3312 4761 3622 4837 superabat
3660 4763 3936 4823 A‘malech

2226 4856 2426 4923 (Exod.
2470 4858 2647 4922 XVII).
2684 4876 2705 4903 ιο
2742 4851 2864 4910 Hoc
2906 4852 3077 4927 plane
3127 4853 3360 4923 factum,
3401 4854 3609 4911 fratres
3652 4856 3787 4923 mei,
3821 4869 3936 4911 non

2225 4944 2416 5002 solum
2465 4943 2746 5019 spiritalis
2790 4942 3195 5017 intelligentiae
3243 4949 3692 5014 sacramentum,
3736 4944 3833 5001 sed
3884 4949 3943 5003 et

2224 5033 2456 5092 virtutis
2510 5034 2680 5092 nobis
2726 5032 3178 5093 saluberrimum
3229 5039 3525 5092 convectat
3577 5033 3935 5105 exemplum.

2224 5121 2369 5179 250
2419 5125 2563 5183 Nam
2614 5124 2757 5184 dum
2811 5140 3038 5183 crucem
3100 5131 3228 5197 post
3282 5124 3598 5194 Dominum
3654 5124 3936 5195 tollimus,

2223 5212 2367 5271 dum
2399 5212 2570 5272 corda
2598 5220 2789 5272 nostra
2817 5228 2952 5272 cum
2989 5214 3266 5272 manibus
3312 5214 3383 5273 ad
3423 5213 3609 5272 Deum
3651 5213 3936 5282 levamus,

2224 5309 2471 5359 rectores
2506 5301 2874 5360 tenebrarum
2906 5302 3174 5375 protinus
3210 5305 3514 5370 corruunt,
3545 5300 3610 5358 in
3647 5298 3765 5358 ima
3804 5316 3937 5373 pro-

2228 5392 2389 5449 strati
2440 5391 2632 5450 fractis
2670 5391 2896 5449 viribus
2933 5390 3250 5448 eliduntur.
3304 5387 3367 5448 Si
3412 5405 3549 5447 vero
3588 5403 3802 5449 manus
3845 5404 3939 5446 re-

2229 5480 2538 5551 mittimus,
2611 5486 2666 5537 et
2714 5479 2881 5538 obliti
2940 5477 3282 5547 caelestium,
3345 5485 3567 5535 terrena
3625 5483 3936 5547 sectamur,

2226 5570 2493 5644 protinus
2545 5568 2727 5629 hostis
2781 5568 2965 5627 victor
3019 5566 3370 5640 insequitur,
3424 5573 3481 5624 et
3556 5579 3663 5625 nos
3724 5565 3941 5625 amissa
