4178 6442
249 289 358 349 769

1730 301 1979 363 SERMO
2015 301 2275 361 XLVIII.

3653 300 3763 363 770

180 424 183 427 ‘
248 418 492 478 victoria
514 421 985 493 persequentium
1011 423 1220 497 gladiis
1244 424 1682 489 obtruncamur.
1709 429 1775 488 In
1798 431 1959 489 omni
1990 430 2295 493 Adextera
2350 446 2533 504 usque
2568 432 2638 488 ad
2678 430 2992 501 sinistram,
3022 438 3077 489 et
3104 431 3294 489 decies
3328 434 3552 488 tantum
3582 444 3758 503 quam

245 521 390 565 sane
441 507 687 580 spiritali
741 510 1057 570 certamine
1105 515 1295 573 crucis
1352 516 1635 576 debemus
1691 520 1969 594 praeferre
2054 518 2321 587 altitudo,
2349 535 2479 591 quae
2530 524 2616 577 est
2661 525 2793 576 ante
2836 526 2891 577 et
2928 524 3096 577 retro.
3140 519 3237 578 Sic
3289 518 3575 577 nimirum
3632 533 3765 576 arca

244 596 559 665 vexillum,
589 597 745 671 quod
774 598 1057 658 nimirum
1090 602 1145 660 si
1176 603 1427 663 viriliter
1470 614 1705 678 agentes
1750 609 1967 667 attolli-

248 699 403 754 mus,
434 686 633 758 procul
683 686 861 746 dubio
908 688 1152 751 victores
1207 694 1559 769 existimus;
1608 698 1868 773 alioquin
1915 701 1962 758 si

247 773 503 847 segniter
543 772 798 833 vivendo
837 777 1205 853 deponimus,
1253 782 1324 840 ad
1366 782 1587 855 primos
1623 772 1968 860 persequen-

248 860 399 920 tium
471 862 729 937 impetus
783 879 1017 925 necesse
1080 873 1166 927 est
1223 871 1511 931 enerviter
1565 874 1961 933 concidamus.

249 948 418 1007 Unde
464 958 518 1008 et
563 951 817 1026 insignis
867 953 967 1012 ille
1014 955 1241 1016 militiae
1314 959 1588 1032 spiritalis
1650 962 1965 1023 instructor

247 1036 468 1127 Paulus
513 1039 641 1098 ait:
686 1064 712 1091 α
742 1042 1035 1103 Remissas
1082 1060 1313 1120 manus,
1345 1058 1401 1106 et
1449 1050 1726 1110 dissoluta
1771 1068 1964 1127 genua

245 1124 471 1197 erigite,
497 1135 553 1184 et
600 1145 834 1202 gressus
886 1138 1067 1192 rectos
1112 1134 1279 1194 facite
1325 1137 1569 1211 pedibus
1606 1124 1833 1211 vestris,
1886 1157 1960 1200 ne

245 1213 579 1275 claudicans
608 1218 743 1290 quis
765 1225 914 1279 erret
946 1224 1129 1291 (Hebr.
1162 1228 1294 1294 x11).
1332 1248 1357 1275 ι»

318 1302 445 1362 Hoc
503 1320 711 1379 nempe
772 1308 1061 1368 vexillum
1114 1317 1171 1370 et
1223 1313 1455 1373 Gedeon
1513 1316 1663 1388 sibi,
1721 1319 1960 1391 suisque

247 1392 746 1454 commilitonibus
762 1398 948 1472 typice
959 1400 1234 1473 praetulit,
1253 1403 1356 1477 qui
1375 1412 1574 1463 contra
1593 1422 1775 1478 arma,
1799 1424 1962 1468 arma

248 1479 525 1552 deseruit,
555 1484 797 1545 inermis
824 1496 1077 1548 armatos
1104 1490 1338 1563 invasit,
1366 1500 1421 1550 et
1448 1494 1519 1551 ad
1548 1495 1957 1558 debellandum

249 1566 698 1631 Madianitarum
770 1576 1212 1636 multitudinem
1279 1580 1521 1641 dimissa
1586 1584 1959 1645 multitudine

248 1673 384 1719 cum
435 1662 634 1735 paucis
683 1664 844 1723 venit
901 1669 1047 1739 (Jud.
1091 1670 1211 1742 vn).
1245 1670 1455 1729 Divina
1506 1672 1791 1745 siquidem
1845 1676 1957 1735 sibi

2048 613 2104 664 et
2153 606 2213 664 in
2278 607 2688 665 trccentcnario
2740 607 3119 681 longitudinis
3176 623 3302 667 suae
3344 622 3594 666 numero
3633 621 3764 680 Spe-

2047 695 2194 753 ciem
2256 696 2466 766 crucis,
2524 704 2579 753 et
2624 696 2685 753 in
2742 697 2913 755 totius
2969 713 3091 755 suae
3146 696 3537 756 dimensionis
3595 696 3761 754 habi-

2046 784 2248 842 tudine
2309 785 2553 857 ﬁguram
2618 790 2772 870 tenet
2827 784 3116 843 Dominici
3171 785 3450 859 corporis.
3494 785 3565 842 Et
3615 784 3767 843 sicut

2046 879 2262 947 septem
2311 873 2525 931 animm
2572 873 2864 932 donantur
2907 872 3046 944 Noe,
3088 879 3152 931 ut
3210 888 3313 947 per
3366 873 3596 947 lignum
3648 872 3764 931 sal-

2042 970 2258 1020 ventur
2308 961 2373 1019 in
2432 963 2607 1021 undis
2637 1008 2652 1032 ,
2713 962 2795 1020 sic
2848 968 3061 1034 septem
3116 961 3392 1023 Ecclesiae
3445 961 3764 1037 septiformi

2047 1053 2265 1127 Spiritu
2327 1052 2557 1127 repletae
2628 1052 2926 1111 salvantur
2971 1052 3033 1110 in
3090 1052 3316 1112 Christo
3382 1070 3483 1127 per
3534 1053 3762 1126 lignum

2042 1140 2232 1198 crucis
2262 1147 2317 1197 et
2353 1155 2562 1212 aquam
2601 1139 2979 1212 baptismatis.
3014 1139 3122 1198 Per
3150 1140 3374 1213 lignum
3420 1156 3627 1214 nempe
3655 1157 3763 1200 nos

2041 1229 2307 1288 servituti
2362 1230 2627 1303 princeps
2677 1229 2961 1303 superbiae
3015 1229 3311 1301 subdidit,
3368 1246 3473 1304 per
3536 1230 3763 1304 lignum

2040 1335 2148 1377 nos
2179 1319 2524 1377 humilitatis
2550 1325 2749 1377 auctor
2785 1320 2847 1377 in
2891 1318 3170 1378 libertatis
3204 1320 3399 1379 titulos
3435 1320 3744 1380 revocavit.

2040 1407 2150 1465 Per
2177 1407 2406 1480 lignum
2441 1423 2546 1466 nos
2589 1414 2872 1482 tyrannus
2905 1415 3179 1481 perpetuo
3212 1409 3489 1482 relegavit
3517 1409 3747 1482 exsilio,

2038 1513 2140 1571 per
2164 1496 2386 1568 lignum
2412 1496 2754 1555 mitissimus
2774 1496 2901 1553 Rex
2920 1496 3178 1554 hiet-edes
3196 1496 3449 1555 decrevit
3469 1498 3530 1555 in
3548 1512 3746 1571 regno.

2040 1584 2150 1643 Per
2187 1585 2411 1659 lignum
2467 1601 2672 1645 sumus
2710 1587 2780 1645 ad
2816 1601 3122 1659 porcorum
3167 1586 3485 1644 custodiam
3534 1593 3590 1644 et
3625 1586 3750 1644 sili-

2039 1692 2287 1750 quarum
2335 1674 2716 1749 indigentiam
2762 1676 3058 1748 devoluti;
3103 1692 3208 1750 per
3254 1676 3479 1749 lignum
3517 1689 3753 1749 quoque

246 1750 643 1810 admonitione
684 1760 1040 1827 praeceptum
1082 1762 1167 1815 est
1207 1763 1274 1815 ut
1306 1758 1379 1816 ad
1409 1758 1658 1819 ﬂuvium
1687 1764 2290 1843 veniens,Bpaternis
2356 1779 2559 1822 sumus
2629 1764 2997 1837 amplexibus
3050 1763 3302 1833 redditi,
3375 1767 3757 1837 perceptaque

247 1855 452 1899 omnes
479 1856 625 1917 quos
656 1843 827 1901 ﬂexis
870 1845 1120 1917 genibus
1160 1862 1340 1921 aquas
1382 1849 1619 1909 haurire
1665 1854 1960 1928 conspice-

246 1935 336 1987 ret
354 1943 388 1987 a
412 1929 701 1990 bellorum
729 1934 1237 2006 congressionibus
1258 1947 1572 1999 amoveret.
1604 1941 1960 2019 Factumque

245 2024 354 2090 est,
383 2024 440 2077 et
489 2021 723 2080 trecenti
757 2023 870 2081 viri
914 2027 1336 2099 tantummodo,
1375 2029 1476 2102 qui
1518 2038 1731 2091 stantes
1768 2036 1959 2094 mani-

246 2105 361 2165 bus
405 2121 586 2182 aquas
626 2110 957 2181 hauserant,
990 2121 1412 2176 remanserunt.
1442 2116 1590 2187 Quid
1638 2128 1724 2179 est
1764 2129 1959 2181 autem

245 2194 403 2267 quod
449 2193 680 2256 Gedeon
726 2201 992 2259 trecentis
1036 2209 1340 2263 contentus
1379 2205 1669 2266 militibus
1705 2210 1776 2267 ad
1808 2209 1959 2268 bella

244 2284 630 2359 progreditur,
666 2287 780 2347 nisi
810 2290 953 2362 quia
995 2292 1091 2350 hic
1138 2308 1425 2353 numerus
1455 2294 1518 2352 in
1547 2295 1712 2355 Tbau
1748 2297 1955 2367 littera,

244 2388 381 2446 quae
428 2375 692 2436 videlicet
738 2380 925 2438 crucis
966 2381 1245 2454 exprimit
1281 2385 1546 2457 speciem,
1578 2386 1957 2447 continetur?

247 2463 355 2523 Cui
395 2465 647 2539 profecto
676 2468 883 2528 litterae
911 2470 961 2528 si
1004 2486 1177 2546 super
1208 2478 1594 2534 transversam
1639 2476 1855 2535 lineam
1897 2477 1956 2535 id

244 2553 572 2627 adderetur,
606 2556 759 2632 quod
796 2558 860 2616 in
903 2574 1076 2619 cruce
1113 2562 1380 2634 superius
1429 2564 1666 2634 eminet,
1697 2580 1815 2623 non
1834 2566 1956 2639 jam

244 2644 438 2702 crucis
482 2646 719 2719 species,
752 2648 851 2706 sed
897 2650 1089 2723 potius
1127 2651 1250 2725 ipsa
1289 2669 1435 2711 crux
1469 2662 1636 2713 esset.
1669 2653 1812 2725 Quia
1843 2657 1954 2729 igi-

248 2733 343 2788 tur
380 2735 865 2794 trecentenarium
902 2752 1217 2797 numerum
1254 2739 1421 2799 Tliau
1463 2741 1652 2799 littera
1679 2744 1952 2815 continet,

245 2832 380 2892 quis
416 2819 666 2893 ﬁguram
711 2824 899 2882 crucis
949 2825 1208 2898 exhibet,
1241 2843 1360 2886 non
1408 2829 1700 2889 immerito
1749 2832 1812 2890 in
1862 2832 1954 2892 his

242 2910 515 2965 trecentis
565 2908 889 2970 Gedeonem
945 2914 1347 2988 sequentibus,
1402 2917 1489 2974 illi
1545 2933 1748 2978 omnes
1797 2920 1951 2979 desi-

241 2999 402 3072 gnati
451 3005 606 3072 sunt,
645 3002 865 3074 quibus
917 3003 1165 3064 dicitur:
1218 3031 1244 3055 «
1293 3005 1351 3066 Si
1402 3007 1534 3081 quis
1574 3010 1701 3068 vult
1758 3012 1953 3071 venire

239 3092 369 3160 post
416 3101 513 3145 me
540 3136 554 3159 ,
610 3089 856 3165 abneget
912 3095 1287 3168 semetipsum
1326 3141 1343 3167 ,
1395 3104 1451 3156 et
1506 3099 1666 3158 tollat
1719 3116 1948 3161 crucem

240 3189 409 3234 suam
455 3178 757 3251 quotidie,
811 3186 868 3238 et
925 3189 1201 3256 sequatur
1251 3200 1346 3243 me
1398 3187 1545 3258 (Luc.
1603 3194 1704 3263 IX).
1763 3215 1789 3239 η
1844 3191 1951 3259 Qui

237 3266 524 3327 nimirum
564 3276 870 3347 sequentes
917 3273 1237 3333 Dominum
1287 3281 1443 3336 tanto
1471 3280 1686 3347 ,verius
1720 3296 1948 3339 crucem

240 3354 469 3425 tollunt,
527 3365 743 3433 quanto
794 3367 851 3419 et
896 3362 1005 3436 ipsi
1053 3365 1247 3424 acrius
1295 3365 1655 3440 afﬂiguntur,
1706 3375 1762 3427 et
1815 3386 1950 3443 erga

238 3443 643 3518 delinquentes
678 3450 997 3524 proximos,
1015 3453 1123 3511 .vel
1170 3460 1401 3527 egentes
1450 3455 1562 3529 piae
1595 3462 1947 3531 compassio-

238 3532 332 3591 nis
379 3534 646 3594 incendio
699 3545 1157 3599 concremantur.
1216 3542 1380 3600 Unde
1436 3559 1538 3617 per
1590 3545 1948 3606 Ezechielem

236 3620 450 3681 dicitur
475 3647 488 3681 :
519 3646 541 3678 ι
571 3623 750 3699 Signa
774 3627 941 3687 Thau
973 3644 1149 3703 super
1177 3631 1394 3690 frontes
1421 3632 1685 3692 virorum
1711 3650 1950 3709 gemen—

234 3712 384 3772 tium
439 3721 496 3773 et
533 3716 854 3777 dolentium
913 3735 1087 3794 super
1126 3722 1351 3782 cunctis
1389 3723 1942 3799 abominationibus,

233 3817 369 3877 qua
419 3804 571 3864 ﬁunt
608 3806 672 3865 in
713 3809 906 3869 medio
946 3810 1313 3872 Hierusalem
1359 3815 1572 3887 (Ezech.
1617 3819 1724 3890 1x).
1760 3840 1781 3870 ι
1841 3818 1946 3877 Vel

231 3895 384 3979 certe
431 3891 493 3949 in
528 3893 621 3952 his
662 3897 949 3968 trecentis,
981 3898 1083 3973 qui
1113 3898 1281 3959 Tbau
1320 3901 1506 3961 littera
1547 3904 1941 3979 continentur,

231 3978 342 4037 hoc
370 3981 737 4055 exprimitur,
770 3985 924 4060 quod
971 3987 1191 4046 ferrum
1245 3990 1497 4050 hostium
1549 3993 1737 4052 crucis
1787 3978 1945 4067 ligno

232 4076 556 4141 superetur.
614 4071 685 4130 In
741 4075 944 4134 eodem
998 4091 1230 4150 quoque
1280 4081 1469 4139 crucis
1518 4082 1831 4156 mysterio,
1888 4089 1944 4142 et

233 4156 529 4219 Abraham
582 4161 942 4236 triumphum
997 4165 1178 4225 victor
1227 4167 1501 4240 obtinuit,
1541 4171 1643 4244 qui
1681 4172 1941 4247 quinque

234 4261 398 4319 reges
450 4262 584 4307 cum
633 4253 903 4311 trecentis
953 4252 1151 4313 decem
1194 4262 1251 4314 et
1294 4262 1420 4315 octo
1469 4261 1796 4319 vernaculis
1836 4262 1936 4319 de-

232 4336 473 4396 bellavit
503 4340 660 4411 (Gen.
692 4347 841 4413 XIV).
874 4342 1077 4404 Crucis
1122 4346 1465 4420 mysterium
1511 4354 1566 4406 et
1609 4348 1713 4407 illa
1763 4350 1827 4407 in
1878 4366 1939 4408 se

233 4424 449 4487 diluvii
483 4444 615 4489 arca
643 4431 945 4504 continuit,
985 4435 1152 4508 cujus
1186 4434 1609 4510 longitudinem
1650 4443 1933 4498 trecento-

232 4532 365 4576 rum
392 4518 577 4578 fuisse
602 4521 928 4581 cubitorum
957 4523 1251 4598 Scriptura
1271 4525 1476 4585 deﬁnit
1502 4530 1653 4602 (Gen.
1687 4529 1790 4601 VI).

302 4606 479 4666 Porro
519 4607 668 4668 sicut
719 4609 838 4670 Noe
876 4627 1009 4672 cum
1048 4613 1171 4673 suis
1207 4629 1307 4688 per
1342 4632 1555 4691 aquam
1585 4617 1934 4694 lignumque

231 4696 520 4771 salvatur,
577 4700 661 4759 sic
713 4707 770 4760 et
822 4703 1034 4764 Christi
1094 4706 1313 4766 familia
1362 4724 1514 4783 aqua
1566 4709 1822 4769 salvatur
1881 4717 1937 4769 et

231 4782 409 4859 ligno,
439 4787 584 4846 dum
614 4793 671 4847 et
709 4790 993 4864 baptismo
1043 4784 1246 4853 salutis
1286 4782 1565 4867 abluitur,
1598 4804 1653 4857 et
1684 4799 1937 4859 viviﬁcae

228 4876 419 4935 crucis
457 4877 835 4950 impressione
884 4884 1163 4955 signatur.
1200 4883 1342 4954 Qua;
1385 4886 1653 4946 videlicet
1702 4904 1832 4947 arca
1873 4894 1938 4948 ut

226 4962 291 5021 in
352 4974 707 5027 sacramento
764 4969 975 5029 Christi
1041 4973 1285 5031 humani
1349 4976 1602 5048 corporis
1672 4975 1939 5036 videatur

228 5053 588 5128 aequiparare
640 5073 994 5131 mensuram,
1050 5068 1329 5121 trecentos
1384 5064 1658 5123 habuisse
1711 5065 1938 5126 cubitos

226 5141 290 5201 in
340 5142 724 5220 longitudine,
768 5148 1193 5224 quinquaginta
1232 5152 1295 5210 in
1343 5151 1667 5225 latitudine,
1704 5154 1936 5229 triginta

225 5249 364 5295 vero
424 5236 486 5294 in
547 5237 854 5298 altitudine
914 5240 1272 5313 perhibetur.
1337 5241 1605 5302 Trecenti
1681 5260 1937 5319 namque

225 5325 797 5402 quinquagenarium
848 5344 1159 5389 numerum
1208 5331 1419 5402 sexies,
1452 5338 1507 5390 et
1558 5333 1934 5395 tricenarium

225 5416 287 5474 in
339 5432 400 5475 se
446 5417 635 5478 decies
682 5418 1008 5480 includunt.
1064 5421 1133 5480 Et
1189 5420 1432 5481 humani
1490 5425 1746 5497 corporis
1802 5425 1933 5485 lon-

224 5507 443 5581 gitndo,
510 5525 544 5569 a
608 5511 825 5571 vertice
877 5506 1017 5566 251
1069 5510 1335 5572 videlicet
1384 5527 1571 5589 usque
1612 5514 1684 5573 ad
1730 5515 1930 5590 pedes,

226 5600 419 5659 sexies
469 5606 694 5661 tantum
755 5599 928 5660 habet
998 5615 1175 5677 quam
1228 5601 1472 5665 latitudo
1498 5650 1514 5676 ,
1574 5619 1707 5682 quae
1755 5611 1842 5668 est
1899 5622 1934 5667 a

2045 1854 2189 1912 stola
2237 1868 2373 1912 cum
2424 1854 2642 1912 annulo
2701 1853 2761 1911 in
2817 1853 3169 1913 consortium
3230 1853 3494 1926 pristinae
3543 1868 3752 1911 sumus

2043 1942 2395 2000 htereditatis
2445 1942 2667 2000 adsciti.
2716 1941 2969 2014 Lignum
3022 1957 3128 2000 nos
3178 1941 3440 2015 improbo
3495 1940 3752 1999 exactori

2043 2031 2288 2091 censitos
2343 2031 2610 2103 reddidit,
2653 2030 2880 2104 lignum
2937 2032 3135 2089 omnia
3184 2030 3355 2090 simul
3410 2030 3748 2089 inexhausti

2044 2121 2284 2180 fmnoris
2331 2123 2511 2180 nostri
2552 2122 2765 2181 tributa
2819 2122 3113 2195 persolvit.
3163 2121 3271 2181 Per
3314 2120 3545 2195 lignum
3579 2136 3749 2195 porro

2044 2210 2117 2267 ab
2159 2211 2373 2269 haustu
2418 2210 2688 2284 perennis
2726 2211 2902 2269 fontis
2927 2210 3211 2280 aruimus,
3236 2226 3338 2284 per
3368 2210 3592 2285 lignum
3622 2225 3752 2268 rote

2044 2300 2293 2358 cmlestis
2320 2302 2520 2373 gratim
2550 2300 2839 2375 copiosius
2864 2298 3247 2358 inundamur.

2117 2389 2281 2446 Hanc
2316 2389 2487 2464 plane
2524 2388 2846 2447 cmlestium
2881 2388 3295 2447 charismatum
3342 2386 3747 2446 inundantiam

2042 2476 2271 2551 Moyses
2316 2478 2504 2552 typice
2557 2478 2850 2551 figuravit,
2882 2476 3114 2549 quando
3165 2476 3227 2534 in
3270 2475 3467 2545 Cades,
3501 2489 3636 2549 qua:
3663 2479 3749 2530 est
3810 2525 3817 2531 .

2042 2565 2103 2623 in
2142 2565 2364 2625 deserto
2403 2565 2504 2623 Sin
2544 2566 2762 2623 divinae
2799 2564 3197 2639 promissionis
3243 2563 3587 2622 addubitans
3628 2562 3746 2620 lar-

2041 2656 2308 2729 gissimas
2343 2673 2522 2731 aquas
2563 2656 2782 2714 silicem
2826 2656 3212 2728 percutiendo,
3247 2654 3523 2728 produxit
3560 2656 3742 2725 (Num.

2041 2745 2393 2821 x).;Propter
2429 2754 2655 2821 peccata
2686 2745 2905 2804 scilicet
2932 2745 3147 2819 populi,
3189 2745 3343 2820 quod
3381 2751 3437 2803 et
3476 2744 3600 2818 ipse
3622 2744 3745 2818 jatn

2040 2834 2250 2894 fecerat
2302 2852 2505 2896 rursus
2549 2851 2610 2894 se
2663 2837 2846 2893 facere
2884 2851 3049 2908 posse
3097 2834 3346 2904 diﬂidit,
3397 2840 3569 2907 atque
3614 2834 3746 2893 ideo

2038 2923 2101 2982 in
2130 2923 2592 2997 repromissionis
2631 2929 2836 2981 terram
2876 2922 3145 2981 eumdem
3179 2922 3460 2997 populum
3504 2920 3747 2981 Domino

2038 3012 2380 3087 prohibente
2436 3010 2775 3070 nullatenus
2830 3010 3176 3070 introduxit.
3239 3010 3424 3081 Quam
3481 3009 3749 3068 videlicet

2039 3099 2410 3171 dubietatem,
2450 3105 2507 3158 et
2556 3099 2740 3173 ipsius
2778 3098 2994 3173 Moysis
3051 3098 3225 3158 verba
3268 3104 3568 3168 testantur,
3608 3112 3744 3157 cum

2035 3187 2159 3246 ait:
2194 3210 2215 3238 «ι
2252 3187 2486 3260 Audite,
2532 3186 2774 3245 rebelles
2822 3193 2875 3246 et
2928 3186 3236 3258 increduli,
3281 3203 3426 3247 num
3472 3187 3545 3245 de
3589 3190 3750 3260 petra

2031 3276 2141 3334 hac
2182 3276 2347 3335 vobis
2396 3290 2608 3349 aquam
2654 3274 2970 3349 poterimus
3011 3276 3326 3335 elicere?»
3367 3278 3546 3349 (Ibid.)
3590 3274 3747 3334 Tan-

2030 3380 2207 3437 quam
2257 3364 2503 3434 diceret,
2552 3379 2658 3422 nos
2706 3378 2824 3421 non
2873 3361 3139 3422 valemus
3188 3365 3343 3437 quod
3399 3380 3575 3438 supra
3625 3365 3745 3423 hu-

2028 3453 2321 3512 manitatis
2353 3454 2508 3512 vires
2538 3460 2644 3525 est,
2684 3454 2890 3524 facere,
2927 3452 3066 3526 quia
3094 3469 3197 3511 vos
3224 3469 3343 3511 non
3381 3452 3751 3526 acquiescitis

2029 3541 2183 3615 quod
2218 3541 2548 3599 humanum
2579 3547 2665 3598 est
2712 3539 3061 3613 adimplere;
3094 3556 3199 3599 nec
3244 3540 3484 3614 signum
3535 3556 3746 3614 possu-

2030 3647 2162 3689 mus
2192 3647 2267 3689 ex
2296 3631 2511 3690 virtute
2560 3629 2885 3689 divinitatis
2926 3630 3245 3703 ostendere,
3274 3630 3414 3705 quia
3443 3645 3544 3689 vos
3582 3645 3742 3689 nun-

2028 3735 2205 3794 quam
2266 3717 2531 3777 desinitis
2589 3717 2707 3776 Deo
2759 3733 2861 3791 per
2926 3717 3259 3777 rebellionis
3315 3717 3742 3778 contumaciam

2028 3808 2331 3867 contraire.
2370 3806 2482 3865 Sed
2524 3812 2682 3881 petra
2718 3804 2840 3877 illa,
2880 3806 3054 3879 juxta
3087 3804 3447 3880 Apostolum,
3477 3804 3745 3863 Christus

2025 3905 2148 3956 erat
2178 3900 2225 3969 (I
2247 3900 2368 3956 Cor.
2402 3899 2484 3967 Χ).

2097 3987 2332 4045 Accedit
2377 3984 2556 4059 igitur
2587 3984 2749 4058 virga
2777 3985 2850 4043 ad
2882 3982 3125 4055 silicem,
3149 3989 3206 4043 et
3254 3984 3583 4044 haurienda
3639 3999 3745 4058 po-

2025 4076 2180 4150 pulis
2224 4091 2374 4150 aqua
2421 4074 2800 4148 producitur;
2837 4075 3145 4133 adhibetur
3187 4089 3335 4133 crux
3384 4071 3637 4145 Christo,
3687 4084 3748 4135 et

2024 4167 2291 4227 omnium
2343 4167 2515 4226 corda
2579 4166 2934 4225 credentium
2991 4167 3175 4240 gratia
3250 4166 3434 4225 sancti
3495 4164 3748 4241 Spiritus

2023 4256 2360 4330 irrigantur.
2394 4255 2502 4313 Hic
2554 4261 2641 4313 est
2693 4255 2853 4314 enim
2907 4256 3074 4329 lapis,
3101 4254 3173 4314 de
3222 4270 3340 4331 quo
3382 4271 3485 4331 per
3522 4256 3744 4315 Zacha-

2024 4348 2173 4407 riam
2230 4348 2444 4407 dicitur
2505 4367 2520 4405 :
2584 4371 2612 4398 α
2673 4347 2862 4422 Super
2912 4346 3184 4422 lapidem,
3248 4346 3487 4422 inquit,
3548 4362 3735 4405 unum

2028 4445 2246 4513 septem
2299 4438 2457 4498 oculi
2510 4443 2648 4497 sunt
2700 4438 2877 4497 (Zach.
2905 4438 3006 4511 ιιι).
3042 4460 3064 4489 ι
3116 4436 3280 4507 Quod
3325 4436 3597 4496 videlicet
3654 4450 3745 4492 sa-

1950 4499 1998 4558 D
2026 4499 2392 4589 oramentum
2422 4535 2478 4588 et
2507 4528 2630 4603 ipse
2666 4528 2894 4604 Moyses
2936 4545 3037 4603 per
3090 4527 3361 4601 spiritum
3410 4542 3526 4583 non
3573 4527 3741 4599 igno-

2025 4636 2187 4679 rasse
2234 4620 2618 4694 cognoscitur,
2656 4619 2705 4678 si
2755 4619 3014 4693 ejusdem
3055 4615 3344 4677 subtiliter
3379 4614 3555 4672 verba
3594 4628 3740 4686 pen-

2030 4717 2232 4770 santur
2260 4734 2274 4770 :
2305 4731 2332 4764 ‹‹
2372 4710 2569 4784 Aperi,
2616 4710 2827 4785 inquit,
2875 4709 3140 4780 Domine,
3184 4707 3524 4764 thesaurum
3574 4710 3741 4761 tuum

2024 4804 2247 4861 fontem
2303 4816 2470 4875 aquae
2521 4800 2696 4872 vivae,
2745 4807 2809 4859 ut
2856 4794 3064 4869 satiati,
3124 4800 3304 4854 cesset
3358 4791 3744 4851 murmuratio

2027 4907 2231 4950 eorum
2289 4892 2467 4965 (Num.
2520 4893 2653 4964 xx).
2698 4911 2720 4941 ι
2770 4889 2970 4960 Neque
3024 4884 3180 4944 enim
3242 4889 3360 4941 tam
3416 4877 3744 4954 magnificis

2026 4988 2201 5053 atque
2251 4981 2469 5041 divinis
2504 4980 2697 5061 verbis
2745 4978 3097 5037 elementum
3151 4972 3499 5033 describeret
3534 4986 3609 5028 ex
3647 4985 3742 5028 ca-

2026 5072 2223 5130 vernis
2258 5070 2527 5130 videlicet
2574 5076 2739 5127 terraa
2774 5066 3088 5139 proﬂuum,
3119 5079 3185 5123 ac
3210 5062 3481 5135 deinceps
3514 5061 3578 5118 in
3608 5074 3740 5117 suc-

2025 5176 2299 5221 cessuum
2336 5159 2637 5220 cuniculos
2689 5154 3063 5228 egerendum.
3108 5153 3389 5227 Nunquid
3438 5151 3597 5210 enim
3646 5147 3741 5208 di-

2024 5265 2211 5324 gnum
2273 5249 2404 5321 fuit,
2462 5246 2609 5306 viles
2655 5260 2834 5319 aquas
2883 5244 2987 5303 Dei
3040 5240 3329 5318 appellare
3363 5240 3742 5299 thesaurum?

2030 5336 2140 5397 Sed
2173 5336 2278 5396 Dei
2308 5337 2648 5394 thesaurum
2685 5333 2858 5393 illum
2888 5332 3088 5408 procul
3136 5330 3315 5389 dubio
3354 5328 3641 5401 nominat,
3670 5328 3743 5388 de

2025 5441 2142 5500 quo
2196 5422 2505 5499 Apostolus
2560 5422 2749 5481 dicit:
2812 5421 2963 5493 Quia
3008 5422 3073 5480 in
3125 5424 3351 5495 pectore
3406 5416 3547 5475 Jesu
3604 5421 3743 5475 sunt

2024 5530 2229 5576 omnes
2263 5512 2519 5573 thesauri
2547 5512 2846 5588 sapientiae
2874 5516 2931 5572 et
2967 5509 3224 5572 scientias
3249 5506 3571 5568 absconditi
3592 5509 3733 5583 (Col.

2022 5608 2098 5682 ιι).
2151 5605 2393 5668 Fontem
2443 5605 2619 5667 etiam
2671 5620 2841 5682 aqum
2903 5603 3059 5664 vivae
3110 5600 3283 5663 illum
3336 5597 3616 5674 perhibet,
3672 5595 3748 5657 de
