4178 6436
458 259 557 321 771

1076 256 1135 318 S.
1178 256 1401 318 PETRI
1442 255 1759 316 DAMIANI
1801 253 1958 316 OPP.
2000 257 2191 317 PARS
2233 256 2373 320 SEU
2414 254 2666 317 TOMUS
2706 254 2782 314 II.
2824 285 2890 296 -—-
2934 248 3348 311 SERMONES.

3864 242 3982 303 772

466 399 583 460 quo
622 383 834 441 dicitur
864 406 877 439 :
910 402 936 434 «
976 379 1087 450 Qui
1137 379 1361 470 biberit
1393 395 1624 470 aquam,
1660 396 1833 470 quam
1885 397 1991 455 ego
2031 382 2177 443 dabo

2271 399 2430 470 cmlo,
2461 404 2528 457 ut
2556 413 2756 457 revera
2798 395 2890 454 sui
2940 393 3162 453 fructus
3209 389 3515 465 primitias,
3543 388 3761 460 intulit,
3786 393 3847 445 et
3876 402 3979 460 per

462 472 539 545 ei,
572 471 671 529 fiet
705 471 767 527 in
796 485 863 527 eo
892 470 1022 526 fons
1050 483 1223 539 aqum
1259 466 1520 525 salientis
1566 467 1625 523 in
1676 468 1854 525 vitam
1897 478 2172 527 mternam

462 565 637 638 (Joan.
691 562 791 627 IV).
855 580 876 607 ι
935 556 1211 630 Alioquin
1272 572 1386 628 qua
1450 554 1687 613 rationis
1762 557 2174 630 consequentia

464 651 713 708 diceret:
768 668 796 699 «
848 651 912 704 ut
963 645 1172 716 satiati,
1220 642 1365 698 252
1415 650 1594 702 cesset
1638 647 2024 705 murmuratio
2076 663 2173 705 eo-

466 740 697 798 rum?»
727 751 860 794 cum
899 734 1268 809 postmodum
1304 733 1457 792 idem
1491 736 1740 808 populus
1777 751 2173 807 murmurans,

463 829 615 886 dicat
644 845 656 883 :
692 826 810 884 Cur
846 823 1102 882 eduxisti
1133 838 1239 882 nos
1285 823 1357 880 de
1395 823 1663 897 Aigypto,
1696 830 1760 882 ut
1818 839 2176 883 moreremur

462 917 526 973 in
577 911 940 972 solitudine?
993 913 1174 982 (Num.
1216 913 1374 982 XXI.)
1422 911 1591 969 Deest
1640 913 1828 986 panis,
1866 928 1984 970 non
2040 916 2179 969 sunt

464 1019 653 1079 aqum,
678 1009 729 1060 et
759 1001 873 1058 alia
903 1000 1089 1061 multa
1118 1016 1252 1073 qum
1288 999 1612 1073 prodigiosa
1641 1000 1932 1059 dementia
1964 999 2180 1059 tumul-

469 1098 661 1150 tuatus
726 1088 1003 1147 evomuit.
1065 1087 1177 1146 Sed
1232 1088 1470 1145 affectus
1529 1087 1701 1145 tmdio
1760 1088 1987 1161 Moyses
2062 1094 2178 1145 tam

464 1181 650 1249 durm,
705 1194 771 1236 ac
821 1176 1109 1235 seditiosm
1157 1175 1574 1247 multitudinis,
1624 1176 1939 1234 adventum
2001 1174 2179 1234 anxie

464 1265 681 1338 ﬂagitat
718 1263 1049 1322 Salvatoris.
1082 1262 1245 1321 Sicut
1293 1269 1348 1320 et
1381 1270 1517 1321 tunc
1561 1264 1819 1337 petierat,
1849 1280 1984 1322 cum
2023 1264 2179 1321 dice—

465 1353 604 1412 bat:
641 1376 663 1405 ι
694 1351 960 1422 Obsecro,
1019 1351 1282 1422 Domine,
1336 1352 1500 1410 mitte
1558 1368 1729 1427 quem
1792 1354 2079 1412 missurus
2122 1369 2183 1412 es

2257 488 2419 546 hunc
2469 485 2719 560 paradisi
2759 484 2988 556 januas,
3038 480 3183 554 quas
3227 479 3497 551 deinceps
3551 477 3716 536 electi
3768 489 3981 534 omnes

2258 574 2619 644 scanderent,
2651 567 2960 646 patefecit?
3006 566 3320 624 Enimvero
3367 563 3671 623 cherubim
3711 562 3835 635 ille,
3868 562 3977 637 qui

2260 667 2600 739 rompheam
2639 659 3000 721 exclusiouis
3035 662 3345 730 acceperat,
3373 653 3743 728 signaculum
3789 653 3854 710 in
3904 668 3977 709 eo

2259 754 2447 812 crucis
2476 751 2721 825 aspexit,
2752 748 2848 808 cui
2881 762 2941 804 se
2968 759 3339 818 nequaquam
3379 741 3761 800 contradictor
3789 755 3973 813 oppo-

2260 842 2406 911 suit;
2442 856 2546 898 nec
2577 839 2704 912 ejus
2740 836 2926 895 crucis
2961 840 3134 903 certe,
3166 846 3343 906 quam
3378 830 3638 903 pertulit,
3673 829 3773 888 sed
3803 827 3977 886 illius

2261 931 2471 1006 potius,
2524 929 2694 1002 cujus
2738 925 3082 1000 mysterium
3133 920 3394 991 credidit,
3428 920 3490 978 in
3544 920 3714 993 cujus
3754 918 3976 986 virtute

2262 1018 2533 1094 speravit,
2564 1018 2790 1075 dicens:
2823 1012 2968 1069 253
2999 1036 3020 1066 ι
3053 1012 3339 1070 Memento
3366 1010 3501 1080 mei,
3529 1008 3793 1077 Domine,
3825 1007 3973 1065 dum

2263 1108 2489 1167 veneris
2532 1107 2594 1164 in
2646 1120 2892 1179 regnum
2951 1111 3115 1162 tuum
3173 1104 3317 1174 (Luc.
3354 1101 3546 1168 XXIII).
3580 1121 3601 1147 ι
3658 1097 3729 1155 Et
3763 1112 3800 1155 o
3839 1096 3975 1153 talis

2261 1197 2517 1257 damnati
2570 1196 2719 1252 mira
2776 1192 3046 1251 libertas!
3087 1207 3120 1249 o
3153 1185 3524 1264 justilicantis
3560 1185 3647 1245 tui
3685 1186 3977 1243 immensa

2263 1284 2565 1359 potentia!
2631 1281 2931 1340 Judicatus
2977 1277 3237 1351 judicat,
3280 1282 3357 1334 et
3422 1274 3684 1333 addictus
3739 1271 3979 1332 crimini

2263 1375 2481 1433 crimen
2515 1389 2590 1431 ex
2618 1376 2891 1445 potestate
2923 1369 3165 1428 relaxat.
3206 1367 3395 1441 Ipsam
3422 1380 3592 1439 porro
3621 1380 3881 1435 crucem,
3912 1365 3977 1421 in

465 1444 666 1540 (Είτοξῖο
696 1442 791 1540 ῙὉ·
839 1462 861 1492 ²
897 1440 1059 1540 9⁸οά
1098 1447 1296 1540 funem
1334 1447 1558 1540 Petram
1592 1458 1708 1500 Ποο
1735 1441 2019 1500 credendo
2046 1457 2181 1540 ΜΓ
2264 1481 2377 1538 qua
2432 1440 2659 1536 pendet,
2698 1465 2754 1519 et
2781 1458 3208 1533 quodammodo
3240 1440 3535 1515 dictantis
3580 1471 3845 1514 censurm
3882 1469 3980 1513 so-

466 1531 669 1599 cussn’
699 1536 873 1623 atqu?
898 1527 1027 1584 ideo
1052 1527 1123 1584 ad
1145 1527 1512 1623 Promissa?
1544 1533 1928 1623 terr§m_cum
1966 1527 2181 1623 popul‘?
2266 1527 2414 1611 lium
2432 1527 2603 1623 .facit,
2632 1527 2690 1609 et
2726 1527 2881 1608 inter
2913 1548 3199 1606 latronem
3230 1552 3286 1603 et
3323 1544 3626 1613 latronem,
3660 1541 3824 1601 velut
3853 1542 3980 1615 jam

466 1632 587 1675 non
638 1615 921 1712 pervenit,
986 1615 1262 1688 p0pulum
1320 1614 1608 1690 signiﬁcat
1667 1616 2032 1683 Judmorum,
2079 1615 2181 1690 qui

2271 1642 2416 1699 inter
2443 1614 2623 1713 agnos
2648 1645 2702 1697 et
2734 1637 2955 1707 hmdos,
2984 1634 3278 1710 mquitatis
3304 1635 3440 1708 jura
3466 1631 3760 1690 discernit.
3792 1614 3980 1689 Dixe-

467 1706 720 1804 Ρτοξίῗθίθ
765 1703 1211 1804 θυτίδίυίῖξρέί
1266 1704 1563 1804 viriliter”,
1599 1720 1723 1804 esse
1762 1719 1879 1763 non
1899 1704 2241 1804 ,δί’θᾲίῗυενΒ
2265 1734 2350 1787 rat
2398 1703 2732 1786 Dominus:
2788 1747 2809 1775 α
2884 1703 3004 1798 Ego
3054 1703 3106 1781 si
3156 1703 3444 1780 exaltatus
3496 1720 3661 1779 fuero
3712 1735 3748 1778 a
3805 1724 3980 1789 terra,

467 1794 533 1886 in
584 1794 743 1866 ligno
791 1793 1107 1886 suspendit,
1139 1800 1311 1866 atque
1362 1792 1492 1850 ideo
1547 1792 1608 1850 in
1659 1802 1807 1851 terra
1855 1792 2237 1852 viventium’
2266 1817 2464 1877 omnia
2492 1816 2714 1875 traham
2743 1814 2816 1873 ad
2859 1792 3148 1886 me'ipsum
3185 1816 3356 1883 (ποαη,
3390 1815 3517 1879 ΧΠ),
3556 1832 3578 1861 ,

468 1886 687 1941 intrare
716 1896 835 1940 non
875 1886 1113 1939 mem“-
2336 1906 2556 1963 Eorum
2604 1904 2823 1975 itaque,
2875 1901 2978 1975 qui
3018 1900 3283 1958 trahendi
3315 1902 3500 1968 erant,
3535 1897 3680 1955 latro
3717 1895 3979 1970 praevius

541 1981 653 2042 θεά
697 1997 812 2054 (ΙΠο
849 1985 1011 2054 Daem
1043 1985 1326 2039 leniamus
1356 1997 1422 2039 ea
1454 1996 1588 2055 quas
1619 1980 1681 2037 in
1717 1980 1939 2038 diVinis
1976 1978 2182 2037 “Neris
2264 1994 2394 2063 fuit,
2426 1993 2522 2051 cui
2552 2007 2691 2049 mox
2721 1990 2860 2048 dicit
2891 2009 2904 2046 :
2942 2013 2967 2039 ιι
2997 1987 3184 2046 Hodie
3220 2003 3450 2046 mecum
3479 1985 3593 2044 eris
3618 1984 3681 2042 in
3711 1982 3980 2057 paradiso

466 2072 837 2133 continentur
875 2071 1064 2130 crucis
1098 2071 1158 2128 in
1194 2086 1383 2130 unum
1417 2070 1690 2144 exempla
1727 2069 2016 2144 colligere,
2047 2084 2181 2128 cum
2265 2084 2418 2151 (Luc,
2451 2081 2643 2151 xxm)_
2683 2101 2704 2129 ι,
2737 2077 2921 2147 Quem
2973 2091 3108 2150 ergo
3159 2076 3229 2134 de
3280 2079 3575 2148 perpetua;
3637 2073 3840 2132 monis
3888 2072 3977 2130 ιε-

470 2161 771 2220 videamus
799 2175 1036 2218 omnem
1070 2159 1223 2248 sacri
1263 2159 1483 2233 eloquii
1521 2159 1730 2217 seriem
1768 2158 1906 2217 huic
1937 2156 2182 2215 terribili
2265 2188 2414 2248 queo
2463 2172 2724 2245 primum
2757 2168 2951 2238 traxit,
2980 2168 3138 2225 hunc
3163 2166 3234 2224 ad
3266 2166 3446 2224 vitam
3478 2162 3749 2238 primitus
3798 2163 3983 2221 imm-

471 2251 637 2324 signo
687 2248 940 2324 quadam
996 2247 1231 2321 spiritus
1281 2248 1600 2306 intentione
1647 2247 1905 2305 servire?
1940 2246 2064 2304 Hoc
2099 2250 2183 2303 est

2271 2246 2454 2320 duxit.
2490 2261 2597 2319 Per
2620 2275 2851 2319 crucem
2881 2257 3081 2329 igitur,
3106 2256 3225 2314 imo
3250 2271 3350 2328 per
3369 2269 3526 2322 eum,
3558 2254 3661 2327 qui
3691 2250 3979 2326 suspendi

471 2342 630 2402 enim
670 2339 1153 2414 pr0pitiatorium,
1196 2340 1349 2412 quod
1406 2339 1521 2397 duo
1566 2337 1869 2396 cherubim
1908 2336 2089 2395 versis
2118 2339 2181 2393 in

2271 2351 2328 2409 in
2360 2367 2527 2409 cruce
2554 2350 2831 2424 dignatus
2861 2353 2967 2418 est,
2999 2347 3195 2405 omnia
3224 2352 3362 2405 sunt
3407 2345 3744 2413 instaurata,
3779 2342 3980 2401 omnia
4062 2330 4077 2338 ’

470 2446 534 2489 se
572 2429 825 2487 inVicem
881 2426 1138 2485 “litibus
1193 2426 1498 2499 aspidm“,
1533 2424 1672 2500 (111ίᾶ
1703 2425 1761 2483 in
1792 2441 1948 2497 eum,
1979 2423 2080 2497 (ιυί
2117 2422 2178 2480 in
2266 2441 2583 2511 benedicta,
2620 2422 2816 2500 omnia
2855 2438 3102 2497 caelestis
3133 2438 3335 2512 gratim
3368 2452 3497 2495 rore
3526 2436 3775 2508 perfusa.
3812 2434 3976 2492 Prm-

469 2533 638 2578 cruce
676 2531 991 2589 suspensus
1038 2522 1144 2587 est,
1178 2514 1293 2574 duo
1343 2515 1726 2586 Testamenta,
1757 2514 1987 2573 Novum
2031 2512 2182 2572 scili-
2267 2531 2465 2591 serum
2518 2532 2778 2589 humana
2819 2545 3007 2600 mens,
3037 2543 3171 2603 qua;
3214 2525 3428 2586 sterilis
3479 2531 3617 2596 erat,
3658 2539 3876 2593 amara,
3900 2529 3984 2581 at.

472 2612 646 2703 (Ξίῗίβί
681 2603 1362 2703 νίῗίυεν,⁰⁰Π⁰⁰¹”ίΠίΞ¹’,θί
1401 2604 1798 2703 iediﬂerenter
1844 2603 2175 2703 tete-edum-
2267 2637 2380 2696 que
2446 2619 2716 2693 insipida,
2777 2618 2847 2676 ad
2904 2617 3217 2677 Salvatoris
3270 2616 3585 2674 adventum
3638 2611 3864 2682 fertilis,
3924 2617 3983 2670 et

470 2696 621 2754 Dic“
672 2695 828 2753 enim
876 2694 1128 2753 Joannes
1158 2713 1169 2751 ⁵
1198 2692 1346 2762 Ουίδ
1377 2716 1397 2743 ⁶
1433 2692 1554 2766 ipse
1591 2698 1676 2748 θεῖ
1715 2691 2039 2764 Ρνορίίίθίίο
2077 2704 2179 2763 Pro
2267 2691 2457 2770 dulcis
2511 2691 2751 2781 effecta,
2809 2708 3029 2766 divinm
3084 2708 3328 2780 insuper
3376 2712 3461 2764 est
3515 2702 3812 2778 sapientim
3860 2700 3981 2760 sale

472 2786 718 2859 Peccalis
758 2785 974 2844 nostris
1012 2788 1055 2853 (Ι
1076 2788 1238 2841 οῙοαηο
1272 2786 1349 2856 η)-
1386 2804 1413 2837 ))
1448 2783 1519 2840 Εἴ
1547 2783 1750 2841 Petrus
1789 2782 1861 2840 de
1912 2782 2181 2841 Patribus
2266 2799 2513 2857 condita.
2549 2798 2706 2869 Quod
2743 2796 3026 2854 nimirum
3059 2795 3198 2854 satis
3226 2809 3497 2867 expresse
3526 2790 3802 2866 ﬁguravit
3829 2789 3977 2847 illud

475 2873 739 2947 loquens:
782 2873 862 2930 ait
894 2893 907 2930 ε
939 2893 967 2926 (ί
1018 2871 1126 2929 Per
1175 2872 1418 2945 gratiam
1466 2871 1679 2929 Christi
1730 2869 2019 2928 credimus
2064 2870 2181 2927 ⁸³1-
2267 2886 2444 2943 Elisei
2495 2885 2791 2958 prophetae
2838 2881 3203 2941 miraculum.
3239 2881 3386 2938 Nam
3421 2894 3558 2938 cum
3596 2878 3707 2937 viri
3744 2875 3981 2935 Jericho

476 2965 621 3036 Vari,
657 2964 1145 3038 quemadmOdum
1190 2970 1244 3020 θί
1287 2962 1375 3019 illi
1425 2963 1568 3033 (Αοί-
1602 2964 1729 3034 Χν)-
1768 2983 1789 3011 ³
1819 2960 1978 3019 Crux
2004 2959 2182 3034 igitur
2267 2972 2378 3032 sibi
2426 2977 2939 3045 conquererentur,
2969 2969 3123 3044 quod
3169 2984 3339 3043 aqum
3393 2974 3582 3027 essent
3621 2965 3893 3041 pessimm
3926 2972 3985 3022 et

474 3059 560 3111 θεῖ
594 3051 896 3153 (ξοηίξοΐάίᾶ
949 3049 1400 3153 βοτίρίυῐΐξΐιιων
1431 3056 1486 3106 θῑ
1534 3048 1700 3153 Ῑίωξξε
1737 3048 1975 3153 αυίᾱδεῖι
2008 3055 2418 3153 ξξῑίίυςεοῐθιει-ει
2457 3061 2670 3120 sterilis
2700 3080 2714 3116 :
2752 3083 2773 3112 α
2815 3060 3047 3129 Aﬂ'erte,
3083 3057 3294 3132 inquit,
3333 3057 3480 3116 mihi
3520 3073 3621 3116 vas
3650 3069 3894 3125 novum,
3925 3059 3985 3111 et

478 3141 842 3200 conﬂuvium
877 3146 1142 3197 veterum
1192 3143 1248 3196 et
1292 3152 1596 3196 novorum.
1639 3136 1799 3196 Crux
1837 3136 2088 3195 coelestia
2127 3136 2245 3194 et“
2269 3152 2476 3210 mittite
2524 3152 2587 3209 in
2642 3148 2789 3208 illud
2827 3148 2912 3206 sal
2951 3152 3049 3219 (ιν
3080 3151 3212 3217 Περ,
3256 3148 3334 3218 ιι),
3374 3170 3396 3199 ι,
3432 3145 3654 3203 Deinde
3691 3157 3983 3218 aquarum

478 3236 703 3287 terrena
742 3227 1126 3297 confosdel‘al;
1164 3241 1311 3284 crux
1345 3226 1609 3284 homines
1647 3224 1826 3283 Simlﬂ
1859 3231 1914 3282 et
1950 3224 2185 3298 angelos
2268 3240 2411 3298 fonti
2440 3240 2523 3298 sal
2552 3237 2702 3296 illud
2733 3236 3039 3308 immersit,
3071 3236 3273 3308 sicque
3301 3250 3482 3309 aquas
3505 3234 3577 3293 ab
3606 3232 3768 3291 omni
3798 3234 3985 3288 morte

481 3319 546 3412 in
578 3318 836 3412 antiquae
875 3315 1199 3412 CODCQFdifs
1253 3315 1635 3373 unanimitate
1659 3315 1981 3412 .reformat.
2027 3314 2185 3411 Crux
2264 3336 2322 3386 et
2359 3327 2654 3387 sterilitate
2699 3326 2942 3384 sanavit.
2978 3324 3141 3395 Quod
3169 3323 3470 3392 nimirum,
3505 3330 3571 3382 ut
3606 3328 3789 3382 totum
3817 3319 3984 3378 brevi

478 3406 731 3480 denique
763 3421 917 3464 “101‘s
971 3410 1056 3462 θεῖ
1101 3402 1401 3475 Vitiorum»
1432 3411 1490 3462 θί
1513 3403 1781 3462 omnium
1816 3404 1946 3461 fons
1976 3417 2043 3460 ac
2069 3402 2185 3459 Vita
2266 3436 2531 3480 sermone
2568 3418 2933 3488 concludam,
2973 3416 3123 3475 nihil
3161 3415 3324 3474 aliud
3356 3414 3636 3484 insinuat,
3670 3413 3787 3472 nisi
3825 3410 3983 3487 quod

476 3497 786 3575 virtutum.
841 3493 1002 3551 Crux
1059 3492 1471 3565 insipientibus
1525 3492 1758 3565 semita,
1818 3490 2183 3550 currentibus

2271 3508 2526 3567 Verbum
2556 3522 2687 3565 caro
2720 3507 2900 3574 ﬁeret,
2931 3511 2988 3563 et
3013 3503 3298 3563 habitaret
3326 3503 3388 3561 in
3427 3502 3616 3561 nobis.
3647 3500 3799 3571 Quid
3822 3500 3983 3559 enim

481 3585 593 3656 Via,
645 3581 1122 3658 ΡθΓνθΠῘθΠῑῘδυε
1177 3581 1408 3672 requies
1463 3588 1548 3672 93F
1604 3597 1823 3641 secura-
1882 3582 2043 3639 Crux
2099 3588 2189 3672 ββῖ
2266 3614 2456 3672 aqum,
2488 3597 2601 3655 nisi
2649 3595 2934 3656 mundani
2974 3601 3117 3653 sunt
3152 3591 3577 3668 populi?Quid
3599 3607 3701 3649 vas
3736 3605 3981 3660 novum,

479 3673 785 3749 ῐΥΓοηίῦυε
834 3672 1200 3761 άοηεέίίνυων
1254 3670 1638 3761 militantibus
1690 3672 1886 3744 P0131113
1932 3670 2189 3729 emeritis
2270 3670 2386 3748 nisi
2418 3703 2628 3761 corpus
2680 3686 3074 3756 Dominicum,
3101 3684 3267 3743 nulla
3304 3683 3522 3742 scilicet
3560 3679 3984 3755 prmvaricatio-

477 3761 885 3835 municipium.
960 3759 1117 3818 Crux
1172 3766 1258 3818 est
1333 3760 1557 3817 fortiter
1605 3760 1902 3833 agentium
1978 3761 2183 3833 virtus,

2271 3777 2362 3836 nis
2414 3759 2674 3851 antiqum
2715 3775 2842 3833 labe
2891 3773 3206 3848 nigratum,
3254 3770 3420 3831 nulla
3466 3771 3675 3830 veteris
3727 3769 3987 3828 hominis

481 3853 834 3927 recuperatio
876 3851 1221 3924 labentium,
1252 3867 1461 3911 corona
1486 3851 1792 3913 victorum.
1826 3852 1983 3911 Crux
2034 3868 2185 3911 mor-
2268 3862 2930 3923 abusione.detritum?
2981 3859 3134 3930 Quid
3187 3874 3356 3934 porro
3409 3857 3517 3930 sal,
3572 3857 3687 3915 nisi
3733 3856 3985 3915 cmlestis

479 3946 599 4000 tem
666 3942 878 4016 ingerit
950 3948 1417 4001 momentaneam
1448 3986 1466 4012 ,
1522 3948 1579 3999 et
1629 3942 1809 4001 vitam
1858 3947 2191 4016 compensat
2270 3950 2598 4027 sapientia?

481 4036 778 4088 aeternam.
809 4029 969 4088 Crux
1005 4045 1113 4088 nos
1142 4030 1387 4089 terrenis
1434 4031 1737 4104 exspoliat,
1768 4038 1833 4091 ut
1858 4031 2189 4090 coelestibus
2343 4042 2645 4117 Sapientia
2683 4042 2863 4115 igitur
2893 4041 3078 4100 patris
3108 4040 3169 4097 in
3198 4054 3407 4112 corpus
3444 4035 3744 4095 descendit
3773 4033 3985 4092 huma-

483 4120 659 4191 dust;
688 4120 911 4178 esurire
938 4120 1119 4188 docet:
1146 4127 1212 4179 11¢
1248 4121 1454 4193 saliet;
1489 4121 1876 4182 humilitatem
1906 4123 2186 4197 Ρΐωοίρὶῐ,
2270 4150 2437 4204 num,
2470 4139 2525 4191 et
2577 4131 2660 4190 sic
2699 4132 2771 4191 ad
2821 4131 3173 4190 fertilitatem
3220 4135 3278 4188 et
3334 4128 3530 4187 vitalis
3583 4125 3986 4200 intelligentim

487 4213 552 4265 ut
600 4206 859 4278 exaltet;
914 4207 1251 4280 patientiam
1308 4209 1564 4281 adhibet,
1616 4215 1681 4268 ut
1734 4217 1985 4269 coronet.
2033 4209 2183 4269 Crux

2272 4221 2634 4282 dulcedinem
2667 4221 2933 4280 omnium
2967 4221 3250 4280 convertit
3278 4219 3547 4278 ﬁdelium
3574 4220 3816 4275 mentes.
3846 4213 3989 4283 Qum

484 4302 570 4355 est
622 4294 686 4353 in
733 4294 958 4353 Christo
1012 4295 1345 4354 viventibus
1392 4297 1612 4370 regula,
1641 4314 1912 4372 expressa
1948 4299 2190 4374 justilim
2271 4307 2559 4366 nimirum
2587 4305 2831 4364 dulcedo
2863 4305 3063 4364 tandiu
3092 4304 3275 4373 latuit,
3300 4303 3629 4376 usquedum
3657 4300 3744 4359 sal
3775 4313 3996 4371 merge-

484 4398 710 4453 norma,
743 4398 810 4441 ac
858 4383 1133 4442 omnibus
1168 4384 1363 4457 probis
1395 4385 1653 4445 moribus
1681 4387 2005 4462 disciplina.
2035 4387 2433 4468 Cruxnretur
2480 4394 2543 4453 in
2592 4409 2829 4468 aquam,
2858 4392 2917 4450 id
2964 4399 3067 4464 est,
3100 4392 3430 4467 usquedum
3468 4390 3568 4449 ille
3613 4388 3892 4463 penderet
3929 4387 3991 4444 in

484 4472 783 4532 diabolum
823 4477 1013 4546 terret,
1052 4482 1117 4534 ut
1155 4475 1431 4549 effugiat;
1459 4477 1716 4551 angelos,
1753 4484 1821 4538 ut
1846 4479 1918 4537 ad
1957 4495 2061 4538 nos
2094 4472 2461 4555 in-“cruce,
2490 4482 2595 4557 qui
2639 4484 2832 4541 dixit:
2868 4505 2890 4535 ι
2928 4481 3172 4541 Salvum
3218 4498 3312 4541 me
3361 4482 3469 4552 fac,
3502 4480 3677 4551 Deus,
3712 4476 3993 4553 quoniam

356 4594 375 4609 κ
481 4564 840 4639 grediantur,
893 4564 1142 4637 invitat;
1177 4567 1589 4641 cogitationum
1644 4569 2050 4645 phantasmata
2101 4586 2192 4628 re-
2272 4571 2623 4630 introierunt
2677 4584 2846 4641 aqum
2899 4583 3087 4640 usque
3130 4567 3203 4625 ad
3256 4569 3514 4625 animam
3569 4580 3760 4624 meam
3819 4565 3989 4636 (Psal.

482 4652 703 4727 primit,
733 4659 791 4711 et
840 4650 1123 4727 Spiritum
1166 4661 1432 4714 sanctum
1485 4658 1676 4727 castis,
1705 4674 1771 4716 ac
1818 4658 2057 4717 mundis
2093 4674 2193 4733 pe-
2273 4666 2501 4731 LXVIII).
2533 4682 2559 4708 η
2587 4659 2673 4716 Ex
2720 4666 2857 4716 tunc
2900 4657 3058 4714 enim
3102 4658 3276 4716 homo
3313 4657 3516 4715 didicit
3568 4656 3709 4730 quid
3758 4654 3995 4713 deberet

481 4743 738 4801 ctoribus
793 4743 1129 4805 introducit.
1185 4746 1344 4805 Crux
1392 4746 1647 4819 denique
1702 4746 1881 4806 lassos
1930 4753 2188 4814 recreat,

482 4830 747 4889 inﬁrmos
799 4831 1072 4908 roborat,
1127 4840 1183 4892 et
1244 4832 1551 4893 titubantia
1606 4835 1922 4909 desperatm
1981 4836 2194 4894 mentis

483 4934 692 4977 arcana
722 4920 1022 4979 confortat.

553 5005 627 5063 Et
665 5005 807 5080 quid
838 5006 1091 5081 amplius
1135 5007 1325 5067 dicam
1355 5008 1383 5068 ?
1412 5007 1896 5085 Quandoquidem
1925 5027 2026 5086 per
2058 5028 2192 5071 cru-

481 5110 607 5154 cem
656 5094 785 5154 Rex
824 5094 1025 5169 glorim
1065 5104 1121 5155 et
1170 5113 1273 5156 nos
1325 5097 1395 5157 de
1424 5105 1623 5157 catena
1650 5098 1873 5158 cruenti
1901 5100 2194 5174 prmdonis

482 5185 712 5259 eripuit,
747 5189 805 5243 et
847 5190 1086 5244 tartarea
1116 5185 1366 5246 claustra
1405 5187 1696 5247 violentus
1726 5204 2002 5262 pervasor
2038 5189 2192 5248 irru-

483 5273 586 5345 pit.
640 5273 855 5334 Omnes
919 5274 1160 5349 insuper
1227 5275 1434 5333 electos
1481 5276 1553 5334 de
1610 5277 1863 5336 vinculis
1934 5278 2193 5351 antiqum

485 5363 873 5424 damnationis
912 5364 1184 5436 absolvit,
1213 5380 1361 5440 quos
1409 5366 1583 5424 etiam
1627 5382 1822 5426 secum
1857 5382 1956 5440 per
1995 5384 2190 5428 resur-

488 5453 759 5513 rectionis
784 5454 1030 5528 gloriam
1059 5452 1379 5514 suscitavit.
1410 5452 1585 5528 Quid,
1616 5456 1879 5531 inquam,
1911 5456 1983 5515 de
2010 5457 2194 5516 beatm

488 5540 673 5599 crucis
728 5545 1016 5618 prmconio
1069 5544 1361 5605 referam?
1424 5559 1557 5606 cum
1612 5552 1667 5606 et
1718 5548 1841 5621 ipsa
1910 5547 2194 5609 latronem

2274 4756 2557 4823 appetere,
2594 4746 2738 4820 quid
2774 4746 2972 4804 vitare.

2346 4837 2594 4908 Interea,
2621 4836 2823 4894 fratres
2853 4835 2990 4907 mei,
3024 4850 3140 4894 non
3178 4851 3278 4895 vos
3316 4836 3503 4909 pigeat
3537 4837 3605 4891 de
3633 4839 3993 4892 sacramento

2276 4925 2594 4984 Dominicm
2639 4924 2944 4999 passionis,
2972 4923 3064 4982 vel
3108 4924 3525 4982 incarnationis
3569 4921 3793 4995 aliquid
3844 4922 3988 4979 sub—

2277 5013 2376 5072 tile
2427 5028 2788 5087 cognoscere,
2822 5020 2877 5071 et
2913 5012 3172 5072 breviter
3199 5012 3415 5071 dictum
3445 5010 3660 5070 arctius
3687 5009 3991 5069 memoriae

2276 5105 2701 5164 commendare.
2739 5104 2853 5163 Sex
2904 5121 3112 5180 nempe
3162 5104 3368 5163 diebus
3424 5102 3789 5176 omnipotens
3836 5101 3993 5159 Deus

2276 5195 2473 5254 omnia
2516 5210 2621 5253 sua
2667 5209 2841 5268 opera
2882 5193 3161 5266 condidit,
3192 5198 3248 5251 et
3275 5198 3438 5251 sexto
3464 5192 3558 5250 die
3592 5190 3895 5250 hominem
3917 5189 3993 5247 ad

2276 5297 2445 5341 suam
2491 5283 2841 5356 imaginem,
2893 5280 3455 5356 similitudinemque
3513 5281 3781 5339 formavit
3836 5280 3987 5349 (Gen.

2279 5377 2431 5441 1,").
2467 5369 2644 5430 Sexta
2687 5385 2917 5444 quoque
2964 5374 3132 5428 mtate
3182 5369 3385 5428 saeculi
3434 5368 3621 5428 Filius
3667 5366 3771 5425 Dei
3805 5367 3994 5426 factus

2278 5465 2364 5519 est
2394 5459 2581 5519 Filius
2622 5460 2900 5533 hominis,
2929 5465 2994 5519 ut
3019 5474 3127 5517 nos
3164 5458 3502 5519 reformaret
3548 5458 3621 5517 ad
3670 5456 3992 5530 imaginem

2280 5549 2403 5610 Dei.
2439 5549 2615 5611 Sexta
2639 5551 2881 5626 insuper
2912 5551 3054 5609 feria
3084 5549 3207 5624 ipso
3245 5549 3529 5610 Dominus
3559 5565 3761 5625 passus
3789 5553 3897 5620 est,
3927 5555 3995 5608 ut
