4178 6474
244 329 355 391 773

1742 330 1991 395 SEBMO
2029 328 2292 394 XLVIII.

3655 333 3763 399 774

239 474 308 516 ea
348 458 632 516 nimirum
671 456 765 514 die
810 457 984 516 homo
1024 456 1184 515 tieret
1217 457 1344 530 ejus
1380 462 1561 515 morte
1601 456 2416 532 redemptus,Amdiﬁcatum,
2452 472 2589 516 cum
2627 464 2683 516 et
2718 460 2841 532 ipse
2885 456 3169 529 senarius,
3205 459 3353 519 sicut
3392 476 3467 520 ex
3514 465 3762 524 ternario

239 559 359 621 quo
387 545 610 603 dudum
649 545 834 602 fuerat
873 545 1059 619 ipsius
1096 545 1427 619 operatione
1471 545 1807 618 plasmatus.
1851 546 1958 605 Eo-

238 637 373 695 dem
408 651 576 711 porro
605 636 700 695 die
737 635 809 695 de
836 644 990 695 costa
1033 636 1145 695 viri
1181 637 1421 696 formata
1451 643 1537 696 est
1578 638 1719 707 Eva,
1752 653 1867 712 quo
1893 639 1964 697 de

240 727 421 786 latere
464 724 679 784 Christi
725 741 827 799 per
873 741 1085 801 aquam
1126 733 1181 784 et
1224 728 1569 801 sanguinem
1619 727 1805 785 exivit
1850 728 1961 786 Ec-

240 817 436 877 clesia.

314 904 631 964 Videamus
658 903 855 979 itaque
891 905 1182 980 quomodo
1218 921 1319 980 per
1354 904 1627 965 eumdem
1667 905 1964 964 senarium

242 1008 561 1053 numerum
601 991 887 1051 Dominici
925 994 1180 1065 corporis
1214 994 1494 1066 templa-ii
1525 992 1744 1052 divinae
1770 995 1965 1067 provi-

242 1080 459 1139 dentiae
498 1080 573 1138 sit
619 1088 742 1138 arte
799 1086 1214 1140 constructum.
1268 1081 1577 1154 Templum
1630 1096 1766 1139 sane
1815 1081 1966 1140 illud

243 1170 611 1229 Hierusalem
653 1186 756 1244 per
791 1171 1175 1246 quadraginta
1212 1178 1269 1231 et
1306 1187 1409 1230 sex
1450 1187 1741 1230 annorum
1778 1172 1963 1230 curri-

242 1261 375 1320 cula
399 1261 584 1319 fuerat
614 1259 985 1332 fabricatum;
1021 1263 1179 1322 unde
1207 1270 1263 1320 et
1289 1278 1322 1320 a
1350 1262 1571 1322 Judaeis
1600 1263 1846 1322 Domino
1875 1261 1967 1319 di-

244 1352 397 1411 citur
431 1370 445 1410 :
481 1374 506 1402 α
542 1350 940 1424 Quadraginta
971 1356 1029 1411 et
1068 1349 1216 1408 254
1251 1367 1355 1411 sex
1400 1352 1572 1410 annis
1617 1352 1968 1411 aediﬁcatum

244 1449 332 1500 est
361 1440 641 1513 templum
679 1442 808 1513 hoc,
839 1447 896 1500 et
933 1448 995 1500 tu
1034 1442 1095 1501 in
1127 1443 1319 1502 triduo
1359 1444 1675 1501 reasdificas
1713 1442 1907 1502 illud?
1937 1465 1965 1497 ι)

247 1533 429 1600 (Joan.
459 1534 614 1599 VIII.)
645 1529 759 1599 Qui
798 1530 1063 1589 videlicet
1107 1546 1393 1590 numerus
1441 1530 1490 1589 si
1528 1546 1629 1604 per
1673 1532 1968 1591 senarium

246 1619 496 1690 ducitur,
527 1635 700 1679 omne
728 1628 973 1695 tempus,
1013 1638 1128 1696 quo
1166 1622 1453 1681 Dominus
1498 1623 1563 1680 in
1605 1626 1807 1682 matris
1841 1631 1968 1683 ute-

246 1723 311 1767 ro
355 1708 590 1780 mansit,
634 1709 928 1783 impletur.
982 1709 1126 1769 Nam
1177 1710 1522 1784 quadragies
1565 1712 1756 1770 sexies
1821 1714 1967 1782 seni,

2052 548 2276 616 crescit,
2302 548 2381 605 ita
2424 548 2812 607 nihilominus
2855 556 2909 607 et
2955 550 3013 606 in
3059 551 3374 609 ternarium
3425 554 3766 615 resolvatur.

2053 636 2219 694 Unus
2267 635 2451 707 enim,
2486 644 2542 693 et
2587 638 2721 707 duo,
2753 645 2809 695 et
2845 644 2977 707 tres,
3020 654 3123 696 sex
3162 639 3313 697 ﬁunt
3339 638 3364 696 :'
3380 648 3435 698 et
3483 643 3770 717 reciproce

2051 724 2364 782 dimidium
2411 727 2623 783 senarii
2676 734 2788 785 tres
2836 736 2991 797 sunt,
3037 727 3199 785 tertia
3254 745 3383 802 pars
3437 731 3572 803 duo,
3606 740 3773 793 sexta

2053 827 2262 870 unum.
2295 811 2406 881 Qui
2448 812 2717 873 videlicet
2764 830 3045 873 numerus
3085 815 3297 875 idcirco
3342 819 3630 891 perfectus
3675 822 3768 881 di-

2052 902 2222 972 citur,
2253 902 2392 974 quia
2436 902 2518 961 sic
2549 920 2625 960 rx
2663 904 2784 961 suis
2823 905 3082 978 partibus
3130 912 3366 964 constat.
3422 908 3549 967 Uno
3600 911 3770 983 plane

2053 990 2143 1048 die
2170 991 2416 1064 integro,
2458 998 2515 1049 et
2539 991 2768 1051 duabus
2810 993 3074 1052 noctibus
3108 994 3168 1052 in
3198 996 3461 1068 sepulcro
3484 999 3770 1060 Dominus

2047 1076 2428 1156 jacuit;quia
2475 1098 2592 1141 una
2630 1085 2723 1141 sui
2767 1084 3019 1158 corporis
3069 1092 3251 1143 morte
3299 1103 3333 1144 a
3381 1088 3607 1148 duabus
3641 1107 3768 1162 nos,

2053 1172 2267 1229 animae
2316 1172 2582 1230 videlicet
2631 1182 2684 1231 et
2721 1174 2976 1247 corporis
3020 1174 3321 1247 mortibus,
3362 1176 3648 1236 liberavit.
3701 1180 3776 1238 Et

2054 1268 2205 1318 recte
2249 1274 2346 1333 per
2383 1260 2536 1318 diem
2576 1276 2730 1319 mors
2768 1261 2999 1321 Domini
3032 1262 3391 1336 designatur,
3423 1283 3540 1340 qua
3569 1285 3675 1328 nos
3701 1270 3777 1326 ad

2054 1348 2246 1408 lucem
2293 1348 2652 1408 reducimur.
2695 1351 2899 1409 Nostra
2936 1359 3133 1410 autem
3187 1370 3338 1413 mors
3384 1365 3628 1432 utraque
3668 1374 3775 1433 per

2057 1444 2305 1506 noctem,
2351 1451 2485 1508 quas
2537 1438 2821 1496 nimirum
2879 1439 3046 1497 nobis
3099 1456 3173 1498 ex
3226 1452 3452 1515 peccato
3505 1447 3773 1507 debetur.

2055 1525 2266 1582 Totum
2295 1532 2490 1582 autem
2514 1526 2622 1584 hoc
2650 1525 2909 1585 triduum
2939 1526 3002 1583 in
3024 1528 3299 1588 humanae
3321 1533 3526 1591 salutis
3549 1550 3779 1608 expen-

2055 1614 2213 1672 ditur
2260 1613 2692 1675 evidentissime
2747 1627 3189 1677 sacramentum.
3241 1620 3386 1679 Nam
3431 1629 3596 1703 sexta
3634 1625 3778 1685 feria

2056 1699 2202 1757 255
2237 1720 2466 1777 passus,
2520 1705 2767 1767 Sabbato
2809 1711 2872 1767 in
2922 1710 3185 1783 sepulcro
3231 1711 3472 1785 quievit,
3515 1699 3610 1770 die
3658 1713 3771 1774 Do-

248 1795 484 1855 ducenli
514 1798 876 1871 septuaginta
912 1814 1017 1857 sex
1062 1798 1186 1856 dies
1219 1798 1389 1856 ﬁunt,
1433 1798 1544 1868 Qui
1584 1799 1814 1858 dierum
1854 1816 2031 1876 1111-3
2058 1792 2272 1852 minico
2305 1796 2642 1853 resurrexit.
2674 1786 2835 1855 ‘Tota
2876 1806 3073 1855 autem
3111 1798 3239 1857 haec
3271 1799 3392 1856 vita
3419 1799 3586 1858 nobis
3614 1808 3778 1861 sexta

250 1901 445 1944 merus
470 1885 715 1960 complet
740 1901 950 1945 novem
988 1902 1236 1956 menses,
1279 1893 1336 1945 et
1362 1903 1465 1945 sex
1506 1888 1650 1960 dies,
1683 1890 1785 1962 qui
1817 1888 1972 1948 vide-

249 1974 383 2032 licet
443 1979 714 2047 tauquam
775 1976 972 2034 decem
1032 1991 1260 2034 menses
1313 1977 1675 2049 parientibus
1735 1979 1973 2038 feminis

250 2061 633 2136 imputantur.
682 2063 810 2123 Non
860 2063 1000 2138 quia
1045 2080 1249 2122 omnes
1296 2064 1574 2123 mulieres
1611 2066 1683 2124 ad
1733 2074 1967 2126 sextum

249 2148 405 2207 diem
446 2156 571 2223 post
604 2166 823 2210 nonum
863 2166 1123 2211 mensem
1166 2151 1442 2225 pariturae
1478 2154 1840 2226 perveniant,
1871 2155 1969 2212 sed

250 2237 392 2310 quia
434 2242 512 2295 tot
547 2238 771 2310 diebus,
818 2240 890 2298 ad
931 2247 1159 2314 partum
1207 2239 1483 2313 perducta
1531 2241 1656 2314 ipsa
1702 2242 1971 2314 perfectio

250 2323 542 2384 Dominici
591 2328 843 2400 corporis
897 2328 1251 2404 comperitur
1277 2376 1292 2401 ,
1344 2330 1497 2388 sicut
1559 2346 1593 2388 a
1656 2331 1972 2404 majoribus

254 2413 521 2485 traditur,
579 2420 635 2473 et
688 2415 861 2475 ﬁrma
914 2418 1253 2477 auctoritate
1311 2418 1586 2477 Ecclesia;
1630 2420 1968 2479 custoditur.

255 2501 465 2562 Octavo
498 2521 750 2579 namque
783 2506 1078 2566 Kalendas
1106 2507 1324 2582 Aprilis
1358 2518 1666 2582 conceptus
1696 2510 1969 2586 creditur,

254 2607 373 2664 quo
409 2598 466 2651 et
497 2608 718 2666 passus.
763 2595 846 2654 Eo
878 2597 1147 2655 videlicet
1186 2596 1280 2655 die
1318 2598 1577 2671 sepultus
1612 2606 1696 2657 est
1736 2599 1800 2658 in
1843 2616 1970 2659 mo-

258 2687 541 2740 numento
574 2698 744 2754 novo,
785 2684 888 2742 ubi
923 2700 1030 2743 nec
1057 2692 1209 2757 ante,
1240 2702 1346 2745 nec
1382 2692 1508 2760 post
1545 2688 1853 2762 quisquam
1887 2695 1973 2747 est

260 2770 481 2840 Iositus
518 2782 901 2848 mortuorum,
932 2791 1047 2850 quo
1089 2787 1398 2852 conceptus
1437 2784 1522 2837 est
1554 2777 1617 2836 in
1653 2788 1814 2839 utero
1846 2779 1972 2838 Vir-

257 2859 429 2933 ginis,
463 2862 567 2920 ubi
611 2871 830 2923 constat
874 2867 1105 2926 nullum
1145 2869 1496 2930 seminatum
1534 2870 1713 2929 fuisse
1758 2880 1969 2931 morta-

262 2948 431 3051 lium.
488 2951 670 3012 Natus
718 2962 913 3015 autem
978 2956 1223 3017 traditur
1275 2966 1476 3019 octavo
1533 2959 1820 3020 Kalendas
1872 2963 1970 3021 Ja-

260 3055 296 3097 D
305 3055 518 3100 uarias.

2061 1883 2204 1941 feria
2231 1891 2352 1955 est;
2380 1885 2518 1958 quia
2549 1887 2815 1945 videlicet
2842 1895 3229 1962 crucemtpost
3255 1888 3569 1949 Dominum
3606 1892 3774 1966 baju-

2062 1971 2181 2031 lare
2204 1975 2500 2047 jubemur.
2533 1976 2581 2034 A
2634 1976 2727 2035 die
2771 1985 2966 2036 autem
3009 1979 3203 2037 exitus
3249 1979 3430 2038 nostri
3466 1996 3655 2054 usque
3703 1983 3777 2041 ad

2055 2062 2347 2137 judicium
2375 2068 2543 2140 quasi
2566 2066 2880 2139 Sabbatum
2906 2069 3154 2140 ducitur,
3185 2072 3322 2144 quia
3348 2071 3578 2129 interim
3610 2073 3774 2132 beata

2062 2156 2263 2228 requie
2301 2166 2512 2216 sanctae
2553 2159 2768 2216 animae
2816 2159 3214 2232 perfruuntur.
3252 2161 3319 2219 In
3355 2164 3775 2223 resurrectione

2060 2251 2253 2301 autem
2312 2260 2618 2318 corporum
2679 2247 2965 2318 paschalis
3026 2247 3194 2306 nobis
3254 2249 3440 2307 oritur
3489 2249 3632 2322 dies,
3674 2251 3778 2325 qui

2062 2331 2225 2389 nullo
2256 2333 2374 2390 line
2408 2332 2796 2406 concluditur,
2830 2334 2923 2392 sed
2966 2344 3256 2410 perpetuae
3277 2336 3645 2409 jucunditate
3673 2340 3780 2397 Iaz-

2062 2421 2204 2480 titim
2231 2422 2495 2482 feriatur.

2134 2513 2207 2571 Ut
2235 2530 2370 2587 ergo
2399 2514 2469 2571 ad
2499 2514 2650 2573 hanc
2690 2514 3052 2575 Dominicam
3093 2533 3196 2591 per
3238 2516 3550 2577 Sabbatum
3582 2519 3779 2578 valea-

2062 2615 2195 2658 mus
2238 2609 2623 2673 congruenter
2669 2603 2967 2676 attingere,
3024 2619 3256 2662 necesse
3303 2612 3406 2675 ρει,
3466 2622 3572 2665 1108
3619 2622 3781 2666 nunc

2060 2704 2288 2747 crucem
2320 2697 2445 2762 post
2467 2688 2667 2747 Jesum
2696 2690 3040 2763 bajulantes,
3073 2698 3293 2749 sextam
3326 2692 3544 2766 jugiter
3570 2694 3777 2752 feriam

2061 2777 2366 2835 celebrare.
2412 2777 2691 2852 Alioquin
2739 2778 2788 2836 si
2832 2787 3177 2853 praepostero
3216 2780 3419 2839 ordine
3463 2798 3622 2841 nunc
3668 2784 3778 2841 sub

2060 2864 2253 2922 carnis
2280 2864 2407 2937 lege
2440 2864 2701 2922 viventes
2734 2866 2900 2938 quasi
2929 2866 3291 2926 Dominicam
3320 2868 3610 2942 ducimus,
3638 2886 3775 2943 pro-

2060 2951 2154 3010 cul
2183 2951 2363 3010 dubio
2404 2953 2773 3024 postmodum
2810 2969 2927 3013 non
2968 2956 3247 3028 gaudium
3287 2957 3521 3030 gaudio,
3553 2958 3651 3017 sed
3680 2957 3783 3018 tri-

2060 3039 2359 3099 bulatione
2396 3049 2710 3101 mutamus.
2757 3042 2911 3101 Hinc
2953 3045 3041 3102 est
3088 3046 3247 3103 enim
3293 3048 3449 3120 quod
3495 3048 3783 3109 Dominus

329 3128 424 3187 Ab
461 3131 584 3204 ipso
624 3148 761 3206 ergo
793 3136 1184 3208 conceptionis
1220 3136 1313 3195 die
1344 3152 1532 3212 usque
1563 3139 1635 3197 ad
1670 3141 1826 3220 diem
1854 3141 1971 3201 Na-
1995 3169 2040 3230 α
2064 3130 2212 3189 Sim“
2241 3131 2622 3230 Quadraginta
2659 3132 2865 3191 diebus
2904 3133 2963 3230 ᾗ]
3009 3150 3202 3230 91⁸8Ψο
3232 3134 3785 3230 ﬁxit-totidemun

262 3218 500 3278 tivitatis
541 3220 774 3281 ducenti
827 3227 1190 3299 septuaginta
1244 3242 1348 3285 sex
1399 3228 1771 3301 reperiuntur
1800 3218 1969 3304 dies,

259 3307 363 3381 qui
391 3310 687 3369 senarium
720 3327 1036 3372 numerum
1065 3314 1408 3388 quadragies
1435 3316 1627 3375 sexies
1656 3319 1972 3377 continent.

258 3394 385 3465 Quo
415 3394 596 3469 igitur
640 3414 885 3458 numero
936 3399 1230 3473 lapideum
1282 3401 1428 3460 illud
1483 3403 1765 3476 templum
1817 3404 2003 3468 anti-.

257 3484 461 3557 quitus
514 3491 601 3545 est
652 3488 1027 3559 aediﬁcatum,
1083 3490 1285 3547 eodem
1338 3506 1570 3564 quoque
1624 3507 1871 3550 numero
1917 3500 1971 3551 et

258 3577 541 3649 templum
592 3577 881 3638 Dominici
928 3579 1182 3653 corporis
1226 3596 1326 3654 per
1375 3583 1671 3639 senarium
1713 3589 1798 3640 est
1841 3597 1975 3655 per-

255 3664 494 3729 fectum.
536 3667 660 3726 Hac
697 3670 1094 3729 tantummodo
1138 3670 1482 3730 discretione
1526 3679 1770 3743 servata,
1818 3672 1975 3747 quod

253 3753 318 3812 in
343 3755 773 3815 constructione
808 3758 1005 3832 templi
1043 3774 1335 3818 annorum
1388 3775 1670 3820 numerus
1716 3758 1975 3837 ponitur,

254 3842 319 3900 in
356 3843 737 3904 aedificatione
767 3861 904 3905 vero
940 3848 1196 3921 corporis
1224 3847 1463 3907 Domini
1508 3849 1738 3910 dierum
1781 3850 1975 3912 calcu-

254 3933 351 3990 lus
387 3939 757 4007 supputatur.

327 4024 635 4083 Annorum
680 4025 860 4098 igitur
892 4041 1173 4086 numerus
1210 4027 1410 4101 templi
1449 4028 1613 4088 illius
1655 4029 1885 4104 antiqui
1927 4029 1976 4088 si

2065 3226 2190 3295 post
2213 3221 2693 3280 resurrectionem
2728 3238 2862 3280 cum
2893 3223 3194 3297 discipulis
3230 3225 3367 3295 fuit;
3399 3225 3477 3283 ita
3506 3226 3683 3284 etiam
3714 3226 3787 3285 ab

2063 3309 2187 3381 ipso
2211 3324 2334 3368 suae
2375 3309 2577 3367 mortis
2613 3310 2874 3382 articulo,
2903 3327 3092 3384 usque
3120 3312 3193 3369 ad
3223 3311 3553 3371 diluculum
3584 3328 3787 3372 resur-

2063 3397 2334 3455 rectionis
2363 3397 2743 3470 quadraginta
2781 3399 2952 3457 horas
2991 3398 3211 3457 habuit.
3250 3399 3409 3458 Sicut
3448 3401 3627 3473 igitur
3654 3403 3785 3461 illo-

2063 3500 2197 3543 rum
2235 3485 2465 3543 dierum
2514 3500 2780 3557 numero,
2814 3485 2895 3544 ita
2942 3486 3329 3546 nihilominus
3381 3496 3436 3546 et
3484 3490 3784 3563 horarum,

2065 3588 2211 3645 quas
2238 3572 2520 3642 diximus,
2552 3572 2731 3630 totius
2758 3572 2893 3630 vitae
2920 3581 3132 3632 nostrae
3159 3580 3385 3648 tempus
3409 3576 3783 3648 exprimitur,

2068 3671 2134 3723 ut
2174 3664 2323 3721 sicut
2366 3662 2467 3720 ille
2513 3662 2972 3736 quadragenario
3016 3663 3294 3722 horarum
3345 3680 3588 3724 numero
3628 3681 3786 3724 mor-

2068 3757 2206 3810 tuus
2250 3750 2483 3820 mansit,
2510 3748 2592 3808 ita
2638 3757 2695 3808 et
2732 3765 2838 3808 nos
2873 3750 2963 3808 illi
3001 3751 3349 3810 commortui
3386 3753 3650 3826 quandiu
3690 3754 3787 3812 hic

2065 3840 2346 3911 vivimus,
2374 3839 2437 3898 in
2472 3840 2665 3898 carnis
2693 3855 2920 3912 semper
2952 3840 3392 3899 mortificatione
3420 3843 3710 3902 vivamus.

2139 3928 2231 3985 Ad
2282 3928 2683 4001 superandum
2736 3943 2872 4000 ergo
2926 3927 3255 4000 diabolum,
3311 3930 3501 3988 crucis
3556 3931 3792 4005 insigne

2068 4016 2236 4075 nobis
2273 4024 2469 4075 noster
2511 4017 2823 4089 imperator
2866 4016 3165 4087 exhibuit;
3196 4023 3252 4075 et
3291 4033 3368 4077 ne
3415 4020 3586 4077 nobis
3611 4036 3789 4094 grave

253 4127 360 4185 per
395 4114 691 4173 senarium
743 4114 997 4185 ducitur,
1043 4131 1245 4174 omnes
1292 4116 1437 4189 dies,
1492 4118 1708 4191 quibus
1765 4117 1974 4177 mansit

2071 4104 2382 4177 videretur,
2427 4104 2588 4177 prius
2630 4104 2752 4178 ipse
2793 4105 3057 4177 gestavit.
3107 4104 3231 4163 Hoc
3283 4107 3536 4181 denique
3587 4108 3790 4168 salutis

257 4205 547 4264 Dominus
598 4206 663 4263 in
710 4206 970 4280 virgineo
1016 4198 1220 4266 ventre
1266 4208 1607 4283 completur.
1660 4208 1974 4282 Conjuncto

2069 4203 2283 4254 nostrae
2318 4194 2684 4268 signaculum
2724 4210 2842 4254 non
2880 4195 3071 4254 solum
3108 4197 3304 4269 sacris,
3335 4198 3458 4258 sive
3493 4201 3797 4259 sacrandis
3871 4229 3877 4235 -

256 4294 458 4370 itaque
504 4311 770 4367 numero,
797 4313 914 4372 quo
956 4296 1112 4356 Deus
1139 4313 1311 4371 opem
1354 4314 1462 4357 sua
1510 4298 1662 4368 fecit,
1699 4314 1832 4358 cum
1876 4300 1980 4360 illo
2072 4284 2249 4343 rebus
2276 4284 2694 4357 imprimimus,
2723 4285 2822 4342 sed
2847 4284 3023 4343 etiam
3052 4286 3367 4360 alimentis,
3398 4288 3523 4346 sive
3558 4288 3795 4362 quibus-

259 4398 378 4456 quo
414 4384 696 4459 templum
732 4393 817 4444 est
852 4386 1174 4458 conditum,
1206 4386 1440 4445 Domini
1475 4402 1685 4461 corpus
1710 4388 1979 4461 efﬁcitur,
2072 4373 2214 4431 libet
2249 4373 2425 4431 etiam
2463 4373 2638 4432 rebus
2681 4373 3009 4432 domesticis
3044 4374 3431 4447 adhibemus;
3462 4385 3527 4435 ut
3551 4377 3794 4435 eviden-

260 4479 328 4532 ut
375 4473 544 4532 nobis
590 4473 760 4532 detur
810 4474 1080 4550 intelligi,
1132 4475 1271 4550 quia
1315 4470 1416 4549 per
1462 4476 1610 4535 illud
1657 4469 2161 4563 divinitatisntel‘
2187 4470 2474 4560 appareat.
2513 4463 2669 4563 qugd
2703 4469 2758 4561 βε
2788 4465 2984 4563 ιλίξυιξοἶ
3012 4469 3342 4563 etquaeqtge
3371 4467 3627 4563 human?
3658 4473 3799 4525 sunt

261 4560 565 4635 templum,
615 4561 771 4651 quod
806 4562 869 4620 in
919 4561 1174 4636 Virginis
1220 4569 1385 4622 utero
1427 4572 1823 4624 constructum
1871 4572 1974 4637 est,

2079 4552 2217 4609 usui
2246 4551 2588 4621 necessaria,
2613 4551 2790 4623 hujus
2812 4552 3025 4610 virtute
3050 4552 3203 4627 signi
3229 4568 3261 4608 a
3275 4552 3409 4625 jure
3430 4557 3565 4608 sunt
3590 4552 3800 4611 daemo-

265 4649 542 4709 universa
573 4657 713 4709 sunt
740 4650 844 4710 Dei
874 4666 1044 4724 opera
1081 4658 1418 4712 restaurata.
1456 4652 1619 4712 Sicut
1652 4652 1793 4711 dicit
1830 4653 1974 4727 Apo-

2076 4655 2224 4698 num
2275 4639 2559 4698 absoluta.
2606 4639 2756 4699 Nam
2801 4647 2857 4698 et
2900 4642 2963 4699 in
3005 4641 3130 4714 ipso
3169 4640 3569 4712 Redemptoris
3616 4641 3798 4699 nostri

267 4735 455 4795 stolus
485 4756 498 4796 :
537 4760 558 4787 α
592 4735 740 4807 Quia
781 4737 1079 4812 proposuit
1115 4739 1271 4798 Deus
1313 4740 1376 4798 in
1407 4739 1834 4815 dispensatione
1863 4741 1984 4814 ple-

270 4824 565 4884 nitudinis
620 4833 942 4900 temporum
998 4825 1324 4885 instaurare
1371 4827 1572 4886 omnia
1621 4829 1685 4886 in
1742 4828 1988 4901 Christo,

272 4929 405 4989 quae
431 4916 493 4972 in
532 4915 713 4987 cretis,
738 4921 795 4973 et
829 4915 893 4973 in
937 4915 1103 4973 terris
1146 4922 1284 4973 sunt
1317 4916 1393 4972 in.
1428 4916 1553 4989 ipso
1597 4920 1823 4988 (Ephes.
1858 4926 1925 4987 1).
1963 4940 1986 4969 ι

274 5002 393 5063 Sed
434 5005 545 5063 hoc
580 5005 834 5078 corporis
875 5003 1180 5077 templum,
1217 5004 1373 5077 quod
1414 5018 1515 5077 per
1553 5005 1851 5062 senarium
1877 5022 1991 5065 nu-

277 5108 510 5152 merum
554 5092 682 5151 tieri
725 5092 925 5151 divina
960 5091 1323 5166 providentia
1360 5092 1564 5160 voluit,
1611 5093 1798 5151 tribus
1835 5093 1995 5153 horis

278 5181 519 5243 Judaica
567 5182 860 5255 impietate
914 5180 1279 5251 resolutum,
1340 5180 1528 5240 triduo
1587 5182 1993 5255 reaediﬁcavit,

282 5273 432 5332 sicut
471 5271 594 5346 ipse
631 5270 769 5329 dicit
801 5295 814 5330 :
854 5293 883 5323 α
929 5266 1148 5330 Solvite
1181 5268 1461 5343 templum
1490 5269 1616 5342 hoc,
1654 5278 1710 5329 et
1738 5279 1865 5345 post
1892 5270 1997 5329 tri-

282 5364 466 5423 duum
499 5362 862 5422 reaediticabo
899 5361 1070 5420 illud.
1112 5360 1235 5419 Hoc
1264 5367 1480 5433 autem,
1516 5360 1706 5435 inquit
1746 5377 1997 5435 evange-

279 5452 414 5511 lista
438 5498 456 5524 ,
508 5450 733 5510 dicebat
789 5451 861 5509 de
907 5450 1120 5524 templo
1173 5448 1424 5524 corporis
1477 5451 1566 5508 sui
1618 5451 1789 5523 (Joan.
1846 5450 1926 5523 ιι).
1968 5473 1994 5503 ι»

278 5540 398 5600 Nec
447 5541 687 5614 mirum,
726 5539 776 5599 si
821 5541 975 5613 quod
1012 5553 1115 5613 per
1163 5539 1457 5599 senarium
1496 5539 1710 5598 factum
1754 5544 1860 5611 est,
1900 5555 2002 5614 per

284 5631 606 5691 ternarium
638 5631 712 5690 sit
741 5629 1021 5704 solutum,
1047 5643 1150 5702 per
1187 5630 1508 5691 ternarium
1537 5645 1768 5706 quoque
1794 5644 1997 5691 rursus

2076 4728 2358 4803 patibulo,
2391 4735 2548 4788 tanto
2584 4745 2702 4788 non
2734 4730 3029 4801 humanae,
3069 4729 3167 4788 sed
3207 4729 3424 4787 divinzn
3453 4730 3592 4787 artis
3631 4731 3798 4789 beata

2080 4835 2227 4885 crux
2281 4819 2488 4879 librata
2544 4827 2629 4880 est
2680 4822 3037 4896 magisterio;
3096 4827 3161 4877 ut
3207 4826 3379 4892 caput
3434 4819 3668 4878 Domini
3723 4820 3797 4879 ad

2080 4911 2381 4983 orientem,
2402 4912 2577 4985 pedes
2599 4912 2671 4970 ad
2693 4912 3065 4980 occidentem,
3089 4908 3329 4966 dextera
3347 4909 3420 4966 ad
3440 4909 3800 4984 aquilonem,

2084 5000 2319 5059 sinistra
2347 5001 2601 5060 tenderet
2630 5002 2703 5060 ad
2726 5001 3060 5069 meridiem;
3087 5007 3376 5072 quatenus
3406 5001 3609 5059 mundi
3634 5000 3801 5074 prin-

2084 5090 2271 5164 cipem
2316 5090 2388 5147 ab
2431 5088 2705 5149 omnibus
2748 5089 3008 5161 undique
3044 5087 3230 5161 plagis
3268 5088 3618 5159 excluderet,
3659 5088 3801 5147 dum

2086 5186 2397 5260 quadriﬁdi
2441 5185 2597 5245 orbis
2642 5183 2872 5241 climata
2908 5197 3009 5257 per
3055 5184 3395 5257 quadratam
3444 5182 3632 5242 crucis
3670 5198 3803 5255 spe-

2087 5275 2237 5333 ciem
2271 5280 2588 5347 occuparet.
2620 5270 2784 5330 Unde
2810 5276 2867 5329 et
2900 5273 3022 5345 ipse
3048 5271 3186 5330 dicit
3219 5291 3232 5329 :
3264 5292 3293 5327 «
3323 5272 3493 5331 Nunc
3513 5270 3804 5345 judicium

2091 5369 2176 5422 est
2200 5362 2427 5433 mundi,
2451 5376 2611 5419 nunc
2642 5360 2906 5435 princeps
2931 5360 3110 5435 hujus
3133 5362 3340 5420 mundi
3366 5360 3628 5432 ejiciatur
3654 5360 3806 5418 foras

2093 5457 2270 5524 (Joan.
2302 5453 2429 5523 x11).
2469 5473 2491 5501 η
2528 5448 2624 5508 Sic
2667 5447 2751 5507 sic
2794 5464 3004 5523 nempe
3047 5449 3239 5509 decuit
3289 5449 3557 5508 omnium
3598 5463 3806 5523 perva-

2094 5539 2284 5603 sorem
2306 5540 2379 5600 ab
2405 5538 2680 5600 omnibus
2705 5537 2883 5598 simul
2919 5537 3072 5612 ejici,
3103 5537 3232 5598 talis
3264 5552 3367 5612 pro
3395 5537 3570 5597 totius
3596 5537 3806 5597 mundi

2096 5634 2279 5695 salute
2310 5631 2496 5694 hostia
2521 5629 2721 5692 debuit
2749 5629 3057 5704 immolari,
3089 5645 3224 5705 quae
3252 5634 3310 5690 et
3340 5644 3445 5704 per
3476 5643 3807 5691 sacramen-
