4178 6466
458 290 566 349 775

1075 286 1133 347 S.
1179 286 1398 345 PETRI
1437 284 1760 344 DAMIANI
1800 284 1956 345 OPP.
2002 278 2197 342 PARS
2240 273 2382 337 SEU
2422 272 2675 335 TOMUS
2717 273 2794 331 II.
2835 304 2902 316 —
2946 270 3372 332 SERMONES.

3885 272 4006 331 776

463 426 588 478 tum
616 423 821 477 cuncta
856 416 1176 490 respiceret,
1207 423 1262 472 et
1293 431 1367 472 ex
1400 416 1612 473 virtute
1647 414 1844 474 omnia
1882 414 2166 472 liberaret.
2195 407 2412 471 Atione
2462 402 2833 479 suspendere,
2874 418 3054 476 quem
3103 401 3319 460 calum
3372 408 3429 461 et
3486 407 3636 460 terra
3684 409 4007 477 nequeunt

464 508 637 566 Tunc
670 506 841 579 plane
879 509 1002 563 erat
1036 519 1183 562 crux
1227 502 1535 562 humiliata
1579 519 1714 561 cum
1752 502 2020 572 Domino,
2049 515 2178 559 ecce
2262 498 2582 556 sustinere!
2620 495 2664 554 Ο
2687 510 2838 552 crux
2864 492 3068 566 purior
3096 492 3267 564 vitro,
3295 491 3628 552 rutilantior
3654 508 3816 562 auro,
3848 507 4004 567 qua

464 597 657 654 veniet
686 593 931 651 exaltata
957 608 1090 651 cum
1113 591 1379 650 Domino.

541 684 688 742 Nolo
715 698 818 741 vos
841 682 1032 753 lateat,
1064 681 1267 738 fratres
1297 680 1433 750 mei,
1461 679 1598 753 quia
1627 680 1688 737 in
1727 677 2009 737 tremendi
2035 690 2176 733 exa-

457 773 633 832 minis
665 770 758 829 die
796 771 960 829 beata
1005 786 1151 828 crux
1186 769 1344 827 ulnis
1382 767 1691 827 advehitur
1725 766 2087 840 angelorum,
2118 768 2176 821 et

455 866 589 919 ante
617 857 885 917 omnium
920 858 1154 930 ponitur
1184 872 1285 914 ora
1316 854 1667 912 mortalium.
1706 852 1831 911 Non
1856 869 2000 911 auro
2022 854 2168 926 jam,

456 950 549 1008 vel
580 948 828 1023 gemmis
865 953 1087 1016 ornata,
1121 946 1219 1003 sed
1250 943 1567 1002 radiantior
1600 942 1708 1000 erit
1738 942 1877 1011 sole,
1912 941 2000 997 vel
2032 939 2169 997 stel-

454 1039 529 1097 lis
560 1055 634 1098 ex
667 1039 879 1097 virtute
906 1038 1122 1095 divina.
1158 1034 1451 1109 Proposita
1478 1041 1629 1092 certe
1659 1040 1799 1094 tunc
1840 1032 1948 1090 erit
1979 1032 2042 1089 in
2070 1046 2163 1103 eo-

455 1144 589 1186 rum
634 1127 901 1202 gloriam,
932 1126 1034 1199 qui
1073 1141 1199 1183 eam
1239 1124 1548 1197 diligentes
1593 1138 1668 1179 ex
1715 1120 1989 1178 charitate
2019 1133 2172 1177 com—

455 1212 617 1286 plexi
648 1220 805 1280 sunt,
839 1219 896 1271 et
936 1228 969 1269 e
1007 1211 1234 1269 diverso
1266 1211 1330 1267 in
1375 1223 1577 1267 eorum
1622 1207 2016 1281 opprobrium,
2066 1207 2169 1280 qui

456 1313 585 1356 eam
646 1305 773 1371 post
828 1297 1271 1371 Redemptorem
1326 1310 1500 1354 suum
1553 1302 1778 1366 portare
1834 1294 2170 1352 noluerunt.

456 1389 627 1460 Nam,
650 1395 714 1446 ut
751 1395 1044 1446 taceamus
1081 1387 1319 1445 interim
1356 1386 1427 1443 de
1464 1385 1575 1454 his,
1604 1384 1705 1458 qui
1736 1399 1871 1442 eum
1901 1398 2168 1457 pupuge-

455 1483 615 1547 runt,
646 1481 702 1533 et
755 1475 895 1548 quia
948 1474 1218 1548 plangent
1274 1489 1335 1531 se
1395 1488 1565 1546 super
1617 1488 1678 1529 se
1728 1486 1930 1529 omnes
1989 1472 2171 1529 tribus

454 1573 664 1637 terra,
719 1565 910 1624 omnis
965 1566 1023 1622 in
1083 1580 1198 1639 quo
1256 1571 1392 1623 tunc
1444 1564 1620 1637 hujus
1674 1561 1961 1620 salutiferi
2016 1560 2170 1635 signi

455 1656 643 1730 ﬁgura
673 1671 787 1714 non
824 1653 1101 1721 cernitur,
1129 1653 1290 1711 velut
1319 1660 1631 1710 extraneus
1669 1655 1725 1707 et
1754 1650 1983 1723 ignotus
2019 1649 2171 1706 inter

2260 593 2535 663 tanquam
2562 584 2942 644 vernantibus
2971 583 3218 657 gemmis
3245 589 3300 640 et
3329 581 3677 655 margaritis,
3705 582 4005 640 membris

2256 683 2459 735 ornata
2495 692 2557 732 es
2606 673 2952 733 Salvatoris!
2994 673 3040 732 Ο
3082 688 3231 731 crux
3285 672 3427 732 luna
3483 672 3807 743 micantior,
3866 673 4003 731 sole

2256 765 2629 840 splendidior,
2658 779 2790 836 qua
2834 778 2953 836 pra
3007 761 3196 820 divini
3257 761 3657 835 magnitudine
3711 762 3998 831 luminis,

2255 853 2553 912 stellarum
2581 851 2773 924 jubar,
2818 858 2871 908 et
2914 849 3111 908 omnia
3147 848 3279 907 cali
3326 857 3479 908 astra
3520 849 3831 923 pracedis!
3894 849 3997 908 Tu

2253 943 2375 1000 sola
2404 942 2555 999 inter
2586 938 2781 997 omnia
2812 938 2973 1012 ligna
2998 938 3281 996 silvarum
3307 937 3487 995 electa
3513 954 3575 996 es
3602 938 3675 996 ad
3705 939 3997 996 humana

2252 1030 2630 1105 redemptoris
2697 1028 2975 1088 oﬂicium.
3051 1029 3141 1087 Tu
3194 1028 3422 1101 pondus
3484 1028 3630 1088 illud
3691 1029 3997 1088 sustinere

2253 1119 2534 1187 meruisti,
2586 1119 2755 1192 cujus
2794 1119 3009 1177 virtute
3058 1116 3270 1175 calum
3323 1117 3597 1187 volvitur,
3650 1124 3797 1176 terra
3848 1133 3993 1176 sus-

2252 1209 2541 1282 penditur,
2574 1214 2630 1265 et
2674 1207 2944 1265 universa
2976 1206 3183 1264 mundi
3232 1205 3502 1263 machina
3545 1220 3849 1279 nunquam
3880 1221 3985 1264 ca-

2253 1312 2388 1353 sura
2433 1294 2696 1353 libratur.
2747 1292 2828 1351 Te
2862 1300 3072 1352 tartara
3119 1297 3415 1361 metuunt,
3454 1291 3650 1366 angeli
3698 1308 3993 1350 veneran-

2256 1391 2371 1456 tur,
2403 1392 2458 1443 et
2482 1384 2676 1443 omnis
2698 1398 2895 1440 rerum
2918 1390 3179 1440 creatura
3204 1384 3474 1441 miratur.

2272 1474 2275 1477 ’
2326 1475 2370 1534 Ο
2404 1491 2537 1534 vere
2585 1472 2798 1532 nobilis
2826 1472 3018 1543 arbor,
3048 1488 3182 1546 qua
3211 1472 3282 1531 de
3316 1478 3544 1530 terreno
3584 1470 3823 1545 quidem
3860 1486 3991 1529 ces-

2252 1566 2368 1640 pite
2404 1572 2528 1623 orta
2570 1560 2828 1635 procedis
2855 1605 2868 1631 ,
2905 1562 3004 1619 sed
3057 1576 3230 1634 super
3281 1567 3433 1620 astra
3478 1559 3607 1618 coeli
3654 1560 3851 1618 felices
3883 1575 3990 1618 ra-

2251 1669 2377 1711 mos
2414 1651 2735 1725 expandisl
2769 1648 2925 1708 Olim
2968 1649 3209 1724 quidem
3252 1650 3476 1709 fructus
3524 1654 3663 1709 tuus
3689 1650 3987 1724 gehenna

458 1745 750 1820 reprobos,
785 1744 1011 1817 justitia
1057 1739 1206 1830 2564
1239 1742 1510 1830 dictante,
1541 1738 1878 1830 repellitur:
1912 1737 2015 1830 qui
2060 1754 2226 1830 au-B
2253 1748 2374 1803 erat
2423 1742 2738 1830 obnoxius,
2784 1749 2924 1800 tunc
2971 1742 3172 1801 cedros
3218 1743 3511 1817 germinas
3571 1742 3869 1830 paradiso;
3923 1749 3985 1799 et

454 1838 571 1890 tem
623 1830 795 1904 hujus
831 1830 1017 1888 divini
1059 1828 1211 1887 tituli
1256 1829 1625 1903 reperiuntur
1664 1826 2045 1900 impressione
2086 1826 2219 1885 si:
2252 1831 2371 1890 vivi
2399 1848 2475 1889 ex
2511 1838 2565 1888 te
2596 1829 2812 1904 lapides
2854 1830 3163 1902 prodeunt,
3195 1830 3411 1903 quibus
3455 1845 3726 1905 superna
3759 1829 3982 1888 Hieru-

450 1920 631 1994 gnati,
660 1919 798 1993 quia
836 1918 1234 1991 Redemptoris
1273 1918 1365 1977 sui
1403 1917 1536 1975 facti
1578 1922 1715 1974 sunt
1754 1914 2070 1973 imitatores
2106 1916 2169 1973 in
2251 1919 2431 1978 salem
2489 1918 2735 1977 adiﬁcia
2786 1924 3225 1978 construuntur.
3287 1917 3331 1977 Ο
3388 1920 3554 1977 beata
3607 1932 3777 1988 crux,
3835 1917 3982 1990 quia

448 2022 643 2081 pcena,
683 2013 823 2066 tunc
847 2006 1036 2065 eidem
1056 2004 1249 2064 Judici
1272 2004 1580 2078 participes
1604 2001 1930 2060 eﬂicientur
1955 2002 2016 2059 in
2046 2001 2169 2075 glo-
2250 2024 2386 2068 cum
2420 2008 2503 2067 sol
2545 2008 2735 2066 radios
2777 2008 3169 2077 absconderet,
3199 2023 3271 2066 ne
3312 2007 3689 2079 sacrilegium
3710 2006 3934 2065 videret
3962 2025 3977 2074 ;

454 2095 563 2154 ria.
2251 2114 2385 2159 cum
2452 2105 2596 2156 terra
2651 2104 2940 2168 tremeret,
2994 2093 3139 2152 257
3192 2112 3329 2157 cum
3378 2097 3663 2156 elementa
3709 2097 3979 2155 nutantia

521 2183 688 2241 Tunc
729 2183 927 2257 itaque
966 2182 1063 2241 ﬁet
1097 2182 1255 2256 quod
1290 2179 1602 2255 Apostolus
1642 2179 1763 2237 ait:
1800 2176 1999 2247 «Quia
2035 2194 2169 2237 cum
2252 2186 2561 2245 formidine
2588 2186 2964 2260 palpitarent;
2989 2190 3053 2243 tu
3092 2185 3362 2245 morienti
3394 2185 3640 2244 Domino
3670 2184 3980 2243 individua

451 2273 753 2333 tradiderit
794 2289 1043 2348 regnum
1095 2273 1212 2332 Deo
1245 2271 1418 2341 Patri,
1460 2287 1596 2330 cum
1640 2268 2007 2328 evacuaverit
2043 2284 2169 2326 om-
2252 2274 2515 2334 meruisti
2566 2290 2756 2333 comes
2812 2275 3096 2343 assistere,
3152 2273 3389 2333 brachia
3453 2273 3660 2332 devota
3718 2273 3976 2332 subster-

451 2378 586 2422 nem
615 2362 1024 2437 principatum,
1055 2369 1109 2421 et
1136 2377 1373 2420 omnem
1404 2366 1762 2434 potestatem,
1792 2364 1847 2416 et
1869 2358 2164 2427 Virtutem,
2254 2380 2408 2433 nere,
2447 2373 2502 2423 et
2535 2372 2632 2423 tuo
2664 2365 2905 2438 insuper
2936 2363 3062 2421 miti
3100 2363 3322 2435 gremio
3358 2365 3699 2423 confovere!
3729 2363 3774 2422 Ο
3813 2363 3979 2422 beata

453 2451 774 2511 saevissima
813 2452 1139 2511 destruetur
1188 2466 1343 2508 mors
1395 2453 1447 2518 (I
1493 2450 1612 2506 Cor.
1661 2455 1789 2516 XV).
1824 2471 1849 2495 »
1901 2445 2169 2519 Regnum
2251 2470 2417 2521 crux,
2451 2469 2586 2526 qua
2637 2451 3039 2526 Redemptoris
3086 2452 3292 2511 mundi
3330 2468 3391 2510 es
3419 2451 3693 2511 afﬁxione
3739 2453 3978 2526 conspi-

450 2546 647 2597 autem
694 2539 848 2597 Patri
888 2538 1107 2597 tradere
1148 2539 1399 2613 profecto
1450 2536 1598 2593 nihil
1649 2540 1735 2593 est
1777 2534 1958 2605 aliud,
1992 2549 2169 2608 quam
2250 2558 2380 2611 oua,
2421 2548 2477 2599 et
2529 2542 2773 2615 pretioso
2833 2541 3193 2600 immaculati
3242 2541 3399 2612 Agni
3452 2541 3627 2600 rubes
3684 2540 3979 2615 sanguine

450 2626 746 2684 credentes
801 2624 863 2683 in
916 2642 977 2683 se
1020 2626 1092 2682 ad
1142 2624 1363 2682 divina
1411 2622 1914 2696 contemplationis
1958 2638 2169 2680 arcana
2249 2632 2594 2703 purpurata!
2629 2630 2719 2687 Tu
2751 2630 2908 2688 salus
2959 2630 3165 2688 mundi
3213 2629 3437 2703 perditi,
3471 2638 3533 2689 tu
3564 2630 3668 2688 lux
3712 2629 3775 2687 in
3817 2636 3977 2689 tene-

450 2716 783 2789 perducere.
832 2712 998 2772 Tunc
1044 2714 1364 2788 completur
1401 2714 1501 2771 illa
1544 2713 1835 2771 Zacharia
1874 2713 2167 2787 propheta
2251 2718 2371 2777 bris
2405 2719 2721 2789 constituti,
2754 2726 2817 2775 tu
2864 2718 3152 2775 medicina
3196 2718 3727 2792 languentium,,tu
3756 2733 3978 2776 conva-

450 2805 599 2862 visio
630 2806 812 2873 (Zach.
862 2808 978 2871 III),
1028 2817 1143 2873 qua
1182 2802 1448 2859 Videlicet
1486 2801 1907 2874 Contemplatus
1946 2809 2030 2859 est
2073 2801 2171 2859 Je-
2254 2809 2591 2866 lescentium
2637 2808 2844 2879 virtus,
2876 2816 2940 2868 tu
2986 2809 3446 2881 periclitantibus
3493 2817 3710 2883 portus,
3749 2816 3813 2867 tu
3844 2825 3977 2867 eva-

452 2906 606 2961 ευω,
638 2888 990 2948 sacerdotem
1035 2903 1314 2961 magnum
1362 2888 1423 2945 in
1467 2888 1698 2947 sordido
1736 2888 1971 2957 habitu;
2005 2888 2171 2947 ἀρνί·
2253 2898 2525 2957 dentibus
2554 2896 2625 2955 de
2656 2898 2820 2956 fauce
2849 2899 3051 2956 mortis
3080 2897 3410 2970 aufugium.
3453 2897 3561 2955 Per
3589 2904 3645 2955 te
3680 2896 3977 2971 peregrini

452 2984 659 3052 ctoque
694 2983 867 3050 atque
902 2975 1194 3049 increpato
1232 2975 1479 3046 diabolo,
1514 2977 1616 3051 qui
1664 2977 1736 3034 ad
1769 2980 1893 3049 ejus
1933 2992 2167 3035 accusa-

2254 2994 2556 3045 transeunt
2593 2987 2653 3044 in
2684 2986 3044 3058 domesticos,
3079 2994 3134 3045 et
3172 3002 3289 3058 eos,
3320 2988 3423 3061 qui
3468 2987 3695 3046 dudum
3745 2987 3979 3045 fuerant

453 3066 674 3124 tionem
718 3063 923 3134 stabat,
952 3062 1181 3120 sordida
1225 3078 1365 3120 mox
1413 3071 1571 3121 veste
1617 3064 1788 3122 Jesus
1828 3064 2086 3136 exuitur,
2117 3070 2530 3147 etnhospites,
2580 3072 2969 3147 apostolorum
3023 3072 3216 3132 reddis
3272 3090 3397 3133 esse
3444 3076 3731 3134 concives.
3789 3074 3863 3133 In
3923 3081 3979 3133 te

450 3153 691 3243 honoris
722 3169 787 3243 ac
819 3151 1687 3243 gloriaindumentovestitur.
1716 3152 1935 3243 Corpus
1962 3126 2411 3229 nempecmorrs
2458 3126 2699 3221 cruerita
2735 3163 2878 3220 dum
2922 3162 3130 3221 occidit
3165 3161 3463 3233 occiditur,
3501 3167 3700 3221 auctor
3744 3168 3802 3220 et
3850 3163 3979 3236 ipse

450 3244 591 3304 Jesu
641 3240 890 3299 Ecclesia
932 3240 1161 3310 dicitur,
1194 3237 1328 3313 qua
1373 3237 1640 3297 videlicet
1677 3255 1835 3299 nunc
1887 3241 1951 3299 in
1997 3243 2172 3317 hujus
2255 3250 2455 3309 mortis
2502 3249 2916 3322 exstinguitur,
2960 3250 3078 3308 vita
3118 3249 3456 3308 hominibus
3493 3248 3715 3323 perdita
3741 3264 3977 3323 repara-

449 3328 930 3404 peregrinationis
955 3344 1219 3386 arumna
1258 3328 1425 3402 quasi
1462 3327 1689 3387 sordida
1729 3328 2171 3391 tribulationum
2254 3344 2368 3397 tur.
2402 3337 2493 3396 Tu
2537 3337 2775 3396 armasti
2824 3353 3066 3397 manum
3112 3338 3277 3397 Jahel
3327 3338 3514 3410 clavo,
3545 3354 3661 3412 quo
3709 3337 3980 3396 videlicet

452 3434 519 3477 ac
557 3432 964 3493 pressurarum
1008 3423 1166 3475 veste
1215 3417 1481 3475 radatur.
1526 3416 1637 3476 Sed
1685 3424 1856 3490 tunc,
1900 3419 2171 3479 damnato
2256 3425 2511 3486 Sisaram
2558 3443 2661 3501 per
2712 3435 2940 3501 tempus
2984 3428 3185 3502 capitis
3231 3433 3549 3501 utrumque
3599 3426 3979 3486 transfoderet

450 3513 505 3566 el
543 3507 853 3603 ‘reprobato
892 3505 1153 3603 diabolo,
1201 3512 1411 3603 sancta.
1448 3503 1701 3600 Ecclesia
1757 3508 1925 3565 radis
1971 3516 2167 3581 exuta,

2254 3521 2455 3587 (Judic.
2486 3523 2683 3590 1v),.et
2711 3520 2772 3577 in
2810 3527 2941 3594 typo
2988 3518 3259 3579 Ecclesia
3299 3519 3597 3579 diabolum
3643 3519 3972 3578 trucidaret.

452 3593 596 3692 ἔβοιέ
621 3594 804 3692 Βεεὸιεέ
838 3592 1287 3692 Ῐωξῐιοΐΐςθξὶίᾶῖίε
1317 3592 1603 3692 indaitur,
1630 3602 1686 3651 θί
1726 3594 1799 3652 de
1838 3598 2168 3692 Ρθΐθξιζνὶυᾶ-
2253 3608 2343 3668 Tu
2372 3610 2619 3669 fundam
2650 3592 2850 3669 David
2872 3609 3125 3684 implesti
3164 3610 3372 3683 lapide,
3408 3625 3525 3683 quo
3563 3609 3976 3669 Philisthaum

452 3682 626 3780 £19m?
664 3681 832 3780 ίμιοῐιξ
870 3680 943 3780 af}
988 3680 1232 3780 Qfltl'iflm
1278 3681 1492 3780 αιξὶθιίε
1535 3684 1770 3779 (mem?
1802 3685 2165 3780 lmﬂSf€_I‘iUI‘-
2250 3697 2479 3757 Goliath
2528 3698 2792 3771 signatus
2838 3698 2902 3755 in
2954 3680 3143 3756 fronte
3191 3680 3472 3771 percutiat
3520 3700 3566 3770 (Ι
3612 3702 3745 3767 Reg.
3802 3700 3973 3772 XVII),

456 3769 618 3830 Sicut
674 3769 739 3827 in
801 3768 1177 3827 dedicationis
1235 3768 1457 3842 psalmo
1531 3770 1835 3843 perspicue
1898 3773 2162 3833 canitur:

2254 3790 2354 3849 ubi
2394 3768 2661 3848 videlicet
2696 3789 2974 3862 profanus
3010 3789 3097 3847 tui
3139 3768 3668 3864 signaculumlnon
3700 3768 3969 3848 habebat.

455 3883 483 3911 σι
510 3856 1139 3957 ροξινθτῐὶεῖξννίξῖρυίι,
1186 3856 1482 3929 Planctum
1535 3872 1734 3957 mellm
1776 3860 1851 3957 i11_
1887 3862 2169 3957 géudium
2251 3875 2296 3935 Ο
2342 3877 2509 3935 beata
2557 3856 2725 3949 crux,
2773 3883 2825 3935 te
2869 3856 3329 3951 patriarcharum
3376 3877 3539 3949 ﬁdes,
3588 3885 3645 3936 te
3697 3877 3973 3936 vaticinia

452 3946 637 4045 in“???
664 3943 993 4045 °9PSQidisﬁ
1040 3960 1273 4045 βείθθίξω
1321 3962 1540 4045 mem?)
1582 3954 1638 4006 εί
1679 3950 2170 4045 Nimiumst???
2251 3967 2661 4039 prophetarum
2693 3943 2721 4039 ,⁷
2769 3973 2822 4025 te
2869 3943 3063 4039 judex
3117 3943 3536 4039 apostolorum'
3577 3973 3856 4039 senatus,
3920 3973 3975 4025 te

452 4034 657 4139 ξὶθῐὶξίεξ
698 4034 860 4106 (Ρεαιο
893 4038 1091 4139 ὶξΧΙΧὶο
1123 4035 1262 4139 »τρε
1290 4036 1827 4139 ἰ’ςθιξτοὺίεηςιᾳρψιθ
1860 4044 1996 4139 "an
2022 4039 2169 4139 “illd
2252 4034 2575 4129 martyrum
2628 4034 2811 4114 victor
2852 4034 3174 4127 exercitus,
3213 4055 3595 4129 omniumque
3640 4034 3973 4114 sanctorum

453 4125 748 4225 impletur,
792 4125 947 4200 quod
992 4140 1094 4199 per
1144 4125 1505 4186 Ezechielem
1550 4128 1802 4188 dicitur:
1853 4154 1875 4181 ι
1906 4130 2167 4189 Transite

2254 4125 2485 4219 agmina
2535 4153 2908 4217 venerantur,
2966 4125 3282 4220 pradicant
3331 4154 3388 4205 et
3446 4125 3758 4206 honorant!
3818 4145 3973 4205 Odor

454 4232 558 4291 per
583 4220 895 4288 civitatem,
922 4222 978 4275 et
1003 4220 1316 4289 percutite;
1344 4233 1464 4276 non
1490 4225 1684 4291 parcat
1720 4220 1925 4280 oculus
1959 4227 2165 4295 vester,

2255 4235 2587 4309 fragrantia
2633 4242 2748 4294 tua
2786 4235 2984 4293 omnia
3025 4233 3207 4294 vincit
3250 4241 3523 4307 aromata,
3568 4242 3762 4294 nectar
3802 4241 3971 4294 tuum

453 4321 532 4364 ne
551 4305 1206 4397 mi§ereamim§_senem
1233 4310 1290 4363 et
1313 4305 1758 4397 adolescentem:
1785 4315 1839 4367 θῖ
1857 4309 2163 4384 Virginem.
2251 4305 2488 4382 cunctas
2554 4322 2984 4397 pigmentorum
3061 4322 3279 4396 species
3330 4329 3386 4381 et
3454 4305 3731 4381 universa
3796 4322 3973 4380 mella

452 4393 729 4469 parvulos
766 4400 821 4451 et
856 4394 1132 4453 mulieres
1157 4395 1460 4454 interficite
1489 4411 1677 4472 usque
1711 4399 1784 4457 ad
1819 4401 2167 4460 internecio-

2249 4411 2542 4487 pracedit.
2596 4410 2641 4469 Ο
2685 4410 2851 4469 beata
2898 4426 3067 4480 crux,
3114 4411 3315 4470 titulus
3362 4410 3585 4486 gloria,
3616 4412 3845 4485 insigne
3887 4410 3974 4469 vi-

450 4498 616 4574 nem}
645 4497 879 4574 omnem
924 4488 1140 4574 amem,
1173 4499 1346 4574 sui???
1375 4499 1553 4574 quem
1578 4486 1841 4547 Videritis
1874 4489 2062 4563 Thali,
2092 4486 2460 4571 neDCtoria,
2494 4499 2863 4574 signaculum
2909 4499 3324 4573 redemptionis
3364 4504 3632 4560 aterna!
3685 4500 3821 4558 Tibi
3867 4501 3971 4558 de-

451 4570 723 4630 occidatis
773 4573 985 4644 (Ezech.
1031 4572 1140 4643 1x).
1185 4592 1213 4624 »
1253 4572 1499 4646 Expleto
1533 4574 1728 4649 itaque
1758 4577 2000 4651 judicio,
2031 4596 2166 4640 cum

451 4663 578 4738 ipsa
601 4679 769 4723 cruce
786 4678 988 4722 omnes
1002 4663 1147 4737 justi
1175 4662 1356 4722 simul
1378 4666 1778 4739 provehuntur
1796 4669 1869 4728 ad
1896 4686 2161 4745 regnum,

452 4753 623 4826 cujus
650 4752 794 4812 olim
823 4753 946 4812 sive
990 4751 1053 4810 in
1092 4767 1249 4826 pace,
1277 4751 1400 4811 sive
1436 4754 1501 4811 in
1539 4758 1937 4827 persecutione
1976 4765 2169 4832 pertu-

452 4843 572 4902 lere
613 4843 984 4920 supplicium.
1026 4843 1097 4902 ln
1139 4842 1241 4902 illa
1276 4844 1454 4918 igitur
1500 4846 1948 4908 immortalitatis
1983 4851 2168 4924 gloria

448 4948 681 4993 crucem
709 4932 1238 5007 splendidissimam
1279 4949 1504 5009 semper
1550 4937 1857 5011 aspiciunt,
1898 4940 2163 5014 signum-

449 5040 565 5100 que
575 5023 853 5095 victoria,
872 5038 990 5097 quo
1002 5023 1283 5098 redempti
1302 5026 1860 5102 suntmundumque
1875 5028 2161 5103 vicerunt,

447 5113 663 5172 habere
700 5128 762 5172 se
797 5127 922 5188 pra
967 5113 1152 5173 oculis
1197 5114 1571 5176 inetl‘abiliter
1609 5116 1995 5191 gratulantur.
2024 5120 2162 5180 Pro-

451 5210 645 5275 pterea
704 5205 761 5259 et
815 5199 1130 5260 Salvatoris
1187 5201 1282 5260 sui
1332 5203 1549 5277 jugiter
1602 5203 1802 5264 laudes
1852 5205 2162 5280 alternant,

448 5289 621 5364 eique
678 5305 906 5364 semper
964 5290 1177 5366 gratias
1232 5290 1543 5351 referentes
1596 5294 1661 5353 in
1717 5294 1821 5353 illa
1873 5302 2167 5369 perpetua

443 5378 829 5450 jucunditatis
851 5379 1184 5439 amoenitate
1203 5377 1540 5452 tripudiant.

522 5466 722 5542 Itaque
748 5474 805 5527 et
832 5484 939 5528 nos
974 5467 1040 5527 in
1077 5465 1311 5526 laudem
1351 5468 1536 5529 beata
1577 5473 1764 5533 crucis
1792 5473 1935 5534 libet
1965 5476 2166 5536 excla-

452 5572 612 5618 mare
641 5581 656 5618 ε
684 5558 731 5619 0
758 5560 924 5621 beata
949 5575 1120 5637 crux,
1149 5574 1284 5637 qua
1306 5559 1477 5622 illum
1515 5565 1783 5627 meruisti
1808 5583 1958 5631 nova
1985 5568 2163 5631 libra-

2247 4592 2386 4650 bent
2443 4598 2685 4660 terrena,
2738 4590 2893 4664 quod
2945 4589 3189 4662 vivunt;
3231 4592 3484 4650 caelestia
3533 4592 3773 4664 insuper
3811 4590 3972 4663 quod

2246 4684 2319 4741 ad
2376 4699 2499 4742 sua
2556 4680 2902 4753 integritatis
2954 4679 3379 4754 plenitudinem
3439 4681 3701 4741 redeunt.
3753 4679 3864 4739 Per
3916 4688 3972 4739 te

2246 4772 2539 4847 siquidem
2568 4770 2641 4829 ad
2670 4770 2916 4842 patriam
2961 4771 3130 4830 exsul
3171 4772 3345 4831 homo
3393 4773 3724 4843 revertitur,
3753 4778 3810 4830 et
3859 4788 3969 4830 an-

2245 4861 2509 4935 gelorum
2538 4875 2838 4931 numerus,
2858 4860 2959 4935 qui
2986 4860 3310 4922 diminutus
3350 4862 3555 4933 fuerat,
3580 4861 3963 4919 instauratur.

2248 4951 2338 5011 Tu
2365 4952 2524 5023 facis,
2554 4957 2619 5010 ut
2653 4952 2995 5012 damonum
3039 4954 3211 5025 servi,
3248 4953 3351 5013 Dei
3397 4954 3539 5013 liant
3575 4969 3678 5027 per
3707 4954 3969 5028 adoptio-

2249 5056 2384 5099 nem
2433 5040 2561 5112 ﬁlii,
2587 5047 2643 5100 et
2689 5040 2833 5100 olim
2880 5041 3174 5103 idolorum
3225 5045 3494 5115 cultores,
3548 5059 3708 5103 nunc
3753 5043 3969 5103 Christi

2248 5130 2365 5188 sint
2403 5130 2751 5190 coharedes.
2784 5129 2829 5190 Ο
2868 5146 3017 5191 crux
3059 5132 3327 5206 gloriosa,
3360 5150 3393 5192 ο
3418 5149 3567 5193 crux
3603 5132 3964 5207 admiranda,

2247 5220 2343 5280 cui
2395 5220 2569 5280 totius
2616 5221 2775 5282 orbis
2819 5221 3067 5296 imperia
3110 5223 3450 5297 procidunt,
3499 5223 3691 5284 omnis
3747 5230 3969 5300 sceptra

2247 5309 2601 5456 pritgipatus
2646 5311 2947 5385 obediunt,
2989 5318 3448 5389 cunctorumque
3493 5330 3808 5389 regnorum
3833 5316 3969 5390 jura

2248 5412 2319 5456 su
2403 5403 2625 5456 unturl

2248 5403 2584 5459 subduntur
2611 5403 2625 5457 l

2321 5485 2434 5547 Sed
2464 5502 2569 5548 cur
2603 5503 2711 5550 nos
2752 5489 2969 5564 obrizo,
3002 5489 3128 5550 sive
3171 5490 3525 5555 carbunculo
3568 5491 3848 5552 adhibere
3873 5507 3972 5552 ex-

2250 5576 2534 5639 trinsecus
2583 5585 2927 5640 ornamenta
2993 5579 3400 5644 contendimus
3425 5629 3440 5655 ,
3495 5582 3736 5658 quibus,
3766 5582 3972 5657 utique
