4178 6434
471 315 573 374 777

1783 315 2014 373 SERMO
2056 312 2241 369 XLlX.

3625 312 3726 370 7'8

463 430 728 506 quidquid
754 433 1062 505 apponitur,
1093 447 1294 506 suppa-r
1319 444 1372 490 et
1398 435 1705 491 decolorius
1736 432 2043 490 invenitur?
2075 439 2121 494 Α
2153 429 2333 484 mundi
2371 427 2709 488 latitmli..em
2761 427 2968 500 spargit
3007 427 3244 484 cmi-stis
3301 427 3502 498 eloquii
3551 443 3731 484 sarra-

464 523 583 581 Non
610 525 790 585 enim.
817 539 850 579 ο
898 526 1051 580 beata
1102 541 1233 582 crux
1253 528 1274 581 -!
1305 527 1559 597 quaelibet
1597 527 1832 582 humana
1865 525 2047 597 lingua

465 623 560 668 tua
608 614 862 684 praevalet
908 625 1123 685 aequare
1164 618 1479 687 praeconia,
1519 616 1578 671 in
1628 631 1733 687 qua
1789 615 2046 672 nimirum

461 711 668 758 aeterna
698 703 807 757 vita
857 707 1109 774 pependit
1133 746 1148 770 ,
1199 722 1364 778 quam
1403 707 1554 762 salus
1601 707 1783 762 mundi
1823 708 2047 778 proprio

461 808 662 849 cruore
705 791 967 865 perfudit,
998 804 1052 851 et
1086 798 1286 852 summi
1315 796 1491 852 Patris
1515 796 1754 853 Verbum
1777 797 2045 867 singulari

463 882 549 938 sui
585 884 830 953 corporis
861 884 1218 940 contubernio
1249 886 1546 941 decoravit.
1577 881 1737 942 Solus
1761 886 1930 957 igitur
1956 895 2046 942 tua

462 973 584 1028 laus
608 983 714 1040 est,
739 973 831 1043 qui
864 974 1116 1045 pependit
1153 975 1205 1028 in
1235 983 1308 1029 te.
1339 975 1419 1029 Tu
1450 976 1594 1031 enim
1623 976 1882 1046 decepisti
1909 992 2045 1032 nova

463 1073 583 1120 arte
631 1063 930 1130 diaboium,
977 1072 1036 1119 et
1067 1064 1364 1119 reddidisti
1396 1065 1463 1120 de
1509 1065 1713 1121 victore
1749 1066 2042 1136 captivum.

463 1153 544 1207 Tu
581 1152 849 1223 siquidem
896 1164 1259 1208 consueveras
1288 1153 1492 1210 electas
1536 1153 1612 1208 illi
1645 1169 1800 1214 escas
1820 1153 2042 1222 nﬂ‘erre,

464 1253 627 1312 atque
659 1245 730 1298 ad
762 1242 879 1312 ejus
908 1243 1217 1298 insatiabiie
1242 1253 1446 1313 guttur,
1473 1246 1825 1315 quaequetibi
1849 1246 2046 1302 ﬁerent

463 1335 698 1390 obnoxia
723 1375 738 1397 ,
785 1333 1080 1390 destinare.
1119 1333 1425 1390 Novissime
1452 1343 1631 1389 autem
1661 1335 1822 1390 talem
1850 1335 2043 1402 hianti,

462 1439 529 1478 ac
556 1425 818 1480 devorare
846 1424 1086 1494 cupienti
1114 1425 1319 1489 cibum,
1345 1438 1378 1479 ο
1404 1425 1566 1479 beata
1596 1440 1752 1488 crux,
1778 1424 2042 1492 obtulisti,

460 1516 551 1586 qui
583 1524 640 1570 et
670 1515 854 1571 fauces
896 1516 1012 1583 ejus
1045 1514 1271 1571 occultae
1298 1515 1522 1570 virtutis
1540 1516 1709 1570 'hamo
1759 1515 2048 1585 transﬁge-

459 1614 566 1670 ret,
611 1614 667 1661 et
711 1619 1008 1666 vetet-ausa:
1052 1605 1270 1670 malitiae
1312 1614 1557 1661 ventrem
1589 1607 1674 1661 his
1697 1606 1792 1676 qui
1813 1606 1926 1674 jam
1951 1607 2044 1662 ab—

458 1695 628 1766 sorpti
650 1692 884 1759 fuerant,
909 1705 1182 1750 vacuaret.
1211 1695 1255 1752 Ο
1275 1711 1414 1751 crux
1435 1695 1698 1767 gloriosa,
1713 1712 1838 1766 qua:
1860 1698 2040 1758 omnia

2149 528 2410 574 mentum.

2215 615 2360 665 Inter
2402 624 2593 672 omnes
2622 610 2781 681 plane
2808 619 3049 678 sanctos,
3078 615 3168 682 qui
3205 613 3412 670 cmlesti
3441 611 3626 683 gloria
3664 614 3731 668 de

2147 700 2478 772 triumphato
2501 700 2705 770 mttndo
2733 701 2976 757 victoria:
3007 703 3195 775 titulos
3241 703 3559 769 intulerunt,
3608 705 3735 760 bea-

2147 799 2232 846 tus
2261 791 2544 846 Matthat'us
2579 792 2712 847 mihi
2758 792 2972 847 videtur
3022 793 3248 864 insignis
3274 833 3290 858 ,
3319 803 3478 864 atque
3503 796 3726 863 conspi-

2143 898 2310 958 cuus.
2341 891 2398 938 et
2439 881 2730 959 quemdam
2758 884 2900 938 inter
2921 897 3018 940 eos
3044 883 3321 954 dignitatis
3343 884 3590 940 obtinere
3620 884 3734 954 pri-

2143 983 2350 1039 matum
2375 991 2392 1039 ;
2426 982 2607 1044 atque,
2637 983 2696 1028 ut
2720 975 2980 1030 audenter
3003 975 3203 1040 dicam,
3235 990 3394 1030 nemo
3421 984 3545 1044 post
3573 974 3732 1030 Chri-

2145 1072 2287 1119 stum
2325 1074 2409 1120 est
2442 1066 2528 1120 cui
2557 1066 2728 1137 magis
2763 1065 2954 1124 debeat
2979 1074 3168 1120 sancta
3199 1059 3516 1120 universalis
3543 1065 3727 1122 Eccle-

2145 1153 2246 1208 sia.
2275 1152 2409 1211 Nam
2437 1155 2580 1232 quod
2605 1155 2836 1209 mundus
2887 1156 3055 1220 vivit,
3083 1156 3201 1210 haec
3248 1164 3332 1210 est
3370 1170 3553 1221 causa,
3602 1155 3730 1224 quia

2144 1243 2234 1297 lux
2305 1245 2460 1308 nobis
2509 1245 2818 1315 evangelica
2862 1246 3188 1302 coruscavit.
3246 1245 3472 1300 Constat
3545 1253 3724 1300 autem

2143 1332 2268 1402 quia
2299 1333 2504 1404 primus
2523 1334 2764 1402 omnium
2791 1333 3074 1389 Matthaeus
3098 1335 3362 1391 Hebraico
3393 1336 3532 1406 stylo
3554 1336 3725 1390 Evan-

2144 1423 2340 1493 gelium
2371 1423 2626 1493 scripsit;
2684 1425 2870 1494 sicque
2898 1425 2981 1479 his
3030 1427 3121 1494 qui
3158 1434 3406 1480 erantex
3445 1427 3732 1480 circumci-

2144 1513 2296 1572 sione
2325 1513 2573 1589 ﬁdelibus
2615 1515 2904 1570 neotericac
2951 1514 3072 1568 lidei
3124 1515 3392 1583 quoddam
3417 1515 3570 1583 quasi
3610 1529 3731 1584 spe-

2143 1607 2322 1662 culum
2370 1608 2699 1682 procuravit.
2746 1607 2882 1675 Quia
2917 1607 3081 1678 igitur
3113 1606 3180 1660 ad
3217 1615 3460 1661 sanctum
3495 1605 3731 1676 Evangeo
3765 1674 3772 1680 _

2144 1699 2274 1762 lium
2319 1700 2734 1769 describendum
2775 1699 2984 1769 primus
3017 1698 3118 1753 iste
3146 1697 3428 1768 prorupit,
3461 1695 3734 1752 scribendi

457 1783 763 1840 benedicis!
795 1778 840 1840 Ο
865 1800 996 1839 crux
1027 1786 1485 1856 benedicta,~qu:e
1507 1786 1575 1841 ab
1596 1787 2041 1842 onmibusbene-
2072 1779 2116 1838 Β
2143 1791 2356 1850 caeteris
2384 1791 2731 1862 evangelistis
2760 1791 2903 1845 viam
2932 1805 3228 1860 praecessor
3256 1789 3490 1859 aperuit,
3519 1799 3573 1843 et
3611 1798 3730 1843 tan-

459 1872 1039 1930 dicerisl'Benedictio
1087 1876 1230 1930 enim
1278 1886 1381 1930 'tua
1426 1886 1634 1930 ‘cuncta
1683 1875 1996 1931 sanctiﬁcat
2025 1917 2041 1942 ,

458 1965 811 2036 omniumque
838 1967 1144 2023 benedictio
1174 1982 1355 2023 rerum
1394 1970 1449 2022 in
1489 1977 1542 2023 te
1563 1969 1788 2038 copiosa
1839 1969 2046 2024 redun-

457 2055 570 2112 dat.
622 2056 669 2114 O
713 2074 848 2116 crux
882 2059 1198 2126 veneranda
1230 2099 1245 2123 ,
1275 2073 1308 2114 ο
1357 2074 1489 2114 crux
1537 2058 1838 2122 adoranda,
1869 2059 2041 2114 forma

457 2147 744 2214 mirabilis,
786 2148 957 2218 ﬁgura
1011 2144 1308 2212 terribilis‘!
1351 2145 1510 2203 Sicut
1539 2150 1686 2204 enim
1714 2149 1832 2204 ﬂuit
1856 2163 1986 2210 cera
2013 2165 2043 2204 a

455 2237 598 2293 facie
629 2239 791 2310 ignis,
832 2240 913 2294 sic
941 2249 1172 2309 pereunt
1199 2248 1529 2311 :pcccatores
1560 2255 1591 2294 a
1616 2239 1913 2305 facie-tua;
1943 2255 2045 2295 nec

455 2327 736 2396 reperiunt
760 2327 1322 2399 2581phantasmata
1347 2329 1676 2394 remorandi,
1707 2328 1792 2384 vel
1819 2329 2043 2385 cedendi

457 2414 656 2479 locant,
701 2417 792 2471 ubi
850 2427 998 2482 tuum
1049 2432 1382 2485 conspexere
1424 2417 1864 2488 signaculum..0
1903 2434 2043 2474 crux

458 2507 712 2562 amabilis
738 2517 794 2563 et
823 2508 1039 2576 dilecta,
1065 2509 1246 2562 suavis
1269 2508 1524 2562 nimirum
1542 2515 1606 2562 et
1621 2507 1856 2572 decora;
1885 2523 2043 2563 amo-

457 2598 534 2650 ris
567 2597 642 2651 tui
673 2595 886 2652 ﬂamma
916 2608 1075 2653 omne
1101 2611 1198 2652 cor
1219 2609 1412 2651 sanum
1431 2596 1658 2666 sapiens
1687 2606 1903 2663 aestuat,
1935 2608 2041 2652 tua:

455 2688 740 2754 charitatis
785 2689 910 2758 igne
953 2699 1244 2759 postquam
1277 2697 1439 2743 mens
1481 2675 1662 2744 ildelis
1686 2690 2039 2755 accenditur,

455 2783 523 2835 ad
558 2795 797 2842 amorem
849 2796 972 2836 mox
1006 2781 1308 2836 "ctelcstium
1361 2779 2042 2844 inenarrabiliter-inflant-

457 2882 656 2926 matur.
684 2871 817 2939 Quis
852 2872 1034 2944 igitur,
1063 2887 1096 2928 ο
1124 2872 1280 2927 beata
1310 2873 1474 2926 cruor!
1505 2871 1765 2942 dignis-te
1793 2870 2043 2928 laudibus

455 2961 668 3029 efferat,
694 2963 744 3017 in
769 2979 873 3032 qua
901 2962 1150 3026 videlicet
1169 2971 1360 3017 auctor
1385 2962 1511 3017 vita:
1541 2961 1782 3016 morie-ns
1810 2969 2040 3016 mortem

451 3050 692 3121 perdidit
715 3090 731 3115 ,
764 3052 1046 3119 ipsamque
1089 3049 1391 3121 deglutiens
1422 3059 1665 3104 mortuos
1697 3064 1796 3104 nos
1827 3051 1906 3104 ad
1939 3050 2038 3104 im~

2144 1880 2434 1949 quantum:
2459 1879 2712 1950 Alexinum
2737 1880 3097 1949 sequentibus
3119 1878 3376 1948 praetulit,
3403 1893 3608 1946 suoque
3633 1891 3729 1933 eos

2143 1963 2417 2038 exemplo,
2453 1978 2514 2038 ut
2537 1969 2866 2042 scriberent,
2905 1967 3176 2023 incitavit.
3210 1967 3288 2021 llli
3318 1980 3447 2035 ergo
3473 1967 3733 2042 debemus

2142 2059 2498 2132 Evangelium
2527 2101 2543 2127 ,
2575 2074 2736 2132 quem
2782 2060 3107 2137 evangelica:
3158 2058 3488 2143 narrationis
3515 2066 3732 2143 constat

2145 2131 2393 2212 intulisse
2416 2131 2743 2222 principium
2763 2133 2792 2216 ;’
2810 2159 2872 2221 et
2898 2166 3058 2221 quem
3101 2131 3312 2205 calet-is
3341 2149 3591 2202 novimus
3617 2131 3728 2217 pri:

2146 2255 2314 2306 mum,
2346 2256 2452 2303 non
2475 2241 2988 2316 ,atnhigimusinter
3014 2255 3109 2294 eos
3138 2238 3414 2306 cujusdam
3463 2239 3726 2310 privilegii
3792 2313 3796 2316 .

2141 2339 2333 2388 tenere
2347 2331 2666 2401 primatum.
2697 2330 3079 2401 Unusquisque
3102 2331 3354 2386 nimirum
3381 2331 3541 2384 trium
3568 2346 3730 2385 evan-
3777 2321 3798 2343 “

2136 2419 2456 2491 gelistarum
2487 2421 2652 2492 259
2676 2421 2819 2477 beati
2869 2407 3108 2475 Matthaei
3159 2419 3352 2475 librum
3382 2461 3396 2483 ,
3430 2429 3719 2492 antequam

2137 2526 2302 2567 suum
2335 2512 2629 2582 inciperet.
2656 2512 2839 2576 novit;
2875 2521 2930 2566 ct
2958 2511 3100 2565 sicut
3131 2510 3233 2564 sibi
3265 2510 3524 2564 divinitus
3561 2511 3755 2580 inspi-:

2133 2610 2322 2659 .ratum
2352 2610 2455 2668 est,
2483 2601 2942 2672 nonsuperllnam
2979 2603 3425 2670 .cooperationem
3461 2603 3542 2656 sui
3579 2602 3729 2658 labo—

2131 2690 2220 2749 ris
2244 2688 2508 2758 adjunxit.
2543 2689 2743 2744 Eorum
2779 2691 2978 2759 quippe
3024 2681 3199 2743 fuerat
3245 2705 3552 2759 praeparare
3603 2691 3732 2744 iide-

2128 2779 2267 2841 liter
2295 2779 2506 2843 animos
2553 2780 2621 2834 ad
2668 2780 3053 2844 scribendum;
3092 2779 3191 2838 Dei
3217 2788 3398 2832 autem
3422 2788 3539 2833 erat
3570 2780 3624 2833 in
3656 2779 3732 2846 id,

2133 2872 2288 2942 quod
2309 2872 2492 2944 vellet,
2519 2872 2756 2943 dirigere
2785 2871 3007 2942 stylum.

2213 2963 2398 3029 Plane,
2426 2963 2561 3029 sicut
2591 2962 2802 3034 Moyses
2822 2962 3171 3040 etprophetis
3199 2974 3304 3014 non
3330 2959 3562 3014 absurde
3587 2975 3726 3029 prae-

2130 3053 2396 3124 :pouitur,
2435 3063 2504 3117 ,et
2546 3052 2797 3113 omnibus
2824 3053 3134 3123 quicunque
3163 3051 3497 3120 scripserunt
3525 3049 3732 3119 aliquid

451 3126 807 3195 mortalitatis
850 3155 962 3194 suae
989 3131 1216 3211 gloriam
1248 3140 1570 3196 suscitavit?
1595 3139 1760 3196 Salva
1786 3179 1802 3208 ,
1831 3126 2201 3212 quanam-tiu
2251 3138 2430 3198 Veteri
2467 3141 2846 3207 Testamento;
2899 3141 2974 3195 ita
3017 3141 3206 3195 beatus
3237 3138 3562 3208 evangelista
3594 3138 3732 3193 Mat-

449 3230 682 3288 benedic
739 3241 796 3287 et
841 3240 1061 3302 protege
1084 3272 1100 3296 ,
1143 3245 1176 3286 o
1213 3231 1385 3303 ﬁgura
1423 3231 1703 3287 benedicta
1727 3272 1742 3295 ,
1782 3230 2039 3302 populum

455 3320 772 3389 supplicem,
815 3321 868 3374 in
916 3321 1022 3376 tuis
1067 3321 1230 3376 hodie
1257 3320 1508 3375 laudibus
1535 3321 1900 3375 communiter
1943 3336 2037 3375 ex-

441 3410 778 3478 _8ultantem;
814 3411 982 3481 utqui
1012 3420 1062 3466 te
1092 3421 1290 3467 nostra:
1317 3408 1844 3480 redemptionisiieri
1873 3409 2041 3464 voluit

455 3501 877 3556 instrumentum
906 3541 922 3566 ,
958 3516 1053 3572 per
1100 3509 1152 3555 te
1187 3514 1402 3570 quoque
1433 3500 1502 3554 ad
1548 3513 1660 3556 suae
1699 3497 1897 3568 gloria:
1931 3513 2039 3554 nos

453 3592 707 3662 dignetur
734 3591 1028 3648 transferre
1065 3592 1399 3648 consortium
1427 3609 1440 3644 ε
1473 3599 1529 3647 et
1566 3605 1710 3660 quos
1738 3604 1850 3660 per
1881 3599 1945 3645 .te
1972 3591 2039 3645 de

455 3682 733 3738 servitutis
760 3681 1198 3754 eripuit‘vinculo
1219 3721 1234 3747 ,
1275 3690 1454 3751 per-te
1491 3681 1661 3736 etiam
1687 3720 1702 3744 ,
1728 3678 1884 3750 juxta
1907 3695 2035 3749 pro-

455 3773 772 3829 missionem
801 3783 1044 3829 sauctam
1071 3816 1087 3840 ,
1119 3773 1417 3829 constituat
1465 3773 1710 3827 ltmretles
1760 3771 1812 3826 in
1848 3784 2034 3839 regno.

455 3861 618 3918 Salus
647 3861 722 3918 illi
751 3871 807 3917 et
833 3863 1132 3932 gratiarum
1173 3861 1340 3925 actio,
1370 3861 1507 3926 laus,
1541 3861 1737 3926 honor,
1767 3859 1955 3915 .virtus
1983 3867 2039 3912 et

455 3953 764 4024 imperium.
798 3969 921 4009 cum
958 3953 1118 4009 Patre
1167 3961 1222 4009 et
1267 3951 1474 4024 Spiritu
1507 3962 1820 4022 satiotoper
1853 3949 2034 4007 omnia

454 4044 652 4102 saecula
677 4045 1016 4100 saeculorum.
1053 4045 1244 4098 Amen.

1016 4149 1248 4209 SERMO
1289 4152 1473 4207 XLIX.

492 4263 532 4303 Ι.
567 4263 632 4303 νε
674 4261 876 4303 SANCTO
913 4260 1185 4300 lA'l‘TlhEO
1214 4258 1486 4298 APOSTOLO
1515 4257 1584 4296 ET
1612 4253 1993 4295 BVANGEI'JSTA.

1081 4321 1193 4385 (3m
1234 4321 1410 4384 ssr'r.)

528 4411 896 4468 Solemnitatis
917 4410 1190 4466 hodiernae
1203 4408 1315 4464 laeti
1325 4410 1415 4472 tia,
1431 4406 1802 4472 dilectissimi,
1817 4419 2035 4459 omnem

2136 3236 2321 3298 timus
2349 3249 2539 3292 omnes
2562 3231 2685 3302 jure
2706 3231 2994 3304 praecellit,
3018 3230 3108 3302 qui
3142 3229 3425 3301 scripsisse
3455 3231 3736 3300 reperiun-

2147 3325 2320 3382 turin
2356 3323 2530 3378 Novo.
2562 3324 2718 3378 Sicut
2747 3323 2891 3378 enim
2944 3322 3034 3376 ille
3075 3321 3353 3375 nascentis
3381 3321 3564 3375 mundi
3599 3322 3735 3378 texit

2143 3419 2447 3486 originem,
2495 3417 2574 3473 sic
2624 3417 2768 3481 iste,
2824 3425 3081 3484 tauquam
3148 3411 3407 3481 spiritalis
3454 3411 3732 3481 cujusdam

2140 3510 2350 3576 mundi,
2373 3509 2638 3570 orientem
2660 3507 2919 3565 describit
2943 3505 3201 3560 Ecclesiae
3225 3503 3538 3558 novitatem.
3555 3503 3730 3570 Unde,

2143 3599 2354 3669 Spiritu
2382 3606 2576 3657 sancto
2605 3596 2879 3654 calamum
2920 3600 3260 3663 temperante
3287 3633 3302 3658 ,
3335 3593 3610 3661 provisum
3651 3603 3737 3648 est

2143 3691 2456 3752 materque
2485 3696 2592 3738 non
2619 3681 2912 3744 diversum,
2958 3679 3051 3733 sed
3105 3692 3272 3731 unum
3322 3676 3571 3746 idemque
3617 3679 3730 3734 suis

2141 3775 2296 3834 libris
2316 3773 2671 3849 [immitteret
2705 3771 2928 3826 initium
2957 3809 2972 3835 ,
3000 3769 3186 3850 dicens
3210 3783 3224 3821 :
3261 3785 3279 3818 ι
3311 3765 3473 3821 Liber
3501 3781 3731 3836 genera-

2127 3863 2311 3923 tionis
2322 3862 2540 3933 (Matth.
2557 3864 2619 3932 ι).
2645 3875 2663 3914 t
2685 3860 2790 3917 Sed
2807 3860 2895 3914 illa
2909 3858 3185 3930 generatio
3212 3856 3350 3914 lilios
3367 3857 3592 3927 protulit
3612 3857 3726 3920 iras,

2124 3955 2242 4010 .ista
2267 3954 2660 4032 ﬂliosparturit
2672 3955 2883 4026 gratiae.
2911 3941 3002 4006 Illa
3027 3950 3306 4021 generatio
3324 3950 3511 4009 sortita
3533 3959 3615 4005 est
3636 3965 3730 4020 pa-

2139 4045 2375 4106 radisum
2391 4053 2570 4108 terrae,
2586 4042 3072 4113 fertiliumquidem
3094 4043 3346 4094 arborum
3368 4049 3416 4094 et
3438 4040 3603 4095 herba
3615 4056 3727 4095 rum
3804 4059 3816 4082 ι

2137 4135 2334 4191 decore
2368 4130 2716 4199 vernantem;
2745 4132 2838 4188 sed
2859 4133 2962 4186 ista
2983 4129 3259 4186 ctelestem
3283 4140 3481 4185 meruit
3511 4132 3730 4200 paradi-

2136 4241 2286 4290 sum,
2309 4224 2811 4294 incomparabilium
2846 4221 3160 4277 deliciarum
3189 4220 3358 4290 copiis
3395 4218 3724 4277 afﬂuentem.

2136 4313 2216 4371 Ex
2245 4315 2335 4380 illo
2364 4325 2540 4370 tamen
2579 4313 2828 4386 paradiso
2861 4313 3070 4382 primus
3096 4310 3259 4365 homo
3286 4324 3383 4380 per
3409 4308 3612 4380 lignum
3635 4325 3704 4380 pc

2137 4409 2438 4474 sterilatem
2458 4406 2558 4478 sui
2586 4405 2817 4478 generis
2857 4403 3103 4475 expulit,
3137 4401 3405 4457 secundus
3439 4403 3600 4456 homo
3629 4415 3731 4470 per

379 4517 382 4521 ’
457 4505 848 4576 desperationis
874 4503 1119 4560 aculeum
1144 4501 1208 4556 de
1243 4501 1444 4555 nostris
1470 4498 2031 4568 mentibusamputat,
2065 4471 2360 4558 "crucem
2383 4499 2701 4556 .cmlestibus
2741 4512 2852 4560 nos,
2872 4495 3089 4566 pascuis
3120 4492 3434 4555 introduxit.
3469 4491 3560 4547 Ille
3591 4493 3720 4546 dum

442 4597 523 4651 ad
550 4595 984 4668 praesumendum
1009 4595 1077 4649 de
1122 4594 1302 4649 divina
1335 4590 1709 4646 misericordia
1732 4589 2038 4646 titubantia

458 4689 621 4747 corda
643 4688 946 4751 conﬁrmat,
977 4695 1139 4756 atque
1163 4694 1222 4739 ut
1241 4685 1500 4740 adeamus
1521 4682 1861 4738 cum-fiducia
1887 4683 2039 4736 thro-

459 4796 585 4835 num
622 4779 846 4850 gratiae,
901 4779 1042 4833 sicut
1098 4786 1155 4832 et
1206 4776 1496 4849 Apostolus
1547 4778 1816 4839 hortatur,
1845 4773 2039 4828 invitat

461 4847 664 4938 (Hebr:
679 4869 775 4942 tv).
812 4860 943 4936 Quis
971 4869 1114 4923 enim
1139 4847 1364 4922 audi-cus
1389 4867 1734 4937 publicanum
1757 4865 2036 4920 a-‘Domino

461 4979 565 5019 non
604 4957 770 5020 modo.
796 4962 848 5015 in
899 4961 1204 5015 clientelam
1243 4954 1594 5028 discipulatus
1640 4959 1895 5022 electum,
1942 4957 2039 5013 sed

460 5064 754 5114 etsenatus
781 5055 999 5124 insuper
1022 5053 1298 5122 apostolici
1342 5052 1719 5107 conscendisse
1743 5050 2036 5122 fastigium,

381 5201 384 5203 Α
462 5161 568 5202 non
599 5146 867 5215 protinus
897 5143 1165 5198 animetur
1215 5143 1283 5208 ad
1332 5141 1766 5210 consequendam
1814 5157 2037 5196 suorum

460 5235 1084 5305 veniampeccatorum?
1118 5233 1193 5289 De
1222 5234 1418 5288 telonio
1462 5235 1659 5303 quippe
1704 5234 2040 5289 cumulandae

460 5329 704 5400 pecuniae
739 5330 792 5382 in
839 5327 1152 5394 cathedram
1177 5324 1524 5388 ,transl‘ertur
1552 5325 1826 5390 Ecclesize,
1864 5335 1914 5382 et
1941 5327 2039 5396 qui

461 5421 614 5490 prius
641 5420 888 5491 exigendi
927 5419 1206 5491 vectigalis
1245 5417 1566 5488 fungebatur
1593 5417 1768 5473 oﬂlcio
1792 5460 1807 5483 ,
1839 5420 2041 5474 consti-

464 5511 882 5568 tutus-cst‘iidei
909 5552 924 5576 ,
955 5512 1372 5582 divitiarumque
1399 5511 1696 5566 ccelestium
1729 5511 2042 5567 ministrare

465 5602 748 5662 thesauros
770 5598 922 5673 (Luc.
937 5617 998 5662 v;
1025 5600 1194 5655 Marc.
1225 5600 1284 5673 ιι)
1313 5620 1324 5654 :
1348 5602 1545 5671 quippe
1567 5609 1694 5656 tunc
1715 5601 1888 5670 turpis
1907 5601 2040 5655 lucri

465 5699 672 5760 quaestu
697 5733 713 5760 ,
769 5691 1047 5761 satagebat
1090 5693 1314 5761 implere
1351 5692 1682 5761 marsupium
1709 5731 1724 5759 ,
1765 5706 1914 5747 nunc
1945 5705 2041 5762 per

782 5788 1059 5849 Pauor.
1100 5786 1372 5849 CXLIV.

2143 4601 2334 4649 narrat
2366 4591 2530 4648 Deum
2557 4591 2776 4650 dixisse.
2798 4588 2920 4652 Fiat
2944 4589 3034 4642 lux
3062 4585 3213 4658 (Ceu.
3238 4588 3299 4653 ι),
3328 4584 3563 4640 ostendit
3592 4598 3726 4638 con-

2145 4683 2314 4740 ditam
2344 4681 2551 4745 lucem;
2583 4681 2684 4736 iste
2703 4679 2977 4741 Christum
2999 4678 3064 4732 de
3085 4675 3307 4746 Virgine
3336 4684 3521 4728 natum
3545 4673 3725 4744 perhi-

2141 4773 2279 4842 bens
2303 4811 2320 4839 ,
2351 4780 2598 4834 exortum
2645 4771 2782 4830 lucis
2829 4771 3066 4832 insinuat
3115 4765 3480 4821 Conditorem.
3513 4761 3723 4835 Moyses

2144 4865 2330 4935 itaque
2373 4872 2612 4922 veterem
2647 4863 2817 4918 Adam
2849 4869 3074 4927 ,satque
3130 4867 3402 4910 terrenum
3433 4894 3448 4919 ,
3486 4863 3721 4910 veterem

2143 4957 2400 5019 mundum
2435 4997 2450 5022 ,
2493 4966 2647 5011 vetus
2677 4953 2890 5024 digerit
2943 4951 3348 5008 Testamentum
3389 4962 3404 5000 :
3443 4945 3724 5001 Matthaaus

2142 5058 2319 5104 autem
2347 5063 2446 5118 pro
2491 5045 2762 5102 veteribus
2788 5059 2924 5097 nova
2944 5081 2960 5105 ,
2987 5055 3084 5110 pro
3115 5037 3347 5093 terrenis
3385 5037 3499 5091 sive
3527 5052 3722 5091 carna-

2140 5141 2283 5198 libus
2302 5140 2738 5211 spiritualia,,pro
2764 5130 3146 5202 temporalibus
3168 5129 3464 5184 introducit
3493 5137 3715 5182 acterna.

2143 5235 2248 5289 Pro
2272 5233 2446 5293 Adam
2467 5228 2733 5300 siquidem
2757 5226 3057 5291 Christum,
3085 5239 3181 5294 pro
3212 5223 3328 5294 lege
3357 5222 3528 5276 veteri
3551 5221 3725 5274 Evan-

2120 5327 2504 5397 .gelium,..pro
2537 5323 2741 5383 mundo
2788 5320 2873 5376 vel
2920 5331 3061 5376 terra
3108 5319 3289 5374 herbis
3331 5315 3722 5382 arboribusque

2144 5418 2641 5476 tiorentesanctatn
2672 5411 2934 5467 describit
2962 5408 3283 5471 Ecclesium,
3315 5405 3529 5459 diversa
3561 5403 3721 5471 Spiri-

2146 5509 2369 5564 tualium
2401 5505 2672 5570 fructuum
2712 5504 2965 5560 victualia
3003 5501 3415 5572 germinantem.
3453 5514 3470 5546 ι
3504 5494 3724 5549 Primus

2143 5601 2288 5655 enim
2320 5598 2504 5664 homo,
2546 5597 2688 5653 sicut
2713 5594 3003 5664 Apostolus
3035 5593 3149 5657 ait,
3181 5589 3249 5644 de
3279 5598 3422 5645 terra
3454 5599 3723 5659 terrenus,

2142 5690 2414 5748 secundus
2461 5688 2529 5746 de
2571 5685 2711 5744 coelo
2757 5683 2996 5742 cwlestis
3048 5681 3101 5740 (Ι
3142 5678 3444 5831 Cor-.2“);
3478 5697 3496 5732 ι
3541 5674 3725 5747 qualis

3111 5817 3114 5820 -
3305 5775 3341 5831 5

3305 5793 3341 5835 ἰ)
