4178 6508
550 357 653 411 779

1099 355 1157 409 S.
1201 352 1398 410 PETRI
1443 355 1720 410 DAMIANI
1757 354 1905 409 OPP.
1933 352 2111 432 PARS
2151 353 2287 410 SEU
2325 352 2559 410 TOMUS
2589 354 2652 409 ll.
2692 385 2757 394 -—-
2797 354 3183 411 SERMONES.

3687 358 3791 413 780
3824 408 3840 415 -

542 481 790 525 terrenus
810 500 832 533 ε
863 470 995 522 tales
1021 481 1076 523 ct
1123 472 1358 536 terreni;
1389 471 1564 539 qualis
1592 472 1831 525 cmlcstis
1851 510 1868 536 ,
1900 470 2033 523 tales
2062 477 2118 522 et
2146 485 2190 540 Α
2216 469 2559 539 omnipotens
2589 469 2727 523 Deus
2755 509 2772 534 ,
2803 469 2928 523 dum
2959 469 3118 537 hujus
3145 468 3406 539 spiritalis
3434 473 3616 528 muniri
3643 513 3659 541 ,
3689 474 3792 532 hoc

537 563 806 617 caelestes.
835 563 1032 618 Factus
1052 574 1135 618 est
1160 565 1368 633 primus
1394 566 1563 618 Adam
1597 565 1648 618 in
1672 564 1907 618 animam
1931 563 2116 617 viven-

539 663 672 717 tem,
702 655 1026 709 novissimus
1053 655 1221 708 Adam
1247 656 1299 708 in
1328 655 1575 725 spiritum
1601 653 1980 709 viviﬁcantem.
2010 652 2117 707 Sed

539 759 646 798 non
678 746 827 815 prius
871 747 1012 815 quod
1064 747 1342 815 spirituale
1371 755 1474 812 est,
1509 747 1600 800 sed
1657 744 1798 815 quod
1845 743 2074 799 animale
2099 784 2113 807 ,
2142 743 2144 746 ’

536 834 736 886 deinde
763 834 905 903 quod
935 836 1238 903 spirituale.

608 923 817 994 Moyses
855 941 984 995 ergo
1015 926 1271 980 describit
1297 924 1563 995 quomodo
1614 925 1846 978 visibilia
1891 939 2116 994 qua-que

534 1013 646 1065 sint
677 1013 1010 1084 originaliter
1030 1015 1278 1076 condita;
1307 1014 1586 1067 Maitliazus
1609 1023 1787 1067 autem
1819 1014 1976 1068 docet
2005 1030 2112 1067 non

535 1104 694 1158 modo
722 1112 954 1169 terrena,
988 1104 1079 1159 sed
1119 1114 1172 1158 et
1216 1105 1454 1184 emlcstia
1485 1121 1580 1176 per
1604 1104 1914 1159 Mediatoris
1942 1105 2032 1160 Dei
2062 1113 2117 1160 et

535 1194 809 1248 hominum
835 1197 1061 1266 gratiam
1089 1197 1295 1251 noviter
1317 1197 1612 1251 instaurata
1630 1215 1644 1260 ;
1661 1197 1800 1252 sicut
1822 1197 1962 1252 idem
1983 1198 2116 1252 dicit

530 1285 822 1352 Apostolus
854 1303 867 1337 :
903 1304 921 1335 ‹
958 1285 1022 1340 Ut
1065 1297 1252 1340 neium
1284 1285 1485 1341 faceret
1529 1286 1685 1340 nobis
1714 1295 2110 1340 sacramentum

530 1375 822 1430 voluntatis
851 1391 992 1440 suaa,
1023 1377 1317 1432 secundum
1361 1376 1755 1446 beneplacitum
1788 1373 1927 1444 ejus,
1961 1377 2105 1446 quod

532 1467 812 1534 proposuit
843 1466 894 1518 in
925 1480 990 1520 eo
1010 1505 1025 1529 ,
1057 1468 1109 1519 in
1146 1467 1545 1534 dispensatione
1576 1465 1927 1534 plenitudinis
1970 1474 2107 1519 tein-

535 1568 746 1620 porum,
786 1552 1089 1607 instaurare
1117 1554 1294 1608 omnia
1334 1555 1385 1607 in
1415 1555 1631 1609 Christo
1657 1595 1672 1620 ,
1702 1570 1822 1624 quae
1853 1555 1906 1608 in
1932 1555 2106 1620 cmlis,

529 1650 584 1694 et
609 1657 728 1707 qua:
761 1642 814 1695 in
849 1643 1008 1696 terris
1047 1643 1251 1698 suntin
1286 1644 1399 1712 ipso
1433 1643 1646 1714 (Epltes.
1670 1644 1733 1711 ι).
1765 1663 1783 1696 ›

599 1729 752 1784 llane
818 1732 1001 1785 mundi
1054 1733 1455 1786 renovationem
1509 1732 1674 1786 David
1731 1731 2100 1802 praevidebat,

2219 567 2302 611 est
2332 596 2348 621 ,
2397 565 2598 612 sancta!
2647 558 2964 612 universalis
3011 557 3267 615 Ecclesiae
3319 560 3578 617 fabricam
3626 580 3790 635 super

2217 661 2448 717 quatuor
2473 649 2850 720 evangelistas,
2875 649 3028 718 quasi
3051 665 3220 719 super
3252 651 3532 708 columnas
3564 656 3786 712 totidem

2216 740 2480 794 construit
2504 779 2518 805 ,
2546 739 2682 795 duas
2703 741 2943 808 potiores
2978 749 3035 794 et
3062 741 3307 820 egregias
3335 742 3657 800 altrinsecus
3704 763 3790 800 or-

2216 831 2366 885 dinat
2389 832 2624 900 ,quibus
2649 832 2855 891 scilicet
2884 847 3044 900 omne
3070 835 3342 904 surgentis
3365 837 3626 892 machinae
3655 855 3790 908 pou.-

2215 921 2314 974 dus
2341 921 2646 988 incumbat;
2672 921 2806 976 duas
2827 931 3003 976 autem
3038 923 3274 980 minores
3295 926 3348 980 iii
3373 927 3550 981 medio
3572 931 3784 998 statuit,

2213 1010 2399 1078 sicque
2428 1011 2665 1066 caelestis
2699 1011 2915 1067 fabrica:
2939 1012 3392 1081 pulchritudinem
3439 1017 3646 1073 alterna
3693 1035 3788 1073 va-

2213 1099 2406 1153 rietate
2434 1100 2757 1170 distinguit,
2809 1110 2867 1156 ut
2914 1103 3194 1170 pluralitas
3235 1106 3300 1157 ad
3337 1100 3787 1175 fundamentum,

2212 1188 2496 1244 diversitas
2541 1190 2805 1259 pertineat
2845 1193 2912 1246 ad
2957 1201 3210 1246 ornatum
3239 1232 3254 1257 ,
3292 1203 3348 1248 et
3383 1195 3621 1250 divinum
3647 1214 3785 1268 opus

2211 1276 2290 1329 sic
2321 1276 2513 1331 robore
2553 1286 2866 1346 permaneat
2889 1280 3292 1345 inconcussum,
3317 1292 3373 1335 ut
3408 1283 3478 1337 sit
3497 1287 3660 1349 etiam
3690 1303 3785 1342 va-

2211 1363 2404 1417 rietate
2429 1367 2800 1432 conspicuum.
2849 1367 2975 1422 Haec
3019 1369 3251 1438 denique
3278 1381 3508 1438 quatuor
3533 1383 3658 1428 sunt
3691 1391 3787 1431 co-

2211 1452 2404 1507 lumnae
2432 1493 2448 1517 ,
2474 1455 2541 1509 de
2583 1456 2778 1524 quibus
2805 1458 2872 1510 ad
2906 1457 3124 1527 Moysen
3149 1457 3347 1512 dicitur
3369 1499 3385 1523 ,
3416 1475 3539 1514 cum
3571 1461 3623 1516 in
3654 1449 3808 1534 typo.

2209 1543 2468 1599 Ecclesiae
2495 1545 2896 1600 tabernaculum
2921 1545 3177 1617 ﬁgeretur
3201 1565 3214 1601 :
3243 1567 3260 1599 ι
3289 1547 3479 1604 Facies
3504 1550 3780 1609 columnas

2205 1643 2473 1702 quatuor,
2514 1643 2569 1690 et
2611 1635 2766 1690 bases
2801 1651 2987 1690 earum
3032 1637 3255 1692 vestitas
3303 1649 3529 1708 argento
3570 1640 3777 1711 (Esod.

2207 1724 2428 1792 XX\'II).I
2457 1724 2510 1777 In
2537 1733 2758 1792 argento
2782 1724 2926 1779 enim
2957 1726 3083 1795 quid
3115 1726 3257 1781 aliud
3273 1743 3434 1796 quam
3457 1728 3673 1786 claritas
3697 1731 3779 1787 di-

525 1835 648 1875 eum
693 1821 981 1890 aliquando
1012 1837 1194 1876 coram
1249 1821 1477 1876 Domino
1526 1822 1851 1876 constitutus
1897 1832 2099 1877 oraret.
2133 1812 2177 1871 Β
2207 1813 2316 1867 vini
2338 1814 3358 1888 sermonisaccipilurmicmscripuli"
3381 1831 3492 1874 θεῑε
3513 1838 3534 1873 ε
3554 1820 3778 1892 Eloquia

523 1910 658 1965 Nam
703 1927 824 1965 cum
879 1927 976 1980 per
1025 1910 1239 1966 Nathan
1299 1913 1614 1980 pr0phetam
1660 1912 1944 1968 clementia
1997 1914 2100 1968 sibi

522 2000 702 2055 divina
731 2001 1094 2069 promitteret,
1139 2015 1204 2055 ex
1236 2001 1353 2070 ejus
1382 2001 1589 2055 semine
1646 2000 1980 2054 nasciturum
2010 2003 2102 2071 qui

522 2104 622 2144 suo
645 2098 831 2143 sancto
856 2090 1056 2144 nomini
1082 2098 1422 2144 construeret
1439 2079 1724 2158 "templum,
1751 2098 1806 2143 et
1826 2089 2099 2144 Christum

523 2179 810 2231 manifeste
837 2179 1162 2232 denuntians
1190 2219 1205 2243 ,
1235 2178 1558 2248 adjecisset:
1596 2196 1614 2228 ι
1649 2177 1760 2247 Ego
1800 2190 1894 2232 ero
1940 2177 2012 2232 illi
2045 2179 2096 2233 in

520 2276 749 2335 patrem,
780 2277 836 2321 et
860 2269 972 2337 ipse
999 2269 1101 2322 erit
1128 2269 1256 2322 mihi
1302 2267 1356 2321 in
1405 2267 1572 2320 ﬁlium
1617 2266 1700 2338 (ll
1727 2267 1854 2338 Reg.
1900 2269 2036 2339 vn);
2075 2288 2093 2322 ι

525 2372 759 2426 moxque
790 2357 1086 2411 Ecclesiam
1115 2398 1129 2424 ,
1157 2374 1276 2427 quae
1321 2371 1518 2428 corpus
1545 2367 1627 2412 est
1653 2357 1852 2412 Christi
1878 2399 1892 2422 ,
1925 2359 2098 2428 qualis

521 2452 670 2500 esset
716 2445 894 2498 futura
946 2446 1285 2514 depromeret
1333 2446 1560 2500 dicens:
1607 2447 1728 2500 «Et
1776 2445 1950 2502 ﬁdelis
1994 2447 2099 2502 erit

520 2532 712 2587 donius
760 2542 880 2598 tua,
927 2544 982 2588 et
1037 2549 1258 2605 regnum
1309 2543 1456 2587 tuum
1509 2550 1675 2604 usque
1736 2535 1790 2589 in
1837 2545 2096 2591 internum

520 2632 646 2678 ante
700 2623 891 2680 faciem
943 2641 1147 2692 meam,
1202 2637 1258 2681 et
1313 2627 1538 2681 thronus
1593 2636 1715 2683 tuus
1765 2630 1872 2683 erit
1909 2631 2096 2686 ﬁrmus

509 2713 732 2786 jugiter.
767 2736 786 2768 ι
846 2711 1165 2788 Illegratias
1209 2733 1398 2789 agens,
1431 2719 1570 2773 inter
1608 2728 1806 2774 eietera
1835 2723 2096 2778 orationis

516 2821 630 2860 sum
685 2806 842 2861 verba
884 2809 1046 2878 260
1089 2809 1167 2862 sic
1206 2809 1280 2862 ait
1313 2827 1325 2862 :
1363 2828 1380 2859 ι
1421 2808 1529 2886 δέξει,
1565 2817 1620 2862 et
1660 2810 1759 2863 hoc
1797 2825 1984 2879 parum
2017 2813 2095 2866 vi-

513 2911 634 2950 sum
680 2908 764 2950 est
813 2899 866 2952 in
910 2908 1198 2968 conspectu
1253 2909 1343 2953 tuo
1369 2940 1384 2964 ,
1421 2900 1642 2956 Domine
1685 2902 1824 2957 Deus
1864 2919 2036 2971 meus,
2067 2923 2086 2957 ›

516 2987 641 3055 quia
688 2987 927 3042 dilexisti
976 3005 1060 3042 me
1086 3029 1100 3054 ,
1136 3007 1154 3040 ι
1188 2991 1289 3044 nisi
1321 2989 1620 3058 loquereris
1646 2993 1806 3062 etiam
1837 2993 1904 3047 de
1932 2994 2092 3050 domo

514 3075 659 3129 servi
715 3077 792 3130 tul
848 3079 900 3131 in
955 3076 1340 3146 longinquum;
1397 3097 1415 3128 ι
1485 3093 1716 3147 moxque
1763 3079 2084 3149 subiunxit:

2204 1900 2440 1967 Domini,
2473 1903 2685 1973 eloquia
2716 1913 2863 1960 casta
2888 1944 2905 1970 ,
2933 1915 3210 1975 argentum
3239 1906 3362 1976 igne
3383 1910 3776 1980 examinatum,

2202 1994 2486 2062 probatum
2542 2004 2700 2050 terra:
2747 1993 2918 2065 (Psal.
2972 1995 3071 2067 xi),
3107 2014 3126 2049 ι
3175 1995 3340 2051 Bases
3385 2013 3516 2066 ergo
3554 2009 3778 2071 argento

2203 2084 2410 2138 vestitae
2459 2091 2693 2153 quatuor
2739 2084 3018 2139 columnas
3084 2086 3412 2141 tabernaculi
3465 2089 3774 2155 sustinent,

2200 2175 2324 2243 quia
2352 2177 2731 2245 przedicatores
2759 2175 3011 2231 Ecclesia:
3037 2176 3221 2232 divino
3247 2177 3464 2248 eloquio
3493 2180 3729 2235 decorati
3755 2220 3772 2246 ,

2200 2276 2254 2319 ut
2287 2265 2338 2322 in
2367 2266 2577 2321 cunctis
2602 2281 2662 2320 se
2697 2266 3001 2338 exemplum
3031 2267 3325 2338 praebeant,
3352 2279 3583 2339 quatuor
3609 2287 3776 2327 evan-

2197 2367 2511 2428 gelistaruin
2540 2358 2684 2416 dicta
2722 2368 2778 2414 et
2811 2374 2906 2414 ore
2931 2370 2986 2415 et
3017 2362 3268 2430 operibus
3297 2373 3532 2432 portant.
3773 2357 3778 2362 ’

2267 2447 2551 2503 Μειιῑιιωιιε
2581 2448 2764 2518 itaque
2797 2449 3030 2518 primum
3058 2451 3264 2506 obtinet
3293 2452 3467 2506 locum
3491 2494 3507 2518 ,
3531 2453 3770 2511 Joannes

2197 2536 2465 2591 ultimum.
2512 2537 2612 2604 Qui
2660 2539 2912 2593 nimirum
2941 2548 2995 2595 et
3034 2541 3327 2610 apostolico
3372 2551 3498 2597 sunt
3538 2543 3772 2619 culmine

2196 2625 2472 2680 constituti
2504 2667 2519 2692 ,
2549 2635 2603 2680 et
2633 2642 2701 2681 ex
2747 2628 2833 2683 his
2859 2667 2875 2694 ,
2906 2643 3025 2699 quae
3053 2630 3407 2699 scripserunt,
3448 2646 3551 2686 non
3584 2634 3770 2687 auditu

2197 2715 2497 2783 duntaxat,
2551 2719 2644 2774 sed
2695 2719 2813 2774 visu
2882 2721 3061 2790 potius
3130 2731 3292 2792 atque
3339 2732 3595 2780 contactu
3639 2724 3769 2779 sunt

2194 2809 2606 2876 praesentialiter
2635 2809 2932 2866 informati.
2971 2811 3122 2867 Sicut
3167 2806 3306 2870 urnis
3353 2828 3539 2870 eorum
3591 2816 3768 2872 dicit:

2200 2912 2220 2946 ς
2271 2895 2422 2963 Quod
2476 2899 2818 2967 audivimus,
2876 2903 3019 2970 quod
3079 2902 3345 2970 vidimus,
3401 2904 3545 2974 quod
3597 2905 3771 2962 oculis

2194 2986 2396 3042 nostris
2428 2989 2827 3057 perspeximus,
2876 2990 3018 3059 quod
3072 3006 3276 3046 manus.
3305 3001 3504 3047 nostra:
3551 3003 3769 3048 contre-

2191 3081 2474 3129 ctaverunt
2522 3076 2588 3130 de
2644 3077 2819 3131 Verbo
2866 3078 2988 3132 vita:
3039 3077 3089 3149 (1
3141 3079 3300 3133 Joan.
3354 3079 3416 3152 ι).
3478 3101 3497 3133 ι
3551 3079 3767 3136 Marcus

517 3183 538 3216 ι
569 3165 672 3221 lsta
698 3176 774 3221 est
806 3168 947 3222 enim
976 3168 1060 3222 lex
1080 3169 1272 3233 Adam,
1301 3169 1522 3223 Domine
1553 3171 1712 3225 Deus.
1744 3192 1762 3224 ι
1788 3172 1869 3229 Ae
1897 3175 1939 3228 si
1972 3190 2091 3243 per-
2117 3156 2163 3218 (ἶ
2194 3163 2352 3235 26].
2416 3175 2595 3219 amem
2651 3175 2707 3220 ει
2762 3167 2957 3233 Lucas.
3011 3168 3101 3238 qui
3163 3169 3458 3239 evangelici
3487 3169 3489 3171 ’
3531 3170 3766 3242 catalogi

514 3264 676 3324 petue
709 3256 896 3312 dicat:
933 3257 1082 3311 Sicut
1111 3257 1164 3310 in
1199 3259 1397 3313 terreni
1437 3261 1617 3314 mundi
1669 3260 1825 3330 hujus
1871 3267 2091 3322 exordio

514 3345 684 3398 Adam
734 3347 1055 3401 constituisti
1104 3348 1436 3417 posteritatis
1479 3360 1746 3406 secuturae
1789 3363 2088 3423 parentem,

517 3445 682 3506 atque
711 3453 777 3490 ex
824 3437 926 3492 hac
975 3439 1155 3492 radice
1203 3423 1364 3494 totius
1425 3441 1640 3494 humani
1666 3445 1882 3512 generis
1906 3444 2090 3502 decre-

510 3527 635 3582 visti
680 3528 944 3597 pullulare
973 3530 1354 3600 propaginem;
1389 3530 1462 3584 ita
1495 3547 1636 3586 nunc
1666 3549 1788 3587 cum
1833 3537 2088 3590 mundum

505 3632 769 3672 renovare
791 3620 1049 3688 disponis,
1077 3636 1162 3674 me
1181 3621 1338 3690 quasi
1361 3636 1556 3673 novum
1582 3623 1750 3676 Adam
1779 3623 1937 3688 facis,
1963 3625 2089 3679 dum

505 3707 776 3762 Christum
808 3722 874 3761 ex
905 3723 1023 3762 meo
1050 3709 1256 3763 semine
1282 3709 1648 3772 nasciturum,
1677 3710 1766 3780 qui
1791 3720 1874 3766 est
1901 3723 2090 3767 auctor

503 3809 559 3854 et
593 3808 752 3869 caput
784 3799 1055 3866 Ecclesia},
1088 3799 1382 3869 polliceris.
1421 3817 1440 3850 ι
1473 3801 1580 3853 lsla
1604 3811 1686 3854 est
1707 3840 1721 3867 ,
1761 3801 1932 3871 inquit
1959 3843 1975 3868 ,
2004 3803 2088 3858 lex

501 3891 706 3954 Adam,
745 3910 763 3942 ι
793 3892 918 3960 quia
951 3893 1091 3946 sicut
1117 3891 1205 3947 ille
1228 3900 1348 3946 erat
1378 3892 1429 3945 in
1458 3891 1583 3945 [iliis
1611 3891 1725 3946 suis
1756 3893 1897 3947 hunc
1932 3911 2090 3948 ninn-

503 3984 629 4038 dum
665 3983 928 4039 visibilem
957 3998 1339 4054 possessurus;
1375 3983 1448 4037 ita
1498 3993 1552 4038 et
1581 3999 1682 4052 ego
1721 3984 1898 4053 populi
1931 3985 2088 4055 spiri-

435 4083 438 4086 ’
505 4076 670 4131 tualis
697 4077 750 4131 in
781 4078 998 4132 Christo
1027 4088 1181 4148 pater
1207 4077 1428 4142 ellicior,
1462 4095 1583 4132 cum
1613 4079 1702 4133 illo
1741 4081 1832 4148 qui
1857 4080 1909 4133 in
1936 4081 2088 4137 cmlis

505 4173 622 4230 est,
667 4176 930 4236 perpetuo
963 4178 1299 4240 regnaturus.
1333 4170 1485 4224 Sicut
1512 4170 1655 4224 enim
1683 4172 1750 4225 de
1775 4180 1920 4224 costa
1946 4171 2087 4227 illius

507 4258 738 4312 formata
783 4269 868 4315 est
901 4261 1194 4314 viventium
1237 4271 1411 4315 mater
1454 4261 1562 4315 Eva
1609 4260 1766 4331 (Gen.
1792 4262 1884 4331 ii);
1920 4263 1992 4315 ita
2019 4263 2087 4318 de

507 4345 680 4402 latere
709 4347 909 4403 Christi
952 4350 1041 4417 qui
1071 4365 1135 4403 ex
1171 4365 1254 4403 me
1283 4351 1589 4405 nasciturus
1613 4361 1720 4416 est,
1751 4351 1961 4406 victura
1992 4367 2084 4423 pe-

508 4438 756 4494 renniter
797 4440 1104 4508 egredietur
1139 4439 1398 4496 Ecclesia.
1431 4442 1504 4495 De
1531 4443 1631 4497 hoc
1662 4458 1801 4497 novo
1841 4453 1895 4498 et
1925 4444 2086 4513 spiri-

2196 3256 2554 3310 meditullium
2585 3258 2906 3323 sortiuntur,
2943 3274 3048 3313 non
3090 3259 3306 3330 quidem
3334 3270 3457 3316 sunt
3485 3259 3763 3331 Apostoli;

2193 3356 2572 3401 verumtamen
2605 3349 2998 3417 principuorum
3031 3349 3395 3420 apostolorum
3428 3351 3567 3406 alter
3590 3350 3762 3419 Petri,

2192 3440 2331 3494 alter
2360 3439 2514 3494 Pauli
2557 3440 2914 3496 relationibus
2950 3452 3078 3496 sunt
3105 3443 3305 3498 edocti.
3336 3442 3539 3500 Omnes
3580 3453 3763 3502 tamen

2192 3530 2366 3585 sancti
2415 3530 2762 3602 evangelista:
2812 3531 2973 3587 unius
3022 3533 3381 3599 auctoritatis,
3431 3535 3592 3591 unius
3635 3547 3766 3593 sunt

2191 3623 2336 3689 ﬁdei,
2369 3637 2471 3678 nec
2509 3623 2563 3677 in
2601 3622 2784 3692 aliquo
2819 3623 3064 3693 dispares
3097 3623 3150 3678 in
3191 3625 3418 3680 texeuda
3458 3625 3764 3682 sincerissi-

2191 3733 2292 3772 mae
2314 3717 2456 3772 linea
2489 3717 2756 3781 veritatis,
2789 3732 2854 3772 ac
2883 3731 2980 3787 per
3004 3731 3222 3772 omnem
3251 3731 3362 3772 suae
3385 3718 3762 3788 descriptionis

2190 3805 2476 3861 articulum
2525 3805 2940 3876 inexpugnabile
2985 3805 3144 3860 simul
3187 3806 3403 3874 erigunt
3448 3821 3758 3878 propugna-

2189 3899 2370 3953 culum
2407 3899 2670 3952 adversus
2701 3898 2880 3951 omnia
2919 3897 3284 3966 quarumlibet
3321 3898 3600 3954 haerescon
3645 3901 3758 3968 spi-

2189 3989 2306 4042 cula
2333 3988 2735 4058 praemunitum.
2763 3985 2888 4042 lla-c
2907 3997 2990 4041 est
3013 3987 3155 4041 enim
3179 3988 3434 4057 quadriga
3462 3987 3550 4042 illa
3576 3988 3626 4043 in
3651 4005 3758 4058 qua

2187 4080 2302 4134 Rex
2333 4078 2517 4148 gloria!
2551 4078 2833 4133 exsultans
2857 4086 2914 4131 ut
2941 4078 3113 4148 gigas,
3155 4089 3208 4132 et
3246 4087 3437 4148 potens
3467 4079 3521 4134 in
3548 4080 3755 4148 praelia,

2189 4169 2529 4242 (Psal.xvm,
2549 4169 2728 4238 xxiii),
2757 4167 2994 4238 Principi
3024 4171 3209 4223 mundi
3256 4167 3435 4237 hujus,
3469 4169 3559 4239 qui
3587 4185 3758 4240 genus

2178 4259 2484 4318 humanum
2537 4258 2811 4327 captivum
2857 4259 3102 4322 tenebat,
3157 4261 3435 4326 occurrit,
3488 4267 3542 4314 et
3587 4260 3758 4314 lorica

2186 4347 2368 4402 carnis
2402 4356 2644 4402 armatus
2697 4347 2844 4402 illum
2892 4350 3284 4417 superveniens
3333 4350 3484 4415 vicit,
3532 4350 3758 4420 ejusque

2187 4451 2314 4492 vasa
2361 4436 2638 4492 distribuit
2673 4436 2823 4507 (Luc.
2865 4438 2964 4508 xi).
3017 4438 3166 4493 Hanc
3213 4454 3374 4507 porro
3417 4441 3752 4511 quadrigam,

508 4530 638 4586 tuali
679 4531 876 4586 mundo
902 4533 1160 4601 scriptum
1191 4543 1319 4588 est:
1358 4553 1376 4584 ι
1408 4535 1619 4588 Domini
1660 4545 1787 4590 sunt
1831 4537 2082 4592 cardines
2113 4516 2160 4574 Ι)
2186 4542 2484 4597 verumque
2540 4528 2825 4583 cherubim
2882 4528 3133 4583 Ezechiel
3188 4531 3448 4599 propheta
3517 4543 3578 4584 se
3627 4544 3757 4584 con-

503 4630 683 4687 terraa,
712 4629 767 4675 et
795 4621 973 4691 posuit
1001 4635 1162 4690 super
1191 4636 1285 4677 eos
1319 4622 1504 4677 orbem
1531 4621 1582 4694 (1
1612 4621 1738 4693 Reg.
1769 4622 1852 4694 ii).
1904 4642 1922 4674 ι
1973 4623 2078 4679 0r-

499 4711 584 4766 bis
619 4711 763 4764 enim
797 4726 959 4781 super
989 4719 1143 4766 terra:
1185 4712 1433 4767 cardines
1458 4713 1678 4782 ponitur
1700 4753 1715 4778 ,
1743 4729 1862 4768 cum
1893 4724 2079 4769 sancta

499 4802 741 4858 Ecclesia
767 4813 1020 4871 tanquam
1063 4817 1224 4871 super
1248 4804 1408 4858 bases
1439 4803 1713 4860 .doctrinis
1755 4806 2080 4876 evangelicis

498 4895 783 4950 solidatur.
837 4895 911 4949 De
955 4909 1060 4965 qua
1113 4903 1168 4949 et
1215 4895 1340 4950 alibi
1372 4896 1570 4950 dicitur
1601 4914 1612 4926 ·
1649 4916 1666 4948 ι
1710 4897 2077 4954 Fundamenta

497 4985 615 5054 ejus
651 4984 702 5039 is
733 4985 1004 5038 montibus
1028 4985 1231 5039 sanctis
1258 4983 1432 5054 (Psal.
1459 4988 1701 5055 Lxxxw).
1739 5007 1758 5038 ι
1789 4988 1888 5055 Qui
1933 4991 2076 5044 inim

497 5075 608 5130 illic
637 5077 908 5140 cardines,
941 5077 1028 5131 hic
1053 5077 1302 5146 appellati
1336 5087 1461 5132 sunt
1494 5087 1724 5132 montes.

571 5165 1033 5235 Evangelistarum
1080 5166 1238 5235 plane
1283 5162 1509 5222 numero
1545 5168 1792 5238 congruit
1812 5178 1868 5224 et
1896 5171 2075 5224 mundi

496 5256 672 5322 situs,
704 5267 757 5311 et
794 5266 1095 5327 temporum
1137 5273 1359 5322 cursus;
1384 5259 1508 5327 quia
1547 5267 1601 5314 et
1625 5271 1858 5328 quatuor
1894 5262 2076 5315 mundi

496 5356 681 5418 partes
703 5389 717 5414 ,
748 5357 803 5403 et
829 5348 1048 5403 totidem
1077 5357 1204 5406 sunt
1232 5357 1530 5417 temporum
1566 5350 1927 5406 diversitates.
1955 5349 2070 5405 Non

495 5451 626 5508 ergo
659 5438 880 5502 mirum,
911 5440 954 5493 si
981 5439 1278 5509 spiritualis
1307 5442 1536 5496 mundus
1566 5442 1761 5496 visibili
1792 5442 1918 5496 huic
1942 5457 2076 5497 con-

497 5528 721 5596 feratur,
747 5533 870 5586 dum
899 5531 1184 5586 nonnullas
1214 5531 1442 5590 invicem
1467 5533 1664 5590 habere
1694 5533 2074 5588 similitudines

499 5630 729 5688 uterque
761 5622 1114 5690 dignoscitur.

568 5711 635 5766 Et
665 5713 978 5782 notandum,
1015 5715 1408 5790 quia_suminus
1443 5715 1795 5784 architectus,
1824 5715 2074 5774 videlicet

2185 4620 2429 4689 spexisse
2451 4617 2919 4683 commemoravit,
2947 4633 3068 4672 cum
3097 4619 3172 4672 ait
3201 4637 3212 4671 :
3249 4638 3267 4670 ς
3303 4619 3610 4674 Similitudo
3653 4635 3752 4674 au-

2188 4717 2302 4764 tem‘
2323 4709 2504 4762 vultus
2553 4721 2742 4762 eorum
2786 4706 2956 4761 facies
3001 4705 3253 4772 hominis,
3291 4716 3345 4762 ct
3386 4706 3553 4763 facies
3581 4707 3752 4762 leonis

2182 4815 2212 4853 a
2260 4799 2464 4854 dextris
2517 4798 2757 4868 ipsorum
2798 4805 3059 4866 quatuor,
3114 4796 3278 4852 facies
3324 4805 3502 4852 autem
3533 4797 3686 4853 bovis
3719 4814 3752 4855 a

2182 4890 2421 4946 sinistris
2462 4891 2701 4960 ipsorum
2731 4903 2984 4958 quatuor,
3013 4898 3067 4943 et
3107 4889 3273 4945 facies
3301 4890 3494 4959 aquilae
3517 4890 3752 4960 desuper

2181 4984 2420 5053 ipsorum
2458 4974 2940 5052 quatuorlEzeclt.
2971 4983 3033 5052 ι).
3074 5003 3091 5033 ι
3125 4983 3270 5050 Quos
3320 4984 3566 5052 profecto
3611 4998 3749 5037 non-

2181 5073 2309 5128 nulli
2337 5074 2728 5128 catholicorum
2759 5073 2980 5128 Patrum
3008 5075 3110 5129 hoc
3140 5073 3330 5129 ordine
3353 5074 3748 5141 discreverunt,

2179 5173 2239 5220 ut
2295 5164 2421 5233 quia
2463 5167 2530 5218 ab
2581 5165 2817 5218 humana
2863 5164 3212 5233 generatione
3261 5163 3445 5233 coepit,
3488 5161 3611 5230 jure
3651 5178 3750 5232 per

2178 5256 2452 5310 hominem
2480 5255 2792 5321 Matthaeus;
2819 5255 2942 5326 quia
2968 5270 3097 5311 vero
3119 5271 3148 5310 a
3169 5255 3408 5310 clamore
3433 5255 3485 5310 in
3507 5255 3755 5322 deserto,-

2181 5359 2326 5404 recte
2353 5362 2449 5415 per
2477 5347 2690 5401 leonem
2722 5345 2969 5409 Marcus;
3005 5346 3131 5416 quia
3167 5360 3198 5398 a
3228 5345 3496 5400 sacriﬁcio
3519 5360 3750 5401 exorsus

2177 5448 2281 5501 est,
2332 5439 2468 5492 bene
2517 5452 2614 5508 per
2661 5436 2888 5490 vitulum
2939 5435 3148 5500 Lucas;
3208 5434 3333 5504 quia
3381 5449 3410 5488 a
3465 5433 3749 5490 divinitate

2177 5529 2339 5585 Verbi
2383 5529 2570 5597 ccepit,
2617 5527 2776 5597 digne
2819 5524 3054 5580 Joannes
3082 5523 3331 5579 videatur
3373 5537 3470 5595 per
3509 5522 3746 5590 aquilam

2176 5621 2468 5692 designari.
2500 5619 2601 5686 Qui
2637 5617 2890 5672 nimirum
2915 5616 3100 5671 dicens
3128 5633 3141 5669 :
3177 5634 3194 5666 ε
3227 5614 3285 5670 lu
3329 5613 3598 5684 principio
3624 5619 3746 5666 erat

2159 5715 2435 5786 Verbum,
2476 5720 2531 5769 et
2562 5710 2797 5770 Verbum
2831 5717 2952 5764 erat
2973 5707 3114 5780 apud
3139 5707 3338 5772 Deum;
3366 5713 3421 5760 et
3456 5703 3598 5760 Deus
3623 5709 3742 5761 erat
