4178 6446
491 386 587 452 781

1902 377 2130 443 SERMO
2171 372 2348 439 XLIX.

3624 374 3725 439 is;
3749 467 3758 476 _

490 506 723 562 Verbum
757 493 936 576 (Joan.
964 504 1066 574 ι),ι
1097 503 1221 560 dum
1245 498 1299 567 in
1321 519 1439 561 eam
1470 502 1826 559 substantiam
1855 500 2058 553 Divini-
2085 508 2132 562 Α
2161 497 2283 568 gelii
2321 513 2425 552 non
2466 498 2697 551 omittat.
2750 497 2881 551 Nam
2925 498 3096 576 ipsum
3128 508 3345 569 quoque
3381 506 3490 554 sua!
3533 503 3722 558 narra-

487 598 617 653 tatis
636 596 884 661 intendit,
898 597 1049 664 quasi
1072 613 1222 654 more
1243 598 1433 668 aquilae
1450 595 1636 652 oculos
1659 596 1711 648 in
1737 583 1902 649 Solem
1917 586 2054 648 fixit.

459 702 472 718 ν
564 685 672 741 Sed
725 684 782 751 ii,
833 685 926 754 qui
955 697 1170 741 sanctos
1200 685 1559 756 evangelistas
1597 699 1695 753 per
1743 682 2059 736 animalium

495 775 699 846 ﬁguras
728 775 828 831 sub
865 774 972 848 hac
985 775 1258 830 varietate
1289 766 1642 844 distinguunt,
1679 771 1847 841 magis
1882 769 2058 823 consi-

485 866 677 922 derare
737 864 988 920 videntur
1057 864 1331 936 Evangelii
1393 858 1656 934 cujusque
1713 861 2055 931 principium,

485 963 646 1026 quam
693 954 1007 1010 continuum
1055 955 1332 1024 sequentis
1380 950 1618 1009 historia:
1655 962 1882 1006 textum.
1922 951 2056 1005 Nam

487 1048 577 1117 qui
613 1047 861 1102 scriatim
891 1055 1118 1106 cunctas
1149 1047 1478 1118 evangelicae
1521 1046 1852 1100 narrationis
1878 1046 2058 1099 curio-

485 1135 601 1192 sius
628 1143 793 1204 atque
840 1135 1101 1190 minutius
1128 1135 1450 1206 indagavere
1477 1133 1794 1199 sententias,
1827 1130 1888 1187 Β.
1915 1134 2055 1187 Mat-

487 1223 629 1278 thaao
675 1238 783 1278 non
813 1223 1070 1287 hominis,
1100 1223 1198 1278 sed
1232 1223 1458 1294 ﬁguram
1489 1223 1848 1277 decreverunt
1890 1219 2058 1276 ascri-

483 1312 716 1368 bendam
765 1327 886 1369 esse
927 1310 1121 1368 leonis.
1167 1312 1277 1368 Leo
1311 1313 1476 1378 enim,
1524 1320 1586 1366 ut
1636 1311 1713 1365 ait
1755 1308 2060 1380 Scriptura;

486 1399 822 1455 fortissimus
849 1400 1146 1455 bestiarum
1173 1399 1239 1453 ad
1270 1394 1470 1455 nullius
1510 1399 1729 1468 pavebit
1771 1406 2057 1453 occursum

487 1490 674 1562 (Prov.
714 1491 870 1561 xxx).
925 1491 994 1545 Et
1037 1492 1164 1561 quia
1200 1505 1294 1547 rex
1343 1491 1657 1546 animalium
1704 1491 1920 1556 dicitur,
1951 1507 2056 1545 non

483 1581 782 1653 incongrue
810 1582 873 1636 Β.
907 1581 1180 1646 Mattheeo,
1215 1583 1308 1652 qui
1351 1579 1553 1649 regiam
1580 1579 1781 1638 Christi
1815 1583 2059 1637 cernitur

487 1673 686 1729 texisse
737 1688 1048 1743 personam,
1091 1673 1264 1730 leonis
1305 1674 1512 1743 species
1551 1674 1862 1743 deputatur.
1906 1672 2058 1729 Unde

489 1772 540 1819 et
565 1764 619 1819 in
656 1763 979 1836 Apocalypsi
1009 1764 1272 1820 Dominus
1297 1780 1418 1820 cum
1457 1766 1570 1835 ipsa
1610 1766 1756 1820 tribu
1798 1767 1944 1837 regia
1972 1767 2057 1822 leo

482 1862 940 1908 contmemoratus
969 1863 1072 1909 est.
1105 1853 1207 1910 Ubi
1237 1854 1442 1909 dictum
1475 1863 1596 1910 est:
1627 1874 1644 1907 ι
1674 1848 1824 1910 Vicit’
1859 1856 1943 1910 leo
1988 1857 2056 1912 de

485 1941 626 1997 tribu
651 1939 786 1998 Juda
801 1943 981 2014 (Apoc.
1003 1943 1079 2015 v).
1095 1964 1118 2016 ι»
1139 1942 1422 1999 Matthaaus
1450 1944 1630 2014 itaque
1653 1947 1707 2000 in
1730 1947 2054 2002 declaranda

485 2035 634 2104 regia
674 2033 840 2103 stirpe
885 2034 1098 2089 Domini
1148 2027 1468 2091 familiarius
1498 2044 1673 2100 vacat,
1722 2021 1780 2090 et
1822 2036 1962 2091 sicut
1989 2037 2057 2092 ab

486 2124 590 2180 hac
627 2124 954 2179 narrationis
978 2113 1258 2180 exordium
1284 2127 1535 2194 sumpsit,
1559 2120 1640 2181 sic
1664 2127 1718 2180 in
1753 2127 1945 2181 eadem
1977 2127 2056 2180 in-

485 2211 725 2267 tentione
747 2215 922 2267 totam
949 2206 1072 2284 styli
1098 2214 1182 2268 sui
1211 2214 1409 2270 seriem
1444 2215 1512 2269 ad
1543 2211 1700 2269 linem
1734 2230 1903 2285 usque
1929 2231 2052 2284 per-

482 2294 651 2356 ducit.
685 2299 1066 2358 Generationis
1093 2303 1292 2374 quippe
1327 2303 1529 2359 lineam
1563 2312 1752 2360 texens
1781 2305 1851 2359 ad
1882 2306 2051 2359 David

483 2391 751 2462 pervenit,
779 2393 971 2447 deinde
1001 2405 1097 2462 per
1125 2392 1472 2449 Salomonem
1516 2393 1805 2458 transiens,
1831 2401 2056 2448 caeteros

486 2497 644 2554 reges
671 2483 722 2538 in
752 2484 1124 2539 enumeranda
1153 2483 1368 2554 generis
1389 2483 1734 2538 successione
1761 2484 2052 2554 percurrit.

481 2564 551 2628 Et
581 2572 742 2642 paulo
772 2581 893 2642 post
915 2571 1102 2638 refert,
1128 2573 1272 2642 quod
1296 2571 1363 2627 ab
1390 2571 1612 2628 Oriente
1644 2571 1782 2640 magi
1808 2571 2052 2635 veniunt,

481 2663 867 2720 etJudzeorum
897 2663 1100 2734 Regem
1143 2670 1327 2717 natum
1357 2663 1586 2718 solerter
1631 2663 1940 2732 inquirunt;
1984 2663 2057 2717 si-

481 2752 592 2831 mul
639 2752 806 2809 etiam
855 2754 982 2824 quia
1029 2767 1124 2808 rex
1171 2751 1413 2808 Herodes
1456 2753 1698 2806 turbatus
1720 2750 1934 2822 (Matth.
1969 2749 2052 2822 ιι).

484 2846 613 2900 dum
641 2844 811 2910 audit,
839 2844 983 2913 quod
1019 2859 1113 2899 rex
1138 2851 1335 2914 praeter
1359 2858 1418 2899 se
1446 2843 1500 2898 in
1527 2842 1834 2898 indecorum
1857 2841 2056 2912 pOpulo

481 2942 642 2990 natus
666 2944 777 3001 est;
806 2929 1000 2989 deinde
1019 2931 1301 3005 subiungit
1323 2933 1656 3004 parabolam,
1682 2932 1773 2986 ubi
1798 2932 2056 2999 Dominus

486 3024 602 3078 sit:
633 3041 653 3076 ι
682 3023 874 3079 Simile
914 3032 998 3080 est
1021 3039 1248 3095 regnum
1278 3025 1537 3080 caelorum
1567 3023 1773 3079 homini
1798 3023 1935 3095 regi,
1962 3023 2054 3092 qui

479 3108 611 3172 fecit
639 3117 854 3187 nuptias
878 3114 990 3171 lilio
1003 3130 1099 3172 suo
1123 3115 1333 3187 (Matth.
1352 3120 1508 3186 xm).
1533 3134 1552 3168 ι
1580 3115 1712 3170 Nam
1735 3121 1791 3171 et
1823 3115 2056 3171 instante

2160 591 2322 645 tionis
2347 591 2627 646 exordium
2660 591 2788 660 quid
2828 571 2971 645 aliud
3015 600 3322 656 coacervat,
3351 595 3514 661 quam
3551 594 3725 650 diver-

2159 687 2340 737 sOrum
2371 682 2588 736 nomina
2611 682 2988 737 sacerdotum?
3013 702 3032 734 ‹
3065 683 3210 748 Fuit,
3237 684 3426 753 inquit,
3455 685 3509 738 in‘
3539 685 3727 742 diebus

2159 765 2388 826 l-lerodis
2445 771 2586 841 regis
2640 771 2836 826 Judtea:
2891 773 3145 828 sacerdos
3208 775 3446 842 quidam,
3508 777 3759 830 nomine

2159 857 2470 924 Zacharias,
2521 861 2588 914 de
2630 860 2750 915 vic’e
2794 861 2951 927 Abia,
2995 870 3052 916 et
3094 874 3230 916 uxor
3259 861 3373 930 ejus
3403 864 3469 917 de
3519 863 3726 918 ﬁliabus
3755 877 3770 896 λ’

2156 948 2338 1001 Aaron
2387 947 2538 1018 (Luc.
2581 949 2644 1018 ι).
2681 969 2698 1000 ι
2728 949 2986 1004 Eumdem
3025 953 3363 1020 postmodum
3405 943 3726 1006 Zachariam

2158 1037 2214 1090 in
2266 1038 2464 1106 templo
2503 1049 2628 1092 ante
2679 1039 2849 1092 altare
2892 1041 3192 1104 constituit,
3246 1039 3468 1094 Mariam
3515 1055 3731 1110 quoque

2159 1126 2426 1196 virginem
2476 1128 2658 1182 domui
2705 1129 3007 1184 sacerdotis
3049 1130 3274 1184 inddcit.
3306 1131 3731 1201 Quadragesimo

2157 1225 2340 1270 autem
2394 1215 2700 1294 Nativitatis
2761 1220 2847 1274 die
2897 1234 3124 1290 puerum
3173 1221 3241 1275 ad
3301 1221 3556 1290 templum
3605 1235 3728 1275 cum

2158 1311 2474 1366 muneribus
2529 1322 2709 1380 portat
2767 1311 3024 1382 (Luc.tt),
3077 1311 3379 1368 duodenem
3409 1327 3629 1382 quoque
3671 1313 3728 1367 in

2159 1403 2362 1473 templo
2411 1403 2740 1468 audientem,
2793 1411 2848 1456 et
2896 1402 3318 1472 interroganttm
3365 1417 3488 1457 cum
3535 1402 3728 1456 doctov

2158 1490 2309 1546 ribus
2351 1491 2699 1546 inthronizat.
2747 1490 2949 1545 Deinde
2981 1499 3235 1559 parentes
3282 1490 3494 1544 Domini
3542 1497 3730 1544 narrat

2158 1596 2256 1650 per
2290 1597 2480 1636 omnes
2521 1594 2690 1634 annos
2737 1579 3052 1634 ascendisse
3099 1577 3434 1632 Hierusalem
3480 1579 3548 1632 ad
3589 1587 3727 1632 tem.

2155 1672 2303 1742 plum
2336 1688 2389 1726 tn
2423 1672 2510 1725 die
2539 1670 2895 1726 solemnitatis
2920 1669 3162 1725 Paschze.

2229 1763 2453 1817 Demum
2498 1755 2844 1831 Evan’gelium
2876 1775 3033 1814 suum
3063 1759 3167 1814 hoc
3196 1759 3302 1814 line
3339 1758 3623 1825 Conclusit,
3670 1768 3732 1814 ut

2085 1840 2130 1899 Β
2160 1853 2400 1909 diceret:
2436 1869 2453 1904 ι
2484 1852 2589 1922 ipsi
2629 1853 2918 1907 adorantes
2955 1851 3188 1922 regressi
3218 1859 3344 1906 sunt
3369 1850 3727 1918 Hierusalem,
3821 1892 3826 1896 .

2157 1953 2210 1998 et
2261 1952 2416 1998 erant
2467 1943 2708 2012 quotidie
2758 1943 2811 1996 in
2863 1941 3060 2010 templo
3109 1941 3386 1996 laudantes
3433 1943 3622 2006 Deum,
3675 1951 3732 1996 et

2157 2033 2537 2088 benedicentes
2605 2027 3102 2100 Dominum-(Luc.
3166 2031 3344 2100 xxiv).
3397 2045 3416 2081 ι
3470 2031 3731 2086 Mediator

2156 2123 2353 2192 quippe
2380 2121 2560 2176 Dei'et
2586 2121 2862 2174 hominum
2887 2119 3184 2173 seCundunt
3229 2119 3521 2171 humanam
3569 2127 3730 2172 natu-

2159 2229 2272 2267 ram
2307 2222 2444 2266 unus
2494 2212 2742 2281 idemque
2787 2225 2882 2266 rex
2911 2223 3030 2265 esse
3070 2209 3321 2264 voluitet
3361 2211 3634 2274 sacerdos,
3667 2220 3729 2264 ut

2157 2318 2255 2373 per
2283 2304 2426 2357 vires
2460 2316 2557 2357 nos
2594 2302 2791 2372 regalis
2833 2302 3003 2370 apicis
3044 2309 3278 2371 regeret,
3328 2310 3384 2356 et
3419 2312 3519 2370 per
3547 2317 3730 2358 saeer—
3767 2357 3791 2376 ῃ

2159 2395 2298 2450 dotis
2333 2393 2565 2448 oliicinm
2603 2393 2868 2460 expiaret.
2915 2390 3009 2445 lite
3039 2391 3303 2459 siquidem
3339 2391 3457 2446 dure
3487 2406 3729 2459 personae

2157 2485 2257 2540 sub
2289 2484 2458 2554 figura
2494 2482 2696 2538 Christi
2739 2482 3050 2552 specialiter
3084 2490 3211 2536 sunt
3240 2497 3268 2534 a
3298 2481 3551 2535 Patribus
3581 2497 3730 2536 com-
3756 2513 3776 2519 --

2157 2574 2440 2638 mendatm,
2492 2572 2580 2627 cui
2634 2571 3010 2642 principaliter
3052 2585 3116 2625 ac
3158 2570 3416 2639 singulari
3457 2585 3729 2640 praaroga-

2158 2665 2265 2718 tiva
2295 2663 2443 2718 dedit
2486 2662 2629 2716 Deus
2657 2662 2839 2716 sedem
2883 2660 3051 2714 David
3092 2661 3264 2728 patris
3301 2658 3436 2727 ejus,
3471 2669 3531 2712 ut
3577 2659 3726 2730 regni
3815 2683 3818 2692 τ

2155 2752 2272 2821 ejus
2317 2769 2425 2807 non
2474 2762 2617 2808 esset
2661 2751 2803 2817 ﬁnis,
2833 2758 2888 2804 et
2914 2758 2972 2803 ut
3000 2751 3256 2804 sacerdos
3301 2757 3448 2803 esset
3479 2749 3532 2803 in
3563 2758 3726 2803 teter-

2157 2860 2284 2900 uum
2312 2843 2605 2900 secundum
2631 2843 2873 2897 ordinem
2902 2840 3294 2896 Melchisedech
3322 2839 3493 2910 (Psal.
3520 2840 3652 2908 cu).

2228 2931 2520 3002 Utriusque
2566 2947 2695 3002 ergo
2753 2932 3037 2986 ministerii
3073 2931 3390 3001 dignitatem
3441 2930 3732 2986 Matthzeus

2157 3038 2209 3081 ct
2245 3026 2421 3082 Lucas
2469 3026 2543 3080 ita
2590 3025 2730 3079 inter
2777 3040 2836 3078 se
2884 3025 3114 3078 invicem
3168 3023 3436 3083 dividunt,
3483 3031 3540 3076 ut
3589 3023 3729 3078 alter

2157 3120 2360 3176 Christi
2385 3134 2632 3188 regnum,
2663 3117 2800 3171 alter
2828 3117 3028 3172 indicet
3065 3115 3447 3171 sacerdotium.
3495 3115 3731 3185 Spiritus

484 3205 784 3263 salutiferae
830 3205 1099 3276 passionis
1140 3205 1394 3271 articulo,
1425 3213 1610 3260 narrat
1647 3220 1769 3260 eum
1811 3206 2050 3260 dixisse:
2083 3181 2128 3244 (ἶ
2158 3209 2302 3262 enim
2335 3215 2556 3262 sanctus
2585 3219 2681 3276 per
2715 3220 2916 3274 organa
2949 3220 3042 3259 sua
3074 3204 3154 3259 sic
3180 3204 3410 3274 propriae
3448 3181 3731 3274 potestatis

487 3317 507 3350 ι
537 3297 673 3366 Quia
701 3313 823 3354 cum
847 3297 1050 3354 sederit
1069 3295 1239 3353 Filius
1261 3295 1498 3352 hominis
1519 3297 1571 3352 in
1601 3297 1729 3352 sede
1756 3295 2056 3364 maiestatis

483 3405 618 3456 suae,
670 3392 1149 3461 congregabantur
1191 3398 1318 3444 ante
1347 3403 1469 3444 eum
1509 3403 1698 3444 omnes
1742 3395 1962 3457 gentes;
2003 3389 2058 3440 ct

483 3478 611 3547 quia
655 3486 782 3532 tunc
818 3477 959 3532 dicet
998 3492 1093 3531 rex
1139 3477 1224 3531 his
1265 3476 1356 3546 qui
1389 3491 1420 3530 a
1448 3475 1654 3556 dextris
1703 3472 1822 3542 ejus
1849 3483 2010 3528 erunt
2040 3491 2052 3527 :

481 3565 693 3633 Venite,
738 3568 1006 3623 benedicti
1063 3567 1238 3621 Patris
1269 3564 1580 3637 mei,262
1637 3563 1901 3633 percipite
1967 3579 2054 3617 re-

481 3673 643 3729 gnum
673 3657 889 3729 (Matth.
927 3656 1078 3727 xxv).
1119 3677 1137 3709 ι
1170 3656 1454 3712 Postremo
1483 3655 1760 3709 destructo
1781 3669 1879 3723 per
1906 3668 2053 3708 mor-

482 3758 591 3803 tem
619 3763 772 3802 suam
805 3749 992 3803 mortis
1038 3747 1282 3816 imperio,
1331 3754 1386 3801 et
1417 3747 1590 3802 beatae
1620 3745 2056 3800 Resurrectionis

479 3847 806 3893 coruscante
835 3837 1130 3907 triumpho,
1158 3844 1346 3890 narrat
1371 3850 1492 3890 eum
1522 3835 1722 3891 dixisse
1742 3833 2052 3902 discipulis:

485 3943 505 3978 ι
537 3927 671 4000 Data
701 3935 787 3982 est
815 3927 946 3981 mihi
985 3926 1163 3981 onmis
1201 3933 1440 3996 potestas
1470 3925 1523 3980 in
1565 3923 1704 3980 coelo
1733 3931 1788 3979 et
1824 3923 1877 3977 in
1909 3930 2054 3977 terra

479 4014 694 4087 (Matth.
723 4017 936 4085 xxvm).
974 4035 994 4069 ι

548 4106 662 4171 llis,
711 4119 768 4164 et
805 4104 1112 4178 huiusmodi
1166 4105 1592 4173 clarescentibus
1646 4107 1698 4162 in
1745 4103 2052 4177 evangelica

479 4197 841 4270 descriptione
891 4200 1208 4266 sententiis,
1274 4201 1446 4269 liquet
1497 4199 1561 4253 Β.
1625 4197 1936 4252 Matthaeum
1998 4198 2052 4252 in

475 4289 852 4360 prosequenda
901 4290 1046 4359 regia
1096 4289 1265 4359 stirpe
1308 4287 1544 4353 Domini,
1595 4287 1839 4341 tenacius
1888 4296 2050 4355 quam

476 4389 705 4436 ceteros
753 4379 922 4436 fuisse
977 4390 1272 4436 versatum.
1339 4373 1723 4447 Unusquisque
1781 4376 2048 4446 siquidem

479 4479 789 4527 sanctorum
849 4470 1301 4541 evangelistarum
1343 4467 1618 4536 proprium
1654 4480 1719 4521 ac
1761 4455 2048 4535 Specialem

2151 3297 2273 3365 jura
2304 3297 2596 3364 diSpensat,
2646 3302 2704 3348 ut
2755 3295 2880 3348 dum
2929 3307 3027 3362 per
3071 3291 3206 3346 duos
3254 3307 3391 3346 unus
3437 3292 3729 3361 eloquitur,

2159 3381 2299 3440 idem
2361 3382 2712 3440 sentientium
2779 3381 3025 3450 quaedam
3091 3380 3144 3434 in
3207 3381 3385 3434 verbis
3445 3381 3733 3437 diversitas

2155 3474 2514 3544 eXprimatur.
2543 3471 2697 3527 Unde
2723 3486 2845 3525 cum
2883 3469 3187 3531 Matthznus,
3220 3470 3311 3538 qui
3352 3471 3585 3540 regalem
3627 3472 3734 3525 Dos

2157 3565 2292 3621 mini
2326 3577 2617 3634 personam
2651 3570 2966 3630 susceperat
2991 3559 3422 3625 describendam,
3451 3561 3505 3614 in
3535 3576 3735 3631 genea-s

2155 3659 2310 3728 logia:
2336 3664 2594 3712 contextu
2645 3669 2798 3724 reges
2847 3660 3156 3718 enumeret;
3211 3652 3386 3708 Lucas
3435 3654 3500 3708 ad
3555 3654 3729 3723 ipsum

2157 3747 2325 3803 David
2355 3761 2461 3801 non
2493 3746 2700 3816 regium
2733 3745 2950 3800 schema
2977 3753 3297 3813 prosecutus
3324 3743 3589 3808 ascendit,
3633 3744 3730 3798 sed

2155 3848 2253 3905 per
2291 3849 2384 3890 eos
2431 3833 2523 3902 qui
2571 3847 2728 3901 reges
2774 3847 2881 3886 non
2933 3830 3169 3894 fuerant,
3218 3829 3350 3883 exiit
3397 3831 3465 3884 ad
3513 3830 3729 3884 Nathan

2156 3928 2324 3982 lilium
2353 3923 2541 3988 David,
2573 3923 2662 3992 qui
2706 3937 2805 3976 nec
2843 3923 2956 3990 ipse
2988 3937 3082 3975 rex
3122 3920 3242 3974 fuit.
3292 3921 3441 3976 Unde
3471 3922 3730 3978 divinitus

2157 4027 2336 4073 actum
2363 4025 2465 4082 est,
2497 4023 2556 4069 ut
2597 4029 2701 4068 non
2735 4013 2894 4085 263
2928 4012 3123 4068 habeat
3154 4013 3358 4068 socium
3390 4014 3726 4084 subsequeno

2156 4117 2286 4171 tem,
2322 4105 2414 4175 qui
2444 4102 2569 4174 styli
2610 4103 2692 4157 sui
2729 4111 2910 4156 teneat
2933 4101 3153 4166 seriem,
3177 4101 3432 4169 quoniam
3473 4104 3732 4158 sacerdos

2155 4199 2207 4253 in
2241 4196 2439 4253 Sancta
2487 4204 2795 4250 sanctorum
2837 4191 2984 4248 solus
3014 4193 3274 4258 intrabat,
3323 4203 3488 4263 atque
3527 4194 3732 4250 idcirco

2155 4287 2243 4345 hic
2285 4289 2402 4344 sine
2443 4286 2642 4342 comite
2674 4291 2777 4351 est,
2824 4285 2950 4355 quia
2993 4299 3051 4339 se
3090 4284 3235 4338 circa
3282 4285 3494 4339 Domini
3543 4294 3750 4342 sacer-‘

2153 4381 2358 4436 dolium
2417 4377 2725 4448 Speeialiter
2772 4379 3040 4446 occupat;
3093 4372 3381 4430 Matthaeus
3421 4384 3622 4443 autem,
3680 4386 3737 4432 ut

2151 4472 2470 4543 prtedietum
2525 4478 2648 4534 est,
2707 4467 3066 4523 breviatorem
3125 4465 3363 4522 Marcum
3421 4475 3585 4537 atque
3647 4484 3740 4536 pe-

476 4560 721 4616 ordinem
748 4569 948 4623 servat,
995 4535 1050 4614 et
1088 4559 1142 4613 in
1182 4559 1320 4630 ejus,
1346 4535 1467 4627 qua
1503 4557 1686 4627 coepit,
1736 4535 2468 4631 intellllOHlSD-disscquum
2527 4559 2748 4625 habuit,
2796 4559 2935 4629 quia
2987 4558 3188 4613 Christi
3238 4557 3443 4626 regiam
3496 4535 3739 4626 ’ἀίεηίίιςμ

417 4705 422 4707 _
475 4651 723 4707 custodia
769 4659 1103 4720 perseverat.
1148 4649 1282 4704 Nam
1324 4649 1562 4704 Joannes
1600 4647 1916 4718 propensius
1957 4659 2050 4698 oc-

476 4751 704 4814 cupatur
729 4744 796 4799 ad
837 4742 1217 4798 declarandam
1265 4742 1319 4796 in
1367 4741 1584 4796 Christo
1629 4736 1927 4794 divinitatis
1963 4749 2051 4788 es-

476 4835 733 4889 sentiam.
780 4830 1068 4888 lilatthmus
1111 4842 1313 4898 autcm,
1357 4843 1416 4886 ut
1447 4833 1649 4888 dictum
1677 4839 1781 4896 est,
1812 4827 2051 4884 ostendit

477 4923 683 4992 regiam
725 4923 1062 4992 dignitatem.
1116 4920 1331 4974 Marcus
1362 4935 1490 4975 vero
1538 4926 1795 4988 tanquam
1843 4915 2047 4972 assecla

476 5015 590 5069 sive
637 5014 913 5069 breviator
963 5011 1078 5080 ejus
1129 5025 1249 5066 esse
1296 5011 1544 5074 videtur,
1598 5011 1725 5065 dum
1785 5021 1881 5076 per
1934 5006 2051 5074 ejus

474 5104 702 5175 vestigia
743 5100 1376 5171 subsequens‘graditur,
1414 5105 1469 5154 et
1511 5100 1590 5154 sic
1633 5099 1708 5153 illi
1745 5097 1858 5152 sive
1904 5097 2045 5167 ejus-

477 5196 599 5251 dem
644 5197 859 5259 verbis,
911 5194 1025 5248 sive
1052 5192 1238 5248 eodem
1282 5206 1444 5247 sensu
1499 5191 1552 5246 in
1608 5188 1860 5245 omnibus
1914 5201 2051 5258 pene

476 5289 791 5352 concordat,
841 5295 899 5341 ut
943 5294 1198 5354 tanquam
1252 5297 1281 5335 a
1335 5281 1690 5351 praecedentis
1727 5295 1786 5335 se
1836 5279 2051 5333 tramite

475 5394 582 5434 non
639 5379 877 5434 recedat.
936 5375 1110 5432 Lucas
1163 5375 1326 5430 etiam
1391 5373 1668 5443 proprium
1721 5372 1939 5426 modum
1993 5379 2049 5424 et

475 5470 721 5526 ordinem
768 5480 935 5536 tenet,
978 5472 1103 5525 dum
1153 5466 1540 5525 sacerdotalem
1575 5458 1794 5520 Domini-
1825 5465 2047 5535 stirpem

478 5559 739 5616 describit
765 5569 927 5629 atque
956 5573 1276 5631 personam;
1310 5565 1364 5612 et
1386 5557 1465 5611 sic
1495 5571 1589 5623 per
1617 5563 1783 5610 totam
1815 5555 1938 5625 styli
1965 5554 2046 5608 sui

477 5651 673 5706 seriem
724 5651 778 5704 in
829 5651 930 5705 hac
987 5651 1286 5706 intentione
1332 5648 1612 5719 perdurat,
1671 5655 1732 5700 ut
1782 5646 2046 5700 diversari

478 5742 622 5798 circa
648 5743 930 5814 templum,
953 5741 1037 5799 vel
1061 5742 1370 5800 sacerdotes
1392 5754 1558 5811 usque
1585 5739 1651 5796 ad
1682 5737 1842 5794 ﬁnem
1869 5736 2047 5791 Evan-

2155 4659 2260 4705 tem
2317 4665 2472 4718 reges
2520 4646 2890 4704 enumerando
2943 4647 3250 4716 descripsit.
3303 4647 3482 4716 Regia:
3529 4647 3731 4716 quippe

2152 4738 2501 4796 sublimitatis
2527 4747 2632 4806 est,
2655 4747 2834 4795 utnon
2848 4740 2966 4794 sine
2990 4739 3249 4793 comitum
3275 4737 3553 4806 gradiatur
3571 4738 3731 4792 obse-

2156 4831 2303 4901 quio.
2541 4885 2547 4888 _
2771 4843 2774 4846 ‘

2227 4915 2382 4976 Hunc
2418 4921 2611 4976 ducem
2643 4927 2693 4976 et
2734 4935 2834 4977 nos
2872 4928 3184 4988 sequamur,
3231 4917 3571 4973 dilectissimi
3617 4917 3732 4973 fra-

2154 5020 2266 5069 tres
2303 5013 2430 5078 mei,
2465 5023 2570 5082 nun
2614 5011 2960 5082 Evangelium
3007 5009 3322 5075 hreviando,
3367 5012 3461 5065 sed
3498 5025 3733 5080 evange-

2151 5107 2254 5162 lica
2286 5114 2551 5177 prmeepta
2604 5102 2889 5159 servando.
2929 5103 3082 5156 Hune
3129 5106 3196 5157 ad
3241 5103 3403 5157 vitam
3437 5118 3730 5172 sequamur

2148 5198 2362 5253 itineris
2431 5197 2709 5266 prrevium.
2781 5193 2952 5263 llujus
3030 5193 3370 5271 salutiferum
3454 5195 3744 5248 imitemur-
3804 5263 3811 5271 ι

2150 5286 2477 5356 exemplum,
2509 5285 2602 5355 qui
2635 5299 2783 5347 mox,
2810 5291 2867 5338 ut
2892 5283 3138 5338 vocantis
3158 5298 3215 5338 se
3246 5269 3544 5337 Salvatoris
3570 5281 3726 5335 audi-

2154 5377 2229 5431 vit
2269 5375 2553 5444 imperium
2590 5373 2806 5442 (Matth.
2864 5372 2966 5444 rx),
3001 5387 3106 5425 non
3148 5379 3434 5426 cunctatus
3475 5378 3576 5432 est,
3627 5385 3732 5425 non

2157 5484 2252 5522 sua
2298 5464 2614 5534 disponendi
2659 5463 2910 5534 quaesivit
2961 5462 3226 5529 inducias,
3275 5478 3383 5515 non
3434 5460 3732 5516 amicorum

2157 5555 2608 5611 communicanda
2638 5553 2887 5620 consilia,
2928 5553 3022 5607 sed
3071 5552 3216 5607 illico
3247 5550 3466 5605 divitias
3505 5547 3730 5620 sprevit,

2155 5647 2501 5704 necessarios
2544 5646 2838 5709 abdicavit,
2881 5643 3181 5698 carnalium
3224 5639 3512 5697 alfeetuum
3560 5654 3736 5694 nexus

2115 5797 2124 5806 ,
2157 5738 2394 5808 abrupit,
2429 5738 2616 5820 sicque
2661 5737 2870 5795 solutus
2907 5743 3030 5806 post
3064 5733 3269 5792 Christi
3310 5733 3536 5804 vestigia
3581 5733 3734 5788 lzetas
