4178 6464
462 418 567 484 787

1096 410 1152 467 S.
1195 408 1397 464 PETRI
1438 406 1714 469 DAMIANI
1752 408 1903 463 OPP.
1947 407 2122 462 PARS
2150 404 2276 462 SEU
2322 405 2558 466 TOMUS
2599 405 2665 460 ll.
2703 434 2771 445 —
2809 404 3194 463 SERMONES.

3580 409 3685 466 789

458 522 609 582 dedit
633 520 791 592 267
824 520 895 583 ei,
924 526 979 571 et
1022 516 1156 571 fodit
1186 516 1239 570 in
1267 530 1330 570 ea
1358 515 1615 581 torcular,
1646 524 1703 570 et
1738 516 2019 575 aediﬁcavit
2047 521 2092 577 Α
2121 524 2429 584 peccatores
2465 515 2673 582 invitat,
2720 494 2941 585 ianuam
2969 518 3123 573 vobis
3162 530 3274 572 sua:
3300 516 3687 576 unsericordim

460 611 673 674 turrim,
710 616 766 663 et
804 606 1000 665 locavit
1043 619 1162 661 eam
1200 604 1472 672 agricolis,
1516 615 1570 658 et
1596 618 1819 673 peregre
1846 603 2021 674 profe-

457 708 577 755 ctus
606 707 688 757 est
720 695 931 769 (Matth.
979 694 1112 763 nt).
1149 712 1167 743 ι
1228 692 1353 748 Haec
1394 695 1546 749 vinea
1589 708 1654 747 ex
1686 693 1776 748 illo
1826 693 2022 762 prodiit

458 789 634 852 botro.
668 787 761 857 qui
810 785 1033 856 pedibus
1078 782 1382 839 Judaaorum
1432 792 1593 853 atque
1639 784 1914 854 gentilium
1966 784 2021 839 in

457 876 638 936 crucis
658 878 898 935 calcatus
922 884 1007 931 cst
1047 874 1235 945 prelo,
1258 891 1323 930 ex
1368 891 1475 945 quo
1496 877 1713 946 pretiosi
1746 876 2022 944 sanguinis

455 983 599 1023 unua
642 965 924 1037 profluxit;
970 981 1090 1035 quae
1117 975 1322 1019 mentes
1347 966 1621 1023 hominum
1653 968 1790 1019 male
1814 966 2024 1020 sobrias

456 1057 586 1113 vino
609 1056 903 1127 spiritualis
951 1056 1137 1126 gratia":
1183 1040 1472 1108 salubriter
1506 1055 1787 1109 debriavit.
1824 1055 1897 1109 De
1918 1071 2024 1123 quo

452 1144 664 1201 scilicet
698 1145 820 1199 vino
850 1159 971 1201 cum
1017 1130 1242 1201 diversis
1275 1141 1468 1210 linguis
1490 1156 1585 1211 per
1610 1132 1868 1210 Spiritum
1904 1158 2024 1195 san-

453 1242 603 1298 ctum
656 1233 1009 1305 loquerentur
1057 1233 1304 1304 apostoli,
1356 1232 1559 1291 dictum
1616 1241 1735 1286 est:
1799 1249 1817 1283 ι
1852 1230 2025 1285 Mnsto

454 1322 598 1397 pleni
627 1334 751 1379 sunt
780 1323 867 1381 isti
919 1325 1057 1395 (Act.
1093 1325 1177 1394 u).
1212 1344 1232 1376 ι
1267 1323 1359 1378 Vae
1403 1324 1521 1387 illi,
1564 1323 1654 1392 qui
1698 1337 1919 1392 prorsus
1957 1325 2025 1380 ab

428 1414 563 1491 jboc
615 1422 795 1469 musto
828 1413 1058 1485 jejunat,
1084 1423 1139 1470 et
1166 1415 1368 1470 terreni
1419 1414 1526 1475 vini
1572 1414 1880 1484 crapulam,
1918 1429 2026 1485 quo

453 1513 666 1569 aestuat,
711 1506 1069 1576 ingurgitatus
1112 1514 1343 1559 eructat.
1386 1523 1404 1555 ι
1438 1504 1530 1560 Vm
1573 1505 1757 1572 vobis,
1791 1505 1864 1559 ait
1899 1519 2021 1574 pro-

449 1594 637 1665 pheta,
693 1595 785 1665 qui
822 1580 1071 1665 putentes
1116 1596 1249 1650 estis
1282 1596 1350 1650 ad
1392 1594 1679 1649 bibendum
1720 1595 1922 1671 vinum,
1971 1603 2027 1649 et

452 1683 558 1739 viri
600 1683 771 1743 fortes
821 1684 889 1740 ad
938 1685 1268 1740 miscendam
1322 1684 1637 1739 ebrietatem
1688 1684 1836 1755 (Ira.
1885 1684 1961 1756 v),
2000 1703 2019 1736 ι

451 1772 640 1839 Infelix
663 1774 840 1844 plane,
871 1775 965 1843 qui
1003 1790 1063 1830 se
1097 1791 1127 1830 a
1172 1776 1297 1830 vino
1338 1775 1510 1831 sancti
1559 1774 1797 1846 Spiritus
1839 1784 2027 1830 servat

2120 606 2411 661 clementer
2437 606 2663 676 aperiat,
2697 620 2759 659 ac
2802 606 3071 661 mentibus
3095 605 3285 662 vestris
3308 606 3495 676 gratiae
3522 606 3687 665 etule-

2120 697 2217 757 stis
2246 698 2383 751 dona
2417 693 2693 753 diffundat.
2731 695 2832 765 Qui
2887 696 3016 750 vivit
3043 706 3099 753 et
3126 705 3317 768 regnat
3344 697 3399 751 in
3428 695 3691 755 Trinitate

2121 786 2355 857 perfecta
2388 802 2526 843 unus
2562 795 2617 839 et
2656 801 2818 841 verus
2853 787 2993 845 Deus
3029 788 3082 845 in
3128 786 3321 847 saecula
3346 788 3664 847 saeculorum

2120 878 2312 933 Amen.

2607 987 2772 1058 233
2808 986 3083 1043 HOMILIA
3124 984 3212 1041 Ll.

2142 1130 2147 1133 .
2194 1093 2258 1133 DE
2291 1093 2489 1134 SANCTO
2526 1091 2796 1217 ιιΑττιιῗο
2830 1094 3095 1218 Αιηιιςτοιιῖ
3130 1095 3200 1134 ΕΤ
3236 1091 3620 1137 ΕἿΔΝὕηιιτΑο

2770 1163 2860 1202 XXI
2900 1163 3050 1205 SEPT.

2770 1163 2860 1202 XXI
2900 1163 3050 1205 SEPT.

2148 1304 2153 1309 _
2193 1237 2248 1291 ln
2275 1238 2364 1292 illo
2389 1246 2663 1307 tempore:
2701 1255 2720 1289 ι
2749 1237 2882 1293 Cum
2914 1238 3172 1296 transiret
3193 1237 3349 1296 Jesus
3375 1253 3473 1309 per
3500 1238 3690 1297 civitav

2124 1335 2230 1400 tem
2278 1341 2450 1390 suam,
2503 1326 2639 1382 vidit
2702 1327 2975 1385 hominem
3027 1328 3302 1383 sedentem
3362 1328 3418 1383 in
3470 1328 3692 1397 telonio,

2122 1414 2430 1485 Mattbazum
2455 1414 2670 1470 nomine
2696 1413 2914 1488 (Matth.
2943 1416 3041 1487 rx).
3074 1436 3092 1469 ι
3126 1416 3193 1474 Et
3222 1417 3448 1487 reliqua.

2195 1503 2514 1573 Evangelica
2541 1503 2721 1569 lectio,
2775 1516 2895 1573 qua:
2918 1518 3062 1560 nunc
3085 1504 3306 1559 auribus
3328 1504 3523 1561 vestris
3549 1505 3694 1562 inso-

2123 1592 2258 1658 nuit,
2297 1592 2651 1659 dilectissimi,
2687 1592 2830 1648 velut
2854 1593 3081 1664 insignis
3109 1593 3250 1649 inter
3292 1602 3487 1650 caetera
3513 1594 3694 1650 Domi.

2123 1685 2257 1738 uicae
2279 1683 2598 1739 eruditionis
2618 1684 2837 1740 oracula
2860 1693 3175 1741 manentem
3200 1692 3543 1755 peccatorum
3565 1699 3694 1741 eon-

2124 1773 2405 1830 scientiam
2452 1782 2683 1838 recreat,
2714 1774 3055 1830 tabescentes
3083 1774 3292 1829 animos
3317 1775 3498 1845 erigit,
3525 1775 3695 1846 pusil.

452 1863 800 1931 abstemium,
832 1875 885 1918 et
908 1863 1213 1934 pulmonem
1253 1872 1430 1934 portat
1461 1863 1571 1919 vini
1601 1863 1837 1919 carnalis
1867 1878 2024 1919 acro-
2052 1854 2095 1912 Β
2124 1862 2439 1919 lanimitatis
2469 1870 2525 1921 et
2546 1861 2850 1921 dillidentize
2872 1861 3038 1934 frigus
3056 1861 3311 1930 excludit,
3340 1872 3396 1920 et
3416 1863 3484 1920 ad
3510 1865 3692 1921 conci-

452 1951 602 2019 ribus
626 1962 965 2018 aestuantem,
996 1946 1150 2026 cujus
1178 1965 1366 2008 venter
1391 1954 1562 2024 epulis
1599 1964 1763 2025 atque
1795 1956 2029 2026 potatio-

452 2040 611 2097 nibus
641 2043 970 2108 intumescit,
1002 2054 1058 2099 et
1104 2044 1399 2115 spiritualis
1423 2045 1609 2114 gratia:
1637 2044 1821 2103 vinum
1860 2045 1915 2101 in
1944 2044 2025 2100 sui

450 2131 636 2207 cordis
661 2135 883 2207 cellario
911 2151 1020 2197 non
1049 2137 1315 2197 recondit.

522 2224 633 2280 Vos
685 2236 893 2290 autem,
941 2227 1298 2293 dilectissimi,
1356 2228 1438 2285 sic
1486 2235 1647 2282 terrae
1681 2228 2028 2297 proventibus

454 2312 770 2384 colligendis
820 2314 1072 2381 insistite,
1123 2324 1184 2370 ut
1228 2317 1582 2372 memineritis
1633 2317 1797 2372 etiam
1845 2317 2025 2371 vinum

446 2394 622 2459 'divini
661 2406 1005 2469 charismatis
1044 2408 1097 2472 in
1141 2408 1398 2465 mentium
1447 2416 1748 2468 vestrarum
1793 2392 2029 2464 tuunulis

454 2507 771 2551 convasare.
798 2495 1051 2565 Quisquis
1073 2507 1250 2553 autem
1277 2513 1336 2553 se
1366 2513 1395 2551 a
1426 2499 1671 2567 proximo
1706 2513 1803 2567 per
1822 2498 2028 2553 discor-

455 2579 557 2641 dia:
600 2580 840 2637 fomitem
890 2584 1096 2650 dividit,
1149 2600 1255 2640 non
1295 2587 1411 2640 avis
1441 2587 1671 2647 Domini,
1718 2587 1813 2643 sed
1860 2595 2029 2642 terrev-

455 2685 583 2740 num
635 2672 833 2727 animal
865 2673 1045 2729 vinum
1095 2676 1282 2744 gratiae
1330 2676 1567 2734 caelestis
1600 2678 1832 2749 ignorat.
1879 2676 2027 2734 Unde

430 2770 559 2833 ᾕρει,
585 2765 727 2834 quod
750 2765 1029 2831 Abraham
1052 2781 1173 2823 cum
1206 2769 1563 2837 sacrificaret,
1589 2780 1782 2827 caetera
1811 2772 2025 2842 quidem

434 2844 708 2918 'animalia
730 2869 827 2923 per
852 2857 1087 2917 medium
1114 2859 1378 2925 dividens,
1405 2868 1662 2930 utrasque
1688 2869 1870 2932 partes
1901 2878 2028 2917 con-

458 2952 540 3008 tra
588 2957 648 2997 se
699 2943 1019 3008 altrinsecus
1060 2950 1260 3027 posuit,
1301 2966 1430 3013 aves
1477 2960 1659 3014 autem
1701 2967 1808 3007 non
1846 2954 2030 3008 divisit

455 3030 610 3101 (Gen.
629 3032 750 3103 xv):
775 3034 876 3099 hoc
899 3036 1177 3094 insinuans
1197 3042 1322 3109 quia
1344 3043 1589 3111 quisquis
1616 3058 1712 3112 per
1737 3046 2026 3101 scissuram

454 3122 565 3191 odii
594 3116 625 3186 ιι
653 3123 821 3180 fratre
846 3125 1122 3193 dividitur,
1149 3144 1246 3197 per
1265 3138 1462 3205 terram
1491 3140 1739 3189 terrenus
1762 3135 2023 3201 ambulat,

455 3226 567 3279 non
589 3220 650 3267 ut
682 3213 798 3268 avis
838 3214 905 3268 ad
935 3216 1128 3280 coelum
1171 3218 1345 3286 volat;
1385 3222 1474 3290 qui
1520 3237 1650 3279 vero
1678 3238 1737 3280 se
1768 3225 2024 3283 virtutum

455 3304 650 3376 pennis
679 3303 733 3358 in
767 3303 875 3360 alta
917 3306 1170 3375 sustollit,
1215 3309 1533 3374 divisionem
1576 3315 1769 3370 nescit.
1800 3316 1952 3385 Quod
1982 3320 2027 3375 si

456 3392 527 3460 ab
576 3393 809 3451 inimicis
860 3396 966 3452 tuis
1009 3396 1309 3459 laedendum
1362 3410 1415 3456 te
1455 3416 1575 3458 esse
1609 3403 1890 3470 formidas,
1923 3408 2026 3464 nisi

456 3481 717 3546 adversus
737 3498 830 3539 eos
863 3498 1013 3541 arma
1043 3488 1327 3557 corripias,
1355 3506 1618 3561 compone
1653 3509 1778 3549 cum
1808 3495 1942 3563 Deo,
1972 3506 2030 3554 et

455 3572 648 3643 procul
693 3573 876 3638 dubio,
936 3575 1237 3656 quiefaetus
1286 3594 1391 3634 non
1420 3580 1630 3641 laederis
1664 3598 1694 3637 a
1746 3586 2025 3653 proximo:

462 3680 483 3714 ι
509 3662 766 3731 Dominus
796 3684 815 3717 ι
841 3664 1008 3732 enim,
1034 3667 1132 3730 ait,
1151 3685 1168 3717 ι
1199 3668 1555 3737 mihiadjutor
1572 3679 1675 3735 est,
1699 3688 1806 3726 non
1830 3674 2030 3729 timebo

414 3768 423 3771 ‘
458 3754 588 3823 quid
619 3753 781 3809 faciat
819 3757 951 3811 mihi
996 3757 1156 3813 homo
1184 3758 1356 3831 (Psal.
1387 3760 1576 3832 cxvu).
1615 3781 1634 3814 ι
1683 3761 1837 3829 Quod
1865 3763 2029 3819 etiam

454 3844 771 3985 1[aatriarcba
799 3844 970 3903 Jacoh
1006 3848 1209 3917 docuit,
1249 3865 1371 3907 cum
1420 3852 1558 3907 Dcos
1595 3851 1802 3908 alienos
1835 3852 2041 3913 infodit.

507 3948 617 3985 am.
647 3934 785 3985 sicut
812 3933 1089 3985 Scriptura
1119 3946 1347 3985 testatur
1376 3937 1526 3985 (Gen-
1557 3940 1742 3985 urva
1768 3940 2033 3985 ἀρήρει-ωε

507 3948 617 3997 am,
647 3934 785 3989 sicut
812 3933 1089 4006 Scriptura
1119 3946 1347 4001 testatur
1376 3937 1526 4008 (Gen.
1557 3940 1744 4012 xxxv),
1768 3940 2033 3998 dederunt

457 4019 511 4089 ei
536 4020 814 4079 domestici
839 4025 921 4080 sui
951 4039 1138 4092 omnes
1163 4026 1302 4085 Deos
1330 4027 1553 4093 alienos,
1580 4044 1717 4099 quos
1739 4030 2030 4095 habebant,

457 4121 515 4183 et
541 4112 780 4181 inaures,
808 4130 929 4187 quae
954 4126 1113 4172 erant
1156 4118 1211 4174 in
1248 4119 1472 4184 auribus
1500 4135 1709 4176 eorum.
1737 4121 1808 4176 At
1834 4122 1921 4179 ille
1951 4123 2033 4178 in-

453 4199 594 4271 fodit
625 4217 689 4258 ea
733 4205 920 4260 subter
967 4207 1356 4274 terebinthum,
1395 4224 1516 4278 quae
1550 4220 1635 4265 est
1680 4219 1803 4280 post
1843 4212 2031 4276 urbem

456 4292 696 4359 Sicbem.
747 4292 849 4349 Ubi
895 4297 1141 4365 protinus
1176 4298 1545 4365 subinfertur;
1592 4319 1610 4352 ι
1642 4300 1885 4371 Cumque
1909 4317 2032 4371 pro-

452 4381 586 4453 fecti
615 4393 817 4449 essent,
843 4395 1019 4441 terror
1044 4385 1259 4444 Domini
1285 4389 1484 4446 invasit
1505 4406 1693 4459 omnes
1717 4408 1812 4461 per
1839 4393 2034 4459 circui-

2072 3224 2099 3247 Δ

2125 1954 2375 2024 piendam
2405 1968 2554 2029 spem
2579 1954 2749 2013 veniae
2773 1952 3038 2022 deiectum
3060 1968 3155 2010 cor
3173 1953 3227 2008 in
3253 1954 3362 2009 alta
3392 1955 3693 2026 suspendit.

2126 2044 2258 2115 Quis
2276 2042 2420 2098 enim
2452 2043 2519 2101 de
2548 2042 2812 2101 scelerum
2854 2056 3070 2098 suorum
3090 2040 3481 2111 quantumlibet
3508 2042 3698 2097 imma-

2126 2137 2273 2199 nium
2300 2134 2623 2189 enormitate
2657 2132 2882 2195 diliidat,
2911 2148 3031 2189 cum
3063 2132 3248 2188 audiat
3283 2131 3347 2186 B.
3378 2132 3692 2195 Mattbatum

2126 2224 2331 2280 venalis
2366 2223 2501 2277 lucri
2549 2222 2840 2292 quaestibus
2888 2219 3204 2285 inhiantem,
3246 2212 3351 2276 non
3396 2219 3556 2275 modo
3605 2234 3695 2276 ro-

2125 2326 2286 2392 pente
2336 2325 2608 2380 vocatum,
2663 2315 2757 2370 sed
2811 2316 2877 2369 ad
2928 2313 3217 2374 obtinenda
3265 2314 3536 2386 prazcipua
3589 2311 3698 2372 duo

2128 2407 2429 2463 ministeria
2456 2406 2637 2461 ’c'urize
2683 2404 2920 2461 ctnlestis
2967 2404 3266 2459 adscitum?
3322 2403 3587 2464 Nimirum
3635 2413 3708 2465 ut

2128 2497 2407 2566 apostolici
2459 2505 2680 2552 senatus
2750 2494 3139 2550 conscenderet
3187 2493 3417 2565 apicem,
3457 2502 3513 2549 et
3555 2495 3699 2552 inter

2127 2600 2347 2645 sanctos
2368 2589 2725 2660 evangelistas
2749 2587 2802 2642 in
2832 2601 2918 2650 eo,
2944 2588 3086 2656 quod
3115 2586 3321 2656 primus
3345 2596 3451 2651 est,
3480 2585 3699 2656 privilev

2127 2681 2215 2747 gio
2256 2662 2554 2748 susciperet
2602 2677 2941 2746 dignitatem.
2976 2674 3128 2742 Quod
3164 2684 3456 2744 utrumque
3498 2689 3696 2736 munus

2127 2766 2273 2825 uulli'
2300 2782 2522 2838 prorsus
2571 2765 2660 2820 alii
2711 2764 2961 2820 collatum
3002 2772 3106 2830 est,
3138 2763 3243 2819 nisi
3292 2762 3540 2823 Matthzeo
3571 2772 3694 2819 tan-

2129 2858 2405 2915 tummodo
2450 2866 2505 2911 et
2547 2854 2763 2911 Joanni.
2813 2855 2881 2910 Et
2918 2854 3044 2925 quia
3082 2852 3315 2909 Joannes
3369 2852 3467 2907 Dei
3521 2853 3695 2924 gratia

2128 2950 2345 3012 dicitur,
2370 2947 2653 3002 Matthaeus
2683 2943 3530 3014 etianrdonatusjntenpretatnr,
3567 2941 3695 2999 dum

2128 3050 2354 3109 uterque
2383 3039 2610 3109 geminae
2634 3036 2917 3108 dignitatis
2964 3036 3102 3091 dona
3138 3034 3456 3103 promeruit,
3483 3033 3698 3102 utrique

2129 3131 2369 3202 profecto
2389 3131 2563 3200 gratia
2590 3130 2713 3185 doni
2741 3128 2976 3185 caelestis
3006 3125 3229 3183 infnlsit.
3260 3124 3386 3188 Sed.
3420 3123 3698 3194 ut,imple~

2131 3233 2282 3279 retur
2316 3222 2404 3277 illa
2452 3220 2739 3285 sententia,
2792 3235 2897 3291 qua
2932 3220 3174 3277 dicitur:
3232 3237 3251 3271 ι
3275 3217 3376 3274 Ubi
3407 3215 3697 3278 abundavit

2132 3316 2408 3385 iniquitas,
2458 3311 2914 3381 superabundavit
2942 3302 3132 3381 'gratia
3178 3307 3361 3381 (Rom.
3392 3307 3480 3379 v);
3510 3325 3529 3361 ι
3562 3305 3696 3363 Mat-

2132 3409 2321 3472 tltaaus,
2367 3403 2495 3475 quia
2539 3401 2809 3461 scribendi
2847 3401 2901 3456 in
2945 3400 3254 3471 evangelica
3295 3399 3527 3455 veritate
3567 3395 3699 3459 fecit

2129 3496 2417 3567 originem,
2449 3492 2601 3548 ducis
2628 3506 2694 3547 ac
2719 3490 3065 3561 praeceptoris
3094 3490 3234 3544 inter
3271 3498 3496 3544 carteros
3535 3500 3701 3542 evan-

2130 3582 2351 3653 gelistas
2386 3579 2624 3648 possidet
2651 3577 2972 3633 claritatem.
3001 3576 3096 3633 Cui
3143 3575 3395 3633 nimirum
3425 3572 3699 3645 aptissime

2131 3670 2375 3741 congruit
2404 3669 2493 3722 illa
2524 3668 2933 3737 sententia,qua
2955 3666 3186 3721 dicitur:
3219 3684 3237 3719 ι
3273 3664 3472 3725 Fidelis
3496 3678 3696 3728 sermo,

2118 3770 2188 3843 'et
2241 3759 2388 3814 omni
2433 3758 2747 3835 acceptione
2792 3757 3018 3826 dignus,
3079 3755 3205 3826 quia
3256 3754 3505 3810 Christus
3543 3751 3699 3815 Jesus

2132 3848 2279 3907 venit
2302 3848 2355 3903 in
2382 3846 2523 3901 hunc
2548 3846 2801 3899 mundum
2821 3854 3134 3915 peccatores
3157 3843 3334 3900 salvos
3348 3843 3542 3904 facere,
3567 3855 3697 3910 quos

2132 3952 2252 3995 rum
2282 3938 2489 4007 primus
2517 3949 2616 4004 ego
2639 3948 2793 4007 sum;
2825 3942 2885 3988 ut
2922 3933 2977 3987 in
3023 3947 3109 3987 me
3132 3931 3366 4003 primum
3392 3929 3702 3993 ostenderet

2132 4043 2346 4092 onlnem
2407 4026 2723 4098 patientiam
2767 4026 2834 4081 ad
2888 4024 3320 4086 informationem
3366 4010 3553 4077 eorum
3608 4018 3701 4091 qui

2135 4120 2391 4177 credituri
2442 4128 2567 4175 sunt
2614 4119 2686 4181 illi
2739 4118 2790 4172 in
2827 4118 2993 4177 vitam
3036 4125 3294 4179 aeternam
3327 4112 3389 4186 (1
3416 4112 3553 4174 Tim.
3583 4110 3696 4184 1).;

2136 4210 2290 4279 Unde
2328 4208 2528 4264 factum
2576 4219 2681 4274 est,
2738 4209 2877 4263 sicut
2920 4207 3223 4279 evangelica
3271 4222 3413 4266 nunc
3464 4200 3704 4259 narravit

2137 4297 2384 4362 historia,
2416 4305 2476 4350 ut
2500 4312 2565 4351 eo
2595 4296 2962 4352 discnntbente
3008 4296 3059 4350 in
3087 4298 3247 4350 domo
3289 4292 3532 4365 ejusdem
3569 4291 3706 4357 Hat-

2140 4391 2286 4454 tbaci,
2336 4390 2486 4445 multi
2531 4390 2801 4461 publicani
2838 4399 2893 4444 et
2930 4402 3242 4465 peccatores
3278 4389 3556 4444 venientes
3589 4388 3703 4443 dis-
3762 4402 3797 4437 ὸ

457 4482 576 4544 tum
611 4473 883 4541 civitates,
912 4484 968 4531 et
994 4490 1098 4532 non
1129 4486 1254 4533 sunt
1284 4480 1397 4535 ausi
1426 4481 1674 4550 persequi
1723 4484 2034 4547 recedentes
2063 4531 2110 4550 λ
2137 4480 2455 4535 cumberent
2503 4496 2624 4535 cum
2652 4479 2775 4536 Jesu
2805 4489 2860 4535 et
2902 4480 3177 4548 discipulis
3212 4477 3328 4547 ejus
3359 4478 3574 4548 (Matth.
3602 4477 3704 4548 Ix).

454 4564 667 4635 (Ibid)
685 4585 704 4618 ι
736 4566 960 4622 Constat
978 4584 1106 4640 ergo
1130 4570 1255 4639 quia
1275 4586 1421 4636 mox,
1452 4580 1513 4627 ut
1541 4574 1822 4629 Dominum
1848 4576 2031 4647 placa-

457 4654 557 4723 vit,
600 4656 801 4712 terreni
829 4653 1029 4712 furoris
1075 4673 1226 4715 arma
1262 4675 1367 4716 non
1409 4661 1605 4717 timuit.
1632 4662 1777 4729 Inter
1814 4666 2030 4729 domum

457 4743 640 4817 itaque
693 4745 858 4803 Jacob
904 4756 959 4803 et
1000 4748 1167 4805 Deum
1211 4766 1345 4821 pace
1387 4753 1701 4822 composita,
1731 4756 1907 4810 omnis
1934 4771 2032 4819 un-

356 4832 359 4835 ’
460 4834 622 4905 dique
690 4839 1061 4909 controversia
1123 4841 1307 4898 divino
1370 4842 1637 4911 premitur
1687 4852 1894 4900 terrore
1947 4862 2032 4901 se-

458 4922 602 4979 data.

527 5015 884 5088 Quapropter,
916 5019 1274 5089 dilectissimi,
1308 5023 1375 5078 de
1416 5024 1677 5077 mentium
1727 5034 2030 5084 vestrarum

454 5107 688 5180 vasculis
708 5122 896 5173 otnnes
916 5110 1201 5168 simultatis
1225 5120 1281 5179 ct
1299 5112 1405 5168 odii
1434 5123 1614 5181 pestes
1642 5114 1883 5183 egerito;
1916 5124 2035 5183 tan-

458 5210 620 5266 quam
642 5194 987 5267 frementium
1015 5199 1308 5254 bestiarum
1352 5201 1603 5270 impctus,
1633 5202 1813 5257 carnis
1843 5203 2032 5258 illece-

457 5283 583 5353 bras
604 5285 869 5357 edomate,
916 5296 1143 5342 terrenae
1185 5289 1633 5358 concupiscentia:
1668 5288 1912 5346 flammas
1939 5307 2033 5346 ex-

456 5373 733 5443 stinguite,
759 5384 921 5444 atque
943 5376 1011 5430 ad
1031 5374 1230 5431 fluenta
1260 5363 1436 5431 sancti
1465 5375 1699 5446 Spiritus
1731 5379 2027 5444 haurienda

459 5463 703 5522 sitientes
725 5468 937 5529 animos
963 5476 1283 5544 praeparate.
1318 5466 1699 5544 Unusquisque
1746 5471 1986 5536 dicentes
2011 5489 2024 5525 :

464 5571 485 5612 ι
517 5551 770 5609 Paratum
812 5572 907 5612 cor
952 5542 1154 5630 meum,
1206 5557 1370 5628 Deus,
1423 5542 1667 5628 paratum
1710 5577 1804 5615 cor
1854 5577 2029 5627 meum

462 5640 638 5712 (Psal.
663 5646 792 5717 LVI).
826 5667 845 5700 ι
1434 5636 1437 5639 ’

2137 4570 2283 4637 Quos
2313 4571 2456 4625 enim
2485 4571 2749 4625 scelerum
2796 4586 3016 4625 suorum
3058 4572 3275 4625 mordax
3316 4570 3644 4631 conscientia
3672 4582 3705 4633 ι

2137 4661 2518 4733 Redemptoris
2562 4678 2782 4718 accessu
2814 4676 3157 4730 compescere
3188 4671 3422 4732 poterat,
3452 4662 3548 4727 hos
3572 4660 3706 4720 Mat-

2136 4722 2263 4805 ιιυωί
2297 4722 2595 4805 .familiare
2656 4767 2780 4817 cum
2853 4722 3081 4807 Dutnino
3141 4722 3583 4825 contubernium,
3646 4759 3708 4811 ut

2134 4842 2479 4906 accederent,
2508 4842 2871 4912 provocabat;
2902 4851 2957 4896 et
2985 4842 3110 4896 dum
3157 4842 3223 4896 ad
3258 4842 3473 4911 pietatis
3502 4841 3707 4905 funtetu

2135 4935 2500 5006 propinquare
2534 4934 2873 5008 conspiciunt
2901 4934 3267 5003 publicanum,
3313 4932 3457 4989 felici
3475 4931 3590 5002 jam
3610 4948 3707 4989 au-

2135 5025 2287 5079 dacia
2312 5036 2687 5094 praespmente,
2728 5026 2899 5095 ipsum
2922 5025 3122 5081 fontem
3155 5042 3258 5080 non
3280 5026 3599 5091 addubitant
3627 5025 3709 5083 ire

2138 5114 2359 5184 reliquis
2393 5130 2515 5169 cum
2540 5116 2912 5184 peccatoribus
2932 5115 3279 5187 publicatum.
3312 5115 3390 5170 De
3410 5129 3517 5184 qua
3544 5114 3709 5178 nimi»

2137 5223 2255 5274 l‘tltll
2319 5206 2679 5275 publicatione
2744 5206 2910 5263 fontis
2967 5207 3155 5262 aeterni
3223 5221 3319 5276 per
3388 5205 3707 5287 prophetam

2136 5300 2377 5353 dicitur:
2414 5317 2431 5348 ι
2463 5297 2518 5352 ln
2548 5298 2633 5365 illa
2665 5298 2751 5356 die
2792 5300 2897 5353 erit
2925 5298 3044 5353 fons
3094 5309 3285 5370 patens
3321 5299 3513 5353 domus
3539 5295 3707 5363 David

2137 5385 2502 5444 habitantibus
2531 5386 2581 5439 in
2629 5384 2961 5441 Hierusalem
2993 5387 3046 5440 in
3088 5385 3363 5450 ablutione
3406 5383 3707 5455 peccatoris

2135 5486 2191 5531 et
2225 5483 2572 5529 tnenstruatze
2620 5471 2805 5544 (Zach.
2835 5473 2977 5544 xm).
3010 5492 3027 5525 ι
3061 5473 3204 5528 Fons
3240 5462 3438 5543 quippe
3458 5471 3707 5539 occultus

2134 5576 2221 5626 est
2278 5565 2585 5635 nnigenitus
2623 5565 2801 5619 Patris
2855 5563 3137 5618 invisibilis
3174 5563 3343 5628 Deus;
3404 5561 3527 5618 fons
3574 5576 3706 5616 vero

2141 5665 2331 5726 patens
2355 5667 2439 5709 est
2478 5654 2617 5707 idem
2656 5654 2797 5708 Deus
2837 5654 3167 5719 incarnatus.
3218 5653 3319 5720 Qui
3363 5651 3482 5707 fons
3518 5658 3710 5721 patens

473 5718 479 5729 ’
533 5731 881 5808 Omnipotens
930 5738 1089 5807 Deus,
1140 5741 1230 5810 qui
1267 5758 1359 5812 pcr
1410 5743 1470 5801 ll.
1521 5745 1826 5801 Mattbxam
1868 5747 1933 5803 ad
1975 5762 2032 5802 se
2106 5718 2289 5839 'iecte
2346 5747 2535 5812 domus
2581 5743 2745 5800 David
2777 5744 2994 5811 dicitur,
3040 5745 3161 5815 quia
3206 5718 3532 5821 Redemptor
3576 5755 3705 5808 uuas
