4178 6448
202 2176 229 2199 κ

381 376 487 432 789
1022 378 1029 381 ⁷
1803 360 2042 422 SERMO
2080 365 2166 420 ιι.
3523 357 3632 419 79o

382 497 465 545 ter
489 485 558 541 ad
594 497 695 540 nos
738 481 951 540 venisse
970 495 1037 537 ex
1069 479 1235 537 David
1256 493 1451 553 genere
1470 495 1575 537 non
1596 479 1948 536 dubitabitur.
1978 480 2028 538 Δ
2055 481 2121 536 ad
2146 480 2420 550 iustorum
2439 480 2633 538 merita
2682 479 3062 557 participando
3101 476 3488 544 conscendunt,
3517 484 3573 533 et
3593 473 3634 533 il

455 578 610 633 llunc
657 572 900 645 profecto
955 572 1343 629 misericordia;
1391 572 1595 627 fontem
1616 610 1634 638 ,
1680 587 1716 627 o
1765 571 1956 628 Phari-

386 672 531 728 saica
568 665 842 737 superbia,
883 679 1044 734 paras
1084 664 1387 729 obstruere,
1412 666 1542 723 dum
1588 664 1862 728 sitientes,
1903 671 1959 719 et

387 763 569 818 aridos
598 760 666 814 ab
696 757 812 827 ejus
857 742 1073 812 accessu
1126 757 1314 811 niteris
1352 757 1494 811 elato
1522 756 1813 824 supercilio
1839 771 1960 823 pro-

392 853 599 908 hibere.
646 849 746 905 Hie
793 864 888 918 per
936 862 998 902 os
1031 847 1185 902 lsaiaa
1245 847 1338 901 tibi
1380 846 1793 916 promittebatur
1827 846 1963 899 bau-

391 951 526 1006 stus,
577 954 699 994 cum
750 937 1002 995 dicebat:
1041 935 1368 990 «Eﬂ'nndam
1430 934 1574 989 enim
1629 948 1823 1004 aquam
1872 948 1963 988 su-

392 1048 487 1103 per
541 1031 834 1092 sitientem,
892 1034 947 1081 et
1004 1024 1199 1081 ﬂuenta
1261 1040 1421 1095 super
1480 1025 1724 1086 aridam;
1793 1021 1965 1079 eﬂ'un.

392 1124 515 1177 dam
544 1120 709 1192 269
737 1120 984 1189 spiritum
1031 1132 1207 1171 meum
1264 1132 1426 1186 super
1474 1131 1657 1171 semen
1690 1125 1861 1176 tuum.
1911 1122 1966 1169 et

394 1213 825 1271 benedictionem
859 1226 1033 1266 meam
1057 1225 1220 1280 super
1247 1210 1471 1279 stirpem
1497 1216 1663 1274 tuam,
1691 1215 1745 1262 et
1773 1206 1966 1278 genui-

396 1306 599 1360 nalnmt
630 1304 775 1357 inter
802 1302 1001 1357 herbas
1026 1301 1179 1371 quasi
1203 1299 1395 1355 salices
1418 1300 1573 1370 juxta
1599 1298 1966 1368 praeterﬂuen-

398 1404 478 1448 tes
507 1390 837 1463 aquas.(Isa.
884 1406 1011 1447 xLIv
1066 1410 1086 1442 ι
1127 1389 1227 1445 llic
1255 1388 1450 1444 iterum
1481 1387 1574 1444 tibi
1617 1386 1967 1457 promitteba-

399 1492 505 1545 tur,
543 1499 667 1539 cum
730 1491 782 1537 et
813 1481 938 1537 alibi
978 1481 1223 1536 diceret:
1262 1500 1279 1531 ι
1319 1480 1386 1535 Ει
1411 1480 1521 1534 eris
1564 1479 1715 1549 quasi
1781 1479 1971 1534 hortus

392 1564 653 1646 irriguos,
683 1583 738 1629 et
787 1574 948 1641 sicut,
978 1572 1098 1628 fons
1137 1586 1418 1641 aquarum,
1445 1571 1532 1626 cui
1578 1585 1685 1627 non
1714 1570 1971 1626 deﬁciunt

399 1680 553 1733 aquae.
594 1662 730 1734 (ha.
783 1662 958 1732 LvIII).
999 1680 1017 1714 I
1063 1659 1168 1716 Sed
1201 1670 1256 1715 tu
1298 1660 1352 1714 in
1392 1659 1593 1714 fastum
1618 1660 1835 1715 tumidze
1863 1659 1971 1714 eia-

401 1755 563 1810 tionis
584 1754 930 1824 impudenter
951 1760 1158 1816 erecta,
1183 1759 1237 1807 et
1263 1753 1330 1806 de
1374 1749 1759 1819 falszeiustitia:
1785 1751 1970 1821 singu-

2057 571 2148 641 qui
2172 570 2306 640 justi
2329 571 2674 636 videbantur,
2699 570 2770 626 ad
2790 569 3023 642 agrestis
3051 576 3107 624 et
3141 566 3464 623 infructuosi
3488 580 3636 638 (ger-

2059 662 2223 716 minis
2251 676 2419 732 opera
2443 660 2754 732 praecipites
2775 667 3063 717 corruunt.
3095 657 3235 713 Huic
3271 656 3455 723 simile
3476 665 3561 714 est
3579 665 3636 714 et

2060 751 2201 819 quod
2231 748 2529 819 Apostolus.
2572 750 2745 805 dicit:
2779 767 2809 802 ι
2841 748 3201 804 Circumeisio
3237 747 3452 817 quidem
3476 745 3640 817 prodo

2061 849 2164 902 est,
2205 839 2250 894 si
2294 839 2464 910 legem
2492 840 2783 904 observes;
2816 838 3065 894 siautem
3094 837 3482 906 praevaricator
3506 836 3640 908 legis

2063 928 2160 993 sis,
2193 927 2537 984 circumcisio
2565 937 2654 981 tua
2682 926 3004 998 prmputium
3028 924 3172 993 facta
3199 933 3283 980 est
3305 922 3474 996 (Rom.
3502 929 3582 995 II).
3616 941 3634 974 I

2064 1018 2204 1085 Quid
2233 1032 2385 1089 ergo,
2416 1017 2710 1083 Pharisme,
2731 1017 2983 1087 prodest,.
2996 1015 3137 1084 quod
3157 1024 3231 1070 .te
3250 1030 3347 1084 per
3377 1029 3638 1086 arrogan-

2067 1108 2196 1162 tiam
2237 1107 2432 1175 iactas,
2459 1106 2603 1177 quod
2659 1107 2942 1161 scientiam
2977 1105 3073 1159 tibi
3101 1121 3242 1160 verte
3279 1102 3643 1158 circumcisio-

2067 1199 2154 1253 nis
2176 1212 2426 1268 usurpas,
2454 1198 2582 1252 dum
2609 1205 2667 1251 ut
2692 1196 3163 1266 praevaricatorem
3182 1186 3327 1264 legis
3345 1192 3641 1248 evidentiso

2068 1290 2204 1345 sime
2228 1289 2457 1358 reproba
2493 1287 2602 1341 vita
2629 1286 2963 1342 convincat?
2997 1284 3151 1341 Unde
3180 1293 3233 1338 te
3263 1285 3330 1338 de
3354 1281 3643 1353 singulari-

2073 1386 2184 1435 tate
2212 1378 2361 1434 falsa:
2375 1376 2606 1447 iustitia:
2626 1377 2977 1448 gloriantem,
2994 1391 3059 1430 ac
3092 1390 3189 1445 per
3210 1376 3312 1429 hoc
3333 1373 3643 1443 albuginem

2072 1473 2125 1526 in
2164 1470 2324 1526 oculo
2372 1470 2691 1526 tolerantem
2744 1471 3017 1537 inspector
3075 1466 3334 1519 mentium
3392 1463 3648 1517 Dominus

2071 1561 2295 1630 sprevit,
2317 1569 2374 1615 et
2399 1559 2741 1630 publicanum
2765 1558 2929 1622 hunc,
2959 1556 3122 1626 27o
3147 1570 3307 1625 quem
3328 1552 3558 1623 despicis
3582 1566 3651 1609 ac

2072 1651 2420 1721 despicieudo
2466 1650 2797 1714 contemnis,
2853 1650 2907 1703 in
2959 1646 3418 1729 contttrhernium
3444 1642 3650 1715 proprii

2073 1749 2364 1803 comitatus
2393 1746 2592 1815 adlegit
2625 1764 2638 1800 :
2675 1764 2694 1797 ι
2746 1745 3012 1814 Sequere,
3062 1743 3255 1819 inquit,
3285 1756 3372 1796 me
3394 1756 3409 1807 ;
3434 1748 3496 1795 et
3531 1750 3656 1795 sur-

399 1845 615 1899 laritate
644 1845 1019 1900 ienocinanter
1043 1843 1244 1909 inﬂata,
1277 1842 1448 1912 gratis
1485 1814 1784 1910 espositam
1833 1814 1974 1894 salu-
2005 1814 2048 1871 Β
2077 1853 2230 1909 gens,
2263 1845 2483 1892 secutus
2507 1814 2591 1892 est
2612 1849 2734 1890 eum
2759 1833 2974 1905 (Matth.
2998 1816 3111 1904 Ix).
3146 1851 3168 1885 ι

400 1936 470 1990 tis
499 1945 713 1990 aeterna?
738 1934 942 1990 fontem
977 1935 1373 1989 contumaciter
1409 1933 1642 2003 despicis
1683 1940 1739 1986 et
1764 1931 1973 1985 viviﬁca

401 2027 617 2096 superni
672 2025 834 2081 fontis
883 2024 1080 2080 ﬂuenta
1126 2022 1358 2079 fastidis.
1406 2021 1684 2077 Accedens
1710 2021 1855 2076 enim
1909 2020 1999 2075 ad-

402 2115 696 2187 discipulos
744 2115 955 2171 Domini
989 2124 1206 2170 tumens
1249 2122 1306 2170 et
1361 2126 1644 2182 arrogans,
1679 2110 1975 2175 Pharisaae,

398 2204 718 2277 pestiferum
765 2206 1032 2276 superbiae
1079 2206 1251 2271 virus,
1311 2204 1456 2275 quod
1510 2204 1565 2258 in
1625 2212 1849 2273 pectore
1888 2210 1981 2258 tuo

406 2296 776 2367 grassabatur,
817 2295 1050 2352 eﬂ‘undis
1081 2313 1096 2350 :
1128 2306 1185 2351 et
1235 2293 1488 2350 elationis
1529 2303 1771 2358 ventum,
1820 2307 1982 2362 quem

400 2380 609 2447 tumida
635 2397 817 2446 mente
860 2392 1210 2460 conceperas,
1240 2403 1340 2458 per
1362 2386 1514 2442 lividi
1568 2402 1633 2442 ac
1682 2386 1820 2441 male
1849 2401 1981 2455 spu-

402 2478 609 2537 mantis
634 2480 747 2536 oris
790 2479 1063 2551 spiramen
1110 2477 1382 2544 exsulﬂas,
1414 2494 1434 2529 ι
1470 2476 1669 2544 Quare,
1708 2474 1987 2546 inquiens,

406 2587 530 2629 eum
552 2572 856 2643 publicanis
906 2579 960 2626 et
986 2570 1362 2641 peccatoribus
1391 2567 1682 2624 manducat
1725 2567 1986 2637 magister

406 2664 636 2720 vester?
675 2682 695 2717 υ
726 2663 939 2735 (Matth.
977 2663 1077 2734 Ix.)
1115 2660 1321 2717 idcirco
1346 2658 1504 2731 plane
1525 2675 1649 2716 cum
1671 2658 1872 2715 talibus
1895 2673 1988 2715 eo-

409 2755 602 2823 Inedit,
630 2763 691 2810 ut
712 2755 779 2811 de
808 2754 1113 2825 publicanis
1131 2751 1328 2822 justos,
1359 2752 1425 2807 de
1462 2751 1841 2822 peccatoribus
1863 2766 1989 2806 san-

409 2856 551 2909 etos,
612 2844 678 2900 de
710 2842 1020 2899 criminosis
1067 2842 1258 2897 reddat
1294 2840 1589 2912 apostolos.
1630 2840 1801 2896 Vocat
1843 2840 1987 2895 enim

410 2940 747 3006 peccatores,
776 2945 836 2990 ut
861 2951 956 2991 eos
1004 2934 1221 3005 propria
1268 2933 1472 2989 virtute
1517 2932 1854 3001 justiiicans,
1880 2930 1993 2986 eiii-

411 3026 522 3082 ciat
563 3027 900 3081 innocentes.
939 3025 1030 3080 Sic
1057 3026 1338 3089 nimirum,
1391 3024 1473 3079 sic
1503 3024 1631 3080 alibi
1679 3024 1807 3079 dum
1850 3025 1991 3079 bona

2091 1998 2095 2003 -
2146 1973 2319 2039 Quam
2349 1971 2509 2026 fortis
2533 1979 2589 2025 et
2619 1968 2794 2023 valida
2826 1981 3017 2022 manus
3060 1965 3221 2036 hujus
3245 1962 3483 2019 caelestis
3505 1960 3652 2029 agri-

2079 2063 2212 2118 cola:
2235 2064 2249 2116 !
2282 2060 2546 2115 Arborem
2570 2058 2778 2113 scilicet
2809 2065 2966 2110 terra:
2989 2054 3250 2109 radicitus
3274 2052 3658 2115 inhaerentem,

2078 2162 2134 2208 et
2167 2152 2456 2207 mundanae
2490 2142 2943 2218 concupiscentiae
2973 2130 3234 2200 tenaciter
3282 2142 3656 2205 incubantem,

2080 2260 2204 2300 mox
2234 2252 2296 2298 ut
2342 2240 2642 2305 co‘ncussit,
2684 2238 2900 2302 evulsit,
2945 2226 3268 2306 asportavit,
3321 2242 3377 2289 et
3402 2232 3459 2287 in
3511 2241 3659 2286 terra

2082 2326 2383 2392 viventium
2411 2329 2849 2402 transplanta'vit.
2878 2326 2980 2384 Ubi
3029 2325 3281 2381 videlicet
3313 2342 3342 2375 «τ
3364 2320 3565 2389 justus,
3595 2328 3657 2374 ut

2081 2426 2262 2498 palma
2290 2423 2496 2478 ﬂorebit
2524 2430 2581 2476 et
2600 2421 2739 2475 sicut
2771 2416 2967 2474 cedrus
3000 2414 3189 2470 Libani
3221 2411 3665 2481 multiplicabitur

2085 2519 2258 2593 (Paul.
2284 2518 2416 2588 xm).
2465 2535 2484 2568 I
2526 2516 2625 2572 Cui
2657 2513 2913 2568 nimirum
2941 2524 3039 2580 per
3082 2508 3521 2564 immutationem
3537 2505 3665 2560 dex-

2086 2621 2184 2666 trte
2206 2608 2417 2666 Emeisi
2439 2620 2676 2676 congrua
2702 2601 3053 2673 dispositione
3070 2598 3321 2654 collatum
3341 2602 3451 2660 est,
3470 2601 3531 2648 ut
3556 2596 3663 2646 noli

2086 2701 2249 2757 modo
2298 2696 2645 2769 praedicandi,
2675 2695 2769 2750 sed
2817 2702 2873 2748 et
2917 2689 3188 2747 scribendi
3240 2686 3529 2743 sortiretur
3548 2681 3664 2737 olli-

2089 2790 2255 2865 cium,
2291 2790 2479 2858 sicque
2525 2793 2827 2841 mereretur
2880 2783 3117 2837 immane
3158 2776 3342 2849 generi
3387 2773 3661 2831 caelestem

2092 2880 2404 2935 ministrare
2433 2873 3055 2940 thesaurum.Quatenus
3077 2869 3167 2938 qui
3198 2865 3401 2922 terreni
3427 2872 3666 2933 quaestus

2093 2973 2245 3029 lucra
2292 2975 2714 3039 contempserat,
2758 2963 3059 3021 etelestium
3092 2961 3413 3016 talentorum
3453 2956 3669 3026 dispen-

2097 3073 2247 3119 sator
2275 3062 2553 3126 existeret,
2584 3067 2640 3114 et
2679 3059 2959 3112 thesauros
2998 3052 3236 3110 ctelestis
3281 3048 3505 3120 eloquii,
3533 3061 3670 3118 quos

408 3126 529 3181 ,Μ’
573 3117 873 3222 ΡΜΐὶῳῷ
899 3117 986 3222 ain
1042 3117 1636 3222 ‘emp'3’..°°"3“‘"".'"
1679 3126 1997 3222 “insunt”
2021 3146 2068 3210 C
2100 3117 2488 3222 impartiendos
2526 3117 2829 3218 acceperat,
2872 3143 3100 3200 ﬁdeliter
3132 3117 3406 3210 erogaret.
3436 3137 3508 3194 Ut
3530 3117 3674 3191 sicut

416 3223 725 3273 cnnmeras,
765 3218 821 3263 et
867 3207 1096 3262 alterum
1135 3207 1502 3279 publicanum,
1556 3215 1609 3262 te
1636 3205 1993 3277 prteferendo,
2033 3205 2073 3229 ⁷·

421 3300 775 3364 condemnas,
810 3309 867 3355 et
905 3299 995 3355 ille
1024 3302 1090 3357 de
1131 3308 1318 3356 reatus
1346 3299 1432 3356 sui
1484 3299 1744 3355 barathro
1771 3301 1838 3354 ad
1868 3314 1997 3370 pro-

418 3386 729 3443 merendam
757 3388 970 3443 veniam
999 3388 1331 3458 justiﬂcatus
1358 3390 1626 3456 ascendit,
1662 3398 1715 3444 et
1757 3397 1810 3443 tu
1840 3404 1871 3443 a
1899 3388 1997 3443 faiv

421 3492 496 3532 ste
516 3477 747 3546 iustitiae
774 3485 878 3533 tua:
911 3477 1148 3533 culmine
1178 3486 1306 3533 ante
1329 3476 1715 3548 omnipotentis
1748 3475 1840 3532 Dei
1871 3491 1998 3531 ocu-

341 3621 347 3627 .
408 3570 503 3625 ‘ios
531 3570 819 3626 infeliciter
845 3568 1123 3624 rorruisti.

406 3666 435 3695 ἠ
495 3658 607 3715 iioc
652 3658 833 3730 itaque
874 3658 1034 3714 modo
1067 3656 1195 3712 dum
1227 3657 1294 3712 de
1339 3655 1522 3727 fucato
1550 3670 1737 3712 vacum
1776 3654 2001 3726 iustitiae

422 3759 618 3805 vestra:
642 3751 820 3805 nitore
846 3747 1192 3819 praesumitis,
1217 3755 1271 3802 et
1296 3757 1525 3803 caeteros
1575 3747 1643 3803 de
1680 3746 1790 3803 suis
1821 3761 2005 3802 exces-
2040 3758 2073 3775 θ

425 3841 577 3896 sibus
597 3838 915 3909 judicabiies
938 3839 1324 3905 submoruetis,
1351 3846 1408 3894 et
1446 3836 1657 3908 iustitia
1693 3845 1870 3893 vestra
1909 3853 2004 3908 per

427 3932 717 3989 elationem
772 3931 827 3986 in
864 3938 1148 4002 peceatum
1178 3930 1429 3994 vertltur,
1460 3937 1516 3986 et
1571 3928 1784 3983 illorum
1813 3942 2005 3998 perpe-

431 4033 574 4079 trata
603 4022 842 4093 nequitia
866 4020 933 4076 ad
960 4020 1309 4077 obtinendam
1324 4019 1535 4074 veniam
1569 4034 1669 4090 per
1689 4015 2007 4073 humilitatis

402 4115 659 4186 gratiam
686 4119 991 4183 reparatur.
1024 4111 1178 4168 Unde
1201 4119 1256 4166 et
1298 4124 1395 4181 per
1414 4110 1732 4179 prophetam
1761 4107 1960 4163 dicitur
1988 4123 2004 4162 :

410 4220 455 4259 ‘I
497 4205 564 4260 Et
592 4203 697 4259 erit
721 4204 992 4259 desertum
1028 4201 1084 4256 in
1136 4199 1414 4265 Charmel,
1443 4207 1496 4271 et
1539 4196 1786 4254 Charmcl
1825 4196 1877 4250 in
1904 4195 2009 4251 sal-

429 4305 544 4352 tum
582 4294 925 4366 reputabitur
964 4292 1097 4364 (ιω.
1153 4289 1328 4360 utx).
1373 4312 1392 4343 ι
1435 4288 1574 4356 Quid
1608 4287 1814 4343 scilicet
1855 4285 2011 4341 intel-

351 4400 356 4406 λ
432 4388 635 4460 ligatur
663 4401 761 4458 per
785 4386 1081 4448 desertum,
1119 4382 1221 4438 nisi
1250 4381 1342 4452 qui
1370 4380 1423 4435 in
1450 4379 1632 4434 carnis
1661 4392 1772 4434 suae
1801 4376 2009 4448 legibus

434 4479 645 4542 vivunt,
669 4476 760 4547 qui
786 4475 1117 4544 voluptatum
1165 4486 1386 4526 suarum
1430 4467 1701 4525 illecebris
1742 4466 2004 4531 serviunt,

438 4581 493 4626 et
522 4571 650 4625 dum
698 4566 829 4623 nulli
857 4566 1024 4622 divini
1051 4565 1201 4621 verbi
1226 4576 1475 4619 vomeres
1500 4575 1687 4616 eorum
1715 4573 1829 4625 cor,
1858 4556 2007 4612 velut

436 4673 625 4715 arvum
651 4655 933 4723 rationale,
956 4654 1296 4726 persuicant,
1310 4650 1489 4708 nullas
1507 4648 1769 4707 bonorum
1784 4662 2005 4717 sperum

437 4758 649 4820 segetes
676 4747 1011 4819 germinant;
1048 4746 1190 4800 unde
1218 4744 1425 4798 scilicet
1470 4742 1521 4796 in
1552 4740 1861 4796 caelestibus
1889 4738 2011 4793 bor-

440 4841 550 4897 reis
581 4840 848 4894 frumenta
891 4836 1222 4897 recondam?
1255 4833 1394 4902 Quid
1431 4846 1561 4888 vero
1598 4846 1695 4902 per
1735 4826 2008 4892 Charmel,

438 4933 530 5002 qui
548 4912 766 4989 scientia
804 4946 938 4985 uerte
964 4926 1381 4987 circumcisionis.
1401 4923 1625 4987 dicitur,
1677 4919 1779 4975 nisi
1811 4919 1886 4974 illi
1915 4918 2011 4974 de-

441 5024 572 5078 bent
616 5019 866 5090 intelligi,
921 5018 1011 5088 qui
1043 5030 1138 5087 per
1163 5015 1394 5069 nitorem
1421 5010 1710 5067 exterioris
1730 5008 1953 5078 iustitia:
1981 5023 2011 5064 a

446 5109 755 5166 carnalibus
782 5109 1035 5164 videntur
1057 5103 1314 5176 cperibus
1360 5101 1692 5165 circumcisi,
1715 5108 1772 5156 et
1820 5100 1886 5155 de
1909 5100 2015 5155 cir-

445 5199 793 5260 cumcisionis
833 5197 1074 5269 ejusdem
1115 5192 1271 5263 quasi
1334 5189 1594 5261 singulari
1648 5204 1754 5244 non
1802 5194 2018 5244 cessant

447 5289 671 5347 scientia
696 5287 936 5358 gloriari,
968 5296 1021 5342 et
1035 5285 1163 5344 dum
1179 5297 1284 5338 non
1315 5280 1724 5351 qualiscunque.
1754 5279 1848 5335 sed
1876 5290 2018 5333 verat

412 5362 881 5455 circumcisionis
963 5390 1076 5431 suae
1139 5372 1424 5431 scientiam
1499 5378 1802 5440 arrogant,

1882 5367 2018 5422 alios

449 5468 855 5541 quodammodo.
874 5467 950 5524 de
989 5482 1096 5523 non
1130 5479 1274 5524 verte
1314 5430 1749 5523 circumcisianis
1786 5430 2019 5516 falsitate

449 5561 813 5629 condemnant
831 5557 857 5617 ἲ
1418 5552 1419 5557 “

524 5653 804 5707 Desertum
851 5660 981 5716 ergo
1018 5645 1080 5702 in.
1117 5641 1371 5701 Charmel
1409 5639 1660 5704 vertitur,
1689 5645 1744 5692 et
1770 5631 2022 5690 Charmel

2098 3245 2428 3313 Redemptor
2452 3248 2640 3296 noster
2670 3237 3030 3308 piscatoribus
3071 3235 3185 3290 suis
3209 3241 3335 3287 ante
3377 3230 3487 3300 jam
3524 3228 3675 3284 dixe-

2098 3345 2186 3391 rat
2215 3354 2229 3391 :
2274 3354 2295 3387 ‹
2317 3334 2524 3391 'Venite
2550 3340 2672 3402 post
2703 3345 2808 3394 me,
2838 3337 2893 3383 et
2929 3328 3126 3381 faciam
3154 3317 3250 3379 vos
3277 3322 3393 3378 ﬁeri
3437 3321 3676 3392 piscaw

2098 3443 2187 3481 res
2239 3423 2516 3480 hominum
2567 3420 2782 3491 (Matth.
2842 3417 2940 3487 Iv),
2979 3435 2998 3467 ›
3031 3415 3110 3469 sic
3155 3413 3241 3468 isti
3279 3411 3681 3481 quodammodo

2098 3516 2305 3572 diceret
2333 3529 2346 3566 :
2376 3510 2477 3578 Qui
2524 3509 2707 3564 lueris.
2738 3505 3131 3576 temporalibus
3162 3501 3359 3566 inhias,
3404 3499 3497 3568 qui
3526 3505 3685 3554 certe

2099 3614 2161 3661 ut
2185 3619 2320 3660 auro
2349 3600 2435 3658 vel
2463 3607 2691 3672 argento
2715 3597 2904 3654 diteris
2951 3594 3297 3665 impatienter
3320 3590 3566 3655 anhelas,
3584 3604 3684 3646 me

2100 3694 2422 3768 quantocius
2448 3704 2706 3763 sequere,
2729 3701 2969 3758 moxque
3003 3695 3058 3758 te
3102 3684 3309 3740 faciam"
3345 3678 3679 3736 immortales

2101 3786 2323 3856 superni
2347 3783 2495 3854 regni
2524 3781 2739 3836 divitias
2767 3772 3428 3850 permirum-latitudinem
3459 3770 3674 3838 dispen-

2102 3890 2248 3932 sare.
2286 3873 2366 3929 'l'u
2395 3871 2604 3929 scilicet
2631 3883 2827 3925 aurum
2873 3865 3232 3937 quatriscum
3263 3859 3475 3915 saeculo
3502 3866 3679 3912 trans.

2105 3966 2335 4029 iturum,
2363 3970 2420 4018 et
2462 3976 2562 4031 ego
2612 3958 2707 4014 tibi
2759 3954 3035 4025 Evangelii
3072 3954 3385 4008 thesaurum
3420 3946 3559 4003 dabo
3583 3959 3682 4018 pet;

2078 4120 2083 4125 _
2105 4061 2310 4110 cuneta.
2326 4048 2513 4122 procul
2535 4048 2699 4105 dubio
2732 4044 2925 4117 saecula
2950 4053 3401 4114 permansurum.

2176 4182 2315 4238 Hinc
2347 4181 2486 4237 forte
2516 4186 2600 4234 est
2647 4176 2789 4248 quod
2836 4175 2904 4230 de
2952 4172 3115 4228 ﬂuvio
3153 4170 3243 4226 illo
3288 4164 3692 4239 paradisi,,qpb

2110 4273 2250 4345 apud
2289 4270 2542 4327 Genesim
2576 4268 2773 4323 Phison
2802 4265 3117 4335 appellatur,
3142 4263 3214 4316 ita
3241 4259 3438 4331 legitur
3460 4275 3520 4312 :1
3544 4256 3683 4324 Quia

2108 4364 2304 4421 circuit
2321 4375 2536 4416 omnem
2567 4367 2764 4414 terram
2794 4355 3028 4421 Evilath,
3057 4351 3147 4407 ubi
3193 4349 3437 4404 nascitur
3457 4359 3646 4400 aumm
3666 4359 3695 4408 :-

2111 4466 2168 4511 et
2189 4470 2381 4510 aurum
2403 4454 2564 4508 terrai
2586 4450 2730 4505 illius
2750 4446 3013 4518 optimum
3042 4451 3126 4499 est
3151 4440 3307 4514 (Gen.
3350 4436 3435 4510 II).
3466 4455 3503 4488 »ι
3525 4434 3691 4489 Sicut

2108 4544 2254 4613 enim
2283 4541 2482 4597 Phison
2508 4538 2718 4610 primus
2748 4543 2836 4609 est
2865 4533 3146 4588 ﬂuviorum
3175 4530 3242 4584 de
3271 4521 3684 4597 paradisi-fonto

2104 4630 2537 4705 procedentium,
2566 4628 2640 4683 ita
2671 4626 2731 4681 Β.
2764 4623 3059 4678 Mattheus-
3093 4619 3234 4674 inter
3259 4615 3499 4687 reliquos
3519 4624 3684 4665 evan-

2112 4711 2353 4796 gelistas‘
2383 4721 2617 4793 primum
2665 4716 2878 4775 obtinet
2908 4714 3106 4769 locum.
3160 4707 3310 4764 Satis
3331 4717 3460 4775 ergo
3485 4715 3685 4757 αθηνα-

2112 4793 2269 4873 uicus
2293 4822 2398 4880 est,
2441 4822 2496 4868 et
2524 4812 2730 4866 intimae
2784 4805 2976 4863 rationi
3005 4800 3284 4875 aptissime
3316 4793 3586 4864 congruit,
3626 4800 3689 4847 ut

2115 4907 2258 4961 sicut
2281 4903 2420 4976 apud
2447 4900 2646 4957 Phison
2674 4898 2936 4968 optimum
2976 4889 3244 4960 reperitur
3276 4898 3489 4976 aurum,
3520 4881 3599 4976 sic
3632 4887 3691 4935 et

2117 4996 2258 5068 apud
2284 4972 2431 5051 hunc
2469 4989 2839 5048 beatissimum
2887 4977 3180 5068 evangelici
3207 4974 3414 5068 ordinis
3438 4972 3691 5068 primice-

2119 5060 2259 5140 rium
2303 5080 2671 5151 intelligamus
2705 5075 2884 5129 inesse
2915 5066 3152 5124 thesauri
3199 5062 3451 5120 caelestis:
3486 5060 3691 5151 incom—

2119 5149 2925 5245 prehensibileﬁsacramentum.
2957 5157 3054 5214 Cui
3098 5153 3351 5226 profecto
3370 5149 3692 5207 convenien-

2124 5239 2206 5323 ter
2229 5268 2467 5332 aptatur,
2523 5254 2664 5325 quod
2711 5265 2808 5323 per
2856 5247 3197 5304 Salomonem
3227 5243 3463 5332 dicitur-A:
3502 5239 3692 5332 he-

2124 5322 2318 5410 saurns
2340 5322 2710 5403 desiderabilis
2723 5322 3012 5410 requiescit
3029 5338 3193 5392 in-ore
3216 5330 3474 5402 sapientis
3500 5322 3688 5400 (Prov.

2124 5443 2272 5514 ιιι).,
2294 5460 2313 5494 I
2340 5438 2441 5496 Ubi
2465 5432 2673 5493 scilicet
2697 5446 2804 5488 non
2829 5430 2971 5486 fulva
3010 5419 3536 5514 carnalibusoc.uiis__
3556 5430 3707 5471 vena:

2127 5508 2328 5594 metalli
2354 5527 2619 5587 vibrantis
2667 5524 2917 5586 irradiat,
2966 5519 3060 5575 sed
3088 5513 3348 5586 mysticus
3391 5508 3694 5565 intellectus

2127 5626 2325 5683 viviﬂci
2357 5622 2580 5694 spiritus
2612 5617 2894 5689 splendore
2925 5616 3194 5667 coruscat.
3218 5604 3328 5661 Nec
3373 5617 3562 5659 aurum
3592 5601 3695 5656 hoc

456 5740 511 5801 'tu
539 5740 732 5803 saltum
772 5694 1079 5796 econtfrario
1116 5694 1420 5807 reputatur,
1458 5694 1584 5786 eum
1632 5694 1688 5783 et
1713 5733 2025 5799 peccatores
2132 5717 2447 5778 nutantibus
2503 5710 2985 5777 laneibuscmptor
3011 5700 3316 5765 attrutinat,
3354 5696 3452 5753 sed
3481 5694 3700 5751 auditae
