2089 3228
233 163 287 191 795

900 165 1017 196 SEBMO
1036 164 1089 192 ιιι.
1805 169 1837 197 79

234 219 295 251 tuit,
308 223 337 250 et
349 218 420 254 inea
430 227 506 256 spem
530 227 606 248 suam
622 220 814 255 collocans,de
825 220 910 256 gloria
924 221 1022 257 sempi-
1034 225 1060 258 Α
1074 221 1141 253 mini
1168 221 1228 253 sine
1252 222 1365 257 querela
1389 221 1466 257 (Luc.
1494 222 1530 257 t);
1546 230 1599 250 non
1624 222 1741 258 denique
1760 222 1840 252 Natu:

234 268 310 293 terna
326 263 378 292 lida
391 265 537 299 securitate
555 266 678 298 conﬁdit.

269 308 302 335 Et
316 307 369 337 hoc
382 309 463 338 modo
476 308 546 339 forte
562 310 632 340 valet
648 310 770 345 intelligi,
787 311 858 346 quod
882 311 1026 347 Apostolus

235 353 288 381 ait:
305 362 314 381 ι
332 353 409 388 Volo,
424 353 522 389 inquit,
536 355 562 384 io
578 355 699 388 Ecclesia
710 356 830 391 quittque
844 356 926 388 verba
944 364 1025 387 sensu

235 408 296 428 meo
311 400 397 436 loqui,
411 405 475 428 utet
488 401 557 430 alios
571 401 716 435 instruant,
730 409 811 437 quam
835 402 929 434 decem
943 402 1025 433 millia

235 445 263 472 in
277 445 369 480 lingua
380 444 404 479 (1
419 444 483 476 Cor.
498 446 566 481 xw).
586 456 595 479 μ
608 446 637 480 id
646 452 698 479 est,
713 447 807 479 utilius
815 446 910 481 judico
920 448 1025 482 passio-

235 498 298 518 nem
321 490 438 523 Domini,
462 498 522 525 quae
536 491 661 519 videlicet
684 493 803 527 quinque
827 497 868 520 est
880 497 1025 530 procurata

236 537 408 572 vulneribus,
428 542 456 566 et
480 538 562 567 corde
581 547 745 575 cognoscere
768 545 796 568 et
819 540 887 568 alios
900 541 1025 575 educere,

236 591 317 618 quam
330 582 416 618 legem
429 588 559 616 veterem,
577 592 636 627 quis
649 592 697 619 per
719 585 880 620 Deoalogum
899 586 960 613 data
973 591 1024 618 est,

237 628 432 667 multiplicibus
441 628 531 658 verbis
551 629 584 661 ad
597 630 793 659 ostentationes
814 630 935 659 inaniter
958 638 1026 665 pric-

239 673 340 702 dicare.
362 673 427 705 Haec
449 673 577 704 nimirum
602 674 722 710 quinque
748 675 830 703 verba
852 675 906 703 illis
922 675 1026 703 luctans

237 717 337 751 fuerat,
353 718 451 753 quibus
465 719 635 753 postmodum
656 719 765 747 aiebat:
784 729 793 744 ι
813 719 884 746 Nihil
899 727 942 750 me
955 719 1026 754 judi-

239 763 298 793 cavi
313 763 384 791 scire
401 763 474 791 inter
498 770 557 796 vos,
583 763 635 793 nisi
647 763 784 793 Christum
799 764 901 797 Jesum,
914 770 939 792 et
955 765 1026 793 hunc

237 808 397 843 cruciﬁxum
409 808 434 844 (1
449 808 509 836 Cor.
525 809 567 844 tt).
586 818 595 838 ι
612 808 697 838 Porro
718 815 807 837 autem
822 809 894 838 sicut
907 810 936 837 in
948 818 1026 845 para-

239 855 297 882 diso
310 859 427 890 quatuor
438 854 592 887 ﬂuminibus
601 862 703 885 exituro
722 855 794 885 fatue
807 855 1024 890 procedentibus,

236 900 358 934 quinque
370 899 469 931 ﬂuenta
481 905 554 933 sunt.
566 908 629 936 quae
642 900 725 930 totius
739 902 831 928 mundi
853 901 1021 929 latitudinem
1040 902 1062 932 Β

237 944 363 979 irrigant,
374 945 414 974 sic
427 946 460 974 de
474 945 601 980 paradiso
615 945 748 975 Dominici
771 946 892 981 corporis
906 946 1038 981 quinque.

236 989 354 1024 partitus
367 997 449 1018 cruor
462 989 571 1023 eﬂ‘ulsit,
582 990 628 1025 qui
638 990 764 1019 videlicet
788 990 898 1018 humani
919 991 1026 1034 generis

238 1035 442 1069 inquinamenta
462 1036 599 1070 purgavit.
621 1035 701 1071 273
723 1035 882 1071 Quanquam
904 1044 953 1071 per
966 1037 1026 1065 illos

236 1080 355 1115 paradisi
379 1080 509 1115 gurgites,
526 1080 571 1115 qui
592 1088 625 1109 ex
640 1081 720 1109 unius
743 1080 826 1109 fontis
841 1081 945 1116 origine
961 1089 1025 1117 pro-

236 1126 331 1160 deunt,
347 1126 407 1154 luce
420 1126 521 1155 clarius
542 1126 613 1154 beati
629 1126 800 1162 evangelista
812 1126 963 1162 signantur,
980 1127 1025 1162 qui
1040 1136 1047 1144 -

238 1171 365 1199 nimirum
379 1171 412 1198 de
425 1171 524 1201 Christi
540 1171 705 1205 plenitudine
728 1170 922 1206 proﬂuxerunt.
938 1172 967 1199 In
978 1172 1026 1200 illo

237 1220 369 1251 praeterea
383 1215 471 1244 fronte
495 1216 543 1243 loti
566 1222 638 1248 sunt,
654 1209 808 1251 quicunque
819 1217 1025 1245 commissorum

237 1262 343 1289 veniam
359 1266 423 1292 sunt
442 1262 590 1293 consecuti.
616 1262 675 1297 ipse
695 1262 806 1297 quippe,
820 1263 891 1290 sicut
908 1261 1027 1290 Joannes

237 1308 285 1336 ait.
299 1312 342 1335 est
355 1308 511 1342 propitiau'o
526 1316 575 1343 pro
599 1308 720 1342 peccatis
738 1308 855 1341 nostris;
870 1309 915 1336 ubi
935 1312 962 1335 et
984 1317 1026 1336 se-

237 1353 349 1388 quitur:
365 1362 374 1379 ι
392 1352 450 1380 Νυη
466 1361 514 1387 pro
531 1354 631 1382 nostris
645 1357 736 1381 autem
752 1357 866 1385 tantum,
879 1353 926 1381 sed
936 1358 964 1380 et
976 1361 1027 1388 pro

238 1399 321 1428 totius
336 1399 427 1428 mundi
434 1398 464 1434 (ι
479 1398 613 1433 Joan..u).
632 1408 641 1425 ι
663 1398 733 1426 Hinc
746 1398 870 1433 estquod
882 1399 1026 1428 Pharisaeis

237 1445 432 1475 misericordiae
459 1446 561 1472 viscera
588 1445 782 1478 nescientibus,
802 1446 870 1472 ait:
893 1454 903 1471 ε
926 1445 1028 1473 Euntes

237 1496 327 1522 autem
341 1491 438 1518 discite
450 1491 513 1525 quid
531 1494 572 1517 est
585 1499 592 1517 :
607 1489 819 1519 Misericordiam
841 1489 912 1522 volo,
927 1494 955 1517 et
969 1496 1022 1517 non

237 1537 399 1567 sacrificium
413 1535 583 1570 (Man/1.11).
607 1545 617 1563 ι

1075 267 1189 300 naelem,
1203 267 1231 295 iu
1252 274 1305 302 quo
1316 267 1394 295 dolus
1406 275 1460 296 non
1475 271 1534 295 erat
1544 271 1571 295 et
1584 267 1629 302 qui
1642 275 1735 295 verum
1751 275 1781 296 se
1795 276 1843 303 pra

1074 312 1156 341 habet
1175 312 1323 341 lsraelitam
1338 312 1429 346 (Joau.
1443 313 1479 348 t);
1502 320 1555 340 non
1569 317 1643 340 certe
1657 313 1823 347 Simeonem,
1837 315 1844 341 i

1074 365 1129 393 quo
1151 358 1268 393 Spiritus
1282 363 1391 387 sanctus
1412 363 1484 390 erat,
1499 358 1542 386 cui
1556 359 1637 386 etiam
1649 357 1787 386 Christum
1809 359 1848 386 Do

1075 403 1188 436 mimum,
1207 408 1353 439 antequam
1377 408 1539 437 moreretur,
1566 404 1711 435 videndum
1726 411 1786 433 esse
1801 413 1850 440 pro

1075 450 1186 479 miserat
1199 449 1275 485 (Luc.
1290 450 1320 484 ιι)
1333 458 1340 482 ;
1353 458 1406 477 non
1420 456 1451 477 ex
1478 450 1521 477 his
1542 450 1583 477 vel
1599 450 1752 484 huiusmodi
1766 458 1851 484 quem

1074 493 1140 522 libet
1157 497 1191 522 ad
1211 495 1366 529 apostolica:
1390 495 1530 531 dignitatis
1554 495 1659 522 cuimen
1685 495 1796 528 evexit,
1815 502 1853 522 set

1075 539 1211 574 simplices
1221 541 1309 575 potius
1322 549 1354 568 ac
1368 546 1526 576 peccatores
1539 541 1591 569 hoc
1601 540 1788 569 sublimandos
1800 548 1854 568 essu

1076 584 1182 620 fastigio
1201 585 1347 621 judicavit;
1369 592 1398 614 ut
1412 588 1597 622 unusquisque
1618 595 1713 615 eorum
1727 587 1856 615 veraciter

1076 630 1149 659 dicat
1167 639 1174 658 :
1195 640 1204 657 ε
1222 631 1315 659 Gratia
1327 632 1374 659 Dei
1386 639 1444 660 sum
1460 632 1486 659 id
1502 633 1575 667 quod
1590 640 1650 660 sum
1667 632 1692 668 (1
1707 632 1769 659 Cor.
1780 632 1837 667 xv),
1851 641 1859 657 ι

1075 680 1210 710 quatenus
1221 677 1437 711 quodadsumma
1452 678 1571 712 provecti
1590 682 1664 710 sunt,
1680 685 1732 704 non
1745 676 1862 711 propriis

1075 721 1214 751 ascribant
1231 722 1347 756 meritis,
1371 723 1418 749 sed
1435 723 1527 758 gratim
1549 724 1638 758 potius
1660 722 1863 751 clementissimi

1076 765 1202 800 deputent
1215 766 1351 802 largitoris
1363 775 1371 799 ;
1381 767 1425 795 cui
1436 768 1471 795 sit
1481 768 1575 803 gloria,
1585 770 1667 795 decus
1680 772 1707 794 et
1720 767 1864 802 imperium

1077 810 1104 838 in
1114 811 1206 839 omnia
1215 811 1314 843 satcula
1326 812 1497 842 seculorum.
1515 814 1612 841 Amen.
1665 814 1676 824 ’

1373 869 1489 905 SERMO
1508 869 1563 897 LII.

1215 923 1249 943 DE
1268 922 1370 951 SANCTO
1389 923 1521 942 IIOHAELE
1540 923 1721 950 ARCHANGELO.

1375 952 1451 985 (xxxx
1480 951 1569 985 supr.)

1109 995 1188 1023 Circa
1211 1003 1303 1026 parum
1317 995 1455 1023 cardinem
1470 1003 1620 1028 versamur,
1635 1000 1663 1023 et
1684 994 1863 1031 magniﬁcen~

1075 1040 1139 1067 tiam
1154 1048 1264 1076 operum
1278 1041 1383 1068 Domini
1398 1041 1467 1076 stylo
1480 1042 1670 1076 prosequimur
1684 1040 1766 1076 274
1778 1041 1865 1074 impo-

1075 1085 1139 1118 lito;
1160 1094 1211 1115 nec
1222 1090 1264 1114 est
1284 1087 1474 1121 praesumptio,
1490 1086 1536 1113 sed
1549 1086 1667 1119 devotio,
1679 1086 1741 1120 quia
1757 1093 1809 1112 non
1824 1090 1866 1112 te-

1076 1131 1186 1159 merarii
1210 1136 1387 1163 scnutatores,
1408 1132 1455 1158 sed
1471 1132 1506 1166 pii
1523 1131 1674 1166 pulsatores
1700 1130 1862 1157 accedimus.

1074 1175 1282 1203 Honoravcrunt
1310 1175 1444 1211 siquidem
1467 1175 1566 1210 stylum
1589 1174 1718 1209 maiestas
1736 1174 1865 1209 Virginis,

1077 1225 1104 1247 et
1118 1221 1233 1256 dignitas
1246 1220 1344 1251 crucis,
1358 1224 1386 1247 et
1401 1225 1545 1254 utrumque
1558 1219 1778 1255 prmsumpsimus
1791 1223 1866 1245 utro-

1075 1273 1129 1300 que
1154 1265 1260 1293 saluati.
1288 1265 1363 1293 Nunc
1378 1265 1411 1292 ad
1432 1265 1542 1300 angelos
1559 1272 1712 1291 sermonem
1728 1264 1864 1292 converti—

1072 1318 1147 1344 nius,
1165 1315 1193 1338 et
1213 1310 1285 1338 illius
1304 1311 1423 1345 purioris
1438 1315 1542 1337 naturae
1556 1310 1771 1345 contemplamur
1783 1309 1851 1343 origi

1070 1363 1149 1389 nem,
1165 1360 1192 1383 et
1209 1356 1261 1383 hoc
1283 1355 1391 1390 quidem
1407 1355 1609 1382 convenienter.
1628 1354 1658 1381 ln
1677 1354 1771 1389 primis
1786 1360 1864 1380 nam-

1072 1410 1130 1438 que
1140 1402 1208 1431 locis
1219 1402 1268 1430 illa
1283 1403 1336 1430 duo
1358 1402 1444 1437 prima
1457 1402 1611 1437 posuimus,
1627 1408 1686 1435 qua:
1699 1400 1749 1428 sibi
1762 1399 1864 1435 prima-

1077 1452 1133 1475 tum
1154 1447 1294 1475 vindicant
1313 1447 1345 1474 ‘in
1360 1454 1451 1474 rerum
1472 1446 1616 1474 creaturis.
1638 1445 1759 1473 Tertium
1772 1449 1864 1481 autem

1072 1493 1165 1521 locum
1195 1493 1345 1521 sentiuntur
1379 1492 1477 1528 angeli,
1511 1492 1581 1520 sicut
1606 1493 1634 1520 in
1664 1492 1743 1529 coelo,
1771 1491 1808 1526 ita
1838 1491 1866 1517 in

1074 1539 1189 1575 scripto,
1211 1538 1346 1573 sentitque
1369 1539 1458 1566 anima
1473 1538 1546 1572 quod
1569 1537 1690 1565 continet
1714 1536 1823 1572 pagina,
1838 1541 1866 1563 et

273 1581 379 1614 Videte,
404 1579 503 1607 fratres
517 1579 685 1612 citatissimi,
710 1579 800 1609 videte
827 1580 1022 1615 redemptionis
1037 1570 1060 1601 (ἶ
1076 1570 1223 1611 auctoritas
1249 1570 1354 1611 ratione
1376 1570 1505 1610 munitur.
1522 1583 1604 1618 Beata
1620 1582 1663 1610 illa
1679 1570 1866 1617 regioﬁsuper-

237 1628 362 1656 humana:
376 1625 540 1661 pontiﬁcem,
553 1626 641 1655 videte
658 1630 761 1655 ucstra:
774 1625 869 1654 salutis
882 1630 1023 1653 auctorem

238 1681 288 1708 pro
299 1672 377 1703 nobis
391 1676 520 1704 stantem,
528 1676 662 1704 utcontra
672 1671 774 1701 diaboli
787 1672 909 1701 membra
921 1671 1026 1700 liortiter

186 1719 188 1721 ’
237 1721 421 1748 dimicantem.
438 1719 477 1748 De
500 1718 545 1747 illo
558 1718 637 1753 plane
659 1717 883 1752 dicitApostolus
901 1725 909 1744 :
925 1725 937 1745 π(
954 1716 1026 1750 Quo.-

239 1765 312 1794 niam
333 1764 438 1792 assistit
454 1763 540 1792 vultui
554 1762 646 1791 Patris
664 1766 693 1790 et
706 1761 861 1796 interpellat
887 1768 936 1796 pro
949 1761 1026 1789 nobis

240 1810 329 1845 (Rom.
343 1809 414 1845 vtu),.
432 1818 442 1835 ι
458 1808 515 1837 lllic
529 1812 603 1836 certe
613 1814 665 1842 per
691 1806 869 1839 humanitatis
882 1810 1027 1841 assumpta:

239 1856 399 1891 mysterium
408 1862 460 1890 pro
469 1853 548 1883 nobis
561 1852 761 1884 irucrveuit,hic
774 1859 823 1881 sua
838 1851 1027 1880 misericordia

240 1901 438 1932 occursantium,
462 1904 491 1927 et
504 1897 875 1928 immaniteroblatrantium‘
892 1904 940 1925 ora
960 1904 1027 1925 con-

239 1946 323 1974 cludit
338 1953 344 1973 :
366 1949 394 1971 et
405 1944 478 1979 quia,
493 1944 564 1971 sicut
578 1943 655 1972 :idem
668 1941 787 1971 Joannes
804 1941 841 1971 ait
858 1950 865 1968 :
882 1951 891 1968 ε
906 1940 1028 1969 Advoca-

242 1996 297 2020 tum
312 1990 451 2022 ltabemus,
465 1989 556 2018 Jesum
567 1988 705 2017 Christum
713 1985 855 2022 iustum:(l
865 1985 946 2016 Joart.
955 1985 1004 2021 ut),
1015 1995 1024 2012 ι

240 2036 319 2072 quasi
346 2035 494 2064 advocatus
516 2041 566 2068 pro
595 2033 674 2063 nobis
694 2032 719 2059 in
742 2030 867 2060 examine
884 2030 981 2065 litigat,
1001 2035 1029 2058 et

242 2081 359 2117 propriis
384 2079 593 2114 allegationibus
619 2076 822 2111 obloquentium
834 2076 918 2106 nobis
944 2082 1027 2108 argu-

241 2132 333 2156 menta
350 2126 522 2153 condemnat.
538 2124 614 2153 Unde
625 2128 769 2161 postquam
783 2122 936 2150 nescientes
949 2121 1029 2148 mise-

243 2172 388 2200 ricordiam
402 2171 435 2198 ad
453 2170 607 2197 discendam
621 2167 835 2195 misericordiam
853 2166 1028 2199 destinasset,

244 2218 337 2247 dicens
353 2226 360 2244 :
378 2227 387 2243 ι
403 2216 511 2245 Eun-tes
529 2214 635 2246 discite,
650 2213 715 2248 quid
729 2217 771 2241 est
789 2221 796 2240 :
812 2212 1027 2241 Misericordiam

243 2262 314 2294 volo,
328 2266 419 2291 etnon
430 2259 594 2288 sacriﬁcium
608 2258 714 2293 (Matth.
726 2258 780 2292 Ix);
793 2266 804 2283 ι
820 2264 881 2287 mox
893 2256 1029 2287 adidefen-
1042 2253 1045 2258 ’

243 2308 352 2341 sionem,
373 2307 495 2342 iustitia,
515 2310 543 2333 et
566 2309 666 2333 nostra:
695 2303 781 2338 partis
802 2302 932 2332 auxilium
957 2301 1029 2332 aliud

243 2355 326 2384 etiam
354 2353 461 2383 invictae
487 2351 600 2380 rationis
634 2350 725 2378 intulit
759 2353 957 2384 argumentum.
986 2348 1032 2375 Ait

245 2402 336 2429 enim:
356 2409 366 2426 ‹
395 2399 453 2428 Non
469 2398 549 2426 enim
576 2397 636 2424 veni
651 2404 748 2424 vocare
758 2395 916 2431 justus,.sed
936 2394 1031 2428 pecca-

246 2451 318 2474 tores
333 2445 437 2481 μάξω).
454 2454 467 2471 ›
482 2444 521 2471 Ac
533 2444 558 2472 si
575 2443 647 2471 dicat
662 2451 669 2468 :
686 2442 744 2469 Non
756 2442 819 2469 veni
830 2448 934 2472 vocare
942 2440 1032 2475 justos

245 2492 291 2527 qui
307 2485 467 2521 videlicet-in
481 2493 573 2517 nostra
586 2496 638 2517 non
652 2489 733 2522 sunt},
748 2486 796 2514 sed
810 2491 967 2522 peccatores
987 2485 1033 2520 qui

245 2545 341 2566 prunas
362 2535 543 2571 communiter
558 2538 631 2562 sunt.
649 2542 659 2559 ε
680 2532 781 2560 Omnes
798 2533 886 2564 enim,
902 2533 982 2560 .sicut
994 2532 1035 2563 ait

247 2581 400 2618 Apostolus,
406 2583 597 2616 peccaverunt,
604 2583 631 2606 et
637 2584 717 2614 egent
728 2578 812 2613 gloria
824 2578 871 2605 Dei
880 2577 963 2613 (Rom.
968 2579 1032 2610 "1).:

283 2627 367 2656 Porro
378 2631 469 2655 autem
490 2630 520 2654 ut
534 2625 639 2652 [inuam
657 2630 731 2659 spem
743 2622 933 2658 peccatoribus
944 2623 1034 2655 daret,

247 2679 301 2700 non
314 2671 371 2699 illos
384 2671 417 2699 ad
427 2669 594 2705 apostolatus
605 2667 711 2696 culmen
724 2667 814 2703 elegit,
825 2667 871 2701 qui
883 2666 1033 2695 credeban-

249 2723 292 2747 tur
307 2716 512 2745 inter-homines
526 2715 590 2750 justi
602 2720 633 2742 .et
643 2713 890 2748 aliquasauctitate
903 2713 1032 2742 videban-

237 2768 293 2798 V-tur
318 2763 449 2798 insignes,
470 2762 521 2789 sed
541 2761 583 2788 vel
610 2761 717 2796 ignaros
737 2760 861 2794 iustitiae,
883 2758 928 2786 vel
949 2759 1033 2786 etiam

248 2814 414 2845 peccatores.
428 2808 496 2835 Hinc
509 2807 633 2841 estquod
648 2813 700 2833 non
712 2805 882 2837 Zachariam,
900 2804 945 2838 qui
961 2804 1033 2831 ince-

248 2855 329 2883 debat
354 2855 382 2884 iu
396 2854 520 2884 Olllnlbus
535 2852 669 2880 mandatis
680 2856 708 2879 et
725 2849 1032 2888 iustiﬁcationibus-Do-

1076 1637 1171 1656 narum
1185 1629 1325 1661 virtutum,
1341 1628 1369 1656 in
1380 1636 1433 1663 qua
1444 1628 1538 1656 felices
1548 1628 1662 1664 spiritus
1671 1626 1867 1655 circumvolant

1072 1674 1219 1702 Dominum
1239 1674 1376 1706 Sabaoth,
1393 1678 1421 1701 et
1437 1674 1545 1701 sublimi
1570 1680 1722 1710 pennarum
1736 1672 1866 1707 applausu

1077 1719 1103 1746 in
1127 1719 1223 1753 plateis
1243 1726 1371 1754 superna:
1391 1718 1560 1746 Hierusalem
1578 1726 1586 1745 :
1602 1718 1730 1750 Sanctus,
1745 1721 1866 1748 sanctus,

1072 1769 1186 1792 sanctus
1208 1764 1281 1792 clara
1302 1772 1369 1793 voce
1395 1765 1552 1792 decantant.
1572 1773 1581 1789 ι
1607 1763 1680 1795 Vidi,
1697 1762 1785 1798 inquit
1804 1770 1868 1797 pro-

1077 1812 1170 1846 pheta,
1190 1811 1333 1839 Dominum
1359 1811 1497 1839 sedentem
1512 1817 1594 1845 super
1616 1809 1713 1837 solium
1729 1808 1865 1836 excelsum

1075 1861 1103 1883 et
1118 1855 1262 1889 elevatum,
1285 1859 1312 1883 et
1324 1855 1402 1891 plena
1428 1860 1487 1884 erat
1508 1855 1596 1893 omnis
1624 1860 1696 1883 terra
1723 1846 1869 1887 majestate

1077 1900 1146 1934 ejus,
1157 1905 1185 1929 et
1196 1909 1241 1935 ea,
1255 1909 1315 1936 quae
1329 1901 1379 1929 sub
1396 1901 1455 1936 ipso
1467 1904 1556 1934 erant,
1570 1899 1712 1935 replebant
1726 1898 1868 1934 templum.

1078 1946 1220 1982 Seraphim
1247 1946 1356 1974 stabant
1382 1954 1463 1981 super
1485 1946 1561 1978 illud,
1577 1953 1625 1973 sex
1638 1946 1688 1973 alat
1703 1945 1759 1976 uni,
1775 1950 1801 1977 et
1817 1952 1867 1971 sex

1078 1992 1127 2020 alat
1138 1992 1215 2020 alteri
1229 1991 1296 2028 (Ira.
1313 1991 1362 2026 vt).
1380 2001 1389 2018 ι
1405 1991 1515 2027 Singula
1529 1992 1580 2019 ista
1592 1991 1675 2018 verba
1689 1998 1737 2022 suo
1748 1990 1872 2026 pondere

1077 2037 1174 2065 librata
1191 2042 1265 2071 sunt,
1289 2041 1317 2064 et
1330 2036 1563 2072 diligentissimam
1579 2040 1704 2071 qurernnt
1719 2035 1873 2070 expositio-

1078 2091 1140 2110 nem
1153 2103 1160 2115 ,
1176 2082 1253 2117 cujus
1274 2090 1324 2110 nos
1341 2083 1474 2115 immunes
1496 2081 1649 2117 insipientia
1664 2086 1690 2108 cl
1708 2080 1865 2114 incloqucn'-

1079 2128 1117 2155 tia
1132 2127 1206 2159 fecit,
1223 2126 1325 2162 aliquid
1341 2125 1516 2153 nihilominus
1529 2124 1672 2158 exculpere
1691 2124 1872 2162 tentabimus,

1079 2173 1101 2199 si
1114 2180 1167 2199 non
1183 2173 1219 2199 ita
1234 2172 1401 2202 solemniter,
1416 2169 1548 2197 veraciter
1564 2173 1663 2196 tamen.
1854 2160 1857 2164 ’

1116 2217 1190 2244 Visio
1206 2217 1264 2244 hate
1282 2215 1430 2250 corporalis
1456 2223 1509 2242 non
1534 2219 1588 2246 est,
1618 2213 1660 2241 vel
1692 2212 1873 2248 phantasticis

1081 2261 1199 2289 involuta
1218 2260 1372 2295 praestigiis,
1388 2260 1434 2287 sed
1460 2258 1590 2294 spiritalis
1616 2262 1644 2285 et
1670 2253 1738 2292 pura
1752 2256 1874 2291 purioris

1078 2306 1267 2342 intelligentiae
1289 2306 1445 2334 desiderans
1465 2305 1650 2333 sanctitatem.
1673 2303 1748 2329 Hanc
1762 2310 1816 2329 non
1831 2301 1871 2328 νὶ-

1080 2352 1145 2379 dent
1157 2351 1208 2378 nisi
1231 2350 1365 2383 videntes,
1383 2355 1410 2377 et
1432 2350 1477 2385 qui
1492 2349 1584 2377 mundi
1606 2347 1748 2382 caliginem
1774 2353 1872 2380 super-

1078 2396 1179 2431 gressi,
1203 2395 1374 2430 splendorem
1401 2394 1550 2422 divinitatis
1583 2392 1749 2420 lucidissima
1781 2395 1872 2418 mente

1080 2442 1249 2477 suscipiunt.
1273 2442 1318 2475 Et,
1343 2446 1372 2469 ut
1385 2441 1504 2469 breviter
1516 2447 1576 2467 eam
1591 2438 1767 2471 dilliniamus,
1782 2438 1871 2473 Spiri-

1080 2491 1125 2515 tus
1137 2487 1187 2515 'Dci
1214 2492 1308 2515 nostro
1331 2486 1436 2522 spiritui
1452 2485 1568 2513 dulciter
1585 2484 1736 2520 applicatus
1750 2484 1820 2511 hanc
1831 2482 1872 2511 ef-

1083 2532 1138 2560 ﬁcit
1163 2532 1305 2565 visionem,
1331 2539 1392 2559 cum
1416 2537 1465 2558 nos
1490 2530 1523 2557 de
1555 2530 1727 2566 praescientia
1752 2528 1872 2558 cumulat

1082 2577 1246 2605 futurorum.
1260 2577 1325 2604 illoc
1347 2577 1431 2611 igitur
1448 2577 1530 2605 modo
1546 2577 1591 2605 ille
1610 2578 1692 2605 totius
1704 2576 1872 2612 prophetalis

1080 2622 1243 2657 eloquentia:
1267 2622 1352 2657 gloria
1380 2621 1457 2649 vidit
1486 2622 1630 2649 Dominum
1659 2626 1687 2649 et
1707 2622 1866 2649 .sedeutcm.

1080 2665 1168 2695 Filius
1186 2667 1233 2694 Dei
1253 2666 1365 2700 triginta
1388 2671 1418 2694 et
1430 2667 1517 2695 tribus
1540 2667 1618 2694 annis
1643 2665 1737 2694 servus
1753 2665 1803 2692 fuit
1818 2673 1872 2693 non

1084 2713 1223 2745 Dominus,
1240 2712 1373 2745 minister,
1387 2720 1440 2740 non
1462 2713 1602 2748 magister,
1617 2711 1688 2744 vilis,
1705 2718 1757 2738 non
1772 2710 1872 2745 glorio-

1085 2766 1140 2790 sus,
1162 2757 1273 2785 etilicet
1294 2758 1395 2785 dixerit
1417 2758 1555 2794 discipulis
1582 2767 1588 2785 :
1614 2766 1624 2783 ι
1643 2757 1695 2785 Vos
1713 2757 1815 2784 vocatis
1829 2763 1873 2783 me

1084 2804 1212 2839 Magister
1234 2807 1260 2831 et
1271 2803 1401 2836 Domine,
1422 2807 1450 2830 et
1474 2802 1542 2830 bene
1563 2802 1668 2835 dicitis;
1689 2809 1748 2830 sum
1771 2801 1872 2829 etenim

1087 2849 1178 2881 (Jouu.
1204 2848 1281 2881 xm):
1313 2857 1324 2876 ι
1344 2848 1378 2875 Et
1405 2857 1413 2876 :
1436 2857 1446 2874 ‹
1463 2848 1519 2883 Ego
1538 2854 1597 2875 sum
1609 2847 1653 2875 lux
1670 2847 1762 2875 mundi
1778 2845 1871 2883 (,1an.
