4178 6512
530 335 580 393 t5
1001 336 1061 392 S.
1103 335 1305 392 PETRI
1345 335 1624 392 DAMIANI
1662 335 1812 398 OPP.
1853 335 2031 392 PARS
2059 331 2189 392 SEU
2227 331 2462 397 TOMUS
2498 322 2562 386 ll.
2600 359 2668 372 --
2706 326 3096 386 SERMONES.

3596 326 3704 385 796

533 454 591 524 ιι)
621 469 637 506 τ
682 470 702 505 ι
734 451 888 524 pauci
916 458 1100 508 tamen
1134 451 1422 506 verborum
1447 450 1791 507 altitudinem
1821 459 2046 506 notave-
2071 455 2118 512 Α
2144 456 2199 504 et
2229 446 2454 516 sulphur
2473 443 2626 519 (Gen.
2655 444 2800 514 xix);
2827 441 3110 514 Egyptios
3131 439 3422 496 submersit
3452 440 3508 498 in
3527 440 3706 499 flucti-

507 550 624 610 jmt,
667 539 953 595 Pharisreis
978 538 1360 602 invidentibus,
1394 539 1592 594 Judaeis
1619 554 1724 594 non
1767 537 2036 595 credenti-

517 647 594 696 us,
621 638 674 684 et
703 629 848 683 illum
875 627 1220 698 arguentibus
1259 627 1714 698 praesumptionis.
1755 627 1860 682 Sed
1886 635 2038 696 post-

513 738 633 775 uam
682 721 978 774 resurrexit
1025 735 1054 774 a
1095 720 1344 787 mortuis,
1385 721 1522 775 etin
1574 719 1882 788 triumphali
1913 721 2040 780 sede

509 825 723 878 coeptus
767 818 868 874 est,
927 811 1264 877 imperatoria
1321 811 1536 864 decreta
1599 810 1876 878 propalata
1917 816 2042 863 sunt

461 935 464 937 λ
516 906 614 966 rbi,
655 903 875 971 fixitque
923 901 1228 958 Crucifims
1277 903 1328 954 in
1385 911 1553 954 totam
1588 903 1766 955 mundi
1805 900 2043 955 latitudi-

506 1009 602 1045 Iem
643 1008 755 1045 suae
804 991 1180 1045 dominationis
1238 991 1460 1060 insigne.
1510 987 1629 1042 Jam
1693 989 2044 1056 majestativis

504 1084 784 1140 nominibus
827 1083 1274 1137 circumfunditur
1303 1083 1393 1137 ille
1420 1099 1639 1151 pauper,
1671 1094 1725 1136 et
1754 1084 1962 1146 unicus,
1992 1091 2048 1136 et
2123 1123 2128 1129 .

506 1173 749 1226 ervilium
783 1174 1058 1226 nominum
1086 1173 1290 1226 vilitate
1340 1174 1564 1236 dimota,
1608 1173 1718 1225 [lex
1754 1187 1962 1241 regum,
1989 1180 2045 1226 et

495 1263 737 1318 )ominus
764 1264 1150 1317 dominantium
1178 1264 1341 1318 multa
1364 1264 1482 1318 luce
1507 1263 1871 1334 pratfulgurat.
1902 1263 2046 1317 Vidit

490 1367 606 1420 ergo
635 1369 756 1406 eum
785 1353 928 1407 filius
958 1354 1139 1414 Amos,
1170 1369 1275 1406 non
1308 1353 1586 1413 humilem,
1614 1354 1704 1405 sed
1728 1353 2042 1417 sublimem;

486 1459 585 1497 non
635 1445 956 1513 iudicatum,
993 1447 1086 1498 sed
1109 1445 1380 1513 judicem;
1432 1461 1538 1500 non
1569 1446 1914 1515 opprobrium
1945 1447 2044 1499 ho—

482 1532 702 1593 minum,
736 1533 829 1585 sed
859 1531 1084 1600 gloriam
1110 1532 1443 1602 angelorum.

556 1637 576 1669 ι
605 1619 914 1682 Sedentcm,
945 1637 964 1672 ι
992 1619 1187 1688 inquit.
1215 1620 1505 1689 Triplicem
1523 1621 1750 1692 legimus
1778 1621 2047 1676 Creatoris

474 1709 794 1773 sessionem,
847 1724 1004 1763 unam
1037 1717 1159 1778 post
1213 1711 1396 1764 mundi
1428 1712 1781 1774 creationem,
1830 1713 2046 1781 quando

477 1798 740 1866 requievit
769 1799 836 1852 ah
861 1799 1007 1853 omni
1058 1813 1222 1869 opere
1289 1801 1430 1870 quod
1480 1810 1722 1871 patrarat
1755 1798 1908 1870 (Gen.
1946 1803 2040 1871 n);

477 1888 635 1941 aliam
676 1899 798 1954 post
840 1889 1238 1951 ascensionem,
1287 1890 1502 1958 quando
1529 1899 1836 1958 assumptus
1882 1892 2042 1945 estin

475 1977 695 2039 ctnlum,
735 1985 788 2031 et
808 1977 960 2032 sedet
985 1996 1018 2032 a
1065 1979 1273 2034 dextris
1297 1979 1389 2034 Dei
1419 1980 1614 2048 (Marc.
1646 1980 1794 2051 xvt);
1827 1982 2042 2036 tertiam

475 2077 600 2138 post
622 2062 1096 2136 resurrectionem,
1137 2086 1258 2125 cum
1285 2073 1486 2126 sederit
1515 2074 1567 2126 in
1591 2073 1719 2128 sede
1748 2073 2044 2143 majestatis

475 2175 610 2225 suae,
636 2171 691 2216 et
724 2175 820 2215 nos
860 2177 982 2216 cum
1013 2176 1078 2216 eo
1106 2163 1414 2218 sedebimus
1461 2163 1679 2234 (Matth.
1715 2165 1852 2235 xlx).
1896 2164 2045 2218 Solet

407 2307 414 2310 _
459 2250 712 2318 quietem
757 2249 909 2304 labor
960 2253 1300 2319 praecedere,
1351 2254 1511 2307 statio
1563 2255 1879 2309 sessionem.
1939 2254 2044 2309 Sed

477 2340 694 2402 quando
751 2338 1015 2394 laboravit
1063 2341 1150 2394 illa
1200 2341 1476 2409 maiestas,
1523 2359 1642 2413 quae
1671 2361 1771 2399 nec
1817 2344 2046 2409 aflicitur

479 2425 751 2493 passione,
800 2443 900 2482 nec
949 2429 1129 2482 labore
1165 2429 1544 2500 distringitur?
1591 2434 1728 2487 Audi
1778 2435 2046 2501 quomodo

487 2515 650 2587 275
685 2517 946 2586 Plurimus
972 2520 1022 2573 ei
1053 2520 1204 2575 labor
1244 2522 1503 2586 incubuit,
1543 2539 1672 2579 cunt
1698 2526 1844 2580 illum
1875 2529 2047 2596 pessi-

485 2617 632 2658 mum
665 2617 1104 2676 praesumptorem
1135 2609 1200 2664 de
1235 2611 1390 2665 caelis
1435 2613 1505 2666 ad
1552 2612 1756 2668 inferna
1796 2616 2044 2683 detrusit,

479 2701 537 2747 et
568 2695 838 2749 hominem
873 2705 1094 2764 peccato
1133 2713 1270 2767 pene
1293 2701 1454 2754 simili
1482 2705 1951 2772 comprehensum,
1980 2705 2048 2760 de

479 2784 733 2852 paradiso
761 2785 1125 2854 voluptatis'iu
1144 2804 1504 2844 aerumnosum
1532 2793 1754 2849 immisit
1775 2795 2044 2851 exsilium.

478 2872 750 2938 Quantum
783 2885 937 2946 putas
962 2877 1246 2932 tumultum
1283 2879 1335 2933 in
1376 2881 1688 2938 caelestibus
1733 2883 2049 2941 eﬂ'erbuisse

482 2960 720 3030 palatiis,
791 2980 914 3018 cum
969 2968 1214 3022 mortifer
1262 2970 1350 3024 ille
1402 2982 1643 3028 vastator
1695 2975 2049 3045 irreparabile

477 3050 760 3107 dissidium
783 3053 836 3106 in
867 3053 952 3107 illa
987 3055 1191 3110 cmlesti
1213 3060 1361 3112 curia
1390 3060 1692 3127 fabricavit,
1717 3074 2044 3120 conventum

480 3141 740 3209 proscidit
776 3142 1100 3211 angelicum,
1161 3153 1216 3200 et
1261 3148 1476 3201 nomina
1534 3150 1805 3206 stellantia
1857 3168 2041 3209 secum
2073 3128 2116 3186 Ο

483 3229 654 3282 traxit
677 3230 730 3282 in
758 3233 1020 3286 mortem?
1048 3233 1278 3289 Deszevit
1317 3246 1444 3292 tunc
1485 3237 1881 3309 Omnipotentis
1908 3244 2044 3298 indi-

481 3319 686 3386 gnatio,
710 3328 930 3391 totaque
955 3323 1254 3380 divinitatis
1281 3327 1500 3382 dextera
1531 3344 1821 3398 percussus
1844 3343 1928 3390 est
1949 3335 2052 3390 ini-

481 3408 678 3474 micus,
701 3419 754 3465 et
784 3411 836 3464 in
864 3413 1177 3480 perditionis
1200 3414 1484 3473 devolutus
1523 3429 1605 3473 est
1631 3421 1904 3487 abyssum.

553 3497 691 3554 Huic
744 3509 852 3555 tam
881 3504 1033 3572 gravi
1075 3505 1292 3571 damno,
1346 3517 1451 3560 tam
1507 3511 1746 3579 graviter
1783 3512 2050 3569 vindicato

482 3589 747 3644 successit
795 3599 851 3644 et
897 3591 1060 3646 aliud.
1105 3592 1356 3649 Peccavit
1399 3612 1633 3666 namque
1663 3599 1772 3664 ille,
1807 3601 1896 3668 qui
1924 3602 2050 3658 huic

485 3680 843 3736 resarciendaa
872 3682 1041 3736 ruina:
1070 3683 1246 3738 fuerat
1279 3684 1624 3756 subrogatus,
1648 3699 1868 3760 propter
1888 3706 2048 3760 quem

481 3769 664 3823 omnia
742 3769 1084 3826 subcoalestia
1137 3771 1351 3828 fuerant
1417 3777 1731 3832 constituta.
1784 3779 2052 3836 Peccante

480 3867 662 3943 autem
707 3859 820 3927 illo,
863 3860 1089 3915 multum
1128 3862 1431 3931 splendoris
1479 3866 1704 3922 sidereis
1750 3869 2050 3924 detractum

479 3957 564 4003 est
612 3949 965 4006 luminaribus
1019 3960 1296 4022 totamque
1331 3955 1720 4014 elementorum
1771 3959 2050 4013 materiam

479 4035 702 4091 infectio
734 4037 1062 4107 deploranda
1111 4041 1371 4096 confudit.
1403 4042 1650 4100 Nondum
1691 4057 1913 4102 aversus
1934 4056 2052 4102 erat

478 4125 634 4180 furor
686 4128 920 4196 Domini,
953 4132 1050 4186 sed
1095 4132 1268 4189 adhuc
1321 4149 1514 4190 manus
1567 4134 1683 4203 ejus
1715 4148 1968 4204 extenta,
1997 4151 2053 4196 et

481 4217 756 4271 dexteram
778 4220 895 4288 ejus
918 4221 1176 4291 singulari
1199 4221 1418 4278 vulnere
1440 4223 1714 4293 fatigatam
1742 4229 2054 4296 provocavit

470 4298 538 4358 in
564 4320 625 4359 se
656 4305 860 4375 fragilis
881 4316 936 4362 et
957 4308 1130 4362 lutosa
1147 4311 1468 4376 substantia,
1498 4304 1771 4385 sensitque
1799 4317 2052 4387 reliquias

483 4391 728 4449 fulminei
783 4394 984 4453 furoris
1029 4399 1197 4453 miser
1240 4401 1616 4468 homunculus,
1671 4415 1725 4459 et
1770 4410 2050 4476 personale

481 4486 734 4541 delictum
778 4489 1094 4559 proscripsit
1137 4491 1436 4549 universos.
1495 4495 1823 4554 Deturbatur
1885 4500 2048 4572 igitur

485 4579 805 4636 tumultibus
832 4578 1202 4650 frequentibus
1233 4585 1628 4642 ratiOnabilium
1654 4600 2049 4659 creaturarum,

483 4670 743 4728 Dominus
778 4670 1095 4741 majestatis,
1119 4681 1175 4728 et
1207 4690 1369 4745 super
1395 4677 1507 4732 suis
1534 4678 1778 4735 hostibus
1805 4681 2048 4736 vindica-

485 4772 590 4828 ιιιε,
618 4766 870 4820 cadentes
891 4764 1110 4836 angelos
1133 4781 1256 4821 cum
1280 4763 1654 4838 desperatione
1678 4771 1973 4838 damnavit,
1999 4781 2054 4827 et

487 4856 757 4911 hominem
806 4859 1091 4930 castigavit
1135 4859 1186 4912 in
1217 4875 1333 4928 spe,
1358 4861 1656 4930 praevidens
1682 4871 1885 4931 quanta
1912 4864 2048 4917 bona

467 4946 553 5012 de
580 4946 721 5001 illius
748 4959 970 5017 peccato
1011 4959 1158 5005 esset
1199 4950 1456 5006 facturus.
1485 4952 1551 5006 Et
1583 4951 1652 5007 ob
1697 4954 1798 5007 hoc
1827 4953 2051 5008 forsitan

481 5039 784 5108 angelicum
836 5051 1119 5111 peccatum
1159 5042 1214 5097 in
1262 5043 1579 5114 .Scripturis
1629 5060 1735 5100 non
1784 5045 2055 5100 invenitur

484 5145 820 5199 expressum,
873 5147 940 5185 ne
967 5131 1278 5202 Scripturte
1303 5133 1654 5189 mandaretur
1679 5135 1823 5204 quod
1867 5151 2052 5192 emen-

483 5227 603 5281 dari
635 5241 740 5301 non
779 5235 1009 5298 poterat.
1067 5229 1352 5298 Requievit
1401 5244 1532 5301 ergo
1583 5229 1722 5285 Deus
1751 5229 2051 5286 rationabili

481 5319 595 5370 fine
621 5317 784 5372 tantis
813 5316 969 5372 malis
1005 5318 1274 5387 imposito,
1301 5318 1396 5372 sed
1428 5334 1613 5374 rursus
1658 5329 1831 5378 tactus
1866 5319 2052 5376 dolore

480 5406 665 5461 cordis
693 5407 1038 5472 intrinsecus,
1068 5416 1123 5461 et
1145 5408 1483 5476 peccantium
1516 5410 1790 5465 hominum
1813 5408 2047 5465 enormi-

483 5505 595 5549 tate
625 5508 904 5567 graVatus,
931 5497 1128 5553 delevit
1153 5511 1312 5568 quem
1353 5509 1632 5554 creaverat
1669 5501 1965 5567 hominem,
1991 5509 2047 5556 et

485 5583 742 5640 diluvium
789 5587 1091 5643 inhabitare
1139 5585 1268 5642 fecit
1296 5582 1448 5655 (Gen.
1477 5587 1607 5659 vn);
1639 5605 1740 5646 nec
1789 5590 1894 5646 hoc
1916 5605 2048 5646 cou-

487 5683 692 5744 tentus,
717 5691 881 5750 super
901 5677 1188 5736 Sodomam
1218 5685 1273 5734 et
1298 5677 1652 5737 Gomorrham
1684 5680 1861 5749 ignem
1892 5680 2032 5754 pluit

2137 539 2239 594 bus
2263 536 2458 609 (Exod.
2488 535 2624 606 xvr),
2646 533 3006 589 lsraelitarum
3028 531 3289 586 cadavera
3325 533 3623 602 prostravit
3648 534 3702 589 in

2138 643 2342 694 eremo,
2368 627 2566 696 ubique
2601 613 3008 679 turbulentioris
3049 620 3260 675 Domini
3308 633 3708 692 repraesentans

2141 716 2466 785 imaginem;
2493 713 2562 768 ad
2603 723 2904 767 extremum
2934 710 3082 766 venit
3111 710 3225 780 ipse
3255 710 3307 764 in
3343 712 3484 767 nube
3507 721 3706 768 nostra:

2139 808 2323 863 carnis
2365 805 2605 873 abiectus
2637 803 2787 874 (Luc.
2817 801 2902 872 ll),
2947 810 3004 856 et
3046 801 3286 856 dolorum
3332 802 3622 874 particeps,
3650 812 3708 857 et

2141 897 2381 952 laborum
2417 895 2606 950 didicit
2635 892 2996 950 obedientiam
3023 907 3087 946 ex
3135 891 3219 946 his
3265 906 3383 961 quae
3405 907 3598 962 passus
3623 901 3708 948 cst

2141 985 2327 1056 (Hebr.
2359 985 2434 1053 v).

2211 1076 2592 1129 Consummata
2636 1081 2816 1127 autem
2861 1071 3041 1126 carnis
3069 1071 3431 1140 susceptione,
3469 1073 3709 1130 elevatus

2142 1167 2307 1219 estin
2351 1164 2570 1229 cadum,
2619 1174 2676 1218 et
2721 1164 2874 1218 sedet
2915 1178 2943 1215 a
2971 1163 3175 1218 dextris
3205 1162 3296 1217 Dei
3340 1163 3532 1235 (Marc.
3559 1167 3706 1234 xvr);

2145 1270 2242 1309 nec
2293 1263 2469 1309 tamen
2510 1254 2664 1308 sedet
2715 1254 2780 1307 ad
2819 1252 3067 1322 plenum,
3104 1252 3231 1320 quia
3287 1253 3492 1308 assistit
3533 1255 3712 1310 adhuc

2145 1341 2311 1395 vultui
2336 1341 2429 1396 Dei
2457 1357 2555 1411 pro
2580 1341 2756 1396 nobis.
2781 1341 2898 1396 Erit
2935 1349 3113 1394 autem
3143 1341 3190 1396 ei
3227 1342 3383 1396 tertia
3407 1343 3577 1397 sessio
3597 1343 3711 1414 glo-

2145 1431 2306 1496 riosa,
2334 1445 2455 1484 cum
2484 1432 2652 1484 bonos
2697 1439 2752 1484 et
2782 1429 2950 1484 malos
2971 1429 3185 1484 diverso
3214 1430 3339 1495 fine,
3373 1431 3712 1502 diversisque

2143 1520 2406 1575 clausuris
2461 1520 2739 1576 incluserit
2771 1520 2984 1591 (Matth.
3030 1520 3178 1593 xxv).
3223 1521 3443 1578 Sedebit
3472 1524 3524 1578 in
3581 1527 3712 1582 sede

2146 1612 2444 1678 maiestatis
2493 1627 2623 1676 sua},
2660 1627 2783 1667 cum
2832 1615 2931 1666 nos
2961 1612 3191 1667 traxerit
3237 1614 3302 1667 ad
3335 1629 3414 1679 se,
3449 1632 3468 1666 ι
3517 1625 3573 1670 et
3603 1616 3712 1671 erit

2148 1704 2288 1758 Deus
2315 1705 2494 1758 omnia
2527 1704 2580 1758 in
2607 1705 2860 1760 omnibus
2883 1703 2934 1775 ιι
2963 1705 3086 1760 Cor.
3119 1705 3230 1770 xv).
3273 1723 3292 1756 ι
3332 1705 3511 1760 Prima
3538 1708 3712 1762 sessio

2079 1789 2119 1845 B
2147 1804 2230 1850 est
2273 1795 2460 1864 gratiae
2489 1809 2592 1862 qua
2623 1795 2792 1864 gratis
2821 1795 3002 1847 omnia
3032 1794 3188 1860 fecit;
3240 1795 3473 1850 secunda
3500 1796 3713 1852 miscri-

2145 1888 2364 1950 cordiae,
2393 1901 2498 1955 qua
2537 1901 2636 1941 nos
2667 1885 3087 1940 misericorditer
3117 1886 3376 1952 redemit;
3407 1887 3565 1941 tertia
3595 1887 3711 1956 glo-

2149 1977 2261 2038 rize,
2289 1991 2411 2029 cum
2465 1989 2561 2028 nos
2605 1973 2945 2044 glorificabit.
2985 1973 3218 2028 Attende
3249 1983 3428 2029 autem
3471 1976 3712 2030 sedentis

2144 2065 2370 2136 gloriam
2391 2071 2445 2118 et
2471 2063 2844 2118 excellentiam
2869 2063 3150 2129 sessionis,
3171 2063 3258 2117 ubi
3287 2063 3429 2117 nulla
3456 2074 3708 2118 creatura

2143 2157 2436 2210 consedere
2483 2153 2776 2224 prmsumit.
2833 2172 2852 2205 ι
2902 2152 3220 2223 Seraphim,
3270 2153 3463 2223 inquit,
3495 2155 3716 2210 stabant

2147 2247 2283 2315 (ha.
2311 2247 2412 2316 vl),
2466 2265 2484 2298 ι
2528 2261 2633 2300 ηοη
2660 2245 2937 2301 sedebant.
2968 2263 2988 2298 ι
3029 2247 3145 2301 Vidi
3174 2247 3478 2308 Dominum.
3498 2257 3563 2302 "et
3589 2248 3713 2302 uui-

2146 2342 2358 2393 versam
2406 2337 2650 2392 militiam
2686 2335 2807 2391 caeli
2852 2336 3196 2392 assisteutem
3223 2336 3271 2391 ei
3320 2335 3531 2408 (lbid.),
3569 2354 3588 2388 ι
3635 2337 3713 2390 ait

2146 2431 2404 2498 propheta
2437 2445 2451 2481 :
2485 2427 2826 2482 assistentem
2857 2427 3005 2490 dicit,
3039 2442 3142 2482 non
3177 2428 3474 2484 sedentem.
3503 2446 3521 2479 ι
3552 2427 3714 2483 Millia

2148 2520 2371 2573 millium
2418 2518 2800 2573 ministrabant
2828 2517 2900 2582 ei,
2927 2528 2983 2572 et
3024 2517 3202 2572 decies
3249 2517 3444 2572 millies
3486 2527 3714 2572 centena

2147 2610 2311 2665 millia
2341 2609 2666 2664 assistebant
2705 2608 2755 2663 ei
2797 2607 2960 2681 (Dan.
2991 2609 3112 2679 vn),
3144 2628 3163 2660 ι
3204 2607 3419 2663 Daniele
3461 2617 3712 2663 testante.

2153 2721 2169 2753 ι
2216 2702 2416 2757 Omnes
2458 2699 2636 2769 angeli
2682 2700 2897 2753 stabant
2946 2699 2998 2752 in
3044 2699 3270 2753 circuitu
3305 2698 3480 2752 throni
3529 2697 3714 2768 (Apoc.

2148 2793 2268 2862 vn),
2305 2810 2325 2845 ι
2352 2792 2428 2846 ait
2455 2789 2802 2860 evangelista.
2826 2790 2990 2860 276
3014 2789 3080 2844 Et
3103 2789 3229 2845 alibi
3260 2808 3273 2844 :
3301 2809 3320 2842 ι
3355 2788 3473 2844 Vidi
3503 2787 3716 2842 turbam

2149 2900 2420 2955 magnam,
2461 2898 2623 2953 quam
2651 2882 2995 2938 dinumerare
3026 2898 3183 2938 nemo
3206 2892 3423 2952 poterat
3447 2898 3513 2938 ex
3538 2883 3716 2938 omni-

2150 2976 2247 3029 bus
2269 2973 2495 3044 populis,
2515 2983 2570 3028 et
2585 2972 2800 3044 linguis,
2816 2981 3022 3029 stantes
3037 2984 3160 3028 ante
3182 2975 3431 3028 thronum
3453 2973 3662 3046 (Ibid)
3690 2993 3709 3027 ι

2151 3065 2256 3121 Sed
2283 3074 2339 3119 et
2379 3063 2542 3135 Virgo
2587 3064 2875 3134 singularis
2923 3073 3066 3118 astat
3114 3080 3145 3118 a
3181 3064 3388 3119 dextris
3433 3065 3488 3118 in
3519 3064 3716 3120 vestitu

2149 3158 2404 3210 deaurato
2423 3155 2594 3224 (Psal.
2627 3155 2791 3216 xuv).
2821 3153 3050 3226 Moyses,
3067 3164 3124 3208 ut
3141 3154 3320 3210 videat
3344 3162 3713 3210 transeuntem

2150 3245 2451 3309 Dominum,
2498 3253 2609 3299 stat
2659 3244 2711 3297 in
2770 3251 2920 3313 petra
2949 3241 3143 3314 (Exod.
3203 3244 3424 3310 xxxm),
3483 3253 3541 3298 et
3571 3243 3717 3300 Elias

2147 3350 2256 3395 stat
2285 3341 2338 3394 in
2374 3348 2663 3408 conspectu
2701 3337 2933 3402 Domini,
2963 3347 3018 3393 et
3051 3337 3230 3392 omnis
3265 3346 3513 3392 creatura
3547 3335 3717 3406 impe-

2068 3444 2078 3450 '
2148 3433 2360 3487 ratoriae
2389 3430 2655 3501 majestati
2718 3428 2940 3484 assistit.
2975 3428 3137 3484 Solus
3174 3429 3263 3484 ille
3303 3429 3573 3500 transfuga
3606 3429 3721 3499 spi-

2146 3522 2320 3590 ritus,
2369 3519 2718 3575 dissensionis
2771 3518 3133 3587 principium,
3180 3517 3429 3588 princeps
3478 3515 3714 3580 malitize,

2145 3611 2412 3665 malorum
2451 3623 2683 3674 summa,
2707 3607 2879 3662 voluit
2922 3607 3234 3662 consedere.
3263 3605 3492 3674 Sedebo,
3519 3605 3714 3677 inquit,

2149 3703 2202 3756 in
2234 3709 2418 3755 monte
2441 3699 2747 3754 testamenti
2775 3697 2911 3766 (Ira.
2941 3698 3076 3768 xiv).
3101 3695 3304 3753 Omnes
3333 3705 3506 3763 stant,
3527 3711 3716 3751 omnes

2147 3791 2482 3856 ministrant,
2523 3798 2579 3844 et
2609 3798 2662 3844 tu
2714 3789 2865 3860 pacis
2895 3787 3132 3852 inimice,
3163 3787 3353 3842 sedere
3398 3786 3718 3856 praesumis?

2147 3881 2267 3949 ipse
2297 3880 2485 3946 Filius,
2539 3879 2678 3934 idem
2709 3879 2850 3947 quod
2895 3878 3074 3944 Pater,
3103 3878 3294 3933 sedere
3321 3877 3518 3942 nescit,
3547 3877 3719 3932 donec

2149 3972 2294 4027 dicat
2315 3972 2365 4028 ei
2401 3971 2564 4026 Pater
2591 3989 2606 4024 :
2642 3990 2661 4023 ι
2699 3971 2841 4026 Sede
2863 3987 2892 4024 a
2922 3970 3127 4042 dextris
3153 3971 3287 4026 meis
3313 3968 3487 4040 (Psal.
3520 3970 3653 4039 (ιιι),
3691 3989 3712 4022 ο

2149 4059 2336 4116 Talem
2381 4059 2515 4115 vidit
2542 4063 2666 4115 e'um
2694 4060 2878 4125 Isaias,
2917 4069 2974 4114 et
3020 4060 3421 4114 Dominatorem
3452 4060 3719 4114 universa

2151 4160 2311 4206 terrae
2343 4163 2398 4207 et
2438 4151 2490 4205 in
2521 4166 2687 4206 aureo
2727 4151 2917 4206 throno
2945 4166 3056 4206 suae
3081 4150 3379 4207 divinitatis
3417 4151 3717 4216 sedentem,

2153 4244 2204 4296 in
2235 4241 2321 4296 illa
2356 4242 2591 4297 secunda
2630 4243 2888 4309 sessione,
2920 4257 3033 4314 quo
3060 4256 3278 4298 carnem
3305 4251 3545 4298 nostram
3567 4241 3721 4298 ctelis

2147 4333 2375 4387 invexit.

2223 4423 2480 4495 Sequitur
2514 4441 2528 4478 :
2561 4440 2581 4476 ι
2609 4425 2783 4496 Super
2811 4425 3003 4481 solium
3049 4426 3346 4482 excelsum.
3379 4443 3398 4478 ι
3430 4425 3718 4481 Excelsum
3767 4449 3774 4455 -

2147 4517 2339 4572 soliqu
2383 4515 2675 4587 angelicam
2701 4524 2945 4570 naturam
2973 4516 3240 4586 intellige,
3270 4516 3498 4586 primam
3534 4515 3720 4571 Omni-

2147 4605 2383 4675 potentis
2406 4605 2759 4670 creationem,
2790 4614 2846 4661 et
2870 4605 3126 4674 primaria
3149 4607 3411 4677 dignitate
3438 4607 3720 4676 praeditam

2149 4702 2488 4762 potestatem.
2514 4693 2689 4763 Super
2714 4695 2854 4749 hanc
2873 4695 3048 4762 sedet,
3103 4707 3157 4750 et
3183 4698 3559 4766 supervehitur
3583 4697 3725 4752 ﬁlius
3783 4739 3796 4748 ,

2150 4781 2416 4852 Virginis,
2475 4791 2782 4852 susceptum
2835 4783 3106 4841 hominem
3155 4787 3434 4842 ordinibus
3472 4787 3725 4863 provehit

2153 4873 2488 4942 angelorum,
2535 4874 2659 4944 quia
2687 4875 2787 4929 etsi
2820 4875 3012 4930 melior
3061 4886 3146 4932 est
3174 4889 3392 4944 natura,
3423 4876 3616 4932 fortior
3642 4884 3726 4931 est

2154 4965 2358 5034 gratia;
2411 4966 2459 5020 si
2521 4981 2714 5037 magna
2759 4967 3028 5037 dignitas,
3084 4966 3255 5036 major
3299 4967 3396 5024 Dei
3447 4969 3721 5031 voluntas,

2153 5068 2316 5122 quam
2337 5055 2484 5110 omni
2515 5071 2654 5109 nexu
2684 5066 2886 5112 natura:
2906 5073 3149 5114 summus
3175 5059 3262 5114 ille
3281 5059 3721 5130 philosophorum

2152 5147 2348 5202 astruit
2373 5147 2640 5202 altiorem.
2672 5148 2894 5204 Elevata
2917 5160 3001 5205 est
3029 5164 3161 5220 ergo
3204 5151 3601 5222 magnificentia
3629 5151 3724 5207 Dei

2145 5252 2262 5292 .nou
2311 5235 2483 5291 solum
2511 5252 2674 5307 super
2715 5238 2881 5293 caelos
2929 5237 3103 5309 (Psal.
3160 5239 3302 5307 vm),
3334 5241 3428 5294 sed
3462 5249 3517 5295 et
3563 5257 3724 5310 super

2157 5325 2394 5396 angelos,
2434 5326 2560 5394 quia
2593 5335 2740 5382 tanto
2785 5328 2975 5382 melior
2999 5328 3204 5398 angelis
3247 5328 3491 5394 effectus,
3520 5339 3724 5398 quanto

2155 5413 2493 5470 differentias
2531 5428 2640 5483 prae
2678 5415 2784 5472 illis
2817 5431 3012 5472 nomen
3067 5418 3404 5474 haereditavit
3440 5419 3625 5491 (Hebr.
3656 5420 3719 5492 ι).

2160 5502 2228 5557 Ει
2250 5503 2404 5572 plena
2429 5513 2548 5560 erat
2571 5505 2852 5575 majestate
2874 5504 2992 5576 ejus
3019 5505 3196 5560 omnis
3223 5516 3386 5562 terra.
3411 5508 3526 5576 lpse
3542 5509 3726 5563 Domi-

2161 5609 2260 5647 nus
2282 5592 2424 5647 Deus
2447 5596 2707 5652 noster.in
2737 5595 2986 5650 universa
3009 5604 3150 5648 terra
3168 5597 3372 5665 judicia
3401 5595 3516 5664 ejus
3546 5595 3717 5668 (Psal.

2159 5686 2290 5754 CIV),
2318 5683 2394 5738 ait
2414 5682 2717 5742 Psalmista.
2749 5683 2814 5741 Et
2833 5684 3100 5757 quomodo
3131 5702 3272 5744 nunc
3298 5695 3417 5760 post
3445 5687 3582 5745 hanc
3606 5686 3722 5756 ejus
