4178 6452
369 375 470 432 797
594 378 607 409 ’

1707 383 1936 463 sermo
1978 385 2083 441 ιιι.
2419 349 2442 441 ί
2590 352 2608 363 ’

3492 392 3603 453 798

370 493 723 549 elevationem
774 496 967 551 asserit
1010 496 1276 570 Propheta
1321 514 1535 555 omnem
1590 510 1787 558 terram
1823 518 1937 557 ma-
1963 507 2014 569 Α
2042 505 2403 575 cumscriptus
2432 504 2520 560 ille
2549 504 2785 575 Spiritus
2809 515 3151 563 remanentes
3178 520 3388 563 summa
3418 522 3597 580 prose»

366 585 569 656 jestate
596 584 713 654 ejus
742 600 861 640 esse
888 588 1184 659 repletam?
1223 587 1394 661 (Psal.
1452 590 1625 662 uxr.)
1679 592 1784 646 Sed
1814 608 1937 647 cum

371 674 503 728 dicit
536 673 750 742 plenam
792 675 1093 745 majestate,
1131 678 1383 750 intelligit
1409 682 1593 736 dicere
1639 680 1939 751 majestatis

373 762 679 832 cognitione
705 779 867 832 quam
897 775 1020 820 ante
1064 764 1181 835 ejus
1210 768 1634 824 incarnationem
1684 781 1776 825 aut
1809 767 1940 826 nulli

372 861 705 917 meruerunt,
730 865 822 907 aut
843 855 1019 923 pauci.
1056 855 1161 910 Sed
1193 873 1333 913 nunc
1364 860 1431 913 ab
1470 869 1591 912 ortu
1616 860 1743 914 solis
1774 876 1941 930 usque

370 941 438 992 ad
466 955 717 995 occasum
746 956 939 997 nomen
986 943 1080 999 Dei
1110 960 1362 1015 magnum
1389 946 1559 1018 (Psal.
1590 948 1720 1019 cxn)
1748 950 1942 1018 praedi-

369 1037 525 1083 catur
582 1030 636 1084 in
688 1031 953 1100 gentibus,
1005 1042 1237 1103 suntque
1286 1050 1473 1091 omnes
1540 1037 1796 1093 docibiles
1842 1039 1938 1093 Dei

370 1117 552 1189 (Joan.
599 1122 702 1191 vr),
756 1137 892 1191 quos
963 1122 1079 1192 ejus
1140 1126 1325 1179 unctio
1372 1126 1529 1181 docet
1570 1116 1657 1181 de
1692 1128 1941 1184 omnibus

370 1207 419 1277 (1
455 1207 616 1263 Joan.
642 1213 725 1279 tt).
750 1210 882 1264 Nam
906 1214 1006 1267 etsi
1037 1214 1089 1267 in
1123 1213 1288 1269 Israel
1311 1229 1560 1284 magnum
1584 1231 1774 1270 nomen
1801 1217 1937 1287 ejus,

370 1314 475 1353 non
506 1309 710 1355 tantum
732 1301 843 1369 jam
874 1304 963 1357 uni
1013 1304 1226 1376 angulo,
1276 1307 1371 1361 sed
1399 1307 1492 1361 toti
1522 1308 1720 1363 mundo
1750 1310 1941 1363 notitia

369 1402 428 1443 se
456 1389 749 1445 divinitatis
771 1390 983 1446 infudit.
1636 1388 1657 1411 ‘

442 1478 743 1548 Sequitur:
783 1500 800 1533 ι
833 1483 897 1536 Ει
922 1498 983 1537 ea
1031 1498 1151 1554 quae
1201 1486 1298 1540 sub
1325 1486 1441 1555 ipso
1468 1493 1625 1540 erant
1664 1485 1942 1555 replebant

371 1568 650 1638 templum.
686 1590 705 1623 ›
737 1570 1016 1642 Templum
1045 1574 1226 1643 accipe
1250 1575 1523 1629 civitatem
1552 1574 1647 1629 Dei
1686 1576 1940 1642 viventis,

368 1671 621 1726 sponsam
648 1661 783 1732 ejus,
821 1677 941 1732 qum
976 1678 1081 1718 non
1128 1665 1290 1719 habet
1329 1665 1619 1732 maculam,
1647 1681 1820 1736 neque
1851 1683 1941 1720 ru-

371 1763 491 1818 gam
527 1747 745 1819 (ΕρΙιεε.
776 1752 862 1821 ,v).
908 1750 1021 1807 Sub
1060 1755 1174 1823 ipso
1204 1764 1329 1810 sunt
1373 1756 1700 1823 incarnatio,
1736 1757 1935 1827 passio,

2040 605 2197 651 cutus
2224 607 2305 652 est
2335 598 2602 669 largitate,
2632 599 2770 655 dans
2807 599 2886 655 eis
2912 601 2967 654 in
3012 613 3259 665 munere,
3291 613 3359 653 ne
3384 605 3591 667 possent

2040 685 2271 754 amplius
2311 687 2489 756 aliqua
2542 687 2899 744 lahefactione
2944 689 3240 758 corrumpi.
3293 681 3585 744 Confirmxti

2039 777 2224 846 igitur,
2256 786 2311 832 et
2339 778 2405 831 de
2445 779 2528 832 sui
2556 787 2732 833 status
2761 779 3056 834 stabilitate
3094 779 3295 843 securi,
3325 771 3585 832 lucidia‘is

2039 866 2223 934 gratia:
2249 866 2462 921 subiere
2492 865 2787 937 fastigium.
2817 866 3072 921 Serviunt
3096 881 3225 937 ergo
3256 866 3351 932 illi,
3376 865 3585 921 cuisel-

2039 957 2152 1009 vire
2184 971 2407 1025 regnare
2433 966 2534 1022 est,
2566 967 2621 1011 et
2655 958 2799 1012 felici
2839 958 3153 1024 securitate,
3184 967 3238 1012 et
3273 947 3579 1012 securrfeli-

2039 1046 2223 1101 citate.
2254 1045 2349 1102 His
2370 1049 2577 1103 duabus
2603 1049 2701 1104 alis
2725 1049 2906 1103 volant
2931 1050 3107 1119 angeli
3130 1049 3397 1103 volatione
3421 1039 3577 1127 vtique

2041 1139 2334 1205 indefessa,
2364 1150 2416 1196 et
2437 1143 2609 1196 creati
2636 1142 2868 1212 digniter
2890 1153 2944 1198 et
2971 1144 3182 1199 fortiter
3208 1132 3496 1198 confirmi-

2112 1232 2294 1287 Tertia
2321 1233 2404 1287 ala
2452 1244 2535 1289 est
2581 1236 2868 1305 singularis
2909 1253 3062 1291 amor
3092 1236 3175 1292 sui
3219 1224 3484 1292 Creail‘isi
3518 1233 3575 1281 οι

2041 1322 2157 1376 haec
2178 1322 2394 1391 quidem
2420 1322 2730 1378 felicissima
2763 1326 3154 1396 subtilibusque
3179 1314 3385 1395 penmis
3405 1316 3574 1371 inter-

2044 1420 2210 1466 texta.
2239 1410 2435 1467 Amant
2463 1414 2629 1479 enim,
2662 1423 2715 1468 et
2745 1417 2957 1481 ardent,
2987 1425 3042 1471 et
3070 1413 3339 1470 desideral
3365 1405 3418 1458 ίη
3445 1419 3571 1461 eum

2040 1501 2372 1570 prospicere,
2392 1502 2543 1572 cujus
2562 1518 2747 1557 amore
2764 1501 3340 1559 feliciterincendunlr-
3358 1491 3572 1558 Quanto

2041 1591 2184 1644 enim
2216 1591 2517 1660 propiores,
2551 1600 2702 1646 tanto
2730 1592 3113 1658 ferventiores;
3139 1601 3194 1647 et
3219 1592 3432 1646 ἰιιιιωθη
3456 1596 3571 1637 ἰηι-

2035 1679 2250 1748 jestatis
2274 1681 2517 1751 absorpti
2546 1682 2809 1739 indicibili
2838 1684 2999 1747 modo
3024 1694 3078 1739 et
3103 1688 3271 1739 semrl'
3303 1673 3497 1729 ardent
3515 1683 3570 1731 εἰ

2043 1785 2258 1839 semper
2287 1772 2578 1826 satiantur.

369 1854 539 1905 mors,
561 1848 615 1893 et
642 1840 817 1895 omnis
843 1841 932 1896 illa
961 1843 1193 1898 horariae
1224 1845 1643 1914 dispensationis
1668 1847 1937 1909 molestia,
1969 1856 2013 1914 Β
2112 1858 2316 1925 Quarta
2355 1870 2436 1915 εει
2481 1862 2698 1917 assidua
2728 1862 2867 1918 νίείο
2894 1863 3185 1918 divinitatis
3213 1851 3318 1908 Sed
3356 1862 3411 1909 et
3449 1856 3565 1911 haec

292 1944 295 1947 λ
368 1928 493 1998 quia
531 1944 819 2001 resurgens
862 1946 930 1987 ex
969 1935 1195 1989 mortuis
1229 1935 1340 2003 jam
1365 1949 1469 1989 non
1500 1936 1729 1990 moritur
1757 1935 1937 2008 (Rom.

369 2020 470 2090 Vt).
502 2019 629 2077 Haec
657 2022 795 2077 sunt'
817 2037 937 2092 quze
971 2025 1181 2093 replent
1221 2025 1541 2093 Ecclesiam,
1570 2042 1800 2097 quorum
1856 2043 1942 2082 re-

372 2110 613 2165 cordatio
634 2112 790 2166 nobis
813 2128 1021 2169 annuas
1048 2114 1188 2182 parit
1212 2114 1599 2170 solemnitates.
1628 2117 1943 2186 Replehitur

370 2198 425 2251 in
455 2199 612 2254 bonis
637 2200 828 2256 domus
859 2210 961 2256 ture
991 2201 1163 2271 (Psal.
1198 2207 1367 2274 utv),
1414 2217 1661 2261 sanctum
1690 2218 1773 2262 est
1801 2217 1940 2262 tem-

370 2294 519 2365 plum
569 2305 751 2361 tuum,
796 2299 938 2367 quod
997 2308 1122 2356 tunc
1180 2301 1425 2371 profecto
1484 2302 1730 2358 mirabile
1758 2314 1841 2358 est
1886 2303 1943 2358 in

371 2388 644 2456 aequitate,
669 2405 789 2444 cum
811 2390 1053 2446 Ecclesia
1078 2406 1337 2461 personas
1359 2409 1462 2449 non
1488 2395 1706 2464 accipit,
1739 2396 1945 2467 respuit

373 2491 621 2540 munera,
649 2479 930 2534 veritatem
960 2480 1131 2551 eligit,
1159 2479 1333 2552 diligit
1362 2483 1654 2547 rationem.

445 2564 731 2636 Sequitur:
760 2590 778 2621 ι
801 2568 1082 2641 Serapbim
1109 2576 1324 2629 stabant
1348 2591 1510 2645 super
1543 2577 1693 2642 illud,
1722 2592 1818 2634 sex
1845 2577 1945 2633 alae

372 2654 465 2707 uni
494 2664 549 2708 et
578 2671 671 2710 sex
700 2656 795 2712 ala:
820 2660 996 2714 alteri.
1029 2680 1049 2714 ι
1096 2662 1211 2718 Duo
1241 2663 1544 2734 Seraphim,
1602 2666 1847 2736 angelum
1890 2677 1945 2723 et

377 2742 647 2799 hominem
689 2750 874 2817 accipe
917 2768 929 2803 :
981 2752 1074 2821 qui
1106 2753 1497 2819 incendentes,
1551 2756 1635 2812 vel
1692 2759 1945 2814 ardentes

336 2884 339 2887 λ
376 2832 648 2902 dicuntur,
681 2852 805 2892 eum
854 2840 940 2896 ille
975 2844 1165 2898 ardeat
1190 2846 1495 2913 praesentia,
1539 2847 1628 2903 hic
1660 2849 1942 2904 memoria.

445 2921 686 2979 Primum
730 2928 797 2981 de
851 2928 952 2987 alis
1011 2932 1326 3003 angelorum
1358 2935 1656 3002 videamus,
1704 2947 1758 2993 et
1798 2939 1943 3009 quali

373 3011 536 3083 277
560 3015 875 3077 volitatione
904 3019 1184 3088 ferantur;
1213 3032 1268 3078 et
1293 3025 1420 3093 quia
1448 3035 1579 3082 nota
1607 3037 1691 3083 est
1727 3039 1945 3084 senten-

376 3102 449 3159 tia
470 3101 583 3169 illa,
607 3107 876 3174 quomodo
911 3118 1072 3178 caput
1120 3120 1176 3166 et
1217 3115 1383 3182 pedes
1409 3115 1608 3183 velent,
1636 3130 1692 3173 et
1739 3127 1947 3174 tantum

2041 1950 2234 2019 pennis
2259 1948 2624 2006 floridioribus
2646 1952 2960 2007 intertexta.
2985 1953 3161 2019 Quam
3184 1944 3458 2013 (Ῑίὲηίῑθῑίε
3480 1954 3571 2001 εει

2042 2037 2260 2092 assidue
2280 2038 2464 2093 videre
2493 2040 2696 2094 Deum?
2725 2041 2793 2095 Et
2820 2041 2893 2096 illi
2920 2031 3362 2112 quidenﬁpiriws.
3394 2034 3559 2089 ειῖειιιι

2041 2142 2165 2181 cum
2192 2127 2505 2190 mittuntur,
2533 2145 2637 2183 non
2668 2129 2991 2185 fraudantur
3017 2132 3134 2201 gloa
3162 2120 3409 2187 νίείοιιίεν
3432 2124 3559 2191 quia

2041 2215 2241 2284 ubique
2276 2217 2516 2270 occurrit
2538 2217 2835 2272 divinitatis
2879 2220 3091 2274 essenli'
3122 2222 3241 2275 (Ιυίιξ
3278 2210 3423 2264 imus
3451 2222 3560 2276 εει.

2041 2305 2223 2359 omnia
2274 2306 2637 2371 continendo,
2690 2308 3037 2377 gubernando
3067 2296 3291 2350 κιθνίυε-
3346 2297 3422 2353 De
3475 2300 3562 2355 bis

2044 2394 2254 2449 duabus
2283 2395 2545 2464 scriptum
2568 2403 2651 2451 est
2676 2414 2689 2450 :
2722 2415 2741 2447 ε
2772 2397 2898 2451 Duze
2926 2401 3056 2468 pem:
3082 2385 3415 2456 Singulorum
3435 2388 3561 2457 jun-

2042 2482 2308 2553 gebantur
2336 2482 2552 2554 (Ezech.
2588 2485 2658 2556 l);
2694 2506 2713 2539 ›
2760 2502 2881 2541 cum
2926 2473 3155 2543 sintlal'is
3185 2492 3338 2532 amor
3373 2496 3438 2534 ex
3470 2496 3561 2535 asc

2043 2571 2196 2626 sidua
2229 2572 2437 2628 visione
2481 2585 2760 2641 nascatur,
2794 2588 2850 2632 et
2890 2578 3104 2632 assnam
3142 2567 3401 2623 νίδίοηεω
3444 2570 3559 2625 δίη·-

2043 2656 2244 2731 gularis
2276 2678 2431 2718 amor
2463 2664 2677 2720 elIiciat.

2114 2747 2315 2814 Quinta
2339 2760 2421 2806 est
2448 2753 2701 2822 gaudium
2733 2740 3322 2810 nostraeedempﬁonis-
3353 2752 3408 2799 θί
3437 2744 3554 2816 ipsa

2044 2840 2323 2910 multiplici
2352 2843 2622 2912 picturata
2655 2830 3055 2902 varietateQ"is
3084 2833 3367 2889 verborum
3399 2836 3555 2907 οοβίέ

2044 2934 2467 3002 comprehendat
2500 2946 2760 3005 quantum
2792 2934 2979 3007 gau‘ml
3012 2922 3152 2979 Deus
3197 2925 3359 2981 homo
3385 2928 3556 2981 Virlu-

2046 3020 2193 3075 tibus
2247 3021 2504 3091 angelicis
2569 3022 2869 3094 ingenerav'
2910 3023 3032 3063 cum
3070 3020 3125 3065 ει
3162 3026 3349 3069 eorum
3388 3015 3554 3070 colle-

2047 3124 2191 3180 gam,
2222 3110 2314 3179 qui
2345 3110 2414 3166 ab
2440 3112 2520 3167 eis
2553 3113 2778 3179 exierat,
2808 3095 2907 3183 98
2931 3099 3025 3155 sed
3060 3115 3165 3156 n0"
3211 3112 3329 3157 erat
3356 3118 3423 3158 ει
3451 3103 3553 3169 εἰει

375 3194 549 3253 media
573 3196 893 3271 vvideantur,
938 3199 989 3254 id
1019 3209 1122 3267 est,
1149 3201 1293 3271 quod
1314 3202 1554 3260 fuitante
1580 3208 1860 3275 mundum,
1894 3220 1950 3279 et
1974 3200 2020 3262 C

1905 3220 1950 3279 at
1974 3200 2020 3262 C
2050 3202 2245 3257 vexillo
2270 3204 2450 3263 crucis
2487 3204 2747 3271 irruente,
2776 3188 2996 3260 εῖνθεῑῑ.
3034 3201 3091 3247 ει
3125 3191 3397 3250 hominem
3433 3212 3555 3267 per-

375 3289 519 3354 quod
560 3297 684 3356 post
727 3303 849 3344 eum
882 3291 1009 3356 erit,
1062 3294 1169 3359 his,
1200 3310 1319 3363 qua:
1350 3296 1404 3350 in
1452 3299 1740 3367 prtesentia
1785 3309 1944 3367 sunt,

375 3374 769 3447 aliquantulum
809 3384 1219 3451 apparentibus,
1248 3386 1581 3443 Ezechielem
1614 3391 1946 3446 adducamus

376 3466 432 3527 in
460 3469 694 3524 medium
735 3472 827 3542 qui
854 3474 1167 3529 animalium
1200 3477 1313 3532 alas
1338 3479 1441 3533 hoc
1462 3481 1623 3533 modo
1642 3480 1946 3552 distinguit,

376 3557 562 3613 dicens
586 3577 599 3613 :
637 3579 655 3612 ι
686 3560 905 3617 Duabus
927 3564 1027 3618 alis
1041 3566 1309 3631 volabant,
1337 3578 1394 3622 et
1413 3567 1532 3622 dua:
1554 3584 1745 3638 penum
1772 3571 1948 3642 singu-

374 3643 549 3704 lorum
567 3647 951 3719 jungebantur,
983 3663 1038 3707 et
1063 3653 1181 3709 duae
1212 3655 1466 3724 tegebant
1499 3672 1685 3712 eorum
1718 3674 1946 3729 corpora
2002 3686 2005 3687 ν

377 3733 595 3806 (ΕιρεΙι.
644 3740 707 3809 ι).
761 3760 780 3793 ι
813 3740 995 3797 Prima
1042 3758 1228 3801 eorum
1262 3746 1365 3805 Vala
1403 3757 1506 3812 est,
1556 3748 1791 3819 dignitas
1839 3764 1951 3806 suae

326 3872 329 3875 .
374 3828 763 3897 productionis.
810 3831 1004 3887 Transi
1050 3849 1345 3905 parumper
1396 3837 1451 3892 in
1501 3852 1759 3892 arcanum
1792 3840 1952 3911 hujus

375 3918 738 3990 intelligentiae
761 3930 816 3977 et
838 3922 1156 3994 dignitatem
1185 3926 1342 3995 hujus
1358 3928 1643 4002 considera
1663 3939 1948 3986 creaturae.

375 4009 494 4079 Ipsa
549 4021 634 4067 est
691 4014 1013 4085 principium
1070 4017 1281 4073 viarum
1345 4020 1477 4085 Dei,
1539 4021 1617 4076 ait
1666 4020 1949 4092 Scriptura

378 4100 501 4169 (Job
528 4101 635 4172 ιι).
671 4102 942 4171 Quantum
991 4108 1330 4179 privilegium
1361 4111 1503 4180 quod
1552 4111 1641 4166 illa
1696 4114 1952 4184 cogitatio

374 4189 637 4245 Altissimi
660 4192 713 4246 in
738 4193 841 4249 hoc
860 4194 1093 4264 primum
1114 4213 1251 4267 opus
1284 4200 1546 4270 prorupit.
1567 4201 1804 4258 Decebat
1828 4220 1953 4274 pro-

378 4277 541 4347 fecto,
571 4290 631 4335 ut
659 4284 915 4351 singulari
938 4287 1109 4355 gloria
1133 4290 1495 4359 praefulgeret,
1523 4295 1667 4364 quod
1688 4295 1755 4349 de
1775 4297 1953 4351 mani-

377 4371 478 4427 bus
511 4371 847 4431 Dominantis
886 4378 1157 4445 primitiva
1205 4382 1481 4438 creatione
1505 4386 1789 4455 processit.
1822 4407 1840 4440 ι
1872 4387 1951 4442 Tu

378 4464 711 4532 signaculum
732 4467 1103 4525 similitudinis
1130 4511 1146 4536 ,
1185 4472 1375 4542 plenus
1405 4477 1693 4546 sapientia,
1733 4489 1788 4534 et
1824 4494 1947 4549 per-

376 4553 550 4610 fectus
592 4554 808 4622 decore,
860 4557 914 4615 in
964 4536 1436 4632 deliciis-paradisi
1467 4536 1574 4620 Dei
1604 4536 1775 4633 fuisti,
1817 4536 1951 4624 dicit
1977 4536 2027 4597 θ

378 4646 638 4712 propheta
686 4645 910 4715 (Each.
968 4650 1184 4717 xxvnt).
1217 4670 1237 4704 ι
1278 4650 1394 4707 Non
1427 4654 1602 4710 solum
1630 4656 1947 4725 similitudo,

320 4762 349 4776 μ
377 4735 472 4789 sed
512 4746 567 4790 et
604 4737 941 4807 signaculum
987 4741 1376 4811 similitudinis,
1429 4756 1486 4800 ut
1518 4756 1680 4801 tanto
1698 4748 1948 4807 subtilius

381 4825 555 4896 imago
588 4826 682 4882 Dei
710 4829 1015 4887 insinuetur
1058 4848 1314 4903 expressa
1363 4847 1569 4905 quanto
1612 4838 1948 4896 dill‘erentius

379 4919 712 4987 signaculum
747 4922 1154 4980 similitudinem
1184 4929 1460 4997 praecedit.
1493 4929 1594 4986 Ubi
1621 4940 1802 4985 autem
1830 4932 1946 5002 ple-

381 5009 568 5066 nitudo
594 5013 894 5081 sapientia,
932 5017 1146 5073 decoris
1175 5019 1456 5086 perfectio,
1483 5022 1721 5088 paradisi
1744 5022 1952 5079 deliciae

382 5102 746 5170 nominantur,
794 5117 904 5163 tota
945 5109 1103 5165 simul
1136 5110 1383 5181 jungitur
1411 5113 1703 5169 beatitudo.
1757 5115 1953 5173 Subdit

384 5205 560 5249 autem
611 5193 889 5268 Scriptura
938 5202 1080 5270 quod
1109 5203 1488 5271 superexcellit
1531 5215 1587 5259 et
1616 5207 1758 5275 quod
1788 5209 1953 5265 totius

382 5282 702 5355 eloquentia:
728 5302 945 5359 superat
975 5291 1307 5349 facultatem.
1352 5295 1520 5363 Quem
1573 5300 1950 5367 pretiosiorem

383 5375 511 5431 fecit
538 5377 696 5433 Deus.
727 5379 825 5436 Hic
854 5381 1055 5438 dictum
1082 5392 1165 5440 est
1189 5385 1447 5455 quidquid
1477 5387 1581 5443 dici
1620 5391 1811 5458 potuit.

337 5456 340 5460 Α
388 5510 404 5524 .
456 5464 703 5524 Secunda
741 5470 823 5526 ala
867 5474 1037 5542 gratia
1080 5483 1164 5531 est
1205 5475 1646 5533 confirmationis.
1692 5480 1817 5536 llaec
1865 5481 1947 5537 ala

385 5553 608 5613 feliciori
642 5559 817 5616 volatu
844 5561 1209 5623 lassitudinem
1232 5567 1425 5633 nescit,
1457 5582 1552 5635 per
1589 5571 1768 5624 omnia
1799 5571 1950 5626 simi-

387 5645 452 5699 lis
474 5650 818 5719 praacedeuti,
847 5668 948 5709 nec
973 5654 1217 5711 inferior.
1241 5655 1569 5714 Cadentibus
1596 5661 1791 5731 quippe
1816 5677 1950 5732 prte-

296 5732 319 5759 "'
386 5741 739 5811 surruptuosis,
776 5753 830 5798 et
857 5743 978 5807 istis
1007 5745 1059 5802 in
1095 5746 1400 5807 humilitate
1433 5748 1752 5809 durantibus
1790 5752 1949 5811 incir-

2050 3282 2219 3346 ditum
2245 3293 2312 3347 ad
2336 3309 2498 3364 regna
2529 3280 3029 3350 revocavia’lcs‘ia?
3052 3282 3162 3338 Nec
3190 3285 3404 3352 mirum:
3430 3287 3557 3356 ιιιιίι

2049 3382 2306 3437 videbant
2326 3384 2609 3438 materiam
2647 3380 2941 3455 repo‘alam:
2972 3371 3037 3424 de
3066 3387 3172 3440 qua
3202 3389 3434 3443 ευΡθΓηει
3464 3375 3556 3433 ml

2049 3472 2244 3527 civitas
2285 3473 2681 3541 remdificatur,
2725 3474 2807 3527 (“3
2844 3460 3191 3533 Ρπῑῖθῖρίιιίο
3236 3463 3352 3533 eius
3382 3466 3436 3520 ίη
3476 3466 3557 3523 id-

2052 3563 2225 3633 ipsum
2264 3563 2436 3635 (Psal.
2473 3566 2645 3637 cm).

2123 3654 2290 3711 seua
2317 3667 2399 3712 εει
2423 3656 2901 3713 τοειίιυιίοιρθτηω
2929 3646 3184 3703 civitatis.
3220 3647 3325 3705 Sed
3353 3658 3409 3706 et
3435 3651 3554 3707 haec

2050 3750 2277 3819 picturis
2302 3736 2910 3821 pulchrior-iwolorata.
2934 3738 3072 3805 Quid
3087 3741 3230 3795 enim
3253 3741 3377 3811 erit,
3402 3758 3551 3810 cum,

2053 3841 2144 3895 illo
2172 3841 2397 3896 ten-ibin
2422 3842 2626 3912 judicio
2649 3836 2824 3893 racto,
2860 3829 3121 3887 Dominus
3159 3833 3418 3889 virtutum
3449 3834 3548 3889 ho-

2053 3930 2228 3986 mines
2260 3932 2467 4002 angelis
2497 3925 2677 3987 εοοίρῑ,
2716 3920 3020 3975 resarciens
3049 3921 3326 3989 damnum,
3367 3925 3552 3980 redin-

2055 4032 2274 4093 ιεει-θηε
2314 4017 2665 4079 numerumet
2706 4025 3145 4083 unumquemque
3190 4015 3435 4071 ordinem
3483 4032 3553 4073 ex

2054 4116 2262 4172 meritis
2287 4102 2616 4173 hominiburd
2644 4117 2911 4158 summam
2938 4106 3159 4161 revehet
3186 4107 3553 4164 numeralem!

2051 4205 2204 4261 Τυηο
2234 4206 2377 4262 sicut
2421 4205 2639 4262 Imaum
2677 4193 2919 4247 omnium
2952 4196 3215 4252 habitatio
3242 4197 3348 4252 erit
3383 4198 3437 4252 in
3475 4199 3553 4253 ci-

2053 4296 2220 4351 νίιειθ
2246 4297 2340 4352 Dei
2372 4281 2724 4368 (pmjuxvn),
2743 4284 2868 4353 quia
2898 4287 3164 4343 varietate
3193 4288 3430 4358 partium
3460 4305 3554 4345 or-

2053 4388 2256 4451 dinata,
2306 4387 2383 4443 nil
2406 4373 2706 4443 eritml’lius
2730 4376 2872 4445 (1ηοά
2903 4387 3184 4447 τορυεηθι,
3223 4378 3306 4434 νει
3347 4380 3490 4449 quod
3517 4396 3550 4435 ³

2055 4480 2276 4534 statutis
2304 4480 2438 4536 locis
2473 4474 2575 4535 teat,
2596 4465 2815 4521 elocari.
2858 4468 2933 4523 De
2962 4469 3048 4525 his
3074 4470 3282 4527 duabus
3307 4472 3546 4527 dicitur:

2057 4589 2076 4621 ι
2109 4570 2238 4626 θυαε
2279 4572 2469 4642 ιθεεικ,
2505 4571 2734 4626 corpora
2787 4573 3008 4626 eorum;
3050 4579 3069 4613 ι
3122 4563 3247 4632 quia
3293 4563 3546 4631 gaudium

2048 4662 2248 4715 nostra;
2275 4644 2582 4717 ι-θσεηιοιιίε
2631 4655 2687 4702 et
2722 4648 2995 4703 restitutio
3029 4664 3278 4719 superine
3310 4649 3548 4705 civitatis

2050 4751 2333 4807 [malm-um
2384 4746 2592 4823 sptuum
2644 4754 2875 4809 corpora
2928 4749 3218 4811 contegunt
3265 4749 3321 4796 et
3369 4755 3547 4795 resar-

2051 4843 2223 4909 εῖιηη,
2271 4859 2340 4899 ne
2375 4853 2411 4899 υ
2449 4829 2671 4883 ruinosa
2713 4830 3001 4886 diminutio
3044 4832 3097 4885 in
3143 4830 3232 4884 illa
3277 4830 3543 4900 superiori

2050 4932 2221 5003 gloria
2269 4929 2567 5003 caveatur.
2614 4919 2683 4974 Et
2723 4921 3106 4975 attendendum
3145 4928 3348 4990 quanta
3388 4920 3543 4976 beni-

2055 5024 2234 5092 gnitas
2259 5014 2375 5096 ετθγ
2390 5023 2559 5078 genus
2583 5010 2877 5064 humanum
2915 5012 2969 5064 in
2996 5010 3114 5065 istis
3140 5010 3547 5067 administrato-

2055 5114 2153 5169 riis
2192 5106 2391 5183 ερίι-ῃίε
2431 5099 2757 5164 accumulet,
2796 5099 2921 5168 quia
2955 5108 3194 5170 pugnant
3232 5115 3331 5170 pro
3366 5100 3541 5166 nobis,

2055 5216 2116 5261 ιη
2160 5207 2288 5262 illud
2314 5189 2562 5281 {Factum
2600 5198 2686 5245 est
2730 5188 2971 5258 praelium
3010 5204 3266 5261 magnum
3310 5190 3367 5246 in
3406 5189 3545 5245 calo

2058 5296 2243 5366 (Αροε,
2275 5286 2316 5366 ,ί
2354 5301 2371 5333 ι
2412 5281 2646 5337 Vincunt
2674 5297 2773 5353 pro
2803 5283 2981 5349 nobis,
3011 5283 3153 5339 sicut
3180 5284 3380 5341 ibidem
3410 5284 3543 5339 sub-

2058 5296 2243 5366 (Αροε,
2354 5301 2371 5333 ι
2412 5286 2646 5337 Vincunt
2674 5297 2773 5353 pro
2803 5286 2981 5349 nobis,
3011 5286 3153 5339 sicut
3180 5286 3380 5341 ibidem
3410 5286 3541 5339 sub-

2050 5286 2316 5458 iungit“;
2343 5370 2494 5428 Nunc
2537 5372 2676 5427 facta
2710 5382 2795 5428 est
2822 5374 3046 5430 victoria
3084 5372 3294 5446 (Ibid.).
3328 5392 3348 5425 ι
3396 5373 3541 5428 Gau-

2055 5454 2183 5534 έιθη]
2208 5454 2420 5553 miohis,
2446 5464 2571 5533 quia
2596 5472 2681 5519 est
2711 5483 2729 5516 ε
2752 5465 3005 5533 gaudium
3032 5466 3237 5538 angelis
3264 5465 3358 5521 Dei
3383 5480 3546 5536 super

2054 5584 2162 5623 υηο
2182 5556 2385 5639 pqitore
2406 5555 2782 5625 pmnitentiam
2803 5566 2996 5625 agente
3022 5554 3173 5629 (Luc.
3197 5556 3320 5627 xv);
3346 5574 3365 5604 ι
3390 5554 3548 5610 Flent

2052 5676 2153 5730 pro
2180 5648 2273 5730 ηρ,
2304 5648 2450 5703 sicut
2481 5648 2742 5719 scriptum
2772 5658 2886 5705 est:
2921 5669 2940 5702 ί
2968 5649 3154 5721 Angeli
3191 5649 3341 5720 pacis
3362 5663 3549 5704 amaro

2055 5739 2339 5817 “eluunt.
2370 5741 2589 5812 sunt).
2617 5760 2640 5797 ι
2678 5740 2773 5803 Hae
2800 5751 2926 5817 sunt
2974 5740 3161 5797 felices
3188 5754 3399 5812 penna,
3423 5739 3548 5813 qui-

2130 5982 2169 6173 //

2118 6174 2129 6217 ί

2084 6222 2119 6439 ί
