4178 6458
320 377 422 463 eo.

1669 390 1903 448 SERSIO
1937 389 2063 444 LIII.

3463 392 3569 449 802

321 451 545 556 Euntina
605 497 659 551 in
711 493 884 558 invio,
933 502 994 547 ut
1041 491 1226 546 darem
1268 494 1452 560 potum
1498 485 1696 557 populo
1744 492 1888 544 meo,
1923 489 1972 545 Α
1999 481 2200 546 iistam,
2231 479 2368 534 sicut
2399 474 2741 549 promiserat,
2769 451 3025 548 loquitur,
3056 478 3148 533 sed
3176 479 3229 534 lu
3265 477 3418 534 Pauli
3447 498 3580 552 apo-

320 593 496 648 eleeto
518 597 641 644 meo
669 585 804 659 (Ita.
829 584 1007 653 mu).
1038 603 1058 637 ι
1093 582 1232 650 Quid
1259 579 1409 636 enim
1445 579 1615 634 bestia
1653 571 1897 645 designat

321 680 467 752 agri,
513 678 618 733 nisi
667 671 1021 748 gentilitatem
1069 665 1262 743 utique
1301 663 1538 724 ratiunis
1579 664 1897 736 expertem?

321 769 462 838 Quid
505 782 602 837 per
640 756 926 830 “dracones,
975 759 1079 819 nisi
1126 755 1412 817 malitiosi?
1453 753 1592 826 Quid
1632 769 1762 812 vero
1802 761 1898 824 p'er

321 857 682 919 struthiones,
708 854 798 924 qui
843 853 1064 923 pennati
1095 844 1241 916 sunt,
1272 850 1368 907 sed
1387 849 1572 904 volare
1599 855 1894 915 nequeunt,

321 950 429 1004 nisi
468 943 765 1016 hypocrita:
808 938 1144 1012 figurantur?
1188 937 1281 996 Hae
1320 953 1450 1011 ergo
1493 938 1684 994 bestiae
1726 936 1897 991 Deum

322 1036 650 1112 gloriﬁcant.
682 1036 812 1090 dum
847 1032 1096 1089 Christus
1123 1031 1306 1102 gentili
1348 1029 1564 1100 pupula,
1595 1027 1688 1098 qui
1717 1028 1894 1083 deser.

321 1141 413 1185 tus
435 1138 554 1184 erat
575 1137 629 1182 et
653 1126 850 1193 invius,
877 1123 1226 1181 exuberantis
1275 1118 1549 1190 Evangelii
1585 1117 1748 1174 verba
1776 1131 1901 1186 pro-

324 1219 494 1290 piuat.

397 1310 647 1383 Scyphus
679 1309 862 1378 itaque
886 1305 1209 1377 evangelicae
1235 1301 1652 1375 praedica‘tiOnis,
1682 1296 1735 1355 in
1765 1299 1900 1353 Beu-

319 1399 491 1474 jamin
520 1400 678 1455 datus
718 1408 801 1453 est
829 1396 1020 1461 Paulo,
1049 1392 1107 1450 u‘t
1140 1395 1255 1465 ipse
1288 1391 1558 1450 desertum
1586 1389 1901 1462 gentilitatis

325 1492 634 1572 specialiter
660 1496 895 1562 excolat,
925 1503 979 1548 et
1015 1492 1319 1572 ariditatem
1347 1490 1465 1560 ejus
1503 1490 1655 1560 largo
1700 1494 1900 1543 sancta:

325 1571 726 1659 praedicationis
757 1574 928 1641 imbre
952 1571 1243 1655 perfundat
1271 1599 1284 1635 :
1324 1582 1392 1638 de
1417 1595 1526 1650 quo
1554 1577 1764 1635 scilicet
1790 1577 1902 1632 ‘im-

326 1680 424 1733 bre
455 1669 717 1746 scriptum
763 1685 884 1731 est:
930 1692 948 1724 ι
977 1673 1081 1740 Qui
1119 1665 1295 1741 aperit
1330 1670 1526 1725 emtum
1569 1666 1816 1728 nubibus,
1846 1674 1902 1720 et

325 1776 482 1837 parat
523 1777 681 1820 terra:
720 1756 955 1836 pluviam
1003 1760 1176 1833 (Paul.
1218 1751 1421 1828 excvt).
1452 1778 1472 1811 ι
1504 1757 1659 1814 Unde
1701 1764 1755 1810 et
1787 1756 1900 1825 ipse

1997 571 2121 627 stoli
2158 570 2519 639 disputatione
2546 577 2815 624 versatur.
2848 568 3046 624 Verum
3071 569 3249 640 plane,
3275 570 3375 626 nec
3393 570 3582 640 possu-

1997 669 2118 716 mus
2177 655 2411 715 difﬁteri.
2478 659 2584 714 Sed
2637 669 2759 714 cum
2833 660 3024 715 beatus
3092 659 3266 716 Lucas
3340 660 3578 728 ejusdem

1998 750 2225 819 apestoli
2271 750 2578 804 individuus
2629 763 2812 805 comes
2868 750 3138 805 exstiterit
3185 761 3351 821 atque
3403 755 3470 807 ab
3515 769 3581 809 eo

1996 839 2248 894 didicerit
2286 836 2448 895 omne
2485 839 2628 908 quod
2663 839 2898 908 scripsit,
2954 839 3047 895 ubi
3093 840 3409 914 dignitatem
3439 858 3579 912 pra:-

1996 930 2233 999 eeptoris
2265 929 2636 998 exprimimus,
2663 929 2863 985 alumni
2882 943 3096 1000 quoque
3121 915 3448 1001 praeconium
3471 948 3580 988 non

2003 1029 2269 1076 tia'ce'mus’.
2302 1015 2370 1075 Et
2405 1021 2642 1076 doctoris
2670 1021 2788 1075 laus
2831 1017 3090 1077 redundat
3136 1023 3578 1092 in-discipulum,

1996 1113 2124 1167 dum
2165 1111 2490 1182 evangeliea:
2527 1114 2778 1168 veritatis
2812 1114 3116 1180 historiam,
3140 1131 3302 1185 quam
3334 1116 3424 1172 ille
3451 1117 3585 1174 divi-

1996 1206 2144 1260 nitus
2200 1198 2410 1270 didicit,
2463 1206 2551 1260 hic
2598 1216 2665 1260 ex
2708 1206 2854 1276 'ejus-
2873 1220 2969 1262 ore
3013 1206 3320 1278 percipiens
3358 1208 3584 1264 fideliter

1997 1294 2241 1365 apicibus
2263 1295 2525 1350 exaravit.
2553 1295 2780 1362 Quanta:
2807 1309 2936 1365 ergo
2963 1297 3582 1368 dignitatis'quantreque

1997 1386 2070 1441 Sit
2099 1385 2434 1440 excellentia:
2463 1385 2524 1439 Β.
2570 1384 2766 1448 Lucas,
2793 1386 2846 1439 in
2873 1386 2976 1440 hoc
3005 1386 3208 1454 liquido
3230 1381 3586 1456 deprehendi-

1999 1484 2110 1540 tur,
2167 1477 2294 1546 quia
2338 1490 2460 1531 eum
2508 1475 2722 1531 Marcus
2769 1489 2798 1528 a
2850 1475 3010 1530 beato
3039 1477 3214 1531 Pe‘dro
3242 1479 3486 1544 edoctus,
3532 1481 3588 1533 et

2003 1563 2283 1619 Matthaaus
2331 1574 2494 1634 atque
2537 1564 2792 1629 Joannes,
2844 1565 2936 1634 q‘ui
2977 1566 3325 1634 Evangelium
3385 1569 3590 1622 deseri-

2002 1661 2246 1718 pserunt,
2272 1652 2647 1723 Redemptoris
2675 1655 2846 1708 nostri
2863 1662 3012 1725 gesta
3032 1655 3083 1708 in
3109 1655 3252 1710 terra
3280 1651 3588 1725 didicerint,

2005 1745 2106 1799 iste
2148 1743 2320 1808 solus,
2371 1752 2430 1798 ut
2471 1745 2544 1798 ita
2579 1745 2791 1814 loquar,
2833 1747 2936 1801 hoc
2973 1740 3323 1817 Evangelium
3351 1749 3592 1804 scribere

327 1821 544 1926 i’aulus,
598 1859 692 1931 qui
720 1821 799 1914 lse
845 1821 1145 1927 apostolum
1189 1856 1245 1908 et
1291 1851 1612 1922 magistrum
1660 1821 1898 1919 gentium
1933 1829 1975 1886 Β
2005 1821 2222 1931 litem“,
2271 1836 2412 1926 (111οά
2459 1849 2489 1890 θ
2508 1835 2667 1931 ξωίο
2695 1837 2994 1902 ἀθεοθηάίιι
3043 1837 3179 1891 'dll'm
3230 1838 3438 1893 ἔοὶιίεει
3485 1840 3587 1894 Ιιοο

324 1955 449 2008 esse
489 1959 717 2006 testatur
767 1945 854 2018 (11
895 1939 1030 1999 Tim.
1073 1943 1145 2015 ι),
1196 1943 1273 1996 ait
1308 1942 1374 1995 ad
1415 1939 1677 1993 Galatas:
1714 1954 1734 1990 ς
1766 1936 1902 1992 Cum

327 2042 586 2098 vidissent
611 2040 753 2110 quod
796 2038 1062 2093 creditum
1091 2044 1176 2091 est
1203 2025 1334 2089 mihi
1377 2029 1725 2103 Ev‘angclium
1765 2021 1904 2097 prie-

324 2135 481 2207 putii,
513 2120 653 2188 sicut
680 2140 734 2186 et
755 2130 922 2186 Petro
961 2125 1409 2183 circumci’si'onis.
1450 2123 1550 2191 Qui
1581 2121 1724 2176 enim
1770 2130 1902 2189 dpe-

326 2234 478 2281 ratus
502 2233 587 2280 est
613 2222 776 2278 Petro
805 2219 860 2275 i‘n
900 2218 1258 2289 apostolatum
1303 2212 1753 2274 eireumclsiduis,
1784 2223 1906 2280 ope-

326 2325 482 2371 ratus
508 2325 593 2370 est
630 2321 685 2368 et
709 2311 840 2368 mihi
869 2297 1389 2380 inter’gente'stht.
1410 2306 1498 2376 tt).
1529 2325 1548 2355 ι
1583 2296 1683 2359 Ubi
1709 2312 1906 2358 ‘notan-

330 2408 462 2463 dum
493 2411 698 2476 quanta
737 2395 883 2459 beati
915 2400 1068 2456 Pauli
1100 2399 1352 2470 dignitas,
1383 2391 1584 2476 quanta
1614 2395 1684 2450 sit
1706 2393 1901 2465 gloria.

326 2475 596 2553 Nimirum
631 2495 721 2566 qui
757 2487 972 2550 beatum
1003 2480 1247 2556 Petrum,
1278 2499 1334 2545 et
1377 2475 1604 2543 eiet'er'os
1632 2483 1905 2556 apostolos

329 2589 507 2644 adhuc
548 2576 818 2658 passibilis
853 2583 918 2641 ac
975 2577 1218 2639 mortalis
1258 2580 1640 2648 educuit,'ipse
1676 2577 1903 2632 Paulum

324 2673 436 2750 jam
462 2673 866 2750 glorificatus'et
902 2667 1063 2746 super
1086 2675 1305 2745 angelos
1329 2672 1598 2728 exaltatus
1625 2669 1900 2724 instruxit.

400 2760 655 2839 Magister
684 2761 1052 2837 apostoldrum
1096 2763 1308 2839 exstitit
1333 2760 1601 2825 Christus,
1647 2774 1768 2814 eum
1809 2759 1906 2813 ho-

332 2859 536 2914 minum
568 2857 874 2928 subiaceret
917 2853 1159 2923 injuriis;
1191 2833 1640 2907 Pauium'docerc
1681 2857 1786 2902 non
1819 2848 1908 2903 de-

331 2937 580 3019 dignatus
601 2955 705 3010 est,
728 2954 851 3001 eum
871 2933 982 3012 jam
1007 2933 1270 2996 virtutum
1291 2939 1590 2996 emle'stium
1609 2938 1906 2993 'vallarctur

331 3039 624 3109 obsequiis.
664 3030 947 3093 Cum'aliis
975 3034 1201 3104 degebat
1231 3031 1507 3101 apostolis,
1531 3025 1666 3084 dum
1708 3029 1906 3082 uestras

331 3129 678 3185 mortalitatis
715 3125 896 3181 adhuc
943 3123 1155 3178 infirma
1192 3120 1483 3192 perferret;
1530 3111 1753 3174 Paulum
1799 3119 1902 3174 sibi

333 3212 656 3277 familiarem
707 3211 853 3280 fecit,
898 3215 1277 3280 cum,ealcato
1317 3205 1380 3268 ac
1425 3215 1676 3282 potenter
1717 3219 1908 3265 everso

333 3311 526 3365 mortis
551 3305 798 3378 imperio,
826 3313 1064 3376 paterna:
1083 3294 1381 3374 majestatis
1407 3298 1545 3380 solio
1569 3299 1905 3371 praesideret.

337 3399 472 3454 Hine
517 3408 600 3454 est
638 3398 781 3468 quod
825 3395 942 3450 ait:
997 3415 1017 3445 ε
1045 3392 1240 3448 Notum
1286 3391 1441 3446 vobis
1481 3390 1643 3454 facio,
1686 3388 1906 3452 fratres,

334 3489 494 3559 281
527 3483 894 3556 Evangelium,
941 3480 1549 3553 quod'evan'gelizatum
1598 3487 1683 3532 est
1726 3492 1755 3531 a
1801 3491 1906 3540 me,

335 3579 463 3648 quia
491 3593 596 3631 non
625 3583 708 3631 est
740 3569 1038 3631 secundum
1078 3571 1372 3633 hominem,
1419 3582 1592 3640 neque
1636 3568 1780 3624 enim
1809 3582 1911 3638 ego

337 3670 406 3724 ab
436 3663 653 3723 homine
679 3665 858 3735 accepi
892 3661 1046 3728 illud,
1074 3677 1248 3733 neque
1275 3661 1462 3725 didici,
1503 3661 1597 3714 sed
1638 3673 1734 3730 per
1759 3661 1912 3712 revev

338 3757 593 3812 lationem
620 3753 748 3810 Jesu
775 3753 992 3809 Christi
1011 3751 1155 3824 (Gal.
1184 3750 1298 3822 1).)
1329 3750 1560 3819 Ideoque
1581 3745 1910 3804 licet'snneti

340 3848 568 3919 apostoli
620 3860 720 3917 per
760 3842 1068 3915 corporales
1109 3843 1333 3898 obtutus
1371 3845 1562 3897 cuncta
1609 3837 1913 3895 Salvatoris

339 3937 510 3992 nostri
536 3945 686 4009 gesta
708 3933 1105 4005 perSpexerint,
1130 3930 1363 3998 iu'nulla
1392 3939 1572 3985 tamen
1599 3928 1742 3983 beati
1761 3927 1912 3982 Pauli

339 4044 666 4102 praecessere
711 4027 980 4092 notitiam,
1006 4027 1132 4081 dum
1162 4024 1306 4080 idem
1335 4023 1482 4078 hunc
1517 4021 1589 4077 'de
1630 4019 1767 4075 cmlo
1795 4035 1914 4075 ma-

340 4120 508 4193 gister
533 4119 792 4176 instruxit
819 4118 910 4187 qui
937 4123 1065 4172 ante
1099 4130 1220 4170 cum
1255 4111 1360 4168 illis
1397 4113 1451 4168 iu
1485 4109 1629 4167 terra
1667 4123 1916 4180 corpora-

339 4216 466 4269 liter
491 4210 776 4268 habitavit.
805 4208 960 4265 Unde
985 4216 1069 4262 est
1108 4207 1252 4276 quod
1277 4205 1346 4260 ad
1372 4201 1682 4259 cerinthios
1707 4201 1806 4270 per
1836 4199 1916 4254 in-

344 4301 763 4373 terrogationem
792 4299 926 4354 dicit
951 4314 966 4353 :
1022 4314 1042 4348 ι
1073 4293 1211 4350 Num
1241 4309 1360 4349 sum
1391 4291 1699 4363 apostolus?
1725 4289 1917 4344 Nonne

341 4391 526 4450 Jesum
550 4389 838 4448 Dominum
881 4384 1129 4442 nostrum
1174 4383 1319 4440 vidi?
1345 4380 1697 4450 Nonne'Opus
1735 4392 1914 4433 meum

344 4498 443 4539 vos
485 4481 617 4538 estis
644 4480 700 4535 in
725 4476 989 4533 Domino?
1011 4475 1063 4548 (1
1095 4472 1218 4530 Cor.
1287 4471 1387 4544 rx.)
1417 4491 1436 4524 ›
1458 4469 1582 4526 Deo
1614 4470 1798 4539 itaque
1833 4481 1917 4520 re-

344 4575 576 4639 velante,
603 4572 670 4626 ad
710 4579 914 4625 tantam
937 4567 1186 4638 pervenit
1231 4561 1913 4634 seieutiaeplenitudinem,

345 4673 510 4733 atque
533 4665 605 4718 ita
631 4663 922 4732 perductus
947 4668 1033 4714 est
1055 4659 1108 4712 in
1137 4671 1350 4712 omnem
1377 4652 1702 4726 evangelica:
1723 4650 1920 4722 regulae

345 4751 632 4810 veritatem
657 4758 734 4816 ut,
768 4764 889 4805 eum
925 4762 1115 4804 omnes
1147 4747 1514 4818 superessent,
1545 4741 1914 4815 apost0|oruut

349 4837 660 4914 magisterio
705 4847 812 4896 non
862 4849 1064 4910 egeret.
1114 4836 1252 4892 l-linc
1288 4845 1370 4891 est
1403 4835 1546 4905 quod
1594 4835 1660 4888 ad
1701 4832 1922 4889 Galatas

346 4936 478 4990 dicit
509 4952 522 4988 :
562 4953 577 4978 ι
607 4931 743 4987 Cum
771 4941 950 4986 autem
982 4930 1183 4999 placuit
1211 4928 1259 4982 ei
1290 4928 1379 4996 qui
1409 4940 1494 4981 me
1523 4922 1826 4994 segregavit
1853 4915 1927 4976 ex

346 5026 722 5081 utero'matris
751 5039 906 5088 meae,
942 5032 998 5078 et
1022 5020 1232 5075 vocavit
1259 5035 1356 5089 per
1384 5016 1614 5089 gratiam
1657 5027 1834 5079 suam,
1863 5020 1924 5066 ut

348 5117 616 5171 revelaret
661 5115 856 5169 Filium
908 5127 1064 5168 suum
1118 5112 1171 5164 in
1227 5123 1345 5174 me,
1397 5117 1455 5162 ut
1493 5107 1922 5178 erangeltzarem

348 5205 499 5262 illum
544 5207 596 5260 in
637 5199 918 5275 gentibus.
961 5203 1218 5258 continuo
1259 5215 1365 5254 non
1402 5198 1647 5270 acquievi
1682 5196 1834 5252 carui
1871 5205 1925 5250 et

348 5299 619 5370 sanguini,
649 5311 821 5367 neque
849 5289 1424 5363 veni'Hierosolymam
1457 5289 1523 5344 ad
1551 5289 1923 5344 antecessores

312 5401 502 5456 .meos
544 5387 813 5458 apostolos
853 5384 1052 5458 (Galat.
1107 5383 1168 5454 ι).
1201 5405 1218 5437 ι
1270 5383 1494 5451 Quando
1539 5387 1716 5437 autem
1768 5382 1922 5446 ierit,

350 5479 543 5548 aperit,
598 5492 719 5533 cum
766 5475 1080 5548 subjungit:
1133 5495 1151 5528 ι
1192 5474 1552 5544 Deinde‘post
1600 5487 1770 5527 annos
1817 5480 1928 5525 tres

351 5570 474 5622 veni
519 5567 939 5639 Hierosolymam
981 5569 1160 5622 videre
1189 5565 1408 5620 Petrum
1437 5563 1622 5636 (Ibid.)
1653 5583 1672 5616 ι
1706 5561 1924 5628 Videre,

353 5673 461 5712 non
491 5651 720 5714 discere.

423 5747 532 5807 Sed
559 5750 702 5806 dicet
730 5749 959 5820 aliquis:
993 5749 1089 5805 Hic
1117 5763 1296 5805 sermo
1331 5762 1438 5803 non
1469 5745 1668 5802 Lucam
1695 5755 1930 5813 evange-

2005 1924 2241 1996 Spiritus
2266 1922 2485 1980 sanctus
2508 1920 2679 1981 Paulo
2710 1922 2927 1982 cmlitus
2958 1927 3236 1993 revelat/it;
3264 1937 3320 1983 et
3347 1937 3594 1997 postum-

2003 2016 2128 2070 dum
2197 2030 2296 2086 per
2327 2016 2576 2070 eumdem
2633 2015 2887 2082 IPauium,
2961 2017 3115 2086 quasi
3170 2027 3270 2087 per
3327 2031 3592 2089 organum

2001 2121 2183 2173 suum,
2227 2107 2287 2160 Β.
2339 2105 2496 2162 Luete
2537 2105 2792 2162 Christus
2839 2108 3089 2162 innutuit.
3145 2107 3285 2164 Hinc
3327 2115 3413 2164 est
3445 2109 3592 2180 quod

2004 2195 2118 2266 ipse
2142 2195 2341 2250 Paulus
2366 2195 2488 2250 ait:
2537 2211 2557 2246 ι
2602 2195 2682 2250 An
2719 2196 3417 2266 experim‘en'tum'quteritis
3449 2195 3589 2267 ejus,

2003 2285 2096 2356 qui
2132 2287 2186 2340 iu
2212 2301 2298 2342 me
2321 2285 2558 2356 loquitur
2577 2285 2831 2340 Christus
2846 2285 2932 2356 (11
2960 2286 3083 2340 Cor.
3107 2283 3256 2356 xm}?
3286 2307 3305 2339 ι
3491 2338 3495 2343 ,

2073 2376 2150 2432 De
2169 2375 2308 2431 ctelo
2327 2389 2458 2446 ergo
2478 2373 2726 2444 Christus
2742 2375 2802 2429 in
2823 2374 3048 2430 Paulum
3071 2379 3346 2446 geStorum
3370 2377 3592 2431 suorum

2004 2472 2352 2521 sacramenta
2367 2465 2623 2534 proludit,
2640 2457 3048 2535 eademquepcr
3071 2464 3290 2518 Paulum
3304 2465 3356 2518 in
3371 2465 3591 2532 Lucam,

2003 2553 2151 2607 velut
2175 2560 2338 2607 aurea
2362 2553 2538 2606 fistula
2559 2553 2850 2618 mediante,
2870 2553 3178 2616 transfodit,
3197 2562 3255 2606 ut
3281 2553 3408 2608 huic
3435 2553 3596 2608 beato

2003 2643 2123 2698 viro
2168 2655 2274 2697 non
2321 2641 2593 2696 immerito
2643 2656 2941 2711 congruere
2992 2641 3255 2706 videatur,
3311 2641 3453 2710 quod
3499 2637 3598 2710 per

2003 2731 2199 2786 Isaiam
2221 2731 2452 2785 dicitdr:
2485 2748 2504 2777 σ
2533 2729 2748 2784 Primus
2770 2731 2836 2784 ad
2861 2729 2992 2784 Sion
3019 2729 3181 2784 dicit:
3209 2729 3347 2784 Eece
3367 2730 3593 2796 adsum;

2005 2831 2075 2886 et.
2109 2817 2450 2876 Hierusalem
2516 2819 2900 2890 evangelistam
2950 2819 3092 2874 dabo
3152 2819 3307 2888 (lsa.
3354 2819 3500 2888 xu).
3572 2837 3594 2872 ι

2005 2910 2237 2980 Ideoque
2291 2925 2399 2965 non
2441 2925 2596 2977 casu,
2630 2911 2724 2964 sed
2780 2908 3014 2978 Spiritus
3057 2911 3232 2965 sancti
3286 2910 3601 2982 magisterio

2007 2998 2208 3054 factum
2253 3008 2357 3066 est,
2381 3009 2440 3055 ιιι
2481 3001 2674 3056 beatus
2713 2999 3018 3065 Matthaaus,
3065 3001 3157 3070 qui
3187 3011 3602 3057 a'couversante

2010 3089 2066 3143 in
2110 3098 2256 3145 terra
2307 3090 2536 3146 Domino
2590 3089 2938 3161 Evangelium
2987 3091 3198 3158 didicit,
3247 3093 3604 3164 quadraginta

1933 3167 1978 3228 C
2010 3179 2390 3256 generationes
2453 3180 2824 3234 enumerando
2873 3179 3170 3235 descendat
3229 3179 3445 3251 (Matth.
3508 3181 3595 3250 t);

2011 3270 2186 3326 Lucas
2215 3285 2343 3325 vero
2378 3269 2714 3340 septuaginta
2743 3279 2947 3338 septem
2975 3269 3359 3339 cognationum
3387 3273 3606 3342 gradus

2013 3359 2665 3423 ascendendo,deseribat
2689 3357 2960 3428 (Luc.m).
2985 3358 3089 3413 Per
3113 3360 3604 3432 quadragenarium

2012 3449 2211 3520 quippe
2260 3463 2549 3504 numerum
2598 3449 2752 3503 labor
2805 3449 3144 3520 exprimitur,
3195 3463 3303 3519 quo
3352 3451 3605 3508 videiieet

2012 3539 2264 3597 Christus
2317 3540 2370 3595 in
2427 3553 2658 3610 corpore
2704 3554 2826 3605 suo,
2871 3539 3014 3609 quod
3060 3549 3146 3596 est
3192 3541 3455 3607 Ecclesia,
3505 3558 3604 3613 per

2014 3634 2228 3700 diversa
2253 3633 2378 3709 vita:
2405 3632 2564 3703 hujus
2591 3642 2832 3704 tempora
2871 3631 3148 3704 fatigatur.
3186 3633 3324 3688 Hinc
3351 3636 3602 3704 estquod

2015 3725 2224 3798 Moyses
2264 3724 2460 3798 (Exod.
2483 3724 2634 3795 xxiv)
2664 3725 2902 3780 et'Elias
2939 3734 3038 3795 per
3064 3726 3426 3797 quadraginta
3484 3727 3601 3783 dies

2014 3817 2401 3872 eontiuuavere
2443 3814 2709 3887 jejunium
2739 3814 2865 3888 (111
2919 3815 3049 3886 Reg.
3091 3814 3230 3885 xix).
3277 3815 3384 3872 Sed
3410 3827 3466 3873 et
3483 3819 3604 3888 ipse

2015 3909 2277 3964 Dominus
2299 3909 2398 3964 sub
2426 3909 2613 3964 eodem
2627 3908 2802 3978 ³282
2825 3923 3050 3962 numero
3089 3907 3348 3962 abstinuit
3365 3911 3604 3979 aperce-

2015 3999 2199 4070 ptione
2217 4000 2460 4055 ciborum
2473 3999 2688 4070 (Matth.
2705 3999 2798 4070 IV).
2815 3996 2918 4053 Per
2936 3997 3152 4070 Moysen
3176 3997 3485 4068 itaqueilex,
3509 4014 3606 4069 per

2015 4096 2188 4151 Eliar’n
2211 4095 2514 4165 prophetia,
2541 4109 2638 4165 per
2659 4093 2935 4148 Christum
2961 4103 3089 4148 vero
3106 4091 3604 4148 'Novi'Testamcnti

2015 4193 2264 4255 patenter
2311 4182 2626 4254 intelligitur
2667 4182 2861 4254 gratia.
2919 4182 3023 4239 Per
3077 4181 3424 4237 aﬁlictionem
3474 4197 3606 4253 ergo

2017 4279 2172 4352 legis,
2221 4278 2539 4350 prophetiae,
2571 4277 2749 4342 simul,
2795 4284 2858 4331 iet
2891 4277 3111 4347 gratiae,
3159 4275 3313 4331 labor
3349 4275 3609 4331 'inuni-tur

2015 4369 2338 4426 universalis
2381 4367 2658 4434 Ecclesiae,
2710 4381 2806 4437 per
2853 4367 3106 4422 universa
3155 4365 3402 4422 mortalis
3442 4363 3611 4435 hujus

2016 4461 2144 4516 vitae
2187 4458 2384 4516 saecula
2435 4456 2692 4528 fatigatae.
2746 4455 2883 4512 Hinc
2939 4466 3025 4512 est
3085 4456 3229 4527 quod
3289 4455 3384 4510 ﬁlii
3443 4455 3619 4511 Israel

1945 4520 1993 4580 θ
2023 4551 2282 4608 aerumnis
2331 4555 2494 4619 atque
2535 4520 2818 4602 fabor-ibus
2875 4520 3118 4602 diutinae-
3155 4543 3619 4617 peregrinationis.

2027 4641 2223 4705 attriti,
2253 4648 2377 4711 post
2395 4635 2759 4708 quadraginta
2784 4651 2955 4692 annos
2989 4645 3188 4692 terram
3214 4644 3351 4688 sunt
3372 4633 3609 4702 promis~

2025 4729 2451 4802 sionis'ingressi
2474 4728 2610 4798 μοι.
2648 4727 2750 4800 v2),
2781 4728 2908 4795 quia
2941 4726 3188 4780 videlicet
3213 4737 3403 4778 omnes
3420 4723 3603 4788 electi,

2024 4832 2148 4896 post
2173 4836 2450 4879 emensum
2477 4821 2636 4891 hujus
2662 4818 3112 4891 peregrinationis
3137 4828 3448 4881 excursum,
3467 4823 3602 4870 ’mox

2027 4915 2372 4971 haereditario
2385 4911 2507 4981 jure
2538 4922 2736 4968 terram
2758 4908 3053 4964 viventium
3073 4905 3442 4977 possidebunt.

2099 5005 2204 5062 Per
2244 5019 2529 5060 numerum
2593 5017 2745 5073 ergo,
2793 5013 2953 5069 quem
3023 4996 3308 5054 Matthaaus
3367 4998 3607 5062 ordinat,

2030 5097 2298 5166 susceptio
2353 5093 2637 5149 laboriosa:
2679 5087 3023 5144 mortalitatis
3060 5096 3292 5154 nostrae;
3342 5102 3438 5156 per
3457 5087 3610 5143 illum

2027 5203 2179 5254 vero,
2207 5196 2366 5258 quem
2412 5185 2584 5240 Lucas
2629 5179 2831 5252 posuit,
2871 5179 3241 5235 indubitanter
3291 5178 3610 5249 exprimitur

2031 5281 2349 5354 mysterium
2378 5284 2575 5332 nostra:
2599 5271 3006 5343 'redemptidnis.
3054 5271 3159 5329 Per
3185 5271 3333 5326 illum
3363 5269 3612 5326 similiter

2033 5387 2315 5430 numerum
2335 5371 2624 5425 edoeemur
2647 5368 2772 5437 quia
2785 5365 3058 5434 Christus,-
3070 5366 3229 5436 ju'xta‘
3249 5363 3582 5435 prophetiam
3595 5403 3611 5423 .

2034 5473 2255 5534 peccata
2290 5469 2472 5517 nostra
2515 5460 2634 5530 ipse
2661 5458 2898 5529 portavit
2937 5457 3072 5529 (lsa.
3123 5463 3239 5524 un)
3271 5472 3286 5520 ;
3327 5461 3426 5524 per
3447 5454 3610 5508 istum

2034 5573 2164 5613 vero
2228 5561 2621 5624 consequenter
2672 5549 3035 5613 addiscimus,
3090 5546 3256 5617 quia,
3313 5542 3611 5606 secundum

2035 5642 2368 5715 Apostolum,
2420 5639 2602 5696 omnia
2656 5639 2816 5694 nobis
2857 5637 3056 5693 delicta
3111 5633 3333 5689 donavit
3359 5630 3496 5705 (Col.
3527 5630 3611 5698 ιι).

2037 5738 2157 5810 Ipse
2199 5735 2398 5808 quippe
2449 5742 2533 5792 est
2605 5732 2790 5804 Agnus
2835 5730 2928 5802 qui
2963 5728 3175 5786 oblatus
3213 5724 3480 5812 esu-quia
3503 5723 3619 5794 ipse
