4178 6456
556 356 680 415 ’803

1175 350 1235 404 ς.
1272 346 1476 405 PETRI
1517 343 1794 400 DAMIANI
1827 341 1978 400 OPP.
2019 339 2355 395 PABS’SEU
2397 340 2633 396 TOMUS
2661 341 2724 394 ll.
2747 372 2814 380 —
2837 339 3224 396 SERMONES.

3728 341 3841 398 θοι

575 472 742 528 Voluit
787 467 920 537 (Isa.
962 464 1119 533 tm);
1161 464 1277 532 ipse
1309 471 1414 528 est,
1471 459 1647 530 quiet
1683 456 1904 513 abstulit
1930 464 2150 526 peccata
2178 461 2224 515 Α
2254 463 2401 520 tem;
2461 455 2618 509 docet
2660 454 2782 517 iste,
2829 469 2989 522 quam
3041 452 3368 523 perdiderat,
3400 467 3555 509 ovem
3602 457 3843 526 scapulis

577 561 758 618 mundi
805 559 984 629 (Joaa.
1033 556 1093 625 t).
1153 551 1609 624 Septuagenarius
1649 550 1849 620 quippe
1891 548 2154 616 septimus

579 665 853 714 numerus,
881 662 1041 717 quem
1073 645 1245 699 Lucas
1265 642 1465 713 posuit,
1490 641 1860 697 remissionem
1887 636 2158 705 signiﬁcat

575 751 952 814 peccatorum,
984 739 1126 792 sicut
1157 735 1273 804 ipse
1317 732 1577 788 Dominus
1607 729 1802 791 innuit,
1844 742 1966 782 cum
1995 725 2156 780 Petro

576 831 836 902 quaerenti
877 829 1088 898 quoties
1123 832 1308 882 essent
1367 815 1688 877 dimittenda
1719 816 1872 872 fratri
1912 824 2153 885 peccata,

577 919 886 991 respondit:
933 935 952 968 ι
999 917 1128 971 Dico
1161 913 1253 968 tibi
1303 927 1408 965 non
1453 917 1661 963 tantum
1690 906 1912 975 septies,
1940 903 2035 958 sed
2063 917 2154 956 us-

575 1029 680 1085 que
712 1010 1016 1082 septuagies
1037 1007 1234 1076 septies
1257 1002 1472 1063 (Matth.
1507 999 1682 1069 xvm).
1739 1017 1758 1048 »
1802 995 1911 1051 Nec
1936 994 2156 1058 mirum,

578 1108 622 1162 si
649 1121 745 1176 per
773 1105 918 1158 hunc
948 1114 1250 1164 numerum,
1279 1094 1368 1165 qui
1399 1096 1466 1149 ab
1512 1090 1809 1147 undenario
1845 1097 1901 1144 et
1935 1087 2158 1142 denario

577 1195 858 1256 nascitur,
905 1192 1154 1245 humana:
1209 1182 1491 1257 pravitatis
1551 1180 1772 1236 abolitio
1818 1179 2156 1248 designatur.

580 1283 917 1340 Undenarius
945 1281 1141 1350 quippe
1166 1291 1425 1331 numerus
1454 1272 1499 1327 si
1521 1271 1722 1341 septies
1749 1266 2156 1337 multiplicatur,

575 1373 819 1443 profecto
845 1369 1184 1441 septuaginta
1213 1374 1418 1434 septem
1444 1377 1652 1418 summa
1683 1357 2002 1428 completur.
2051 1353 2159 1410 Sed

576 1461 834 1515 denarius
884 1459 975 1526 qui
1028 1455 1303 1526 perfectus
1347 1459 1433 1507 est
1487 1463 1766 1512 numerus,
1835 1445 2158 1514 Decalogum

579 1551 780 1619 signat.
797 1549 902 1601 Per
914 1544 1266 1601 undenarium
1290 1557 1438 1606 vero,
1465 1541 1553 1610 qui
1578 1540 1722 1594 hunc
1743 1537 2158 1607 transgreditur,

578 1642 731 1713 quid,
755 1641 858 1696 nisi
880 1639 1064 1710 legalis
1089 1636 1465 1708 transgressio,
1497 1635 1758 1704 ﬁguratur
1785 1632 1808 1685 ἱ)

648 1731 780 1786 Cum
807 1745 934 1801 ergo
963 1729 1014 1783 in
1051 1737 1161 1782 tota
1187 1727 1275 1781 illa
1303 1739 1516 1780 summa
1541 1723 1696 1794 legis,
1717 1717 1880 1776 simul
1903 1726 1960 1774 et
1981 1726 2159 1772 trans-

2257 547 2560 618 impositam
2606 546 2674 601 ad
2722 544 2863 601 ovile
2911 544 3187 615 preprium
3235 540 3576 600 revocantem
3615 546 3839 616 (Matth.

2256 652 2390 691 xvm
2415 652 2432 702 ;
2475 635 2603 690 Luc.
2658 634 2769 706 xv).
2805 635 2897 690 llle
2922 634 3170 705 perhibet
3197 636 3543 692 descendisse
3567 637 3841 693 medicum

2255 728 2322 782 ad
2366 735 2630 798 aegrotos;
2683 725 2880 780 fatetur
2929 725 3030 781 iste
3077 726 3146 781 ad
3193 726 3576 784 incolumitatis
3621 737 3843 785 aeternae

2257 817 2449 887 gaudia
2500 831 2682 871 secum
2729 822 2829 871 nes
2869 815 3151 872 reduxisse
3197 826 3441 873 sanatos.
3469 817 3719 874 Ostendit
3747 820 3844 876 ille

2257 903 2428 962 solu'm
2458 905 2802 978 Unigenilum
2845 921 2876 960 a
2925 907 3085 964 Patre
3123 909 3190 963 ad
3224 897 3321 965 nos
3352 910 3576 966 missum
3608 928 3623 978 ;
3677 915 3844 968 docet

2257 999 2362 1054 iste
2389 1000 2642 1068 quoniam
2693 1003 2760 1053 ad
2820 999 3099 1055 ewlestem
3156 1001 3388 1069 patriam
3437 1001 3842 1058 multitudinem

2261 1089 2534 1144 transtulit
2556 1090 2873 1146 electorum.
3320 1149 3322 1152 ,

2327 1180 2498 1234 Porro
2541 1182 2821 1252 utriusque
2859 1182 3205 1254 evangelista
3243 1184 3598 1240 intentionem
3640 1200 3747 1242 una
3773 1185 3841 1241 Β.

2259 1269 2548 1339 Apostolus
2588 1272 2854 1328 sententia
2901 1273 3339 1341 comprehendit,
3371 1275 3558 1331 dicens
3589 1291 3604 1328 :
3639 1293 3658 1329 t
3695 1274 3849 1331 Misit

2261 1354 2419 1417 Deus'
2443 1361 2633 1415 Filium
2679 1377 2836 1416 suum
2868 1361 2922 1415 in
2945 1362 3350 1418 similitudinem
3398 1365 3584 1420 carnis
3609 1365 3844 1434 peccati,

2259 1461 2322 1506 ut
2348 1453 2415 1507 de
2440 1445 2660 1523 peccato
2703 1452 2988 1512 damnaret
3040 1465 3324 1523 peccatum
3367 1454 3421 1508 in
3473 1469 3637 1510 carne
3661 1453 3843 1525 (Rom.

2259 1541 2402 1610 vm).
2442 1559 2460 1592 ι
2514 1541 2644 1596 Nam
2683 1558 2807 1597 cum
2846 1543 3005 1598 dicit:
3045 1562 3063 1594 ι
3101 1543 3245 1598 Misit
3293 1543 3434 1600 Deus
3463 1544 3652 1599 Filium
3679 1561 3844 1601 suum

2262 1634 2315 1689 in
2343 1634 2749 1690 similitudinem
2781 1636 2964 1690 carnis
3011 1637 3260 1706 peccati;
3311 1655 3330 1689 ι
3374 1637 3611 1692 ostendit
3651 1652 3845 1694 susce-

2261 1724 2500 1793 ptionem
2533 1723 2874 1779 mortalitatis
2897 1734 3118 1792 nostrae,
3149 1741 3311 1796 quam
3339 1725 3619 1781 Matthteus
3657 1738 3848 1797 aperto

577 1820 873 1888 gressionis
904 1828 1132 1888 uterque
1178 1829 1440 1872 numerus
1467 1811 1981 1883 comprehendatur,
2028 1806 2157 1878 quid
2187 1823 2233 1882 Β
2260 1812 2526 1876 declarat,
2580 1828 2704 1869 cum
2756 1812 2823 1867 ad
2861 1812 3136 1868 Abraham
3181 1815 3577 1879 descendendo,
3608 1815 3842 1884 quadra.

577 1912 796 1976 mirum,
852 1909 917 1964 si-
941 1924 1036 1978 per
1067 1924 1186 1964 eam
1236 1907 1499 1964 scelerum
1531 1903 1778 1960 remissio
1803 1899 2160 1970 designetur?

577 1999 932 2069 Septenarius
973 1998 1130 2069 plane
1173 2012 1452 2062 numerus,
1482 1995 1572 2064 qui
1597 2010 1759 2064 supra
1791 1993 2075 2050 Dominum
2107 1992 2160 2046 in

574 2091 820 2146 columba
868 2090 1171 2153 descendit,
1211 2101 1412 2144 nostra:
1464 2087 1749 2158 pravitatis
1801 2084 2162 2140 undenarium

575 2183 831 2238 abolevit.
883 2183 958 2237 De
985 2196 1092 2250 quo
1119 2181 1326 2236 scilicet
1353 2179 1745 2234 charismatum
1791 2191 2018 2231 numero
2067 2189 2163 2244 per

577 2273 772 2328 Isaiam
830 2272 1064 2332 dicitur:
1113 2290 1132 2322 ι
1178 2271 1505 2340 Requiescet
1553 2283 1716 2337 super
1762 2282 1886 2322 eum
1927 2265 2164 2335 Spiritus

577 2357 879 2438 sapientiae.
927 2376 983 2421 et
1008 2365 1347 2431 intellectus;
1402 2363 1637 2435 Spiritus
1664 2361 1898 2426 consilii,
1926 2370 1982 2415 et
2006 2361 2164 2415 forti-

578 2457 810 2520 tudinis;
861 2456 1095 2526 Spiritus
1139 2456 1398 2516 scientiae.
1436 2464 1491 2510 et
1530 2454 1784 2524 pietatis;
1823 2461 1879 2506 et
1920 2451 2166 2523 implebit

574 2560 698 2600 eum
749 2544 952 2614 Spiritu
1008 2545 1217 2600 timoris
1256 2544 1464 2599 Domini
1519 2541 1654 2610 (lsa.
1692 2542 1794 2611 χι).
1853 2560 1872 2592 ι
1917 2540 2069 2597 Unde
2102 2541 2164 2596 Β.

574 2635 770 2701 Lucas,
795 2645 855 2690 ut
875 2636 1081 2705 expiari
1106 2651 1205 2690 nos
1229 2650 1256 2688 a
1294 2634 1497 2690 nostris
1523 2631 1821 2689 sceleribus
1846 2646 1944 2702 per
1968 2631 2166 2686 adven-

577 2733 690 2779 tum
742 2727 910 2780 nostri
959 2725 1258 2780 Salvatoris
1285 2725 1559 2790 ostendat,
1599 2739 1706 2778 non
1747 2723 1814 2776 ab
1841 2721 2166 2792 evangelicae

574 2818 902 2873 narrationis
925 2819 1171 2882 exordio,
1193 2818 1284 2873 sed
1309 2833 1338 2870 a
1362 2817 1644 2887 baptisma“
1659 2816 1942 2880 duntaxat,
1963 2813 2167 2871 Cltrlsti

577 2910 918 2980 cognationis
945 2910 1188 2965 ordinem
1238 2910 1473 2965 inchoat.
1528 2908 1680 2976 Quod
1729 2909 1895 2964 etiam
1939 2908 1996 2962 in
2029 2907 2168 2962 libro

575 3000 850 3054 Ceneseos
870 2999 1149 3054 evidenter
1176 2999 1502 3063 ostenditur,
1528 2999 1616 3053 ubi
1640 2997 1874 3054 Lamech
1902 2997 2167 3052 uxoribus

582 3089 698 3144 suis
735 3089 937 3142 dixisse
967 3096 1253 3142 narratur:
1295 3107 1314 3139 ι
1355 3088 1668 3158 Septuplum
1695 3087 1829 3142 ultio
1858 3089 2073 3143 dabitur
2101 3087 2168 3142 de

2261 1905 2406 1976 ginta
2437 1906 2812 1976 generationes
2838 1913 3142 1969 enumerat.
3171 1905 3306 1960 Cum
3357 1921 3489 1961 vero
3518 1906 3794 1977 subiungit
3824 1919 3842 1960 :

2267 2015 2286 2048 ι
2323 1996 2391 2051 Et
2441 1997 2510 2051 de
2561 2006 2785 2066 peccato
2833 1996 3108 2052 damnavit
3158 2007 3440 2067 peccatum
3496 1999 3550 2052 in
3593 2013 3776 2062 carne,
3817 2017 3841 2052 ο

2225 2104 2230 2106 ·
2263 2085 2612 2144 abolitionem
2658 2087 2910 2158 perhibet
2943 2095 3310 2158 peccatorum,
3351 2103 3513 2158 quam
3544 2088 3718 2143 Lucas
3763 2086 3845 2142 in;

2262 2178 2574 2234 dubitanter
2594 2178 2868 2255 exprimit,
2890 2194 3011 2233 eum
3039 2179 3380 2250 septuaginta
3406 2188 3612 2249 septem
3643 2194 3846 2248 cogna-

2265 2269 2469 2324 tionum
2514 2268 2710 2324 lineam
2753 2269 2903 2324 texit.
2933 2268 3106 2336 Qnam
3131 2269 3380 2324 videlicet
3409 2279 3694 2338 utramque
3721 2285 3848 2324 sen-

2266 2360 2489 2415 tentiam
2521 2359 2662 2415 idem
2693 2359 2891 2415 Paulus
2919 2375 3028 2416 uno
3073 2360 3203 2416 alibi
3231 2360 3499 2416 versiculo
3528 2362 3846 2431 complexus

2263 2460 2375 2513 est,
2408 2452 2631 2507 dicens:
2678 2469 2697 2504 ι
2740 2450 2898 2507 Jesus
2943 2452 3190 2507 Christus
3238 2452 3469 2508 traditus
3509 2461 3592 2508 est
3625 2463 3848 2524 propter

2265 2539 2461 2596 delicta
2488 2550 2694 2607 nostra,
2739 2550 2796 2595 et
2833 2541 3132 2596 resurrexit
3169 2541 3847 2612 propterjustificatiouem

2265 2641 2506 2688 nostram
2559 2632 2731 2704 (Rom.
2767 2633 2861 2704 tv).
2899 2651 2918 2685 ι
2955 2633 3245 2688 Descendit
3287 2633 3431 2688 enim
3485 2633 3733 2688 Christus
3790 2641 3852 2688 ut

2265 2737 2364 2776 uos
2391 2738 2420 2776 a
2464 2722 2702 2791 peccatis
2739 2724 3003 2792 eriperet:
3036 2722 3274 2777 surrexit
3319 2731 3495 2778 autem
3528 2731 3586 2778 ut
3613 2709 3850 2780 candore

2259 2811 2485 2882 iustitia:
2508 2812 2708 2867 nitidos
2735 2812 3034 2867 exhiberet.
3837 2855 3842 2860 .

2339 2902 2470 2968 Quae
2501 2902 2758 2956 nimirum
2788 2903 3069 2972 utriusque
3097 2903 3244 2958 beati
3264 2903 3605 2974 evangelista
3627 2905 3852 2960 diversi-

2269 3003 2353 3049 tas
2373 2995 2537 3049 etiam
2560 2994 2614 3048 in
2637 2994 2739 3051 hoc
2760 2995 3041 3070 evidenter
3067 2998 3390 3064 ostenditur,
3419 2999 3542 3067 quia
3567 2998 3852 3054 Matthaeus

2267 3100 2362 3155 per
2392 3085 2760 3150 Salomonem,
2806 3085 2860 3140 in
2905 3087 3058 3157 cujus
3089 3099 3261 3143 matre
3301 3089 3468 3144 David
3499 3103 3597 3158 per
3639 3089 3851 3144 adulte-

576 3178 732 3244 Cain,
754 3179 820 3233 de
841 3177 1074 3232 Lamech
1107 3192 1234 3232 vero
1259 3179 1560 3247 septuagies
1588 3178 1785 3247 septies
1816 3175 1969 3249 (Gen.
2002 3181 2100 3250 tv).
2136 3195 2156 3231 ι
2190 3178 2235 3240 C
2267 3179 2408 3232 rium
2437 3178 2662 3243 corruit,
2695 3177 2987 3234 Dominicae
3013 3180 3381 3249 generationis
3405 3180 3600 3234 lineam
3626 3180 3852 3234 descen-

581 3266 730 3322 Ultio
767 3268 964 3337 quippe
999 3268 1065 3322 de
1113 3265 1343 3321 Lamech
1393 3268 1696 3336 septuagies
1739 3269 1940 3338 septies
1991 3269 2161 3325 danda

577 3359 796 3422 dicitur,
833 3359 958 3427 quia
1003 3358 1345 3428 septuaginta
1381 3367 1584 3428 septem
1616 3358 1863 3414 homines
1887 3360 1954 3415 de
1987 3359 2161 3415 femo-

579 3448 728 3503 ribus
745 3447 860 3516 ejus
879 3447 1234 3518 perhibentur
1251 3448 1481 3517 egressi,
1496 3463 1581 3513 ac,
1606 3449 1945 3518 postmodum
1963 3448 2164 3507 diluvio

575 3546 819 3601 rorante.
847 3537 1157 3592 referuntur
1185 3536 1446 3606 absorpti.
1482 3539 1588 3593 Sed
1627 3539 1752 3607 quia
1777 3538 2010 3594 Lamech
2044 3554 2165 3610 per-

576 3630 807 3694 cutiens,
855 3629 968 3683 sive
996 3643 1282 3698 percussus
1317 3629 1660 3698 exprimitur,
1704 3629 1832 3698 quid
1869 3644 1967 3698 per
1997 3631 2161 3694 hunc,

576 3721 680 3776 nisi
729 3721 936 3792 primus
984 3735 1181 3790 parens
1231 3719 1452 3776 humani
1497 3721 1710 3790 generis
1747 3720 2028 3789 ﬁguratur,
2066 3723 2157 3790 qui

577 3811 835 3866 nimirum
866 3811 1071 3880 peccati
1109 3811 1297 3875 telum,
1343 3825 1451 3879 quo
1487 3811 1697 3880 primus
1735 3812 1847 3880 ipse
1877 3826 2165 3880 percussus

577 3902 805 3968 interiit,
859 3903 1112 3958 universo
1137 3917 1352 3971 quoque
1379 3902 1564 3972 generi
1596 3917 1933 3957 successurae
1959 3913 2165 3979 ⁵ιιοειθο

577 3993 756 4048 ritatis
808 3991 1061 4047 inﬂixit?
1109 3993 1186 4047 De
1235 3993 1338 4047 hoc
1384 4005 1516 4062 ergo
1570 3991 1806 4047 Lamech
1859 3993 2166 4062 septuagies

577 4086 776 4154 septies
803 4085 936 4139 ultio
963 4084 1087 4138 data
1120 4091 1224 4148 est,
1272 4083 1400 4153 quia
1439 4091 1743 4152 peccatum,
1791 4083 1932 4154 quod
1959 4083 2166 4152 primus

579 4174 742 4226 homo
757 4173 1028 4228 contraxit
1051 4187 1145 4241 per
1173 4172 1517 4242 septuaginta
1553 4181 1758 4243 septem
1789 4174 2167 4244 generationes

580 4261 634 4314 in
666 4262 901 4315 humano
928 4276 1126 4330 genere
1161 4261 1347 4330 viguit.
1383 4261 1564 4330 Usque
1597 4261 1760 4332 283
1800 4263 1867 4316 ad
1892 4263 2164 4318 Christum

579 4348 844 4416 siquidem
881 4357 1162 4418 peccatum
1206 4348 1467 4418 originale
1513 4349 1831 4418 permansit,
1864 4351 2007 4420 quod
2055 4353 2167 4422 ipse

579 4457 676 4512 per
705 4441 954 4510 baptismi
1004 4439 1087 4494 sui
1140 4439 1304 4510 (unde
1350 4439 1526 4496 Lucas
1571 4439 1779 4511 incipit)
1825 4453 2161 4498 sacramenta

2265 3268 2440 3324 dendo
2466 3268 2754 3339 producit;
2809 3267 2984 3324 Lucas
3009 3279 3188 3324 autem
3217 3285 3312 3339 per
3339 3270 3548 3325 Nathan
3579 3271 3846 3336 ascendit,

2264 3376 2363 3431 per
2389 3361 2542 3432 cujus
2569 3360 2819 3416 videlicet
2837 3361 3173 3431 tequivocum
3201 3363 3517 3432 prophetam
3549 3362 3651 3416 hoc
3674 3362 3846 3429 ipsum

2263 3451 2504 3522 ejusdem
2533 3451 2703 3506 David
2734 3459 3016 3521 peceatum
3063 3451 3322 3506 Dominus
3362 3450 3619 3519 expiavit,
3663 3460 3719 3506 et
3771 3451 3851 3505 sic

2265 3545 2418 3616 quasi
2467 3544 2676 3615 lapsum
2723 3544 3014 3599 miseratus
3067 3543 3262 3598 erexit.
3317 3541 3408 3597 llle
3454 3542 3638 3612 itaque
3690 3541 3851 3597 docet

2267 3635 2360 3689 Dei
2393 3635 2595 3690 Filium
2633 3635 2700 3688 ad
2740 3649 2839 3689 nos
2868 3633 3148 3689 humiliter
3178 3632 3497 3688 inclinatum
3525 3648 3540 3696 ;
3582 3632 3686 3686 i5te
3719 3646 3840 3701 pro-

2267 3725 2478 3778 nuntiat
2511 3724 2794 3780 nobiseum
2819 3725 2978 3779 simul
3005 3740 3127 3779 cum
3163 3723 3470 3794 triumphali
3493 3722 3662 3793 gloria
3692 3721 3842 3778 cceli-

2269 3823 2354 3868 tus
2382 3814 2696 3867 exaltatum.
2724 3813 3008 3869 Descendit
3035 3815 3178 3869 enim
3219 3813 3467 3868 Christus
3494 3813 3560 3866 ad
3582 3811 3850 3879 jaeeut‘es.

2269 3914 2440 3959 uteos
2467 3918 2650 3958 secum
2690 3904 2950 3973 provehat
2974 3904 3216 3959 in'astra
3257 3905 3510 3958 victores.
3541 3903 3694 3958 Unde
3737 3919 3848 3958 non

2267 3998 2386 4052 sine
2425 3997 2608 4052 divino
2655 3995 2857 4052 factum
2886 3998 3149 4068 praesagio
3194 3999 3433 4054 creditur
3473 3999 3616 4066 quod
3657 3999 3851 4052 beatus

2269 4087 2358 4142 hic
2416 4085 2741 4156 evangelista
2797 4085 2890 4140 tali
2949 4087 3209 4142 vocabulo
3260 4095 3621 4156 nuncupatur.
3675 4086 3850 4142 Lucas

2267 4177 2411 4231 enim
2441 4176 2724 4244 Hebraice,
2746 4179 2854 4246 ipse
2879 4193 3194 4248 consurgens
3225 4178 3337 4233 sive
3366 4181 3591 4236 elevans.
3620 4178 3852 4233 vertitur
3915 4227 3929 4234 -

2268 4268 2319 4322 itt
2360 4266 2630 4323 Latinum.

2337 4353 2451 4410 Hoc
2489 4357 2650 4426 igitur
2697 4356 2750 4412 in
2801 4357 3020 4427 preprio
3053 4356 3271 4413 nomine
3300 4357 3534 4427 praetulit
3560 4357 3702 4426 quod
3731 4357 3850 4427 ipse

2267 4447 2610 4515 postmodum
2669 4447 2736 4503 de
2795 4447 3077 4502 Salvatore
3126 4448 3466 4518 conscripsit.
3519 4448 3849 4517 Redemptor

578 4531 795 4586 delevit.
851 4530 950 4586 Ubi
984 4530 1231 4584 videlicet
1255 4531 1321 4585 de
1348 4531 1438 4585 illo
1462 4531 1690 4586 dicitur:
1747 4549 1766 4582 ι
1817 4532 1957 4589 Ecce
1983 4534 2166 4604 Agnus
2197 4513 2244 4574 ι)
2269 4513 2412 4593 enim
2465 4547 2650 4594 noster
2693 4548 2751 4593 et
2795 4539 2906 4609 ipse
2963 4542 3031 4594 de
3083 4548 3257 4594 morte
3294 4513 3550 4603 surrexit,
3575 4547 3630 4592 et
3657 4513 3754 4593 nos
3782 4538 3849 4592 ad

579 4620 698 4688 Dei,
736 4621 826 4690 qui
853 4621 989 4675 tollit
1009 4630 1226 4689 peccata
1259 4621 1440 4676 mundi
1471 4623 1651 4694 (Joan.
1683 4624 1743 4693 ι).
1781 4643 1799 4676 ι

646 4713 1054 4782 Redemptionts
1112 4727 1242 4782 ergo
1314 4721 1513 4768 nostra:
1590 4715 1872 4768 materiam
1933 4725 2160 4786 uterque

574 4815 799 4860 sanctus
822 4804 1150 4875 evangelista
1199 4806 1276 4859 sic
1322 4805 1550 4860 invicem
1593 4807 1857 4874 dividunt,
1888 4818 1944 4864 et
1971 4825 2159 4864 narra-

578 4898 745 4952 tionis
799 4907 1008 4967 partem
1050 4896 1150 4952 sibi
1201 4898 1432 4968 quisque
1485 4913 1774 4966 congruam
1837 4909 2058 4954 sumunt
2106 4910 2164 4955 ut

580 4988 868 5044 Iatthaeus
912 5006 1008 5060 per
1061 4991 1466 5060 generationutn
1526 4988 1720 5044 lineam
1771 4992 2161 5057 descendendo,

581 5081 858 5137 Christum
885 5082 952 5135 ad
982 5097 1080 5136 nos
1103 5094 1419 5151 peccatores
1443 5083 1510 5138 de
1542 5083 1695 5138 caelis
1722 5083 2006 5139 advenisse
2044 5099 2164 5153 per-

583 5172 804 5237 hibent;
857 5171 1032 5226 Lucas
1063 5183 1238 5228 autem
1277 5191 1307 5228 a
1357 5185 1697 5230 sacramento
1737 5176 2076 5245 baptismatis
2099 5177 2164 5231 ad

581 5273 791 5334 patrem
837 5278 1007 5334 usque
1045 5267 1428 5332 conscendens,
1459 5268 1688 5323 traxisse
1735 5281 1834 5322 nos
1884 5283 2065 5322 secum
2099 5268 2164 5322 ad

582 5354 862 5410 cmlestem
926 5353 1150 5427 gloriam
1214 5365 1559 5424 peccatorum
1629 5358 1880 5412 sordibus
1951 5357 2162 5411 ablutos

582 5446 862 5501 ostendat.-
899 5442 992 5500 llle
1030 5443 1294 5514 siquidem
1344 5446 1539 5499 astruit
1559 5444 1831 5501 Christum
1863 5447 1928 5501 ad
1961 5455 2160 5500 terram

586 5535 1008 5590 misericorditer
1036 5535 1490 5600 descendentem;
1549 5538 1650 5593 iste
1677 5537 1879 5593 fatetur
1905 5553 2027 5593 eum
2068 5552 2165 5592 nos

586 5620 654 5674 ad
703 5622 946 5682 cmlestia
997 5625 1387 5681 sublevantem.
1449 5625 1698 5682 Ostendit
1749 5628 1837 5682 ille
1888 5639 2163 5698 pastorem

587 5715 1071 5784 nonagintanovem
1106 5733 1234 5775 oves
1260 5717 1314 5774 in
1357 5719 1585 5776 desertis
1615 5721 1831 5792 pascuis
1857 5720 2164 5792 relinquen-

2268 4630 2508 4684 ctelestia
2545 4631 2788 4684 viventes
2837 4630 2902 4683 de
2947 4631 3176 4683 mortuis
3203 4629 3449 4684 elevavit.
3491 4628 3646 4684 Unde
3671 4636 3722 4682 et
3753 4642 3852 4696 per

2267 4720 2576 4788 Apostolum
2599 4719 2796 4774 dicitur
2827 4736 2842 4774 :
2871 4737 2890 4770 ι
2923 4719 3024 4786 Qui
3064 4734 3161 4774 nos
3186 4719 3656 4784 conresuscitavit,
3685 4716 3852 4790 284

2265 4818 2320 4863 et
2347 4810 2640 4863 consedere
2667 4808 2790 4863 fecit
2819 4823 3002 4863 Sl'Cllﬂl
3041 4810 3091 4862 in
3117 4809 3425 4863 caelestibus
3454 4807 3666 4877 (Ep/tes.
3693 4813 3773 4871 ll).
3824 4824 3843 4856 ι

2269 4898 2388 4968 lpse
2443 4899 2622 4967 itaque
2674 4899 3042 4968 principaltter
3081 4913 3427 4969 consurgens,
3478 4897 3592 4950 sive
3631 4896 3850 4948 elevans

2270 4990 2490 5055 dicitur,
2523 4989 2775 5058 quoniam
2800 4990 2866 5042 ad
2895 4990 2998 5044 hoc
3041 4990 3108 5043 de
3153 4999 3326 5043 morte
3359 4985 3617 5052 surrexit,
3661 4993 3718 5039 ut
3750 4999 3849 5038 nos

2273 5081 2325 5136 in
2376 5091 2546 5136 morte
2589 5089 2886 5150 prostratos
2933 5075 3207 5151 erigeret:
3263 5079 3329 5132 ad
3374 5080 3475 5133 hoc
3520 5076 3764 5132 ascendit
3793 5077 3847 5130 in

2271 5175 2488 5236 cadum,
2525 5182 2585 5227 ut
2627 5188 2808 5227 secum
2840 5187 2939 5227 nos
2964 5173 3032 5226 ad
3060 5171 3300 5226 cmlestia
3339 5169 3661 5224 sublevaret.
3695 5168 3850 5235 Quod

2273 5267 2432 5335 igitur
2475 5265 2536 5319 Β.
2573 5265 2746 5319 Lucas
2767 5265 2833 5320 de
2855 5264 3073 5320 Christo
3099 5262 3384 5318 scribendo
3411 5261 3701 5331 perhibuit,
3747 5260 3850 5314 hoc

2269 5357 2425 5427 quasi
2468 5357 2777 5426 prophetiee
2802 5356 3022 5426 proprio
3049 5354 3267 5410 nomine
3305 5352 3624 5424 designavit.
3651 5351 3718 5406 Et
3743 5351 3852 5432 hoc

2271 5463 2523 5517 maguum
2549 5458 2696 5501 certe
2720 5446 3055 5521 mysterium,
3080 5444 3221 5513 quod
3247 5443 3306 5497 Β.
3333 5444 3508 5499 Lucas
3527 5458 3558 5495 a
3581 5441 3853 5510 baptismo

2273 5538 2567 5592 Salvatoris
2611 5537 2816 5606 incipit,
2848 5546 2903 5590 et
2927 5549 3096 5603 usque
3136 5535 3203 5588 ad
3244 5535 3409 5588 Deum
3442 5533 3654 5586 Patrem
3682 5545 3851 5601 gene-

2271 5627 2537 5682 ratiouum
2569 5627 2763 5681 lineam
2793 5624 3131 5681 ascendendo
3153 5624 3418 5693 producit.
3448 5621 3550 5677 Per
3575 5620 3851 5676 lavacrum

2270 5721 2468 5791 quippe
2497 5719 2637 5774 sacri
2670 5717 3011 5787 baptismatis
3035 5732 3063 5771 a
3087 5715 3327 5786 pet-catis
3355 5700 3646 5780 abluimur,
3694 5718 3751 5765 et
3771 5709 3850 5764 sic
