  <div class='ocr_page' id='page_1' title='image "/cluster/home/n/w/nwhite01/storage/ocr_20150623/144/umn.31951002477437p/428.png"; bbox 0 0 4178 6444; ppageno 0'>
   <div class='ocr_carea' id='block_1_1' title="bbox 400 347 508 407">
    <p class='ocr_par' dir='ltr' id='par_1_1' title="bbox 400 347 508 407">
     <span class='ocr_line' id='line_1_1' title="bbox 400 347 508 407; baseline 0.009 -1"><span class='ocrx_word' id='word_1_1' title='bbox 400 347 508 407; x_wconf 72' lang='grc'><strong>805</strong></span> 
     </span>
    </p>
   </div>
   <div class='ocr_carea' id='block_1_2' title="bbox 1872 355 3578 424">
    <p class='ocr_par' dir='ltr' id='par_1_2' title="bbox 1872 355 3578 424">
     <span class='ocr_line' id='line_1_2' title="bbox 1872 355 3578 424; baseline -0.005 -13"><span class='ocrx_word' id='word_1_2' title='bbox 1872 355 2104 411; x_wconf 75' lang='lat' dir='ltr'><strong>seuuo</strong></span> <span class='ocrx_word' id='word_1_3' title='bbox 2142 355 2248 412; x_wconf 88' lang='lat' dir='ltr'><strong>Llll</strong></span> <span class='ocrx_word' id='word_1_4' title='bbox 2744 385 2746 387; x_wconf 51' lang='grc' dir='ltr'>μ</span> <span class='ocrx_word' id='word_1_5' title='bbox 2991 391 2998 404; x_wconf 95' lang='grc'><strong>.</strong></span> <span class='ocrx_word' id='word_1_6' title='bbox 3529 366 3578 424; x_wconf 63' lang='grc' dir='ltr'><strong><em>ο</em></strong></span> 
     </span>
    </p>
   </div>
   <div class='ocr_carea' id='block_1_3' title="bbox 401 439 3573 552">
    <p class='ocr_par' dir='ltr' id='par_1_3' title="bbox 401 439 3573 552">
     <span class='ocr_line' id='line_1_3' title="bbox 401 439 3573 552; baseline 0.006 -36"><span class='ocrx_word' id='word_1_7' title='bbox 401 461 511 516; x_wconf 89' lang='lat' dir='ltr'><strong>Deo</strong></span> <span class='ocrx_word' id='word_1_8' title='bbox 543 459 689 515; x_wconf 88' lang='lat' dir='ltr'><strong>Patri</strong></span> <span class='ocrx_word' id='word_1_9' title='bbox 729 475 825 531; x_wconf 87' lang='lat' dir='ltr'><strong>per</strong></span> <span class='ocrx_word' id='word_1_10' title='bbox 855 458 1201 517; x_wconf 82' lang='lat' dir='ltr'><strong>Mediatorem</strong></span> <span class='ocrx_word' id='word_1_11' title='bbox 1251 462 1344 520; x_wconf 83' lang='lat' dir='ltr'><strong>Dei</strong></span> <span class='ocrx_word' id='word_1_12' title='bbox 1373 473 1428 520; x_wconf 93' lang='lat' dir='ltr'><strong>et</strong></span> <span class='ocrx_word' id='word_1_13' title='bbox 1477 467 1753 522; x_wconf 84' lang='lat' dir='ltr'><strong>hominum</strong></span> <span class='ocrx_word' id='word_1_14' title='bbox 1779 484 1973 523; x_wconf 89' lang='lat' dir='ltr'><strong>recon-</strong></span> <span class='ocrx_word' id='word_1_15' title='bbox 2003 477 2052 534; x_wconf 79' lang='grc' dir='ltr'><strong>Λ</strong></span> <span class='ocrx_word' id='word_1_16' title='bbox 2075 477 2160 522; x_wconf 87' lang='lat' dir='ltr'><strong>est</strong></span> <span class='ocrx_word' id='word_1_17' title='bbox 2207 469 2350 523; x_wconf 88' lang='lat' dir='ltr'><strong>enim</strong></span> <span class='ocrx_word' id='word_1_18' title='bbox 2391 469 2526 540; x_wconf 81' lang='lat' dir='ltr'><strong>(lsa.</strong></span> <span class='ocrx_word' id='word_1_19' title='bbox 2561 470 2732 542; x_wconf 75' lang='lat' dir='ltr'><strong>xxix).</strong></span> <span class='ocrx_word' id='word_1_20' title='bbox 2768 490 2790 526; x_wconf 71' lang='grc' dir='ltr'><strong>ι</strong></span> <span class='ocrx_word' id='word_1_21' title='bbox 2823 470 2954 552; x_wconf 86' lang='lat' dir='ltr'><strong>Quis</strong></span> <span class='ocrx_word' id='word_1_22' title='bbox 2975 439 3124 530; x_wconf 85' lang='lat' dir='ltr'><strong>enim</strong></span> <span class='ocrx_word' id='word_1_23' title='bbox 3152 485 3236 531; x_wconf 83' lang='lat' dir='ltr'><strong>est</strong></span> <span class='ocrx_word' id='word_1_24' title='bbox 3281 476 3420 534; x_wconf 87' lang='lat' dir='ltr'><strong>lih‘er</strong></span> <span class='ocrx_word' id='word_1_25' title='bbox 3459 481 3573 537; x_wconf 64' lang='lat' dir='ltr'><strong>ille&#39;</strong></span> 
     </span>
    </p>
   </div>
   <div class='ocr_carea' id='block_1_4' title="bbox 397 548 1976 622">
    <p class='ocr_par' dir='ltr' id='par_1_4' title="bbox 397 548 1976 622">
     <span class='ocr_line' id='line_1_4' title="bbox 397 548 1976 622; baseline 0.006 -18"><span class='ocrx_word' id='word_1_26' title='bbox 397 551 670 604; x_wconf 87' lang='lat' dir='ltr'><strong>ciliamur.</strong></span> <span class='ocrx_word' id='word_1_27' title='bbox 718 548 775 603; x_wconf 91' lang='lat' dir='ltr'><strong>ln</strong></span> <span class='ocrx_word' id='word_1_28' title='bbox 805 550 1075 620; x_wconf 87' lang='lat' dir='ltr'><strong>baptismo</strong></span> <span class='ocrx_word' id='word_1_29' title='bbox 1103 552 1287 622; x_wconf 89' lang='lat' dir='ltr'><strong>itaque</strong></span> <span class='ocrx_word' id='word_1_30' title='bbox 1309 563 1394 608; x_wconf 91' lang='lat' dir='ltr'><strong>est</strong></span> <span class='ocrx_word' id='word_1_31' title='bbox 1419 566 1614 611; x_wconf 80' lang='lat' dir='ltr'><strong>nostra:</strong></span> <span class='ocrx_word' id='word_1_32' title='bbox 1639 560 1976 614; x_wconf 80' lang='lat' dir='ltr'><strong>ascensionis</strong></span> 
     </span>
    </p>
   </div>
   <div class='ocr_carea' id='block_1_5' title="bbox 399 639 1977 718">
    <p class='ocr_par' dir='ltr' id='par_1_5' title="bbox 399 639 1977 718">
     <span class='ocr_line' id='line_1_5' title="bbox 399 639 1977 718; baseline 0.004 -22"><span class='ocrx_word' id='word_1_33' title='bbox 399 639 635 704; x_wconf 90' lang='lat' dir='ltr'><strong>initium,</strong></span> <span class='ocrx_word' id='word_1_34' title='bbox 661 647 717 693; x_wconf 92' lang='lat' dir='ltr'><strong>et</strong></span> <span class='ocrx_word' id='word_1_35' title='bbox 756 640 834 694; x_wconf 91' lang='lat' dir='ltr'><strong>sic</strong></span> <span class='ocrx_word' id='word_1_36' title='bbox 862 643 929 694; x_wconf 89' lang='lat' dir='ltr'><strong>ad</strong></span> <span class='ocrx_word' id='word_1_37' title='bbox 959 643 1125 696; x_wconf 88' lang='lat' dir='ltr'><strong>Deum</strong></span> <span class='ocrx_word' id='word_1_38' title='bbox 1150 657 1180 695; x_wconf 91' lang='lat' dir='ltr'><strong>a</strong></span> <span class='ocrx_word' id='word_1_39' title='bbox 1213 644 1518 701; x_wconf 75' lang='lat' dir='ltr'><strong>viventibus</strong></span> <span class='ocrx_word' id='word_1_40' title='bbox 1544 649 1854 717; x_wconf 88' lang='lat' dir='ltr'><strong>pervenitur</strong></span> <span class='ocrx_word' id='word_1_41' title='bbox 1879 664 1977 718; x_wconf 90' lang='lat' dir='ltr'><strong>per</strong></span> 
     </span>
    </p>
   </div>
   <div class='ocr_carea' id='block_1_6' title="bbox 395 731 1178 800">
    <p class='ocr_par' dir='ltr' id='par_1_6' title="bbox 395 731 1178 800">
     <span class='ocr_line' id='line_1_6' title="bbox 395 731 1178 800; baseline 0.001 -13"><span class='ocrx_word' id='word_1_42' title='bbox 395 732 524 787; x_wconf 90' lang='lat' dir='ltr'><strong>boni</strong></span> <span class='ocrx_word' id='word_1_43' title='bbox 555 731 734 800; x_wconf 88' lang='lat' dir='ltr'><strong>operis</strong></span> <span class='ocrx_word' id='word_1_44' title='bbox 766 731 1178 800; x_wconf 76' lang='lat' dir='ltr'><strong>incrementum.</strong></span> 
     </span>
    </p>
   </div>
   <div class='ocr_carea' id='block_1_7' title="bbox 465 818 1974 898">
    <p class='ocr_par' dir='ltr' id='par_1_7' title="bbox 465 818 1974 898">
     <span class='ocr_line' id='line_1_7' title="bbox 465 818 1974 898; baseline 0.008 -24"><span class='ocrx_word' id='word_1_45' title='bbox 465 818 575 875; x_wconf 85' lang='lat' dir='ltr'><strong>Nec</strong></span> <span class='ocrx_word' id='word_1_46' title='bbox 617 822 1048 890; x_wconf 72' lang='lat' dir='ltr'><strong>prtelercundum</strong></span> <span class='ocrx_word' id='word_1_47' title='bbox 1088 825 1214 894; x_wconf 87' lang='lat' dir='ltr'><strong>quia</strong></span> <span class='ocrx_word' id='word_1_48' title='bbox 1248 842 1371 881; x_wconf 92' lang='lat' dir='ltr'><strong>cum</strong></span> <span class='ocrx_word' id='word_1_49' title='bbox 1416 826 1744 898; x_wconf 78' lang='lat' dir='ltr'><strong>Redemptor</strong></span> <span class='ocrx_word' id='word_1_50' title='bbox 1788 841 1974 886; x_wconf 86' lang='lat' dir='ltr'><strong>noster</strong></span> 
     </span>
    </p>
   </div>
   <div class='ocr_carea' id='block_1_8' title="bbox 398 915 1974 992">
    <p class='ocr_par' dir='ltr' id='par_1_8' title="bbox 398 915 1974 992">
     <span class='ocr_line' id='line_1_8' title="bbox 398 915 1974 992; baseline 0.01 -24"><span class='ocrx_word' id='word_1_51' title='bbox 398 929 558 968; x_wconf 89' lang='lat' dir='ltr'><strong>verus</strong></span> <span class='ocrx_word' id='word_1_52' title='bbox 591 915 774 983; x_wconf 82' lang='lat' dir='ltr'><strong>utique</strong></span> <span class='ocrx_word' id='word_1_53' title='bbox 799 915 870 992; x_wconf 84' lang='lat' dir='ltr'><strong>sit</strong></span> <span class='ocrx_word' id='word_1_54' title='bbox 896 932 987 970; x_wconf 81' lang='lat' dir='ltr'><strong>rex</strong></span> <span class='ocrx_word' id='word_1_55' title='bbox 1026 927 1080 972; x_wconf 89' lang='lat' dir='ltr'><strong>et</strong></span> <span class='ocrx_word' id='word_1_56' title='bbox 1112 923 1390 987; x_wconf 84' lang='lat' dir='ltr'><strong>sacerdos,</strong></span> <span class='ocrx_word' id='word_1_57' title='bbox 1427 924 1568 978; x_wconf 83' lang='lat' dir='ltr'><strong>sicut</strong></span> <span class='ocrx_word' id='word_1_58' title='bbox 1607 926 1665 978; x_wconf 86' lang='grc' dir='ltr'><strong>Β.</strong></span> <span class='ocrx_word' id='word_1_59' title='bbox 1694 926 1974 984; x_wconf 72' lang='lat' dir='ltr'><strong>Matthmus</strong></span> 
     </span>
    </p>
   </div>
   <div class='ocr_carea' id='block_1_9' title="bbox 397 1001 1973 1082">
    <p class='ocr_par' dir='ltr' id='par_1_9' title="bbox 397 1001 1973 1082">
     <span class='ocr_line' id='line_1_9' title="bbox 397 1001 1973 1082; baseline 0.011 -27"><span class='ocrx_word' id='word_1_60' title='bbox 397 1002 601 1070; x_wconf 84' lang='lat' dir='ltr'><strong>regiam</strong></span> <span class='ocrx_word' id='word_1_61' title='bbox 631 1001 749 1070; x_wconf 86' lang='lat' dir='ltr'><strong>ejus</strong></span> <span class='ocrx_word' id='word_1_62' title='bbox 791 1005 965 1080; x_wconf 77' lang='lat' dir='ltr'><strong>texuit</strong></span> <span class='ocrx_word' id='word_1_63' title='bbox 1019 1007 1372 1065; x_wconf 82' lang='lat' dir='ltr'><strong>describenda</strong></span> <span class='ocrx_word' id='word_1_64' title='bbox 1413 1015 1764 1082; x_wconf 82' lang='lat' dir='ltr'><strong>progeniem;</strong></span> <span class='ocrx_word' id='word_1_65' title='bbox 1819 1018 1898 1071; x_wconf 91' lang='lat' dir='ltr'><strong>sic</strong></span> <span class='ocrx_word' id='word_1_66' title='bbox 1943 1034 1973 1073; x_wconf 93' lang='lat' dir='ltr'><strong>c</strong></span> 
     </span>
    </p>
   </div>
   <div class='ocr_carea' id='block_1_10' title="bbox 331 1089 1969 1172">
    <p class='ocr_par' dir='ltr' id='par_1_10' title="bbox 331 1089 1969 1172">
     <span class='ocr_line' id='line_1_10' title="bbox 331 1089 1969 1172; baseline 0.012 -28"><span class='ocrx_word' id='word_1_67' title='bbox 331 1141 334 1144; x_wconf 82' lang='lat'><strong>.</strong></span> <span class='ocrx_word' id='word_1_68' title='bbox 392 1089 614 1172; x_wconf 69' lang='lat' dir='ltr'><strong>diverso</strong></span> <span class='ocrx_word' id='word_1_69' title='bbox 631 1089 805 1172; x_wconf 73' lang='lat' dir='ltr'><strong>Lucas</strong></span> <span class='ocrx_word' id='word_1_70' title='bbox 829 1095 1217 1172; x_wconf 75' lang='lat' dir='ltr'><strong>sacerdotalem</strong></span> <span class='ocrx_word' id='word_1_71' title='bbox 1257 1100 1459 1156; x_wconf 84' lang='lat' dir='ltr'><strong>indicat</strong></span> <span class='ocrx_word' id='word_1_72' title='bbox 1486 1118 1584 1172; x_wconf 83' lang='lat' dir='ltr'><strong>per</strong></span> <span class='ocrx_word' id='word_1_73' title='bbox 1608 1119 1821 1160; x_wconf 86' lang='lat' dir='ltr'><strong>omnem</strong></span> <span class='ocrx_word' id='word_1_74' title='bbox 1852 1117 1969 1162; x_wconf 71' lang='lat' dir='ltr'><strong>tex-</strong></span> 
     </span>
    </p>
   </div>
   <div class='ocr_carea' id='block_1_11' title="bbox 391 1157 1963 1257">
    <p class='ocr_par' dir='ltr' id='par_1_11' title="bbox 391 1157 1963 1257">
     <span class='ocr_line' id='line_1_11' title="bbox 391 1157 1963 1257; baseline 0.021 -47"><span class='ocrx_word' id='word_1_75' title='bbox 391 1164 506 1211; x_wconf 90' lang='lat' dir='ltr'><strong>tum</strong></span> <span class='ocrx_word' id='word_1_76' title='bbox 530 1157 615 1213; x_wconf 90' lang='lat' dir='ltr'><strong>sui</strong></span> <span class='ocrx_word' id='word_1_77' title='bbox 639 1159 934 1220; x_wconf 77' lang='lat' dir='ltr'><strong>voluminis</strong></span> <span class='ocrx_word' id='word_1_78' title='bbox 957 1167 1298 1235; x_wconf 89' lang='lat' dir='ltr'><strong>dignitatem.</strong></span> <span class='ocrx_word' id='word_1_79' title='bbox 1334 1173 1388 1229; x_wconf 93' lang='lat' dir='ltr'><strong>ln</strong></span> <span class='ocrx_word' id='word_1_80' title='bbox 1410 1157 1736 1238; x_wconf 59' lang='lat' dir='ltr'><strong>sacerdoiali</strong></span> 
     </span>
    </p>
   </div>
   <div class='ocr_carea' id='block_1_12' title="bbox 390 1247 1961 1337">
    <p class='ocr_par' dir='ltr' id='par_1_12' title="bbox 390 1247 1961 1337">
     <span class='ocr_line' id='line_1_12' title="bbox 390 1247 1961 1337; baseline 0.024 -38"><span class='ocrx_word' id='word_1_81' title='bbox 390 1247 715 1321; x_wconf 89' lang='lat' dir='ltr'><strong>plerumque</strong></span> <span class='ocrx_word' id='word_1_82' title='bbox 734 1263 984 1313; x_wconf 82' lang='lat' dir='ltr'><strong>versatur</strong></span> <span class='ocrx_word' id='word_1_83' title='bbox 1008 1259 1204 1330; x_wconf 81' lang='lat' dir='ltr'><strong>cilicio,</strong></span> <span class='ocrx_word' id='word_1_84' title='bbox 1226 1278 1279 1319; x_wconf 91' lang='lat' dir='ltr'><strong>et</strong></span> <span class='ocrx_word' id='word_1_85' title='bbox 1299 1267 1429 1323; x_wconf 89' lang='lat' dir='ltr'><strong>dum</strong></span> <span class='ocrx_word' id='word_1_86' title='bbox 1451 1270 1661 1328; x_wconf 84' lang='lat' dir='ltr'><strong>diversa</strong></span> <span class='ocrx_word' id='word_1_87' title='bbox 1694 1247 1961 1337; x_wconf 49' lang='lat' dir='ltr'><strong>Domini-ri</strong></span> 
     </span>
    </p>
   </div>
   <div class='ocr_carea' id='block_1_13' title="bbox 394 1341 1962 1432">
    <p class='ocr_par' dir='ltr' id='par_1_13' title="bbox 394 1341 1962 1432">
     <span class='ocr_line' id='line_1_13' title="bbox 394 1341 1962 1432; baseline 0.022 -39"><span class='ocrx_word' id='word_1_88' title='bbox 394 1341 573 1411; x_wconf 88' lang='lat' dir='ltr'><strong>operis</strong></span> <span class='ocrx_word' id='word_1_89' title='bbox 598 1353 747 1410; x_wconf 88' lang='lat' dir='ltr'><strong>gesta</strong></span> <span class='ocrx_word' id='word_1_90' title='bbox 779 1351 1064 1416; x_wconf 89' lang='lat' dir='ltr'><strong>percurrit,</strong></span> <span class='ocrx_word' id='word_1_91' title='bbox 1091 1353 1158 1407; x_wconf 92' lang='lat' dir='ltr'><strong>ab</strong></span> <span class='ocrx_word' id='word_1_92' title='bbox 1191 1355 1274 1410; x_wconf 91' lang='lat' dir='ltr'><strong>his</strong></span> <span class='ocrx_word' id='word_1_93' title='bbox 1302 1365 1482 1415; x_wconf 88' lang='lat' dir='ltr'><strong>tamen</strong></span> <span class='ocrx_word' id='word_1_94' title='bbox 1527 1378 1648 1432; x_wconf 72' lang='lat' dir='ltr'><strong>qua:</strong></span> <span class='ocrx_word' id='word_1_95' title='bbox 1676 1367 1744 1422; x_wconf 88' lang='lat' dir='ltr'><strong>ad</strong></span> <span class='ocrx_word' id='word_1_96' title='bbox 1777 1384 1962 1426; x_wconf 82' lang='lat' dir='ltr'><strong>sacer-</strong></span> 
     </span>
    </p>
   </div>
   <div class='ocr_carea' id='block_1_14' title="bbox 391 1430 1960 1520">
    <p class='ocr_par' dir='ltr' id='par_1_14' title="bbox 391 1430 1960 1520">
     <span class='ocr_line' id='line_1_14' title="bbox 391 1430 1960 1520; baseline 0.023 -35"><span class='ocrx_word' id='word_1_97' title='bbox 391 1430 594 1486; x_wconf 85' lang='lat' dir='ltr'><strong>dotium</strong></span> <span class='ocrx_word' id='word_1_98' title='bbox 624 1436 920 1505; x_wconf 80' lang='lat' dir='ltr'><strong>pertinent,</strong></span> <span class='ocrx_word' id='word_1_99' title='bbox 949 1457 1054 1497; x_wconf 90' lang='lat' dir='ltr'><strong>non</strong></span> <span class='ocrx_word' id='word_1_100' title='bbox 1081 1447 1306 1506; x_wconf 72' lang='lat' dir='ltr'><strong>recedit.</strong></span> <span class='ocrx_word' id='word_1_101' title='bbox 1333 1449 1495 1506; x_wconf 82' lang='lat' dir='ltr'><strong>Modo</strong></span> <span class='ocrx_word' id='word_1_102' title='bbox 1516 1430 1664 1511; x_wconf 81' lang='lat' dir='ltr'><strong>enim</strong></span> <span class='ocrx_word' id='word_1_103' title='bbox 1691 1463 1960 1520; x_wconf 80' lang='lat' dir='ltr'><strong>sacerdoti</strong></span> 
     </span>
    </p>
   </div>
   <div class='ocr_carea' id='block_1_15' title="bbox 388 1521 1962 1618">
    <p class='ocr_par' dir='ltr' id='par_1_15' title="bbox 388 1521 1962 1618">
     <span class='ocr_line' id='line_1_15' title="bbox 388 1521 1962 1618; baseline 0.025 -42"><span class='ocrx_word' id='word_1_104' title='bbox 388 1521 691 1592; x_wconf 81' lang='lat' dir='ltr'><strong>delegatum</strong></span> <span class='ocrx_word' id='word_1_105' title='bbox 719 1539 906 1584; x_wconf 84' lang='lat' dir='ltr'><strong>narrat</strong></span> <span class='ocrx_word' id='word_1_106' title='bbox 939 1532 1199 1606; x_wconf 79' lang='lat' dir='ltr'><strong>officium,</strong></span> <span class='ocrx_word' id='word_1_107' title='bbox 1229 1543 1389 1597; x_wconf 92' lang='lat' dir='ltr'><strong>modo</strong></span> <span class='ocrx_word' id='word_1_108' title='bbox 1426 1550 1764 1618; x_wconf 86' lang='lat' dir='ltr'><strong>progeniem,</strong></span> <span class='ocrx_word' id='word_1_109' title='bbox 1801 1561 1962 1616; x_wconf 88' lang='lat' dir='ltr'><strong>modo</strong></span> 
     </span>
    </p>
   </div>
   <div class='ocr_carea' id='block_1_16' title="bbox 387 1616 1960 1720">
    <p class='ocr_par' dir='ltr' id='par_1_16' title="bbox 387 1616 1960 1720">
     <span class='ocr_line' id='line_1_16' title="bbox 387 1616 1960 1720; baseline 0.022 -50"><span class='ocrx_word' id='word_1_110' title='bbox 387 1616 585 1684; x_wconf 78' lang='lat' dir='ltr'><strong>vicem,</strong></span> <span class='ocrx_word' id='word_1_111' title='bbox 626 1621 785 1676; x_wconf 88' lang='lat' dir='ltr'><strong>modo</strong></span> <span class='ocrx_word' id='word_1_112' title='bbox 823 1626 1171 1696; x_wconf 82' lang='lat' dir='ltr'><strong>sacrificium,</strong></span> <span class='ocrx_word' id='word_1_113' title='bbox 1214 1635 1374 1690; x_wconf 91' lang='lat' dir='ltr'><strong>modo</strong></span> <span class='ocrx_word' id='word_1_114' title='bbox 1405 1643 1646 1698; x_wconf 86' lang='lat' dir='ltr'><strong>nominat</strong></span> <span class='ocrx_word' id='word_1_115' title='bbox 1681 1651 1960 1720; x_wconf 83' lang='lat' dir='ltr'><strong>templum,</strong></span> 
     </span>
    </p>
   </div>
   <div class='ocr_carea' id='block_1_17' title="bbox 387 1712 1962 1800">
    <p class='ocr_par' dir='ltr' id='par_1_17' title="bbox 387 1712 1962 1800">
     <span class='ocr_line' id='line_1_17' title="bbox 387 1712 1962 1800; baseline 0.022 -36"><span class='ocrx_word' id='word_1_116' title='bbox 387 1718 586 1766; x_wconf 87' lang='lat' dir='ltr'><strong>etcum</strong></span> <span class='ocrx_word' id='word_1_117' title='bbox 612 1712 844 1782; x_wconf 90' lang='lat' dir='ltr'><strong>plurima</strong></span> <span class='ocrx_word' id='word_1_118' title='bbox 870 1716 1009 1774; x_wconf 91' lang='lat' dir='ltr'><strong>intra</strong></span> <span class='ocrx_word' id='word_1_119' title='bbox 1034 1736 1204 1779; x_wconf 85' lang='lat' dir='ltr'><strong>sacrae</strong></span> <span class='ocrx_word' id='word_1_120' title='bbox 1229 1727 1467 1786; x_wconf 68' lang='lat' dir='ltr'><strong>historia:</strong></span> <span class='ocrx_word' id='word_1_121' title='bbox 1485 1739 1682 1792; x_wconf 85' lang='lat' dir='ltr'><strong>seriem</strong></span> <span class='ocrx_word' id='word_1_122' title='bbox 1711 1712 1962 1800; x_wconf 54' lang='lat' dir='ltr'><strong>contere;</strong></span> 
     </span>
    </p>
   </div>
   <div class='ocr_carea' id='block_1_18' title="bbox 2075 559 3567 641">
    <p class='ocr_par' dir='ltr' id='par_1_18' title="bbox 2075 559 3567 641">
     <span class='ocr_line' id='line_1_18' title="bbox 2075 559 3567 641; baseline 0.01 -30"><span class='ocrx_word' id='word_1_123' title='bbox 2075 567 2290 628; x_wconf 89' lang='lat' dir='ltr'><strong>gnatus,</strong></span> <span class='ocrx_word' id='word_1_124' title='bbox 2317 559 2420 616; x_wconf 90' lang='lat' dir='ltr'><strong>nisi</strong></span> <span class='ocrx_word' id='word_1_125' title='bbox 2442 571 2689 616; x_wconf 86' lang='lat' dir='ltr'><strong>sanctum</strong></span> <span class='ocrx_word' id='word_1_126' title='bbox 2716 562 3065 634; x_wconf 87' lang='lat' dir='ltr'><strong>Evangelium</strong></span> <span class='ocrx_word' id='word_1_127' title='bbox 3092 567 3331 638; x_wconf 87' lang='lat' dir='ltr'><strong>mysticis</strong></span> <span class='ocrx_word' id='word_1_128' title='bbox 3367 571 3567 641; x_wconf 73' lang='lat' dir='ltr'><strong>figurat!</strong></span> 
     </span>
    </p>
   </div>
   <div class='ocr_carea' id='block_1_19' title="bbox 2073 649 3568 718">
    <p class='ocr_par' dir='ltr' id='par_1_19' title="bbox 2073 649 3568 718">
     <span class='ocr_line' id='line_1_19' title="bbox 2073 649 3568 718; baseline 0.007 -15"><span class='ocrx_word' id='word_1_129' title='bbox 2073 649 2361 716; x_wconf 88' lang='lat' dir='ltr'><strong>sententiis</strong></span> <span class='ocrx_word' id='word_1_130' title='bbox 2392 650 2724 718; x_wconf 83' lang='lat' dir='ltr'><strong>obvolutum,</strong></span> <span class='ocrx_word' id='word_1_131' title='bbox 2756 661 2812 708; x_wconf 90' lang='lat' dir='ltr'><strong>et</strong></span> <span class='ocrx_word' id='word_1_132' title='bbox 2839 655 2907 708; x_wconf 88' lang='lat' dir='ltr'><strong>ab</strong></span> <span class='ocrx_word' id='word_1_133' title='bbox 2935 654 3182 710; x_wconf 72' lang='lat' dir='ltr'><strong>humana:</strong></span> <span class='ocrx_word' id='word_1_134' title='bbox 3223 659 3421 714; x_wconf 89' lang='lat' dir='ltr'><strong>mentis</strong></span> <span class='ocrx_word' id='word_1_135' title='bbox 3459 662 3568 716; x_wconf 83' lang='lat' dir='ltr'><strong>im.-</strong></span> 
     </span>
    </p>
   </div>
   <div class='ocr_carea' id='block_1_20' title="bbox 2071 741 3568 818">
    <p class='ocr_par' dir='ltr' id='par_1_20' title="bbox 2071 741 3568 818">
     <span class='ocr_line' id='line_1_20' title="bbox 2071 741 3568 818; baseline 0.008 -25"><span class='ocrx_word' id='word_1_136' title='bbox 2071 741 2254 809; x_wconf 85' lang='lat' dir='ltr'><strong>gentia</strong></span> <span class='ocrx_word' id='word_1_137' title='bbox 2280 742 2464 809; x_wconf 90' lang='lat' dir='ltr'><strong>procul</strong></span> <span class='ocrx_word' id='word_1_138' title='bbox 2492 758 2692 798; x_wconf 89' lang='lat' dir='ltr'><strong>arcana</strong></span> <span class='ocrx_word' id='word_1_139' title='bbox 2712 746 2944 814; x_wconf 90' lang='lat' dir='ltr'><strong>quadam</strong></span> <span class='ocrx_word' id='word_1_140' title='bbox 2967 745 3332 818; x_wconf 81' lang='lat' dir='ltr'><strong>profunditate</strong></span> <span class='ocrx_word' id='word_1_141' title='bbox 3356 743 3568 807; x_wconf 68' lang='lat' dir='ltr'><strong>remot?</strong></span> 
     </span>
    </p>
   </div>
   <div class='ocr_carea' id='block_1_21' title="bbox 2072 828 3562 906">
    <p class='ocr_par' dir='ltr' id='par_1_21' title="bbox 2072 828 3562 906">
     <span class='ocr_line' id='line_1_21' title="bbox 2072 828 3562 906; baseline 0.01 -25"><span class='ocrx_word' id='word_1_142' title='bbox 2072 828 2174 883; x_wconf 91' lang='lat' dir='ltr'><strong>Hie</strong></span> <span class='ocrx_word' id='word_1_143' title='bbox 2196 829 2438 899; x_wconf 87' lang='lat' dir='ltr'><strong>profecto</strong></span> <span class='ocrx_word' id='word_1_144' title='bbox 2461 830 2599 887; x_wconf 87' lang='lat' dir='ltr'><strong>liber</strong></span> <span class='ocrx_word' id='word_1_145' title='bbox 2621 833 2709 888; x_wconf 91' lang='lat' dir='ltr'><strong>ille</strong></span> <span class='ocrx_word' id='word_1_146' title='bbox 2731 844 2834 901; x_wconf 89' lang='lat' dir='ltr'><strong>est,</strong></span> <span class='ocrx_word' id='word_1_147' title='bbox 2859 835 2927 890; x_wconf 89' lang='lat' dir='ltr'><strong>de</strong></span> <span class='ocrx_word' id='word_1_148' title='bbox 2946 851 3055 906; x_wconf 91' lang='lat' dir='ltr'><strong>quo</strong></span> <span class='ocrx_word' id='word_1_149' title='bbox 3077 837 3314 894; x_wconf 83' lang='lat' dir='ltr'><strong>Joannes</strong></span> <span class='ocrx_word' id='word_1_150' title='bbox 3341 841 3412 895; x_wconf 88' lang='lat' dir='ltr'><strong>ait</strong></span> <span class='ocrx_word' id='word_1_151' title='bbox 3440 859 3452 896; x_wconf 94' lang='lat'>:</span> <span class='ocrx_word' id='word_1_152' title='bbox 3482 833 3562 895; x_wconf 68' lang='grc' dir='ltr'><em>ειη</em></span> 
     </span>
    </p>
   </div>
   <div class='ocr_carea' id='block_1_22' title="bbox 2074 918 3560 1000">
    <p class='ocr_par' dir='ltr' id='par_1_22' title="bbox 2074 918 3560 1000">
     <span class='ocr_line' id='line_1_22' title="bbox 2074 918 3560 1000; baseline 0.01 -30"><span class='ocrx_word' id='word_1_153' title='bbox 2074 918 2124 972; x_wconf 90' lang='lat' dir='ltr'><strong>in</strong></span> <span class='ocrx_word' id='word_1_154' title='bbox 2157 919 2376 974; x_wconf 88' lang='lat' dir='ltr'><strong>dextera</strong></span> <span class='ocrx_word' id='word_1_155' title='bbox 2410 922 2650 992; x_wconf 79' lang='lat' dir='ltr'><strong>sedentis</strong></span> <span class='ocrx_word' id='word_1_156' title='bbox 2687 938 2848 994; x_wconf 87' lang='lat' dir='ltr'><strong>supra</strong></span> <span class='ocrx_word' id='word_1_157' title='bbox 2882 925 3134 997; x_wconf 86' lang='lat' dir='ltr'><strong>thronum</strong></span> <span class='ocrx_word' id='word_1_158' title='bbox 3167 927 3361 982; x_wconf 90' lang='lat' dir='ltr'><strong>librum</strong></span> <span class='ocrx_word' id='word_1_159' title='bbox 3389 931 3560 1000; x_wconf 61' lang='lat' dir='ltr'><strong>scrin!</strong></span> 
     </span>
    </p>
   </div>
   <div class='ocr_carea' id='block_1_23' title="bbox 2055 1009 3553 1091">
    <p class='ocr_par' dir='ltr' id='par_1_23' title="bbox 2055 1009 3553 1091">
     <span class='ocr_line' id='line_1_23' title="bbox 2055 1009 3553 1091; baseline 0.009 -29"><span class='ocrx_word' id='word_1_160' title='bbox 2055 1009 2236 1077; x_wconf 79' lang='lat' dir='ltr'><strong>intus,</strong></span> <span class='ocrx_word' id='word_1_161' title='bbox 2264 1023 2318 1066; x_wconf 91' lang='lat' dir='ltr'><strong>et</strong></span> <span class='ocrx_word' id='word_1_162' title='bbox 2341 1012 2493 1079; x_wconf 87' lang='lat' dir='ltr'><strong>foris,</strong></span> <span class='ocrx_word' id='word_1_163' title='bbox 2527 1016 2800 1086; x_wconf 90' lang='lat' dir='ltr'><strong>signatum</strong></span> <span class='ocrx_word' id='word_1_164' title='bbox 2830 1015 3020 1087; x_wconf 79' lang='lat' dir='ltr'><strong>sigillis</strong></span> <span class='ocrx_word' id='word_1_165' title='bbox 3046 1026 3253 1087; x_wconf 77' lang='lat' dir='ltr'><strong>septem</strong></span> <span class='ocrx_word' id='word_1_166' title='bbox 3283 1020 3492 1091; x_wconf 80' lang='lat' dir='ltr'><strong>(Apoc.-</strong></span> <span class='ocrx_word' id='word_1_167' title='bbox 3532 1029 3553 1064; x_wconf 75' lang='grc' dir='ltr'><strong>ι</strong></span> 
     </span>
    </p>
   </div>
   <div class='ocr_carea' id='block_1_24' title="bbox 2069 1098 3562 1183">
    <p class='ocr_par' dir='ltr' id='par_1_24' title="bbox 2069 1098 3562 1183">
     <span class='ocr_line' id='line_1_24' title="bbox 2069 1098 3562 1183; baseline 0.008 -31"><span class='ocrx_word' id='word_1_168' title='bbox 2069 1098 2198 1164; x_wconf 71' lang='lat' dir='ltr'><strong>Quae</strong></span> <span class='ocrx_word' id='word_1_169' title='bbox 2249 1111 2377 1156; x_wconf 88' lang='lat' dir='ltr'><strong>sunt</strong></span> <span class='ocrx_word' id='word_1_170' title='bbox 2422 1113 2603 1158; x_wconf 90' lang='lat' dir='ltr'><strong>autem</strong></span> <span class='ocrx_word' id='word_1_171' title='bbox 2649 1105 2822 1176; x_wconf 87' lang='lat' dir='ltr'><strong>sigilla</strong></span> <span class='ocrx_word' id='word_1_172' title='bbox 2849 1145 2866 1173; x_wconf 87' lang='lat'><strong>,</strong></span> <span class='ocrx_word' id='word_1_173' title='bbox 2912 1107 3108 1176; x_wconf 87' lang='lat' dir='ltr'><strong>quibus</strong></span> <span class='ocrx_word' id='word_1_174' title='bbox 3142 1109 3279 1164; x_wconf 89' lang='lat' dir='ltr'><strong>liber</strong></span> <span class='ocrx_word' id='word_1_175' title='bbox 3306 1115 3562 1183; x_wconf 68' lang='lat' dir='ltr'><strong>evaan</strong></span> 
     </span>
    </p>
   </div>
   <div class='ocr_carea' id='block_1_25' title="bbox 2068 1192 3559 1268">
    <p class='ocr_par' dir='ltr' id='par_1_25' title="bbox 2068 1192 3559 1268">
     <span class='ocr_line' id='line_1_25' title="bbox 2068 1192 3559 1268; baseline 0.009 -24"><span class='ocrx_word' id='word_1_176' title='bbox 2068 1192 2385 1263; x_wconf 87' lang='lat' dir='ltr'><strong>obsignatus</strong></span> <span class='ocrx_word' id='word_1_177' title='bbox 2413 1195 2628 1262; x_wconf 90' lang='lat' dir='ltr'><strong>dicitur,</strong></span> <span class='ocrx_word' id='word_1_178' title='bbox 2663 1199 2764 1252; x_wconf 88' lang='lat' dir='ltr'><strong>nisi</strong></span> <span class='ocrx_word' id='word_1_179' title='bbox 2787 1209 2993 1268; x_wconf 86' lang='lat' dir='ltr'><strong>septem</strong></span> <span class='ocrx_word' id='word_1_180' title='bbox 3024 1201 3116 1255; x_wconf 83' lang='lat' dir='ltr'><strong>illa</strong></span> <span class='ocrx_word' id='word_1_181' title='bbox 3141 1194 3559 1265; x_wconf 75' lang='lat' dir='ltr'><strong>sacramenulli-</strong></span> 
     </span>
    </p>
   </div>
   <div class='ocr_carea' id='block_1_26' title="bbox 2067 1281 3556 1363">
    <p class='ocr_par' dir='ltr' id='par_1_26' title="bbox 2067 1281 3556 1363">
     <span class='ocr_line' id='line_1_26' title="bbox 2067 1281 3556 1363; baseline 0.01 -27"><span class='ocrx_word' id='word_1_182' title='bbox 2067 1281 2170 1337; x_wconf 87' lang='lat' dir='ltr'><strong>hus</strong></span> <span class='ocrx_word' id='word_1_183' title='bbox 2197 1284 2380 1354; x_wconf 89' lang='lat' dir='ltr'><strong>utique</strong></span> <span class='ocrx_word' id='word_1_184' title='bbox 2417 1295 2564 1342; x_wconf 91' lang='lat' dir='ltr'><strong>totus</strong></span> <span class='ocrx_word' id='word_1_185' title='bbox 2600 1290 2734 1343; x_wconf 87' lang='lat' dir='ltr'><strong>ordo</strong></span> <span class='ocrx_word' id='word_1_186' title='bbox 2766 1290 3056 1347; x_wconf 76' lang='lat' dir='ltr'><strong>Dominica:</strong></span> <span class='ocrx_word' id='word_1_187' title='bbox 3089 1286 3556 1363; x_wconf 72' lang='lat' dir='ltr'><strong>dispensationi&quot;!-</strong></span> 
     </span>
    </p>
   </div>
   <div class='ocr_carea' id='block_1_27' title="bbox 2067 1371 3559 1456">
    <p class='ocr_par' dir='ltr' id='par_1_27' title="bbox 2067 1371 3559 1456">
     <span class='ocr_line' id='line_1_27' title="bbox 2067 1371 3559 1456; baseline 0.014 -33"><span class='ocrx_word' id='word_1_188' title='bbox 2067 1371 2284 1440; x_wconf 87' lang='lat' dir='ltr'><strong>pletnr?</strong></span> <span class='ocrx_word' id='word_1_189' title='bbox 2321 1374 2568 1430; x_wconf 87' lang='lat' dir='ltr'><strong>videlicet</strong></span> <span class='ocrx_word' id='word_1_190' title='bbox 2592 1376 2892 1432; x_wconf 88' lang='lat' dir='ltr'><strong>incarnatio</strong></span> <span class='ocrx_word' id='word_1_191' title='bbox 2919 1381 3151 1444; x_wconf 85' lang='lat' dir='ltr'><strong>Domini,</strong></span> <span class='ocrx_word' id='word_1_192' title='bbox 3183 1384 3559 1456; x_wconf 56' lang='lat' dir='ltr'><strong>nativitadias‘</strong></span> 
     </span>
    </p>
   </div>
   <div class='ocr_carea' id='block_1_28' title="bbox 2065 1461 3558 1545">
    <p class='ocr_par' dir='ltr' id='par_1_28' title="bbox 2065 1461 3558 1545">
     <span class='ocr_line' id='line_1_28' title="bbox 2065 1461 3558 1545; baseline 0.011 -29"><span class='ocrx_word' id='word_1_193' title='bbox 2065 1461 2168 1528; x_wconf 90' lang='lat' dir='ltr'><strong>sio,</strong></span> <span class='ocrx_word' id='word_1_194' title='bbox 2200 1465 2552 1531; x_wconf 89' lang='lat' dir='ltr'><strong>resurrectio,</strong></span> <span class='ocrx_word' id='word_1_195' title='bbox 2579 1467 2642 1521; x_wconf 91' lang='lat' dir='ltr'><strong>ad</strong></span> <span class='ocrx_word' id='word_1_196' title='bbox 2674 1469 2841 1524; x_wconf 75' lang='lat' dir='ltr'><strong>ctelos</strong></span> <span class='ocrx_word' id='word_1_197' title='bbox 2862 1473 3127 1536; x_wconf 82' lang='lat' dir='ltr'><strong>ascensio,</strong></span> <span class='ocrx_word' id='word_1_198' title='bbox 3150 1474 3341 1529; x_wconf 87' lang='lat' dir='ltr'><strong>deinde</strong></span> <span class='ocrx_word' id='word_1_199' title='bbox 3358 1468 3558 1545; x_wconf 67' lang='lat' dir='ltr'><strong>juium.</strong></span> 
     </span>
    </p>
   </div>
   <div class='ocr_carea' id='block_1_29' title="bbox 2063 1558 3562 1630">
    <p class='ocr_par' dir='ltr' id='par_1_29' title="bbox 2063 1558 3562 1630">
     <span class='ocr_line' id='line_1_29' title="bbox 2063 1558 3562 1630; baseline 0.009 -22"><span class='ocrx_word' id='word_1_200' title='bbox 2063 1562 2339 1621; x_wconf 87' lang='lat' dir='ltr'><strong>postremo</strong></span> <span class='ocrx_word' id='word_1_201' title='bbox 2370 1559 2635 1627; x_wconf 85' lang='lat' dir='ltr'><strong>regnum?</strong></span> <span class='ocrx_word' id='word_1_202' title='bbox 2666 1559 2761 1615; x_wconf 90' lang='lat' dir='ltr'><strong>His</strong></span> <span class='ocrx_word' id='word_1_203' title='bbox 2787 1561 2970 1630; x_wconf 88' lang='lat' dir='ltr'><strong>itaque</strong></span> <span class='ocrx_word' id='word_1_204' title='bbox 2996 1564 3187 1630; x_wconf 73' lang='lat' dir='ltr'><strong>sigillis</strong></span> <span class='ocrx_word' id='word_1_205' title='bbox 3210 1565 3346 1620; x_wconf 91' lang='lat' dir='ltr'><strong>liber</strong></span> <span class='ocrx_word' id='word_1_206' title='bbox 3377 1558 3562 1629; x_wconf 67' lang='lat' dir='ltr'><strong>etgcli-</strong></span> 
     </span>
    </p>
   </div>
   <div class='ocr_carea' id='block_1_30' title="bbox 2064 1643 3559 1724">
    <p class='ocr_par' dir='ltr' id='par_1_30' title="bbox 2064 1643 3559 1724">
     <span class='ocr_line' id='line_1_30' title="bbox 2064 1643 3559 1724; baseline 0.011 -28"><span class='ocrx_word' id='word_1_207' title='bbox 2064 1657 2163 1698; x_wconf 90' lang='lat' dir='ltr'><strong>cus</strong></span> <span class='ocrx_word' id='word_1_208' title='bbox 2189 1643 2262 1698; x_wconf 88' lang='lat' dir='ltr'><strong>ita</strong></span> <span class='ocrx_word' id='word_1_209' title='bbox 2289 1646 2534 1715; x_wconf 88' lang='lat' dir='ltr'><strong>signatus</strong></span> <span class='ocrx_word' id='word_1_210' title='bbox 2559 1658 2663 1715; x_wconf 89' lang='lat' dir='ltr'><strong>est,</strong></span> <span class='ocrx_word' id='word_1_211' title='bbox 2698 1659 2756 1704; x_wconf 92' lang='lat' dir='ltr'><strong>ut</strong></span> <span class='ocrx_word' id='word_1_212' title='bbox 2778 1651 2879 1704; x_wconf 89' lang='lat' dir='ltr'><strong>nisi</strong></span> <span class='ocrx_word' id='word_1_213' title='bbox 2905 1667 3026 1707; x_wconf 91' lang='lat' dir='ltr'><strong>eum</strong></span> <span class='ocrx_word' id='word_1_214' title='bbox 3050 1653 3299 1710; x_wconf 88' lang='lat' dir='ltr'><strong>Christus</strong></span> <span class='ocrx_word' id='word_1_215' title='bbox 3320 1648 3559 1724; x_wconf 50' lang='lat' dir='ltr'><strong>apti-fisci.</strong></span> 
     </span>
    </p>
   </div>
   <div class='ocr_carea' id='block_1_31' title="bbox 2063 1730 3561 1810">
    <p class='ocr_par' dir='ltr' id='par_1_31' title="bbox 2063 1730 3561 1810">
     <span class='ocr_line' id='line_1_31' title="bbox 2063 1730 3561 1810; baseline 0.016 -27"><span class='ocrx_word' id='word_1_216' title='bbox 2063 1730 2286 1787; x_wconf 91' lang='lat' dir='ltr'><strong>cuil.bet</strong></span> <span class='ocrx_word' id='word_1_217' title='bbox 2313 1735 2532 1790; x_wconf 90' lang='lat' dir='ltr'><strong>omnino</strong></span> <span class='ocrx_word' id='word_1_218' title='bbox 2567 1747 2752 1804; x_wconf 86' lang='lat' dir='ltr'><strong>patere</strong></span> <span class='ocrx_word' id='word_1_219' title='bbox 2784 1756 2890 1794; x_wconf 89' lang='lat' dir='ltr'><strong>non</strong></span> <span class='ocrx_word' id='word_1_220' title='bbox 2921 1751 3127 1810; x_wconf 86' lang='lat' dir='ltr'><strong>posset.</strong></span> <span class='ocrx_word' id='word_1_221' title='bbox 3171 1743 3322 1798; x_wconf 89' lang='lat' dir='ltr'><strong>Unde</strong></span> <span class='ocrx_word' id='word_1_222' title='bbox 3367 1734 3561 1806; x_wconf 69' lang='lat' dir='ltr'><strong>suasi-</strong></span> 
     </span>
    </p>
   </div>
   <div class='ocr_carea' id='block_1_32' title="bbox 389 1801 3558 1903">
    <p class='ocr_par' dir='ltr' id='par_1_32' title="bbox 389 1801 3558 1903">
     <span class='ocr_line' id='line_1_32' title="bbox 389 1801 3558 1903; baseline 0.011 -47"><span class='ocrx_word' id='word_1_223' title='bbox 389 1801 608 1872; x_wconf 89' lang='lat' dir='ltr'><strong>hendat,</strong></span> <span class='ocrx_word' id='word_1_224' title='bbox 669 1807 965 1867; x_wconf 88' lang='lat' dir='ltr'><strong>intentione</strong></span> <span class='ocrx_word' id='word_1_225' title='bbox 1016 1825 1219 1886; x_wconf 89' lang='lat' dir='ltr'><strong>tamen,</strong></span> <span class='ocrx_word' id='word_1_226' title='bbox 1287 1837 1392 1892; x_wconf 90' lang='lat' dir='ltr'><strong>qua</strong></span> <span class='ocrx_word' id='word_1_227' title='bbox 1441 1841 1701 1897; x_wconf 64' lang='lat' dir='ltr'><strong>ceperat,</strong></span> <span class='ocrx_word' id='word_1_228' title='bbox 1753 1849 1963 1903; x_wconf 57' lang='lat' dir='ltr'><strong>prose-</strong></span> <span class='ocrx_word' id='word_1_229' title='bbox 1991 1821 2034 1878; x_wconf 84' lang='grc' dir='ltr'><strong>Β</strong></span> <span class='ocrx_word' id='word_1_230' title='bbox 2064 1828 2192 1873; x_wconf 88' lang='lat' dir='ltr'><strong>tur:</strong></span> <span class='ocrx_word' id='word_1_231' title='bbox 2225 1841 2244 1872; x_wconf 74' lang='grc' dir='ltr'><strong>ι</strong></span> <span class='ocrx_word' id='word_1_232' title='bbox 2281 1822 2421 1878; x_wconf 87' lang='lat' dir='ltr'><strong>Ecce</strong></span> <span class='ocrx_word' id='word_1_233' title='bbox 2468 1801 2595 1880; x_wconf 78' lang='lat' dir='ltr'><strong>vicit</strong></span> <span class='ocrx_word' id='word_1_234' title='bbox 2636 1825 2720 1880; x_wconf 91' lang='lat' dir='ltr'><strong>leo</strong></span> <span class='ocrx_word' id='word_1_235' title='bbox 2763 1827 2829 1883; x_wconf 91' lang='lat' dir='ltr'><strong>de</strong></span> <span class='ocrx_word' id='word_1_236' title='bbox 2871 1801 3012 1884; x_wconf 82' lang='lat' dir='ltr'><strong>tribu</strong></span> <span class='ocrx_word' id='word_1_237' title='bbox 3061 1829 3232 1898; x_wconf 81' lang='lat' dir='ltr'><strong>Juda,</strong></span> <span class='ocrx_word' id='word_1_238' title='bbox 3267 1825 3558 1892; x_wconf 56' lang='lat' dir='ltr'><strong>radi’ai&#39;ido</strong></span> 
     </span>
    </p>
   </div>
   <div class='ocr_carea' id='block_1_33' title="bbox 388 1897 1960 1992">
    <p class='ocr_par' dir='ltr' id='par_1_33' title="bbox 388 1897 1960 1992">
     <span class='ocr_line' id='line_1_33' title="bbox 388 1897 1960 1992; baseline 0.026 -44"><span class='ocrx_word' id='word_1_239' title='bbox 388 1897 584 1964; x_wconf 88' lang='lat' dir='ltr'><strong>quendi</strong></span> <span class='ocrx_word' id='word_1_240' title='bbox 623 1902 910 1960; x_wconf 88' lang='lat' dir='ltr'><strong>sacerdotii</strong></span> <span class='ocrx_word' id='word_1_241' title='bbox 944 1923 1278 1980; x_wconf 77' lang='lat' dir='ltr'><strong>perseverat.</strong></span> <span class='ocrx_word' id='word_1_242' title='bbox 1309 1917 1443 1975; x_wconf 85' lang='lat' dir='ltr'><strong>Nam</strong></span> <span class='ocrx_word' id='word_1_243' title='bbox 1480 1924 1597 1992; x_wconf 89' lang='lat' dir='ltr'><strong>ipso</strong></span> <span class='ocrx_word' id='word_1_244' title='bbox 1617 1943 1732 1984; x_wconf 70' lang='lat' dir='ltr'><strong>sum</strong></span> <span class='ocrx_word' id='word_1_245' title='bbox 1753 1897 1960 1988; x_wconf 71' lang='lat' dir='ltr'><strong>narra-</strong></span> 
     </span>
    </p>
   </div>
   <div class='ocr_carea' id='block_1_34' title="bbox 390 1985 1960 2077">
    <p class='ocr_par' dir='ltr' id='par_1_34' title="bbox 390 1985 1960 2077">
     <span class='ocr_line' id='line_1_34' title="bbox 390 1985 1960 2077; baseline 0.026 -40"><span class='ocrx_word' id='word_1_246' title='bbox 390 1985 553 2042; x_wconf 90' lang='lat' dir='ltr'><strong>tionis</strong></span> <span class='ocrx_word' id='word_1_247' title='bbox 578 1987 734 2047; x_wconf 90' lang='lat' dir='ltr'><strong>initio</strong></span> <span class='ocrx_word' id='word_1_248' title='bbox 769 1996 849 2049; x_wconf 91' lang='lat' dir='ltr'><strong>sic</strong></span> <span class='ocrx_word' id='word_1_249' title='bbox 877 2012 1104 2057; x_wconf 80' lang='lat' dir='ltr'><strong>exorsus</strong></span> <span class='ocrx_word' id='word_1_250' title='bbox 1143 2015 1249 2071; x_wconf 88' lang='lat' dir='ltr'><strong>est,</strong></span> <span class='ocrx_word' id='word_1_251' title='bbox 1282 2009 1468 2066; x_wconf 90' lang='lat' dir='ltr'><strong>dicens</strong></span> <span class='ocrx_word' id='word_1_252' title='bbox 1608 2015 1732 2072; x_wconf 77' lang='lat' dir='ltr'><strong>Fuit</strong></span> <span class='ocrx_word' id='word_1_253' title='bbox 1757 1985 1960 2077; x_wconf 71' lang='lat' dir='ltr'><strong>indie-</strong></span> 
     </span>
    </p>
   </div>
   <div class='ocr_carea' id='block_1_35' title="bbox 389 2076 1961 2177">
    <p class='ocr_par' dir='ltr' id='par_1_35' title="bbox 389 2076 1961 2177">
     <span class='ocr_line' id='line_1_35' title="bbox 389 2076 1961 2177; baseline 0.027 -46"><span class='ocrx_word' id='word_1_254' title='bbox 389 2076 752 2177; x_wconf 34' lang='lat' dir='ltr'><strong>hus-Herodis</strong></span> <span class='ocrx_word' id='word_1_255' title='bbox 783 2090 925 2158; x_wconf 87' lang='lat' dir='ltr'><strong>regis</strong></span> <span class='ocrx_word' id='word_1_256' title='bbox 951 2091 1152 2150; x_wconf 66' lang='lat' dir='ltr'><strong>Judaaze</strong></span> <span class='ocrx_word' id='word_1_257' title='bbox 1190 2105 1444 2161; x_wconf 87' lang='lat' dir='ltr'><strong>sacerdos</strong></span> <span class='ocrx_word' id='word_1_258' title='bbox 1470 2109 1718 2177; x_wconf 89' lang='lat' dir='ltr'><strong>quidam,</strong></span> <span class='ocrx_word' id='word_1_259' title='bbox 1739 2117 1961 2172; x_wconf 88' lang='lat' dir='ltr'><strong>nomine</strong></span> 
     </span>
    </p>
   </div>
   <div class='ocr_carea' id='block_1_36' title="bbox 387 2168 1949 2267">
    <p class='ocr_par' dir='ltr' id='par_1_36' title="bbox 387 2168 1949 2267">
     <span class='ocr_line' id='line_1_36' title="bbox 387 2168 1949 2267; baseline 0.026 -43"><span class='ocrx_word' id='word_1_260' title='bbox 387 2168 698 2267; x_wconf 61' lang='lat' dir='ltr'><strong>Zacharias,</strong></span> <span class='ocrx_word' id='word_1_261' title='bbox 736 2179 804 2238; x_wconf 84' lang='lat' dir='ltr'><strong>de</strong></span> <span class='ocrx_word' id='word_1_262' title='bbox 833 2181 952 2240; x_wconf 89' lang='lat' dir='ltr'><strong>vice</strong></span> <span class='ocrx_word' id='word_1_263' title='bbox 993 2187 1152 2256; x_wconf 82' lang='lat' dir='ltr'><strong>Abia,</strong></span> <span class='ocrx_word' id='word_1_264' title='bbox 1186 2203 1240 2248; x_wconf 93' lang='lat' dir='ltr'><strong>et</strong></span> <span class='ocrx_word' id='word_1_265' title='bbox 1275 2212 1412 2252; x_wconf 82' lang='lat' dir='ltr'><strong>uxor</strong></span> <span class='ocrx_word' id='word_1_266' title='bbox 1449 2168 1598 2257; x_wconf 78' lang='lat' dir='ltr'><strong>illius</strong></span> <span class='ocrx_word' id='word_1_267' title='bbox 1625 2168 1715 2260; x_wconf 36' lang='lat' dir='ltr'><strong>de.</strong></span> <span class='ocrx_word' id='word_1_268' title='bbox 1736 2168 1949 2267; x_wconf 69' lang='lat' dir='ltr'><strong>filiabus</strong></span> 
     </span>
    </p>
   </div>
   <div class='ocr_carea' id='block_1_37' title="bbox 385 2265 1957 2356">
    <p class='ocr_par' dir='ltr' id='par_1_37' title="bbox 385 2265 1957 2356">
     <span class='ocr_line' id='line_1_37' title="bbox 385 2265 1957 2356; baseline 0.024 -37"><span class='ocrx_word' id='word_1_269' title='bbox 385 2265 566 2324; x_wconf 63' lang='lat' dir='ltr'><strong>Aaron</strong></span> <span class='ocrx_word' id='word_1_270' title='bbox 591 2269 745 2340; x_wconf 75' lang='lat' dir='ltr'><strong>(Luc.</strong></span> <span class='ocrx_word' id='word_1_271' title='bbox 779 2275 855 2344; x_wconf 84' lang='grc'><strong>1).</strong></span> <span class='ocrx_word' id='word_1_272' title='bbox 885 2297 903 2328; x_wconf 73' lang='grc' dir='ltr'><strong>ι</strong></span> <span class='ocrx_word' id='word_1_273' title='bbox 934 2277 1139 2338; x_wconf 74' lang='lat' dir='ltr'><strong>Deinde</strong></span> <span class='ocrx_word' id='word_1_274' title='bbox 1156 2283 1334 2355; x_wconf 90' lang='lat' dir='ltr'><strong>ipsum</strong></span> <span class='ocrx_word' id='word_1_275' title='bbox 1372 2293 1702 2350; x_wconf 84' lang='lat' dir='ltr'><strong>sacerdotem</strong></span> <span class='ocrx_word' id='word_1_276' title='bbox 1727 2300 1793 2353; x_wconf 79' lang='lat' dir='ltr'><strong>ad</strong></span> <span class='ocrx_word' id='word_1_277' title='bbox 1821 2265 1957 2356; x_wconf 71' lang='lat' dir='ltr'><strong>ado-</strong></span> 
     </span>
    </p>
   </div>
   <div class='ocr_carea' id='block_1_38' title="bbox 387 2361 1956 2450">
    <p class='ocr_par' dir='ltr' id='par_1_38' title="bbox 387 2361 1956 2450">
     <span class='ocr_line' id='line_1_38' title="bbox 387 2361 1956 2450; baseline 0.023 -35"><span class='ocrx_word' id='word_1_278' title='bbox 387 2361 603 2416; x_wconf 82' lang='lat' dir='ltr'><strong>lendum</strong></span> <span class='ocrx_word' id='word_1_279' title='bbox 639 2377 766 2422; x_wconf 85' lang='lat' dir='ltr'><strong>ante</strong></span> <span class='ocrx_word' id='word_1_280' title='bbox 793 2369 960 2428; x_wconf 86' lang='lat' dir='ltr'><strong>altare</strong></span> <span class='ocrx_word' id='word_1_281' title='bbox 980 2375 1306 2434; x_wconf 88' lang='lat' dir='ltr'><strong>sacrificium</strong></span> <span class='ocrx_word' id='word_1_282' title='bbox 1342 2386 1552 2439; x_wconf 89' lang='lat' dir='ltr'><strong>statuit.</strong></span> <span class='ocrx_word' id='word_1_283' title='bbox 1602 2385 1956 2450; x_wconf 87' lang='lat' dir='ltr'><strong>Postmodum</strong></span> 
     </span>
    </p>
   </div>
   <div class='ocr_carea' id='block_1_39' title="bbox 385 2461 1958 2556">
    <p class='ocr_par' dir='ltr' id='par_1_39' title="bbox 385 2461 1958 2556">
     <span class='ocr_line' id='line_1_39' title="bbox 385 2461 1958 2556; baseline 0.022 -50"><span class='ocrx_word' id='word_1_284' title='bbox 385 2469 603 2556; x_wconf 80' lang='lat' dir='ltr'><strong>quoque</strong></span> <span class='ocrx_word' id='word_1_285' title='bbox 620 2461 948 2556; x_wconf 87' lang='lat' dir='ltr'><strong>ejusdem</strong></span> <span class='ocrx_word' id='word_1_286' title='bbox 981 2474 1281 2528; x_wconf 82' lang='lat' dir='ltr'><strong>sacerdotis</strong></span> <span class='ocrx_word' id='word_1_287' title='bbox 1297 2477 1520 2532; x_wconf 88' lang='lat' dir='ltr'><strong>domum</strong></span> <span class='ocrx_word' id='word_1_288' title='bbox 1543 2479 1767 2538; x_wconf 80' lang='lat' dir='ltr'><strong>Mariam</strong></span> <span class='ocrx_word' id='word_1_289' title='bbox 1795 2489 1958 2556; x_wconf 71' lang='lat' dir='ltr'><strong>virgi-</strong></span> 
     </span>
    </p>
   </div>
   <div class='ocr_carea' id='block_1_40' title="bbox 387 2550 1985 2634">
    <p class='ocr_par' dir='ltr' id='par_1_40' title="bbox 387 2550 1985 2634">
     <span class='ocr_line' id='line_1_40' title="bbox 387 2550 1985 2634; baseline 0.023 -35"><span class='ocrx_word' id='word_1_290' title='bbox 387 2562 508 2634; x_wconf 79' lang='lat' dir='ltr'><strong>nem</strong></span> <span class='ocrx_word' id='word_1_291' title='bbox 529 2550 734 2634; x_wconf 77' lang='lat' dir='ltr'><strong>dirigit.</strong></span> <span class='ocrx_word' id='word_1_292' title='bbox 757 2553 882 2634; x_wconf 86' lang='lat' dir='ltr'><strong>Tria</strong></span> <span class='ocrx_word' id='word_1_293' title='bbox 901 2573 1122 2630; x_wconf 86' lang='lat' dir='ltr'><strong>quoque</strong></span> <span class='ocrx_word' id='word_1_294' title='bbox 1137 2565 1344 2620; x_wconf 85' lang='lat' dir='ltr'><strong>cantica</strong></span> <span class='ocrx_word' id='word_1_295' title='bbox 1362 2568 1416 2624; x_wconf 91' lang='lat' dir='ltr'><strong>in</strong></span> <span class='ocrx_word' id='word_1_296' title='bbox 1433 2572 1670 2629; x_wconf 81' lang='lat' dir='ltr'><strong>Ecclesia</strong></span> <span class='ocrx_word' id='word_1_297' title='bbox 1689 2550 1956 2634; x_wconf 65' lang='lat' dir='ltr'><strong>cantanda</strong></span> <span class='ocrx_word' id='word_1_298' title='bbox 1979 2581 1985 2588; x_wconf 87' lang='grc'><em>’</em></span> 
     </span>
    </p>
   </div>
   <div class='ocr_carea' id='block_1_41' title="bbox 375 2629 1953 2711">
    <p class='ocr_par' dir='ltr' id='par_1_41' title="bbox 375 2629 1953 2711">
     <span class='ocr_line' id='line_1_41' title="bbox 375 2629 1953 2711; baseline 0.011 -28"><span class='ocrx_word' id='word_1_299' title='bbox 375 2629 655 2696; x_wconf 89' lang='lat' dir='ltr'><strong>describit,</strong></span> <span class='ocrx_word' id='word_1_300' title='bbox 703 2633 845 2702; x_wconf 85' lang='lat' dir='ltr'><strong>quod</strong></span> <span class='ocrx_word' id='word_1_301' title='bbox 894 2629 1098 2690; x_wconf 90' lang='lat' dir='ltr'><strong>nullum</strong></span> <span class='ocrx_word' id='word_1_302' title='bbox 1129 2639 1580 2709; x_wconf 88' lang='lat' dir='ltr'><strong>evangelistarum</strong></span> <span class='ocrx_word' id='word_1_303' title='bbox 1612 2629 1953 2711; x_wconf 27' lang='lat' dir='ltr'><strong>praetereunt.</strong></span> 
     </span>
    </p>
   </div>
   <div class='ocr_carea' id='block_1_42' title="bbox 375 2718 1956 2798">
    <p class='ocr_par' dir='ltr' id='par_1_42' title="bbox 375 2718 1956 2798">
     <span class='ocr_line' id='line_1_42' title="bbox 375 2718 1956 2798; baseline 0.011 -26"><span class='ocrx_word' id='word_1_304' title='bbox 375 2718 568 2776; x_wconf 88' lang='lat' dir='ltr'><strong>fecisse</strong></span> <span class='ocrx_word' id='word_1_305' title='bbox 599 2724 912 2791; x_wconf 89' lang='lat' dir='ltr'><strong>reperitur:</strong></span> <span class='ocrx_word' id='word_1_306' title='bbox 960 2742 1126 2780; x_wconf 92' lang='lat' dir='ltr'><strong>unum</strong></span> <span class='ocrx_word' id='word_1_307' title='bbox 1165 2728 1370 2784; x_wconf 87' lang='lat' dir='ltr'><strong>scilicet</strong></span> <span class='ocrx_word' id='word_1_308' title='bbox 1417 2731 1708 2798; x_wconf 72' lang='lat' dir='ltr'><strong>Zacharim,</strong></span> <span class='ocrx_word' id='word_1_309' title='bbox 1761 2750 1956 2790; x_wconf 89' lang='lat' dir='ltr'><strong>secun-</strong></span> 
     </span>
    </p>
   </div>
   <div class='ocr_carea' id='block_1_43' title="bbox 374 2808 1954 2898">
    <p class='ocr_par' dir='ltr' id='par_1_43' title="bbox 374 2808 1954 2898">
     <span class='ocr_line' id='line_1_43' title="bbox 374 2808 1954 2898; baseline 0.011 -37"><span class='ocrx_word' id='word_1_310' title='bbox 374 2810 501 2862; x_wconf 90' lang='lat' dir='ltr'><strong>dum</strong></span> <span class='ocrx_word' id='word_1_311' title='bbox 552 2808 756 2877; x_wconf 70' lang='lat' dir='ltr'><strong>Mariae,</strong></span> <span class='ocrx_word' id='word_1_312' title='bbox 802 2815 1017 2868; x_wconf 90' lang='lat' dir='ltr'><strong>tertium</strong></span> <span class='ocrx_word' id='word_1_313' title='bbox 1066 2817 1336 2874; x_wconf 85' lang='lat' dir='ltr'><strong>Simeonis</strong></span> <span class='ocrx_word' id='word_1_314' title='bbox 1365 2819 1516 2894; x_wconf 75' lang='lat' dir='ltr'><strong>(Luc.</strong></span> <span class='ocrx_word' id='word_1_315' title='bbox 1565 2838 1579 2875; x_wconf 82' lang='grc' dir='ltr'><strong>ι</strong></span> <span class='ocrx_word' id='word_1_316' title='bbox 1611 2833 1667 2876; x_wconf 88' lang='grc' dir='ltr'><strong>ει</strong></span> <span class='ocrx_word' id='word_1_317' title='bbox 1701 2825 1781 2898; x_wconf 68' lang='grc' dir='ltr'><em>ιι).</em></span> <span class='ocrx_word' id='word_1_318' title='bbox 1813 2825 1954 2891; x_wconf 80' lang='lat' dir='ltr'><strong>Qua-</strong></span> 
     </span>
    </p>
   </div>
   <div class='ocr_carea' id='block_1_44' title="bbox 375 2901 1951 2978">
    <p class='ocr_par' dir='ltr' id='par_1_44' title="bbox 375 2901 1951 2978">
     <span class='ocr_line' id='line_1_44' title="bbox 375 2901 1951 2978; baseline 0.01 -23"><span class='ocrx_word' id='word_1_319' title='bbox 375 2901 678 2972; x_wconf 87' lang='lat' dir='ltr'><strong>dragesimo</strong></span> <span class='ocrx_word' id='word_1_320' title='bbox 711 2919 839 2959; x_wconf 91' lang='lat' dir='ltr'><strong>vero</strong></span> <span class='ocrx_word' id='word_1_321' title='bbox 869 2905 971 2961; x_wconf 92' lang='lat' dir='ltr'><strong>.die</strong></span> <span class='ocrx_word' id='word_1_322' title='bbox 1021 2917 1304 2978; x_wconf 88' lang='lat' dir='ltr'><strong>postquam</strong></span> <span class='ocrx_word' id='word_1_323' title='bbox 1345 2921 1503 2966; x_wconf 91' lang='lat' dir='ltr'><strong>natus</strong></span> <span class='ocrx_word' id='word_1_324' title='bbox 1535 2921 1638 2978; x_wconf 90' lang='lat' dir='ltr'><strong>est,</strong></span> <span class='ocrx_word' id='word_1_325' title='bbox 1670 2913 1951 2970; x_wconf 86' lang='lat' dir='ltr'><strong>Dominum</strong></span> 
     </span>
    </p>
   </div>
   <div class='ocr_carea' id='block_1_45' title="bbox 375 2992 1954 3066">
    <p class='ocr_par' dir='ltr' id='par_1_45' title="bbox 375 2992 1954 3066">
     <span class='ocr_line' id='line_1_45' title="bbox 375 2992 1954 3066; baseline 0.011 -23"><span class='ocrx_word' id='word_1_326' title='bbox 375 3003 496 3044; x_wconf 87' lang='lat' dir='ltr'><strong>cum</strong></span> <span class='ocrx_word' id='word_1_327' title='bbox 537 2992 854 3048; x_wconf 86' lang='lat' dir='ltr'><strong>mulieribus</strong></span> <span class='ocrx_word' id='word_1_328' title='bbox 883 2993 936 3048; x_wconf 92' lang='lat' dir='ltr'><strong>in</strong></span> <span class='ocrx_word' id='word_1_329' title='bbox 987 2998 1184 3066; x_wconf 89' lang='lat' dir='ltr'><strong>templo</strong></span> <span class='ocrx_word' id='word_1_330' title='bbox 1229 3009 1414 3054; x_wconf 89' lang='lat' dir='ltr'><strong>narrat</strong></span> <span class='ocrx_word' id='word_1_331' title='bbox 1458 3003 1716 3059; x_wconf 84' lang='lat' dir='ltr'><strong>oblatum.</strong></span> <span class='ocrx_word' id='word_1_332' title='bbox 1753 3005 1954 3061; x_wconf 85' lang='lat' dir='ltr'><strong>Deinde</strong></span> 
     </span>
    </p>
   </div>
   <div class='ocr_carea' id='block_1_46' title="bbox 2063 1912 3561 1994">
    <p class='ocr_par' dir='ltr' id='par_1_46' title="bbox 2063 1912 3561 1994">
     <span class='ocr_line' id='line_1_46' title="bbox 2063 1912 3561 1994; baseline 0.011 -30"><span class='ocrx_word' id='word_1_333' title='bbox 2063 1912 2274 1980; x_wconf 90' lang='lat' dir='ltr'><strong>aperire</strong></span> <span class='ocrx_word' id='word_1_334' title='bbox 2303 1913 2535 1979; x_wconf 90' lang='lat' dir='ltr'><strong>librum,</strong></span> <span class='ocrx_word' id='word_1_335' title='bbox 2583 1925 2640 1970; x_wconf 92' lang='lat' dir='ltr'><strong>et</strong></span> <span class='ocrx_word' id='word_1_336' title='bbox 2689 1915 2897 1973; x_wconf 84' lang='lat' dir='ltr'><strong>solvere</strong></span> <span class='ocrx_word' id='word_1_337' title='bbox 2943 1929 3148 1989; x_wconf 88' lang='lat' dir='ltr'><strong>septem</strong></span> <span class='ocrx_word' id='word_1_338' title='bbox 3197 1924 3393 1994; x_wconf 65' lang='lat' dir='ltr'><strong>signati</strong></span> <span class='ocrx_word' id='word_1_339' title='bbox 3443 1912 3561 1981; x_wconf 61' lang='lat' dir='ltr'><strong>ei&quot;!</strong></span> 
     </span>
    </p>
   </div>
   <div class='ocr_carea' id='block_1_47' title="bbox 2062 2000 3558 2080">
    <p class='ocr_par' dir='ltr' id='par_1_47' title="bbox 2062 2000 3558 2080">
     <span class='ocr_line' id='line_1_47' title="bbox 2062 2000 3558 2080; baseline 0.003 -27"><span class='ocrx_word' id='word_1_340' title='bbox 2062 2000 2243 2071; x_wconf 74' lang='lat' dir='ltr'><strong>(Apoc.</strong></span> <span class='ocrx_word' id='word_1_341' title='bbox 2275 2003 2354 2074; x_wconf 93' lang='lat' dir='ltr'><strong>v).</strong></span> <span class='ocrx_word' id='word_1_342' title='bbox 2387 2023 2406 2055; x_wconf 73' lang='grc' dir='ltr'><strong>ι</strong></span> <span class='ocrx_word' id='word_1_343' title='bbox 2437 2004 2496 2060; x_wconf 87' lang='lat' dir='ltr'><strong>In</strong></span> <span class='ocrx_word' id='word_1_344' title='bbox 2522 2006 2748 2063; x_wconf 84' lang='lat' dir='ltr'><strong>Actibus</strong></span> <span class='ocrx_word' id='word_1_345' title='bbox 2778 2024 2906 2064; x_wconf 90' lang='lat' dir='ltr'><strong>vero</strong></span> <span class='ocrx_word' id='word_1_346' title='bbox 2934 2012 3297 2080; x_wconf 71' lang='lat' dir='ltr'><strong>apostolorum</strong></span> <span class='ocrx_word' id='word_1_347' title='bbox 3325 2015 3374 2068; x_wconf 70' lang='grc' dir='ltr'><em>ἀι</em></span> <span class='ocrx_word' id='word_1_348' title='bbox 3401 2002 3558 2074; x_wconf 89' lang='lat' dir='ltr'><strong>quasi</strong></span> 
     </span>
    </p>
   </div>
   <div class='ocr_carea' id='block_1_48' title="bbox 2059 2091 3561 2166">
    <p class='ocr_par' dir='ltr' id='par_1_48' title="bbox 2059 2091 3561 2166">
     <span class='ocr_line' id='line_1_48' title="bbox 2059 2091 3561 2166; baseline 0.008 -23"><span class='ocrx_word' id='word_1_349' title='bbox 2059 2091 2258 2146; x_wconf 90' lang='lat' dir='ltr'><strong>nudam</strong></span> <span class='ocrx_word' id='word_1_350' title='bbox 2282 2103 2470 2147; x_wconf 87' lang='lat' dir='ltr'><strong>narrat</strong></span> <span class='ocrx_word' id='word_1_351' title='bbox 2492 2094 2793 2160; x_wconf 89' lang='lat' dir='ltr'><strong>historiam,</strong></span> <span class='ocrx_word' id='word_1_352' title='bbox 2817 2100 3212 2166; x_wconf 90' lang='lat' dir='ltr'><strong>quodammodo</strong></span> <span class='ocrx_word' id='word_1_353' title='bbox 3236 2093 3434 2158; x_wconf 65' lang='lat' dir='ltr'><strong>nastlis</strong></span> <span class='ocrx_word' id='word_1_354' title='bbox 3459 2092 3561 2147; x_wconf 70' lang='grc' dir='ltr'><strong>Εε-</strong></span> 
     </span>
    </p>
   </div>
   <div class='ocr_carea' id='block_1_49' title="bbox 2059 2182 3032 2245">
    <p class='ocr_par' dir='ltr' id='par_1_49' title="bbox 2059 2182 3032 2245">
     <span class='ocr_line' id='line_1_49' title="bbox 2059 2182 3032 2245; baseline 0.007 -8"><span class='ocrx_word' id='word_1_355' title='bbox 2059 2182 2239 2238; x_wconf 70' lang='lat' dir='ltr'><strong>clesim</strong></span> <span class='ocrx_word' id='word_1_356' title='bbox 2267 2193 2510 2240; x_wconf 79' lang='lat' dir='ltr'><strong>tenerum</strong></span> <span class='ocrx_word' id='word_1_357' title='bbox 2537 2186 2703 2242; x_wconf 89' lang='lat' dir='ltr'><strong>lactat</strong></span> <span class='ocrx_word' id='word_1_358' title='bbox 2732 2187 3032 2245; x_wconf 80' lang='lat' dir='ltr'><strong>infantiam.</strong></span> 
     </span>
    </p>
   </div>
   <div class='ocr_carea' id='block_1_50' title="bbox 2131 2271 3560 2352">
    <p class='ocr_par' dir='ltr' id='par_1_50' title="bbox 2131 2271 3560 2352">
     <span class='ocr_line' id='line_1_50' title="bbox 2131 2271 3560 2352; baseline 0.008 -25"><span class='ocrx_word' id='word_1_359' title='bbox 2131 2271 2236 2327; x_wconf 89' lang='lat' dir='ltr'><strong>Sed</strong></span> <span class='ocrx_word' id='word_1_360' title='bbox 2263 2273 2307 2328; x_wconf 90' lang='lat' dir='ltr'><strong>si</strong></span> <span class='ocrx_word' id='word_1_361' title='bbox 2333 2275 2620 2344; x_wconf 88' lang='lat' dir='ltr'><strong>diligenter</strong></span> <span class='ocrx_word' id='word_1_362' title='bbox 2663 2281 2991 2336; x_wconf 90' lang='lat' dir='ltr'><strong>attendimus</strong></span> <span class='ocrx_word' id='word_1_363' title='bbox 3018 2283 3142 2352; x_wconf 89' lang='lat' dir='ltr'><strong>quia</strong></span> <span class='ocrx_word' id='word_1_364' title='bbox 3173 2285 3339 2339; x_wconf 63' lang='lat' dir='ltr'><strong>medici</strong></span> <span class='ocrx_word' id='word_1_365' title='bbox 3358 2281 3442 2330; x_wconf 79' lang='lat' dir='ltr'><strong>est</strong></span> <span class='ocrx_word' id='word_1_366' title='bbox 3471 2273 3560 2329; x_wconf 76' lang='lat' dir='ltr'><strong>illo</strong></span> 
     </span>
    </p>
   </div>
   <div class='ocr_carea' id='block_1_51' title="bbox 2059 2365 3562 2444">
    <p class='ocr_par' dir='ltr' id='par_1_51' title="bbox 2059 2365 3562 2444">
     <span class='ocr_line' id='line_1_51' title="bbox 2059 2365 3562 2444; baseline 0.009 -25"><span class='ocrx_word' id='word_1_367' title='bbox 2059 2367 2150 2436; x_wconf 88' lang='lat' dir='ltr'><strong>qui</strong></span> <span class='ocrx_word' id='word_1_368' title='bbox 2179 2367 2390 2433; x_wconf 89' lang='lat' dir='ltr'><strong>scribit,</strong></span> <span class='ocrx_word' id='word_1_369' title='bbox 2423 2369 2499 2422; x_wconf 91' lang='lat' dir='ltr'><strong>nil</strong></span> <span class='ocrx_word' id='word_1_370' title='bbox 2528 2370 2672 2425; x_wconf 85' lang='lat' dir='ltr'><strong>aliud</strong></span> <span class='ocrx_word' id='word_1_371' title='bbox 2701 2372 2752 2425; x_wconf 90' lang='lat' dir='ltr'><strong>in</strong></span> <span class='ocrx_word' id='word_1_372' title='bbox 2785 2371 2873 2426; x_wconf 86' lang='lat' dir='ltr'><strong>illa</strong></span> <span class='ocrx_word' id='word_1_373' title='bbox 2905 2375 3202 2444; x_wconf 87' lang='lat' dir='ltr'><strong>reperimus</strong></span> <span class='ocrx_word' id='word_1_374' title='bbox 3228 2366 3410 2432; x_wconf 70' lang='lat' dir='ltr'><strong>hisfiao</strong></span> <span class='ocrx_word' id='word_1_375' title='bbox 3454 2365 3562 2421; x_wconf 69' lang='grc' dir='ltr'>ῐὶίδί</span> 
     </span>
    </p>
   </div>
   <div class='ocr_carea' id='block_1_52' title="bbox 2057 2454 3562 2533">
    <p class='ocr_par' dir='ltr' id='par_1_52' title="bbox 2057 2454 3562 2533">
     <span class='ocr_line' id='line_1_52' title="bbox 2057 2454 3562 2533; baseline 0.009 -23"><span class='ocrx_word' id='word_1_376' title='bbox 2057 2457 2324 2511; x_wconf 82' lang='lat' dir='ltr'><strong>duntaxat</strong></span> <span class='ocrx_word' id='word_1_377' title='bbox 2365 2458 2669 2514; x_wconf 89' lang='lat' dir='ltr'><strong>animarum</strong></span> <span class='ocrx_word' id='word_1_378' title='bbox 2713 2461 3080 2533; x_wconf 82' lang='lat' dir='ltr'><strong>languentium</strong></span> <span class='ocrx_word' id='word_1_379' title='bbox 3129 2468 3404 2523; x_wconf 68' lang='lat' dir='ltr'><strong>mediram-</strong></span> <span class='ocrx_word' id='word_1_380' title='bbox 3437 2454 3562 2532; x_wconf 58' lang='grc' dir='ltr'><strong>με·</strong></span> 
     </span>
    </p>
   </div>
   <div class='ocr_carea' id='block_1_53' title="bbox 2034 2542 3568 2624">
    <p class='ocr_par' dir='ltr' id='par_1_53' title="bbox 2034 2542 3568 2624">
     <span class='ocr_line' id='line_1_53' title="bbox 2034 2542 3568 2624; baseline 0.008 -26"><span class='ocrx_word' id='word_1_381' title='bbox 2034 2562 2229 2610; x_wconf 5' lang='lat' dir='ltr'><strong>(mana:</strong></span> <span class='ocrx_word' id='word_1_382' title='bbox 2253 2549 2450 2618; x_wconf 89' lang='lat' dir='ltr'><strong>quippe</strong></span> <span class='ocrx_word' id='word_1_383' title='bbox 2475 2553 2891 2616; x_wconf 87' lang='lat' dir='ltr'><strong>conversationi,</strong></span> <span class='ocrx_word' id='word_1_384' title='bbox 2915 2542 3066 2622; x_wconf 85' lang='lat' dir='ltr'><strong>quasi</strong></span> <span class='ocrx_word' id='word_1_385' title='bbox 3095 2563 3314 2624; x_wconf 79' lang='lat' dir='ltr'><strong>quanun</strong></span> <span class='ocrx_word' id='word_1_386' title='bbox 3342 2546 3568 2600; x_wconf 64' lang='lat' dir='ltr'><strong>Tecum&quot;</strong></span> 
     </span>
    </p>
   </div>
   <div class='ocr_carea' id='block_1_54' title="bbox 2056 2634 3566 2710">
    <p class='ocr_par' dir='ltr' id='par_1_54' title="bbox 2056 2634 3566 2710">
     <span class='ocr_line' id='line_1_54' title="bbox 2056 2634 3566 2710; baseline 0.007 -21"><span class='ocrx_word' id='word_1_387' title='bbox 2056 2636 2196 2690; x_wconf 91' lang='lat' dir='ltr'><strong>dinis</strong></span> <span class='ocrx_word' id='word_1_388' title='bbox 2227 2638 2420 2692; x_wconf 88' lang='lat' dir='ltr'><strong>lineam</strong></span> <span class='ocrx_word' id='word_1_389' title='bbox 2449 2641 2652 2705; x_wconf 91' lang='lat' dir='ltr'><strong>tendit,</strong></span> <span class='ocrx_word' id='word_1_390' title='bbox 2687 2650 2741 2695; x_wconf 92' lang='lat' dir='ltr'><strong>et</strong></span> <span class='ocrx_word' id='word_1_391' title='bbox 2769 2657 2864 2710; x_wconf 90' lang='lat' dir='ltr'><strong>per</strong></span> <span class='ocrx_word' id='word_1_392' title='bbox 2901 2659 3020 2698; x_wconf 90' lang='lat' dir='ltr'><strong>eam</strong></span> <span class='ocrx_word' id='word_1_393' title='bbox 3044 2660 3143 2699; x_wconf 91' lang='lat' dir='ltr'><strong>nos</strong></span> <span class='ocrx_word' id='word_1_394' title='bbox 3174 2645 3257 2700; x_wconf 89' lang='lat' dir='ltr'><strong>vel</strong></span> <span class='ocrx_word' id='word_1_395' title='bbox 3280 2649 3376 2705; x_wconf 70' lang='lat' dir='ltr'><strong>Per</strong></span> <span class='ocrx_word' id='word_1_396' title='bbox 3401 2634 3566 2689; x_wconf 71' lang='lat' dir='ltr'><strong>58mi-</strong></span> 
     </span>
    </p>
   </div>
   <div class='ocr_carea' id='block_1_55' title="bbox 2057 2723 3566 2802">
    <p class='ocr_par' dir='ltr' id='par_1_55' title="bbox 2057 2723 3566 2802">
     <span class='ocr_line' id='line_1_55' title="bbox 2057 2723 3566 2802; baseline 0.009 -21"><span class='ocrx_word' id='word_1_397' title='bbox 2057 2737 2164 2782; x_wconf 87' lang='lat' dir='ltr'><strong>tam</strong></span> <span class='ocrx_word' id='word_1_398' title='bbox 2195 2728 2407 2799; x_wconf 81' lang='lat' dir='ltr'><strong>dirigit;</strong></span> <span class='ocrx_word' id='word_1_399' title='bbox 2440 2740 2498 2784; x_wconf 84' lang='grc' dir='ltr'><strong>ιιι</strong></span> <span class='ocrx_word' id='word_1_400' title='bbox 2523 2731 2662 2786; x_wconf 88' lang='lat' dir='ltr'><strong>sicut</strong></span> <span class='ocrx_word' id='word_1_401' title='bbox 2713 2733 3038 2802; x_wconf 89' lang='lat' dir='ltr'><strong>primitivam</strong></span> <span class='ocrx_word' id='word_1_402' title='bbox 3085 2734 3312 2792; x_wconf 79' lang='lat' dir='ltr'><strong>Eccleun</strong></span> <span class='ocrx_word' id='word_1_403' title='bbox 3364 2723 3566 2779; x_wconf 67' lang='grc' dir='ltr'><strong>νίιίδεθ</strong></span> 
     </span>
    </p>
   </div>
   <div class='ocr_carea' id='block_1_56' title="bbox 2027 2813 3564 2896">
    <p class='ocr_par' dir='ltr' id='par_1_56' title="bbox 2027 2813 3564 2896">
     <span class='ocr_line' id='line_1_56' title="bbox 2027 2813 3564 2896; baseline 0.005 -21"><span class='ocrx_word' id='word_1_404' title='bbox 2027 2819 2457 2886; x_wconf 84' lang='lat' dir='ltr'><strong>perpendimus,</strong></span> <span class='ocrx_word' id='word_1_405' title='bbox 2481 2821 2534 2874; x_wconf 89' lang='lat' dir='ltr'><strong>in</strong></span> <span class='ocrx_word' id='word_1_406' title='bbox 2562 2832 2822 2890; x_wconf 85' lang='lat' dir='ltr'><strong>quantum</strong></span> <span class='ocrx_word' id='word_1_407' title='bbox 2855 2822 3080 2880; x_wconf 81' lang='lat' dir='ltr'><strong>facultas</strong></span> <span class='ocrx_word' id='word_1_408' title='bbox 3117 2816 3327 2896; x_wconf 57' lang='lat' dir='ltr'><strong>suplih</strong></span> <span class='ocrx_word' id='word_1_409' title='bbox 3367 2823 3424 2870; x_wconf 72' lang='grc' dir='ltr'><strong>ει</strong></span> <span class='ocrx_word' id='word_1_410' title='bbox 3461 2813 3564 2883; x_wconf 69' lang='grc' dir='ltr'><strong>ίΡθί</strong></span> 
     </span>
    </p>
   </div>
   <div class='ocr_carea' id='block_1_57' title="bbox 2057 2903 3567 2984">
    <p class='ocr_par' dir='ltr' id='par_1_57' title="bbox 2057 2903 3567 2984">
     <span class='ocr_line' id='line_1_57' title="bbox 2057 2903 3567 2984; baseline 0.01 -27"><span class='ocrx_word' id='word_1_411' title='bbox 2057 2905 2236 2959; x_wconf 87' lang='lat' dir='ltr'><strong>vivere</strong></span> <span class='ocrx_word' id='word_1_412' title='bbox 2267 2909 2598 2973; x_wconf 78' lang='lat' dir='ltr'><strong>Studeamus,</strong></span> <span class='ocrx_word' id='word_1_413' title='bbox 2627 2919 2894 2979; x_wconf 90' lang='lat' dir='ltr'><strong>quatenus</strong></span> <span class='ocrx_word' id='word_1_414' title='bbox 2922 2913 3110 2966; x_wconf 87' lang='lat' dir='ltr'><strong>eadem</strong></span> <span class='ocrx_word' id='word_1_415' title='bbox 3135 2918 3276 2984; x_wconf 77' lang='lat' dir='ltr'><strong>pu-as</strong></span> <span class='ocrx_word' id='word_1_416' title='bbox 3297 2941 3313 2967; x_wconf 68' lang='grc' dir='ltr'><strong>ν</strong></span> <span class='ocrx_word' id='word_1_417' title='bbox 3351 2917 3472 2971; x_wconf 57' lang='lat' dir='ltr'><strong>qui“</strong></span> <span class='ocrx_word' id='word_1_418' title='bbox 3499 2903 3567 2956; x_wconf 70' lang='grc'><strong>(³⁸</strong></span> 
     </span>
    </p>
   </div>
   <div class='ocr_carea' id='block_1_58' title="bbox 2053 2989 3571 3069">
    <p class='ocr_par' dir='ltr' id='par_1_58' title="bbox 2053 2989 3571 3069">
     <span class='ocr_line' id='line_1_58' title="bbox 2053 2989 3571 3069; baseline 0.007 -22"><span class='ocrx_word' id='word_1_419' title='bbox 2053 2993 2263 3062; x_wconf 82' lang='lat' dir='ltr'><strong>origine</strong></span> <span class='ocrx_word' id='word_1_420' title='bbox 2287 2993 2453 3050; x_wconf 79' lang='lat' dir='ltr'><strong>fotttis</strong></span> <span class='ocrx_word' id='word_1_421' title='bbox 2483 3006 2729 3064; x_wconf 90' lang='lat' dir='ltr'><strong>emanat,</strong></span> <span class='ocrx_word' id='word_1_422' title='bbox 2775 3000 2938 3053; x_wconf 90' lang='lat' dir='ltr'><strong>etiam</strong></span> <span class='ocrx_word' id='word_1_423' title='bbox 2977 3015 3074 3069; x_wconf 90' lang='lat' dir='ltr'><strong>per</strong></span> <span class='ocrx_word' id='word_1_424' title='bbox 3104 2991 3265 3058; x_wconf 53' lang='lat' dir='ltr'><strong>detiia</strong></span> <span class='ocrx_word' id='word_1_425' title='bbox 3295 2989 3571 3044; x_wconf 70' lang='grc' dir='ltr'><strong>Πίιιίιοηιί·</strong></span> 
     </span>
    </p>
   </div>
   <div class='ocr_carea' id='block_1_59' title="bbox 375 3079 3570 3162">
    <p class='ocr_par' dir='ltr' id='par_1_59' title="bbox 375 3079 3570 3162">
     <span class='ocr_line' id='line_1_59' title="bbox 375 3079 3570 3162; baseline 0.005 -28"><span class='ocrx_word' id='word_1_426' title='bbox 375 3079 708 3137; x_wconf 91' lang='lat' dir='ltr'><strong>duodennem</strong></span> <span class='ocrx_word' id='word_1_427' title='bbox 750 3083 802 3137; x_wconf 92' lang='lat' dir='ltr'><strong>in</strong></span> <span class='ocrx_word' id='word_1_428' title='bbox 856 3085 1044 3138; x_wconf 88' lang='lat' dir='ltr'><strong>eodem</strong></span> <span class='ocrx_word' id='word_1_429' title='bbox 1101 3087 1299 3158; x_wconf 89' lang='lat' dir='ltr'><strong>templo</strong></span> <span class='ocrx_word' id='word_1_430' title='bbox 1344 3090 1486 3145; x_wconf 90' lang='lat' dir='ltr'><strong>inter</strong></span> <span class='ocrx_word' id='word_1_431' title='bbox 1527 3094 1776 3150; x_wconf 92' lang='lat' dir='ltr'><strong>doctores</strong></span> <span class='ocrx_word' id='word_1_432' title='bbox 1825 3112 1955 3150; x_wconf 88' lang='lat' dir='ltr'><strong>con-</strong></span> <span class='ocrx_word' id='word_1_433' title='bbox 1987 3151 2024 3162; x_wconf 52' lang='grc' dir='ltr'><strong>Α</strong></span> <span class='ocrx_word' id='word_1_434' title='bbox 2059 3100 2160 3139; x_wconf 70' lang='lat' dir='ltr'><strong>&quot;US</strong></span> <span class='ocrx_word' id='word_1_435' title='bbox 2183 3096 2454 3155; x_wconf 75' lang='lat' dir='ltr'><strong>POSU&#39;ema</strong></span> <span class='ocrx_word' id='word_1_436' title='bbox 2483 3089 2770 3154; x_wconf 72' lang='lat' dir='ltr'><strong>decurrat.</strong></span> <span class='ocrx_word' id='word_1_437' title='bbox 2807 3101 2862 3146; x_wconf 82' lang='lat' dir='ltr'><strong>el</strong></span> <span class='ocrx_word' id='word_1_438' title='bbox 2887 3092 3062 3162; x_wconf 82' lang='lat' dir='ltr'><strong>qualis</strong></span> <span class='ocrx_word' id='word_1_439' title='bbox 3088 3082 3255 3148; x_wconf 60' lang='lat' dir='ltr'><strong>oritdo</strong></span> <span class='ocrx_word' id='word_1_440' title='bbox 3295 3080 3570 3152; x_wconf 62' lang='grc' dir='ltr'><strong>μοικαί-</strong></span> 
     </span>
    </p>
   </div>
   <div class='ocr_carea' id='block_1_60' title="bbox 372 3168 1953 3248">
    <p class='ocr_par' dir='ltr' id='par_1_60' title="bbox 372 3168 1953 3248">
     <span class='ocr_line' id='line_1_60' title="bbox 372 3168 1953 3248; baseline 0.012 -26"><span class='ocrx_word' id='word_1_441' title='bbox 372 3168 548 3225; x_wconf 86' lang='lat' dir='ltr'><strong>stituit</strong></span> <span class='ocrx_word' id='word_1_442' title='bbox 578 3171 922 3227; x_wconf 88' lang='lat' dir='ltr'><strong>residentem.</strong></span> <span class='ocrx_word' id='word_1_443' title='bbox 955 3173 1214 3230; x_wconf 88' lang='lat' dir='ltr'><strong>Parentes</strong></span> <span class='ocrx_word' id='word_1_444' title='bbox 1246 3193 1460 3248; x_wconf 89' lang='lat' dir='ltr'><strong>quoque</strong></span> <span class='ocrx_word' id='word_1_445' title='bbox 1516 3183 1724 3238; x_wconf 91' lang='lat' dir='ltr'><strong>Domini</strong></span> <span class='ocrx_word' id='word_1_446' title='bbox 1770 3194 1953 3241; x_wconf 87' lang='lat' dir='ltr'><strong>narrat</strong></span> 
     </span>
    </p>
   </div>
   <div class='ocr_carea' id='block_1_61' title="bbox 373 3261 1953 3340">
    <p class='ocr_par' dir='ltr' id='par_1_61' title="bbox 373 3261 1953 3340">
     <span class='ocr_line' id='line_1_61' title="bbox 373 3261 1953 3340; baseline 0.013 -27"><span class='ocrx_word' id='word_1_447' title='bbox 373 3273 473 3332; x_wconf 86' lang='lat' dir='ltr'><strong>per</strong></span> <span class='ocrx_word' id='word_1_448' title='bbox 493 3261 731 3332; x_wconf 90' lang='lat' dir='ltr'><strong>singulos</strong></span> <span class='ocrx_word' id='word_1_449' title='bbox 755 3278 927 3318; x_wconf 87' lang='lat' dir='ltr'><strong>annos</strong></span> <span class='ocrx_word' id='word_1_450' title='bbox 957 3264 1008 3318; x_wconf 90' lang='lat' dir='ltr'><strong>in</strong></span> <span class='ocrx_word' id='word_1_451' title='bbox 1035 3266 1376 3324; x_wconf 89' lang='lat' dir='ltr'><strong>solemnitate</strong></span> <span class='ocrx_word' id='word_1_452' title='bbox 1403 3273 1644 3340; x_wconf 89' lang='lat' dir='ltr'><strong>paschali</strong></span> <span class='ocrx_word' id='word_1_453' title='bbox 1693 3277 1953 3333; x_wconf 86' lang='lat' dir='ltr'><strong>orationis</strong></span> 
     </span>
    </p>
   </div>
   <div class='ocr_carea' id='block_1_62' title="bbox 370 3353 1952 3421">
    <p class='ocr_par' dir='ltr' id='par_1_62' title="bbox 370 3353 1952 3421">
     <span class='ocr_line' id='line_1_62' title="bbox 370 3353 1952 3421; baseline 0.01 -16"><span class='ocrx_word' id='word_1_454' title='bbox 370 3353 543 3420; x_wconf 85' lang='lat' dir='ltr'><strong>gratia</strong></span> <span class='ocrx_word' id='word_1_455' title='bbox 567 3353 900 3410; x_wconf 78' lang='lat' dir='ltr'><strong>Hierusalem</strong></span> <span class='ocrx_word' id='word_1_456' title='bbox 931 3358 1222 3413; x_wconf 89' lang='lat' dir='ltr'><strong>ascendere</strong></span> <span class='ocrx_word' id='word_1_457' title='bbox 1243 3360 1450 3416; x_wconf 91' lang='lat' dir='ltr'><strong>solitos.</strong></span> <span class='ocrx_word' id='word_1_458' title='bbox 1479 3363 1759 3421; x_wconf 87' lang='lat' dir='ltr'><strong>Postremo</strong></span> <span class='ocrx_word' id='word_1_459' title='bbox 1777 3367 1952 3421; x_wconf 85' lang='lat' dir='ltr'><strong>Evan-</strong></span> 
     </span>
    </p>
   </div>
   <div class='ocr_carea' id='block_1_63' title="bbox 369 3443 1947 3526">
    <p class='ocr_par' dir='ltr' id='par_1_63' title="bbox 369 3443 1947 3526">
     <span class='ocr_line' id='line_1_63' title="bbox 369 3443 1947 3526; baseline 0.009 -30"><span class='ocrx_word' id='word_1_460' title='bbox 369 3443 566 3512; x_wconf 87' lang='lat' dir='ltr'><strong>gelium</strong></span> <span class='ocrx_word' id='word_1_461' title='bbox 621 3460 776 3499; x_wconf 91' lang='lat' dir='ltr'><strong>suum</strong></span> <span class='ocrx_word' id='word_1_462' title='bbox 836 3447 940 3502; x_wconf 90' lang='lat' dir='ltr'><strong>hoc</strong></span> <span class='ocrx_word' id='word_1_463' title='bbox 1039 3463 1108 3503; x_wconf 91' lang='lat' dir='ltr'><strong>ne</strong></span> <span class='ocrx_word' id='word_1_464' title='bbox 1154 3450 1449 3515; x_wconf 90' lang='lat' dir='ltr'><strong>concludit,</strong></span> <span class='ocrx_word' id='word_1_465' title='bbox 1491 3460 1548 3506; x_wconf 94' lang='lat' dir='ltr'><strong>ut</strong></span> <span class='ocrx_word' id='word_1_466' title='bbox 1575 3454 1750 3508; x_wconf 89' lang='lat' dir='ltr'><strong>dicat:</strong></span> <span class='ocrx_word' id='word_1_467' title='bbox 1788 3475 1806 3506; x_wconf 77' lang='grc' dir='ltr'><strong>ι</strong></span> <span class='ocrx_word' id='word_1_468' title='bbox 1847 3457 1947 3526; x_wconf 91' lang='lat' dir='ltr'><strong>Ipsi</strong></span> 
     </span>
    </p>
   </div>
   <div class='ocr_carea' id='block_1_64' title="bbox 371 3534 1950 3614">
    <p class='ocr_par' dir='ltr' id='par_1_64' title="bbox 371 3534 1950 3614">
     <span class='ocr_line' id='line_1_64' title="bbox 371 3534 1950 3614; baseline 0.008 -27"><span class='ocrx_word' id='word_1_469' title='bbox 371 3534 659 3588; x_wconf 86' lang='lat' dir='ltr'><strong>adorantes</strong></span> <span class='ocrx_word' id='word_1_470' title='bbox 694 3535 919 3606; x_wconf 81' lang='lat' dir='ltr'><strong>regressi</strong></span> <span class='ocrx_word' id='word_1_471' title='bbox 949 3546 1071 3591; x_wconf 89' lang='lat' dir='ltr'><strong>sunt</strong></span> <span class='ocrx_word' id='word_1_472' title='bbox 1105 3539 1156 3593; x_wconf 93' lang='lat' dir='ltr'><strong>in</strong></span> <span class='ocrx_word' id='word_1_473' title='bbox 1200 3537 1534 3596; x_wconf 84' lang='lat' dir='ltr'><strong>Hierusalem</strong></span> <span class='ocrx_word' id='word_1_474' title='bbox 1581 3559 1703 3597; x_wconf 92' lang='lat' dir='ltr'><strong>cum</strong></span> <span class='ocrx_word' id='word_1_475' title='bbox 1753 3547 1950 3614; x_wconf 90' lang='lat' dir='ltr'><strong>gaudio</strong></span> 
     </span>
    </p>
   </div>
   <div class='ocr_carea' id='block_1_65' title="bbox 371 3628 1947 3700">
    <p class='ocr_par' dir='ltr' id='par_1_65' title="bbox 371 3628 1947 3700">
     <span class='ocr_line' id='line_1_65' title="bbox 371 3628 1947 3700; baseline 0.009 -23"><span class='ocrx_word' id='word_1_476' title='bbox 371 3638 588 3694; x_wconf 88' lang='lat' dir='ltr'><strong>magno,</strong></span> <span class='ocrx_word' id='word_1_477' title='bbox 609 3633 664 3679; x_wconf 90' lang='lat' dir='ltr'><strong>et</strong></span> <span class='ocrx_word' id='word_1_478' title='bbox 682 3634 836 3681; x_wconf 87' lang='lat' dir='ltr'><strong>erant</strong></span> <span class='ocrx_word' id='word_1_479' title='bbox 857 3643 1071 3697; x_wconf 90' lang='lat' dir='ltr'><strong>semper</strong></span> <span class='ocrx_word' id='word_1_480' title='bbox 1091 3628 1145 3682; x_wconf 91' lang='lat' dir='ltr'><strong>in</strong></span> <span class='ocrx_word' id='word_1_481' title='bbox 1169 3629 1366 3700; x_wconf 90' lang='lat' dir='ltr'><strong>templo</strong></span> <span class='ocrx_word' id='word_1_482' title='bbox 1383 3631 1686 3692; x_wconf 89' lang='lat' dir='ltr'><strong>laudantes.</strong></span> <span class='ocrx_word' id='word_1_483' title='bbox 1708 3635 1947 3691; x_wconf 71' lang='grc' dir='ltr'><em>ειιϋειιιεο</em></span> 
     </span>
    </p>
   </div>
   <div class='ocr_carea' id='block_1_66' title="bbox 369 3711 1257 3789">
    <p class='ocr_par' dir='ltr' id='par_1_66' title="bbox 369 3711 1257 3789">
     <span class='ocr_line' id='line_1_66' title="bbox 369 3711 1257 3789; baseline 0.008 -23"><span class='ocrx_word' id='word_1_484' title='bbox 369 3711 610 3769; x_wconf 88' lang='lat' dir='ltr'><strong>dicentes</strong></span> <span class='ocrx_word' id='word_1_485' title='bbox 639 3717 806 3770; x_wconf 88' lang='lat' dir='ltr'><strong>Deum</strong></span> <span class='ocrx_word' id='word_1_486' title='bbox 843 3715 993 3786; x_wconf 85' lang='lat' dir='ltr'><strong>(Luc.</strong></span> <span class='ocrx_word' id='word_1_487' title='bbox 1027 3719 1198 3789; x_wconf 79' lang='lat' dir='ltr'><strong>xxiv).</strong></span> <span class='ocrx_word' id='word_1_488' title='bbox 1238 3739 1257 3772; x_wconf 70' lang='grc' dir='ltr'><strong>ι</strong></span> 
     </span>
    </p>
   </div>
   <div class='ocr_carea' id='block_1_67' title="bbox 440 3803 1948 3880">
    <p class='ocr_par' dir='ltr' id='par_1_67' title="bbox 440 3803 1948 3880">
     <span class='ocr_line' id='line_1_67' title="bbox 440 3803 1948 3880; baseline 0.007 -22"><span class='ocrx_word' id='word_1_489' title='bbox 440 3803 592 3859; x_wconf 90' lang='lat' dir='ltr'><strong>Unde</strong></span> <span class='ocrx_word' id='word_1_490' title='bbox 621 3804 694 3858; x_wconf 81' lang='lat' dir='ltr'><strong>fit.</strong></span> <span class='ocrx_word' id='word_1_491' title='bbox 723 3813 780 3859; x_wconf 93' lang='lat' dir='ltr'><strong>ut</strong></span> <span class='ocrx_word' id='word_1_492' title='bbox 809 3805 871 3860; x_wconf 90' lang='lat' dir='ltr'><strong>B.</strong></span> <span class='ocrx_word' id='word_1_493' title='bbox 912 3805 1090 3863; x_wconf 88' lang='lat' dir='ltr'><strong>Lucas</strong></span> <span class='ocrx_word' id='word_1_494' title='bbox 1122 3808 1270 3862; x_wconf 90' lang='lat' dir='ltr'><strong>vituli</strong></span> <span class='ocrx_word' id='word_1_495' title='bbox 1295 3810 1529 3880; x_wconf 90' lang='lat' dir='ltr'><strong>speciem</strong></span> <span class='ocrx_word' id='word_1_496' title='bbox 1555 3818 1732 3867; x_wconf 89' lang='lat' dir='ltr'><strong>teneat</strong></span> <span class='ocrx_word' id='word_1_497' title='bbox 1760 3853 1775 3878; x_wconf 95' lang='lat'><strong>,</strong></span> <span class='ocrx_word' id='word_1_498' title='bbox 1812 3813 1948 3868; x_wconf 83' lang='lat' dir='ltr'><strong>sicut</strong></span> 
     </span>
    </p>
   </div>
   <div class='ocr_carea' id='block_1_68' title="bbox 367 3895 1948 3972">
    <p class='ocr_par' dir='ltr' id='par_1_68' title="bbox 367 3895 1948 3972">
     <span class='ocr_line' id='line_1_68' title="bbox 367 3895 1948 3972; baseline 0.006 -23"><span class='ocrx_word' id='word_1_499' title='bbox 367 3905 424 3950; x_wconf 92' lang='lat' dir='ltr'><strong>et</strong></span> <span class='ocrx_word' id='word_1_500' title='bbox 471 3895 718 3951; x_wconf 88' lang='lat' dir='ltr'><strong>Ezechiel</strong></span> <span class='ocrx_word' id='word_1_501' title='bbox 771 3901 1028 3969; x_wconf 87' lang='lat' dir='ltr'><strong>propheta</strong></span> <span class='ocrx_word' id='word_1_502' title='bbox 1076 3899 1292 3970; x_wconf 78' lang='lat' dir='ltr'><strong>(Ezech.</strong></span> <span class='ocrx_word' id='word_1_503' title='bbox 1339 3902 1380 3972; x_wconf 83' lang='grc' dir='ltr'><em>ι)</em></span> <span class='ocrx_word' id='word_1_504' title='bbox 1410 3911 1460 3957; x_wconf 87' lang='grc' dir='ltr'><strong>ει</strong></span> <span class='ocrx_word' id='word_1_505' title='bbox 1494 3902 1745 3959; x_wconf 70' lang='lat' dir='ltr'><strong>Joannes</strong></span> <span class='ocrx_word' id='word_1_506' title='bbox 1772 3905 1948 3959; x_wconf 90' lang='lat' dir='ltr'><strong>Evan-</strong></span> 
     </span>
    </p>
   </div>
   <div class='ocr_carea' id='block_1_69' title="bbox 367 3987 1946 4062">
    <p class='ocr_par' dir='ltr' id='par_1_69' title="bbox 367 3987 1946 4062">
     <span class='ocr_line' id='line_1_69' title="bbox 367 3987 1946 4062; baseline 0.007 -20"><span class='ocrx_word' id='word_1_507' title='bbox 367 3987 559 4058; x_wconf 88' lang='lat' dir='ltr'><strong>gelista</strong></span> <span class='ocrx_word' id='word_1_508' title='bbox 609 3989 792 4060; x_wconf 78' lang='lat' dir='ltr'><strong>(Apoc.</strong></span> <span class='ocrx_word' id='word_1_509' title='bbox 837 4006 890 4045; x_wconf 82' lang='lat' dir='ltr'><strong>tv</strong></span> <span class='ocrx_word' id='word_1_510' title='bbox 915 3992 938 4061; x_wconf 88' lang='lat'><strong>)</strong></span> <span class='ocrx_word' id='word_1_511' title='bbox 978 4007 1038 4047; x_wconf 86' lang='lat' dir='ltr'><strong>se</strong></span> <span class='ocrx_word' id='word_1_512' title='bbox 1075 3992 1275 4048; x_wconf 89' lang='lat' dir='ltr'><strong>vidisse</strong></span> <span class='ocrx_word' id='word_1_513' title='bbox 1318 3995 1688 4062; x_wconf 88' lang='lat' dir='ltr'><strong>pronuntiant.</strong></span> <span class='ocrx_word' id='word_1_514' title='bbox 1739 3995 1946 4053; x_wconf 79' lang='lat' dir='ltr'><strong>Vitulus</strong></span> 
     </span>
    </p>
   </div>
   <div class='ocr_carea' id='block_1_70' title="bbox 369 4071 1941 4154">
    <p class='ocr_par' dir='ltr' id='par_1_70' title="bbox 369 4071 1941 4154">
     <span class='ocr_line' id='line_1_70' title="bbox 369 4071 1941 4154; baseline 0.004 -20"><span class='ocrx_word' id='word_1_515' title='bbox 369 4080 632 4150; x_wconf 88' lang='lat' dir='ltr'><strong>siquidem</strong></span> <span class='ocrx_word' id='word_1_516' title='bbox 665 4081 718 4135; x_wconf 92' lang='lat' dir='ltr'><strong>in</strong></span> <span class='ocrx_word' id='word_1_517' title='bbox 759 4071 955 4152; x_wconf 79' lang='lat' dir='ltr'><strong>templo</strong></span> <span class='ocrx_word' id='word_1_518' title='bbox 982 4083 1192 4138; x_wconf 88' lang='lat' dir='ltr'><strong>solebat</strong></span> <span class='ocrx_word' id='word_1_519' title='bbox 1219 4085 1421 4140; x_wconf 82' lang='lat' dir='ltr'><strong>offerri.</strong></span> <span class='ocrx_word' id='word_1_520' title='bbox 1470 4085 1538 4139; x_wconf 89' lang='lat' dir='ltr'><strong>Et</strong></span> <span class='ocrx_word' id='word_1_521' title='bbox 1561 4086 1699 4141; x_wconf 88' lang='lat' dir='ltr'><strong>bene</strong></span> <span class='ocrx_word' id='word_1_522' title='bbox 1728 4087 1941 4154; x_wconf 90' lang='lat' dir='ltr'><strong>vitulus,</strong></span> 
     </span>
    </p>
   </div>
   <div class='ocr_carea' id='block_1_71' title="bbox 370 4169 1944 4246">
    <p class='ocr_par' dir='ltr' id='par_1_71' title="bbox 370 4169 1944 4246">
     <span class='ocr_line' id='line_1_71' title="bbox 370 4169 1944 4246; baseline 0.008 -27"><span class='ocrx_word' id='word_1_523' title='bbox 370 4169 496 4238; x_wconf 89' lang='lat' dir='ltr'><strong>quia</strong></span> <span class='ocrx_word' id='word_1_524' title='bbox 541 4183 708 4224; x_wconf 75' lang='lat' dir='ltr'><strong>sacra:</strong></span> <span class='ocrx_word' id='word_1_525' title='bbox 751 4170 946 4242; x_wconf 83' lang='lat' dir='ltr'><strong>linguae</strong></span> <span class='ocrx_word' id='word_1_526' title='bbox 993 4184 1210 4228; x_wconf 88' lang='lat' dir='ltr'><strong>vomere</strong></span> <span class='ocrx_word' id='word_1_527' title='bbox 1237 4175 1416 4230; x_wconf 87' lang='lat' dir='ltr'><strong>cordis</strong></span> <span class='ocrx_word' id='word_1_528' title='bbox 1458 4175 1627 4230; x_wconf 90' lang='lat' dir='ltr'><strong>nostri</strong></span> <span class='ocrx_word' id='word_1_529' title='bbox 1650 4191 1785 4240; x_wconf 58' lang='lat' dir='ltr'><strong>,arva</strong></span> <span class='ocrx_word' id='word_1_530' title='bbox 1815 4193 1944 4246; x_wconf 89' lang='lat' dir='ltr'><strong>pro-</strong></span> 
     </span>
    </p>
   </div>
   <div class='ocr_carea' id='block_1_72' title="bbox 371 4259 1945 4341">
    <p class='ocr_par' dir='ltr' id='par_1_72' title="bbox 371 4259 1945 4341">
     <span class='ocr_line' id='line_1_72' title="bbox 371 4259 1945 4341; baseline 0.006 -27"><span class='ocrx_word' id='word_1_531' title='bbox 371 4259 564 4326; x_wconf 85' lang='lat' dir='ltr'><strong>sulcat,</strong></span> <span class='ocrx_word' id='word_1_532' title='bbox 601 4277 772 4331; x_wconf 90' lang='lat' dir='ltr'><strong>eaque</strong></span> <span class='ocrx_word' id='word_1_533' title='bbox 818 4263 1110 4334; x_wconf 86' lang='lat' dir='ltr'><strong>evangelici</strong></span> <span class='ocrx_word' id='word_1_534' title='bbox 1157 4267 1380 4320; x_wconf 90' lang='lat' dir='ltr'><strong>seminis</strong></span> <span class='ocrx_word' id='word_1_535' title='bbox 1405 4267 1551 4336; x_wconf 86' lang='lat' dir='ltr'><strong>jactu</strong></span> <span class='ocrx_word' id='word_1_536' title='bbox 1597 4268 1745 4322; x_wconf 91' lang='lat' dir='ltr'><strong>vitali</strong></span> <span class='ocrx_word' id='word_1_537' title='bbox 1791 4266 1945 4341; x_wconf 81' lang='lat' dir='ltr'><strong>fruge</strong></span> 
     </span>
    </p>
   </div>
   <div class='ocr_carea' id='block_1_73' title="bbox 370 4351 1944 4428">
    <p class='ocr_par' dir='ltr' id='par_1_73' title="bbox 370 4351 1944 4428">
     <span class='ocr_line' id='line_1_73' title="bbox 370 4351 1944 4428; baseline 0.006 -24"><span class='ocrx_word' id='word_1_538' title='bbox 370 4351 642 4407; x_wconf 77' lang='lat' dir='ltr'><strong>fecundat.</strong></span> <span class='ocrx_word' id='word_1_539' title='bbox 670 4353 764 4408; x_wconf 80' lang='lat' dir='ltr'><strong>Vel</strong></span> <span class='ocrx_word' id='word_1_540' title='bbox 795 4362 942 4409; x_wconf 87' lang='lat' dir='ltr'><strong>certe</strong></span> <span class='ocrx_word' id='word_1_541' title='bbox 974 4355 1174 4410; x_wconf 90' lang='lat' dir='ltr'><strong>idcirco</strong></span> <span class='ocrx_word' id='word_1_542' title='bbox 1205 4355 1265 4410; x_wconf 82' lang='grc' dir='ltr'><strong>Β.</strong></span> <span class='ocrx_word' id='word_1_543' title='bbox 1292 4356 1466 4413; x_wconf 89' lang='lat' dir='ltr'><strong>Lucas</strong></span> <span class='ocrx_word' id='word_1_544' title='bbox 1491 4358 1636 4412; x_wconf 86' lang='lat' dir='ltr'><strong>vituli</strong></span> <span class='ocrx_word' id='word_1_545' title='bbox 1661 4361 1944 4428; x_wconf 64' lang='lat' dir='ltr'><strong>praetendit</strong></span> 
     </span>
    </p>
   </div>
   <div class='ocr_carea' id='block_1_74' title="bbox 370 4441 1937 4519">
    <p class='ocr_par' dir='ltr' id='par_1_74' title="bbox 370 4441 1937 4519">
     <span class='ocr_line' id='line_1_74' title="bbox 370 4441 1937 4519; baseline 0.006 -25"><span class='ocrx_word' id='word_1_546' title='bbox 370 4441 677 4512; x_wconf 86' lang='lat' dir='ltr'><strong>imaginem,</strong></span> <span class='ocrx_word' id='word_1_547' title='bbox 709 4443 832 4513; x_wconf 92' lang='lat' dir='ltr'><strong>quia</strong></span> <span class='ocrx_word' id='word_1_548' title='bbox 863 4447 987 4499; x_wconf 91' lang='lat' dir='ltr'><strong>dum</strong></span> <span class='ocrx_word' id='word_1_549' title='bbox 1011 4446 1375 4516; x_wconf 89' lang='lat' dir='ltr'><strong>evangelicam</strong></span> <span class='ocrx_word' id='word_1_550' title='bbox 1407 4457 1566 4519; x_wconf 91' lang='lat' dir='ltr'><strong>atque</strong></span> <span class='ocrx_word' id='word_1_551' title='bbox 1582 4450 1937 4519; x_wconf 78' lang='lat' dir='ltr'><strong>apostolicam</strong></span> 
     </span>
    </p>
   </div>
   <div class='ocr_carea' id='block_1_75' title="bbox 370 4531 1940 4608">
    <p class='ocr_par' dir='ltr' id='par_1_75' title="bbox 370 4531 1940 4608">
     <span class='ocr_line' id='line_1_75' title="bbox 370 4531 1940 4608; baseline 0.007 -24"><span class='ocrx_word' id='word_1_552' title='bbox 370 4531 628 4587; x_wconf 86' lang='lat' dir='ltr'><strong>describit</strong></span> <span class='ocrx_word' id='word_1_553' title='bbox 653 4534 952 4599; x_wconf 87' lang='lat' dir='ltr'><strong>historiam,</strong></span> <span class='ocrx_word' id='word_1_554' title='bbox 982 4535 1163 4590; x_wconf 88' lang='lat' dir='ltr'><strong>hostes</strong></span> <span class='ocrx_word' id='word_1_555' title='bbox 1188 4535 1386 4591; x_wconf 90' lang='lat' dir='ltr'><strong>Christi</strong></span> <span class='ocrx_word' id='word_1_556' title='bbox 1418 4547 1580 4608; x_wconf 90' lang='lat' dir='ltr'><strong>atque</strong></span> <span class='ocrx_word' id='word_1_557' title='bbox 1605 4540 1940 4595; x_wconf 85' lang='lat' dir='ltr'><strong>adversarios</strong></span> 
     </span>
    </p>
   </div>
   <div class='ocr_carea' id='block_1_76' title="bbox 366 4623 1939 4700">
    <p class='ocr_par' dir='ltr' id='par_1_76' title="bbox 366 4623 1939 4700">
     <span class='ocr_line' id='line_1_76' title="bbox 366 4623 1939 4700; baseline 0.008 -24"><span class='ocrx_word' id='word_1_558' title='bbox 366 4636 509 4678; x_wconf 63' lang='lat' dir='ltr'><strong>verte</strong></span> <span class='ocrx_word' id='word_1_559' title='bbox 523 4623 670 4690; x_wconf 87' lang='lat' dir='ltr'><strong>fidei,</strong></span> <span class='ocrx_word' id='word_1_560' title='bbox 695 4633 948 4693; x_wconf 84' lang='lat' dir='ltr'><strong>tanquam</strong></span> <span class='ocrx_word' id='word_1_561' title='bbox 964 4625 1170 4681; x_wconf 89' lang='lat' dir='ltr'><strong>duobus</strong></span> <span class='ocrx_word' id='word_1_562' title='bbox 1189 4627 1444 4683; x_wconf 89' lang='lat' dir='ltr'><strong>cornibus</strong></span> <span class='ocrx_word' id='word_1_563' title='bbox 1457 4629 1702 4695; x_wconf 88' lang='lat' dir='ltr'><strong>ventilat,</strong></span> <span class='ocrx_word' id='word_1_564' title='bbox 1719 4645 1939 4700; x_wconf 80' lang='lat' dir='ltr'><strong>eosque,</strong></span> 
     </span>
    </p>
   </div>
   <div class='ocr_carea' id='block_1_77' title="bbox 368 4714 1941 4791">
    <p class='ocr_par' dir='ltr' id='par_1_77' title="bbox 368 4714 1941 4791">
     <span class='ocr_line' id='line_1_77' title="bbox 368 4714 1941 4791; baseline 0.007 -25"><span class='ocrx_word' id='word_1_565' title='bbox 368 4728 437 4769; x_wconf 88' lang='lat' dir='ltr'><strong>ne</strong></span> <span class='ocrx_word' id='word_1_566' title='bbox 486 4728 666 4768; x_wconf 89' lang='lat' dir='ltr'><strong>aream</strong></span> <span class='ocrx_word' id='word_1_567' title='bbox 692 4714 971 4785; x_wconf 63' lang='lat' dir='ltr'><strong>catholicae</strong></span> <span class='ocrx_word' id='word_1_568' title='bbox 1023 4715 1278 4772; x_wconf 65' lang='lat' dir='ltr'><strong>Ecclesiae</strong></span> <span class='ocrx_word' id='word_1_569' title='bbox 1313 4718 1720 4788; x_wconf 83' lang='lat' dir='ltr'><strong>depOpulentur,</strong></span> <span class='ocrx_word' id='word_1_570' title='bbox 1774 4736 1941 4791; x_wconf 85' lang='lat' dir='ltr'><strong>expu-</strong></span> 
     </span>
    </p>
   </div>
   <div class='ocr_carea' id='block_1_78' title="bbox 368 4804 1942 4880">
    <p class='ocr_par' dir='ltr' id='par_1_78' title="bbox 368 4804 1942 4880">
     <span class='ocr_line' id='line_1_78' title="bbox 368 4804 1942 4880; baseline 0.006 -23"><span class='ocrx_word' id='word_1_571' title='bbox 368 4813 514 4874; x_wconf 87' lang='lat' dir='ltr'><strong>gnat.</strong></span> <span class='ocrx_word' id='word_1_572' title='bbox 564 4804 658 4859; x_wconf 88' lang='lat' dir='ltr'><strong>His</strong></span> <span class='ocrx_word' id='word_1_573' title='bbox 704 4805 885 4874; x_wconf 87' lang='lat' dir='ltr'><strong>itaque</strong></span> <span class='ocrx_word' id='word_1_574' title='bbox 923 4807 1177 4862; x_wconf 87' lang='lat' dir='ltr'><strong>cornibus</strong></span> <span class='ocrx_word' id='word_1_575' title='bbox 1224 4810 1596 4876; x_wconf 62' lang='lat' dir='ltr'><strong>praemunitur,</strong></span> <span class='ocrx_word' id='word_1_576' title='bbox 1648 4809 1841 4880; x_wconf 89' lang='lat' dir='ltr'><strong>quibus</strong></span> <span class='ocrx_word' id='word_1_577' title='bbox 1889 4820 1942 4867; x_wconf 91' lang='lat' dir='ltr'><strong>et</strong></span> 
     </span>
    </p>
   </div>
   <div class='ocr_carea' id='block_1_79' title="bbox 366 4893 1943 4962">
    <p class='ocr_par' dir='ltr' id='par_1_79' title="bbox 366 4893 1943 4962">
     <span class='ocr_line' id='line_1_79' title="bbox 366 4893 1943 4962; baseline 0.004 -12"><span class='ocrx_word' id='word_1_578' title='bbox 366 4893 575 4950; x_wconf 69' lang='lat' dir='ltr'><strong>Judazos</strong></span> <span class='ocrx_word' id='word_1_579' title='bbox 599 4894 755 4948; x_wconf 82' lang='lat' dir='ltr'><strong>feriat</strong></span> <span class='ocrx_word' id='word_1_580' title='bbox 784 4911 887 4948; x_wconf 92' lang='lat' dir='ltr'><strong>non</strong></span> <span class='ocrx_word' id='word_1_581' title='bbox 916 4897 1218 4962; x_wconf 84' lang='lat' dir='ltr'><strong>credentes,</strong></span> <span class='ocrx_word' id='word_1_582' title='bbox 1271 4906 1324 4951; x_wconf 94' lang='lat' dir='ltr'><strong>et</strong></span> <span class='ocrx_word' id='word_1_583' title='bbox 1362 4898 1643 4953; x_wconf 63' lang='lat' dir='ltr'><strong>haereticos</strong></span> <span class='ocrx_word' id='word_1_584' title='bbox 1671 4899 1794 4954; x_wconf 91' lang='lat' dir='ltr'><strong>hinc</strong></span> <span class='ocrx_word' id='word_1_585' title='bbox 1821 4901 1943 4957; x_wconf 85' lang='lat' dir='ltr'><strong>inde</strong></span> 
     </span>
    </p>
   </div>
   <div class='ocr_carea' id='block_1_80' title="bbox 365 4979 1592 5056">
    <p class='ocr_par' dir='ltr' id='par_1_80' title="bbox 365 4979 1592 5056">
     <span class='ocr_line' id='line_1_80' title="bbox 365 4979 1592 5056; baseline 0.003 -15"><span class='ocrx_word' id='word_1_586' title='bbox 365 4979 699 5041; x_wconf 67' lang='lat' dir='ltr'><strong>concltidat‘a</strong></span> <span class='ocrx_word' id='word_1_587' title='bbox 730 4987 907 5056; x_wconf 88' lang='lat' dir='ltr'><strong>regula</strong></span> <span class='ocrx_word' id='word_1_588' title='bbox 936 5002 1075 5040; x_wconf 67' lang='lat' dir='ltr'><strong>verae</strong></span> <span class='ocrx_word' id='word_1_589' title='bbox 1099 4985 1218 5040; x_wconf 89' lang='lat' dir='ltr'><strong>fidei</strong></span> <span class='ocrx_word' id='word_1_590' title='bbox 1241 4987 1592 5045; x_wconf 87' lang='lat' dir='ltr'><strong>declinantes.</strong></span> 
     </span>
    </p>
   </div>
   <div class='ocr_carea' id='block_1_81' title="bbox 433 5075 1934 5147">
    <p class='ocr_par' dir='ltr' id='par_1_81' title="bbox 433 5075 1934 5147">
     <span class='ocr_line' id='line_1_81' title="bbox 433 5075 1934 5147; baseline 0.001 -14"><span class='ocrx_word' id='word_1_591' title='bbox 433 5075 597 5146; x_wconf 80' lang='lat'><strong>285</strong></span> <span class='ocrx_word' id='word_1_592' title='bbox 635 5075 864 5147; x_wconf 84' lang='lat' dir='ltr'><strong>Scripsit</strong></span> <span class='ocrx_word' id='word_1_593' title='bbox 897 5076 1077 5145; x_wconf 91' lang='lat' dir='ltr'><strong>itaque</strong></span> <span class='ocrx_word' id='word_1_594' title='bbox 1106 5076 1165 5129; x_wconf 89' lang='grc' dir='ltr'><strong>Β.</strong></span> <span class='ocrx_word' id='word_1_595' title='bbox 1195 5075 1367 5130; x_wconf 88' lang='lat' dir='ltr'><strong>Lucas</strong></span> <span class='ocrx_word' id='word_1_596' title='bbox 1396 5079 1756 5147; x_wconf 86' lang='lat' dir='ltr'><strong>apostolorum</strong></span> <span class='ocrx_word' id='word_1_597' title='bbox 1783 5079 1934 5136; x_wconf 88' lang='lat' dir='ltr'><strong>labo-</strong></span> 
     </span>
    </p>
   </div>
   <div class='ocr_carea' id='block_1_82' title="bbox 366 5167 1934 5237">
    <p class='ocr_par' dir='ltr' id='par_1_82' title="bbox 366 5167 1934 5237">
     <span class='ocr_line' id='line_1_82' title="bbox 366 5167 1934 5237; baseline 0.003 -17"><span class='ocrx_word' id='word_1_598' title='bbox 366 5182 470 5231; x_wconf 91' lang='lat' dir='ltr'><strong>res,</strong></span> <span class='ocrx_word' id='word_1_599' title='bbox 501 5177 554 5221; x_wconf 92' lang='lat' dir='ltr'><strong>et</strong></span> <span class='ocrx_word' id='word_1_600' title='bbox 589 5178 741 5222; x_wconf 89' lang='lat' dir='ltr'><strong>actus</strong></span> <span class='ocrx_word' id='word_1_601' title='bbox 763 5209 776 5230; x_wconf 87' lang='lat'><strong>,</strong></span> <span class='ocrx_word' id='word_1_602' title='bbox 824 5168 1016 5237; x_wconf 90' lang='lat' dir='ltr'><strong>quibus</strong></span> <span class='ocrx_word' id='word_1_603' title='bbox 1053 5175 1107 5222; x_wconf 92' lang='lat' dir='ltr'><strong>et</strong></span> <span class='ocrx_word' id='word_1_604' title='bbox 1136 5167 1249 5237; x_wconf 89' lang='lat' dir='ltr'><strong>ipse</strong></span> <span class='ocrx_word' id='word_1_605' title='bbox 1277 5167 1639 5223; x_wconf 87' lang='lat' dir='ltr'><strong>collaborator</strong></span> <span class='ocrx_word' id='word_1_606' title='bbox 1674 5170 1934 5225; x_wconf 80' lang='lat' dir='ltr'><strong>interfuit.</strong></span> 
     </span>
    </p>
   </div>
   <div class='ocr_carea' id='block_1_83' title="bbox 364 5255 1932 5334">
    <p class='ocr_par' dir='ltr' id='par_1_83' title="bbox 364 5255 1932 5334">
     <span class='ocr_line' id='line_1_83' title="bbox 364 5255 1932 5334; baseline 0.003 -23"><span class='ocrx_word' id='word_1_607' title='bbox 364 5255 593 5326; x_wconf 87' lang='lat' dir='ltr'><strong>Scripsit</strong></span> <span class='ocrx_word' id='word_1_608' title='bbox 616 5267 670 5312; x_wconf 89' lang='lat' dir='ltr'><strong>et</strong></span> <span class='ocrx_word' id='word_1_609' title='bbox 692 5257 1038 5329; x_wconf 85' lang='lat' dir='ltr'><strong>Evangelium</strong></span> <span class='ocrx_word' id='word_1_610' title='bbox 1061 5298 1076 5323; x_wconf 97' lang='lat'><strong>,</strong></span> <span class='ocrx_word' id='word_1_611' title='bbox 1103 5258 1246 5328; x_wconf 86' lang='lat' dir='ltr'><strong>quod</strong></span> <span class='ocrx_word' id='word_1_612' title='bbox 1278 5259 1428 5329; x_wconf 90' lang='lat' dir='ltr'><strong>quasi</strong></span> <span class='ocrx_word' id='word_1_613' title='bbox 1457 5260 1724 5332; x_wconf 90' lang='lat' dir='ltr'><strong>signatum</strong></span> <span class='ocrx_word' id='word_1_614' title='bbox 1755 5263 1932 5334; x_wconf 84' lang='lat' dir='ltr'><strong>magni</strong></span> 
     </span>
    </p>
   </div>
   <div class='ocr_carea' id='block_1_84' title="bbox 363 5347 1934 5420">
    <p class='ocr_par' dir='ltr' id='par_1_84' title="bbox 363 5347 1934 5420">
     <span class='ocr_line' id='line_1_84' title="bbox 363 5347 1934 5420; baseline 0.003 -18"><span class='ocrx_word' id='word_1_615' title='bbox 363 5347 600 5404; x_wconf 80' lang='lat' dir='ltr'><strong>thesauri</strong></span> <span class='ocrx_word' id='word_1_616' title='bbox 626 5351 834 5419; x_wconf 86' lang='lat' dir='ltr'><strong>pondus</strong></span> <span class='ocrx_word' id='word_1_617' title='bbox 863 5351 928 5405; x_wconf 91' lang='lat' dir='ltr'><strong>de</strong></span> <span class='ocrx_word' id='word_1_618' title='bbox 953 5349 1088 5405; x_wconf 77' lang='lat' dir='ltr'><strong>coelo</strong></span> <span class='ocrx_word' id='word_1_619' title='bbox 1115 5350 1374 5420; x_wconf 87' lang='lat' dir='ltr'><strong>percepit.</strong></span> <span class='ocrx_word' id='word_1_620' title='bbox 1405 5349 1503 5405; x_wconf 88' lang='lat' dir='ltr'><strong>Cui</strong></span> <span class='ocrx_word' id='word_1_621' title='bbox 1529 5351 1777 5407; x_wconf 87' lang='lat' dir='ltr'><strong>videlicet</strong></span> <span class='ocrx_word' id='word_1_622' title='bbox 1804 5352 1934 5407; x_wconf 91' lang='lat' dir='ltr'><strong>illud</strong></span> 
     </span>
    </p>
   </div>
   <div class='ocr_carea' id='block_1_85' title="bbox 361 5437 1930 5512">
    <p class='ocr_par' dir='ltr' id='par_1_85' title="bbox 361 5437 1930 5512">
     <span class='ocr_line' id='line_1_85' title="bbox 361 5437 1930 5512; baseline 0.003 -20"><span class='ocrx_word' id='word_1_623' title='bbox 361 5437 512 5493; x_wconf 81' lang='lat' dir='ltr'><strong>Isaiae</strong></span> <span class='ocrx_word' id='word_1_624' title='bbox 540 5440 850 5495; x_wconf 87' lang='lat' dir='ltr'><strong>vaticinium</strong></span> <span class='ocrx_word' id='word_1_625' title='bbox 878 5449 1238 5512; x_wconf 87' lang='lat' dir='ltr'><strong>congruenter</strong></span> <span class='ocrx_word' id='word_1_626' title='bbox 1273 5449 1487 5511; x_wconf 90' lang='lat' dir='ltr'><strong>aptatur</strong></span> <span class='ocrx_word' id='word_1_627' title='bbox 1506 5482 1520 5505; x_wconf 96' lang='lat'><strong>,</strong></span> <span class='ocrx_word' id='word_1_628' title='bbox 1560 5457 1668 5511; x_wconf 91' lang='lat' dir='ltr'><strong>quo</strong></span> <span class='ocrx_word' id='word_1_629' title='bbox 1697 5443 1894 5498; x_wconf 91' lang='lat' dir='ltr'><strong>dicitur</strong></span> <span class='ocrx_word' id='word_1_630' title='bbox 1918 5461 1930 5497; x_wconf 90' lang='lat'>:</span> 
     </span>
    </p>
   </div>
   <div class='ocr_carea' id='block_1_86' title="bbox 362 5529 1934 5596">
    <p class='ocr_par' dir='ltr' id='par_1_86' title="bbox 362 5529 1934 5596">
     <span class='ocr_line' id='line_1_86' title="bbox 362 5529 1934 5596; baseline 0.004 -14"><span class='ocrx_word' id='word_1_631' title='bbox 362 5546 384 5582; x_wconf 69' lang='grc' dir='ltr'><strong>ι</strong></span> <span class='ocrx_word' id='word_1_632' title='bbox 425 5529 493 5584; x_wconf 69' lang='lat' dir='ltr'><strong>Et.</strong></span> <span class='ocrx_word' id='word_1_633' title='bbox 516 5531 621 5585; x_wconf 91' lang='lat' dir='ltr'><strong>erit</strong></span> <span class='ocrx_word' id='word_1_634' title='bbox 647 5529 798 5586; x_wconf 85' lang='lat' dir='ltr'><strong>vobis</strong></span> <span class='ocrx_word' id='word_1_635' title='bbox 828 5531 966 5586; x_wconf 85' lang='lat' dir='ltr'><strong>visio</strong></span> <span class='ocrx_word' id='word_1_636' title='bbox 1006 5531 1269 5596; x_wconf 93' lang='lat' dir='ltr'><strong>omnium,</strong></span> <span class='ocrx_word' id='word_1_637' title='bbox 1315 5532 1457 5586; x_wconf 91' lang='lat' dir='ltr'><strong>sicut</strong></span> <span class='ocrx_word' id='word_1_638' title='bbox 1503 5532 1661 5588; x_wconf 87' lang='lat' dir='ltr'><strong>verba</strong></span> <span class='ocrx_word' id='word_1_639' title='bbox 1707 5532 1827 5589; x_wconf 92' lang='lat' dir='ltr'><strong>libri</strong></span> <span class='ocrx_word' id='word_1_640' title='bbox 1858 5534 1934 5588; x_wconf 88' lang='lat' dir='ltr'><strong>si-</strong></span> 
     </span>
    </p>
   </div>
   <div class='ocr_carea' id='block_1_87' title="bbox 359 5619 1930 5691">
    <p class='ocr_par' dir='ltr' id='par_1_87' title="bbox 359 5619 1930 5691">
     <span class='ocr_line' id='line_1_87' title="bbox 359 5619 1930 5691; baseline 0.002 -18"><span class='ocrx_word' id='word_1_641' title='bbox 359 5622 529 5691; x_wconf 84' lang='lat' dir='ltr'><strong>gnati,</strong></span> <span class='ocrx_word' id='word_1_642' title='bbox 563 5637 721 5690; x_wconf 82' lang='lat' dir='ltr'><strong>quem</strong></span> <span class='ocrx_word' id='word_1_643' title='bbox 751 5635 874 5676; x_wconf 92' lang='lat' dir='ltr'><strong>cum</strong></span> <span class='ocrx_word' id='word_1_644' title='bbox 915 5619 1160 5676; x_wconf 89' lang='lat' dir='ltr'><strong>dederint</strong></span> <span class='ocrx_word' id='word_1_645' title='bbox 1189 5621 1378 5675; x_wconf 90' lang='lat' dir='ltr'><strong>scienti</strong></span> <span class='ocrx_word' id='word_1_646' title='bbox 1428 5621 1664 5688; x_wconf 88' lang='lat' dir='ltr'><strong>litteras,</strong></span> <span class='ocrx_word' id='word_1_647' title='bbox 1712 5622 1930 5676; x_wconf 86' lang='lat' dir='ltr'><strong>dicent:</strong></span> 
     </span>
    </p>
   </div>
   <div class='ocr_carea' id='block_1_88' title="bbox 361 5709 1930 5786">
    <p class='ocr_par' dir='ltr' id='par_1_88' title="bbox 361 5709 1930 5786">
     <span class='ocr_line' id='line_1_88' title="bbox 361 5709 1930 5786; baseline -0.001 -16"><span class='ocrx_word' id='word_1_648' title='bbox 361 5709 498 5786; x_wconf 75' lang='lat' dir='ltr'><strong>Lege</strong></span> <span class='ocrx_word' id='word_1_649' title='bbox 521 5711 708 5784; x_wconf 86' lang='lat' dir='ltr'><strong>istum,</strong></span> <span class='ocrx_word' id='word_1_650' title='bbox 737 5721 791 5770; x_wconf 91' lang='lat' dir='ltr'><strong>et</strong></span> <span class='ocrx_word' id='word_1_651' title='bbox 820 5711 1199 5785; x_wconf 85' lang='lat' dir='ltr'><strong>respondebit:</strong></span> <span class='ocrx_word' id='word_1_652' title='bbox 1228 5710 1344 5769; x_wconf 87' lang='lat' dir='ltr'><strong>Non</strong></span> <span class='ocrx_word' id='word_1_653' title='bbox 1373 5727 1592 5783; x_wconf 89' lang='lat' dir='ltr'><strong>possum</strong></span> <span class='ocrx_word' id='word_1_654' title='bbox 1624 5731 1636 5768; x_wconf 90' lang='lat'><strong>:</strong></span> <span class='ocrx_word' id='word_1_655' title='bbox 1664 5712 1930 5784; x_wconf 84' lang='lat' dir='ltr'><strong>signatum</strong></span> 
     </span>
    </p>
   </div>
   <div class='ocr_carea' id='block_1_89' title="bbox 1980 3151 3573 3245">
    <p class='ocr_par' dir='ltr' id='par_1_89' title="bbox 1980 3151 3573 3245">
     <span class='ocr_line' id='line_1_89' title="bbox 1980 3151 3573 3245; baseline 0.009 -16"><span class='ocrx_word' id='word_1_656' title='bbox 1980 3151 2024 3212; x_wconf 68' lang='grc' dir='ltr'>ο</span> <span class='ocrx_word' id='word_1_657' title='bbox 2057 3184 2144 3230; x_wconf 90' lang='lat' dir='ltr'><strong>tur</strong></span> <span class='ocrx_word' id='word_1_658' title='bbox 2165 3151 2197 3242; x_wconf 45' lang='lat'><strong>,-</strong></span> <span class='ocrx_word' id='word_1_659' title='bbox 2231 3178 2352 3232; x_wconf 89' lang='lat' dir='ltr'><strong>talis</strong></span> <span class='ocrx_word' id='word_1_660' title='bbox 2383 3179 2442 3245; x_wconf 25' lang='lat' dir='ltr'><strong>in,</strong></span> <span class='ocrx_word' id='word_1_661' title='bbox 2469 3180 2576 3236; x_wconf 90' lang='lat' dir='ltr'><strong>fine</strong></span> <span class='ocrx_word' id='word_1_662' title='bbox 2616 3151 3084 3239; x_wconf 49' lang='lat' dir='ltr'><strong>servetur.-Unus</strong></span> <span class='ocrx_word' id='word_1_663' title='bbox 3113 3173 3320 3241; x_wconf 70' lang='lat' dir='ltr'><strong>etenim</strong></span> <span class='ocrx_word' id='word_1_664' title='bbox 3348 3171 3462 3242; x_wconf 66' lang='lat' dir='ltr'><strong>ipse</strong></span> <span class='ocrx_word' id='word_1_665' title='bbox 3505 3171 3573 3224; x_wconf 66' lang='grc' dir='ltr'><strong>δο</strong></span> 
     </span>
    </p>
   </div>
   <div class='ocr_carea' id='block_1_90' title="bbox 2028 3262 3575 3343">
    <p class='ocr_par' dir='ltr' id='par_1_90' title="bbox 2028 3262 3575 3343">
     <span class='ocr_line' id='line_1_90' title="bbox 2028 3262 3575 3343; baseline 0.006 -23"><span class='ocrx_word' id='word_1_666' title='bbox 2028 3277 2286 3336; x_wconf 80' lang='lat' dir='ltr'><strong>quatuor</strong></span> <span class='ocrx_word' id='word_1_667' title='bbox 2314 3268 2623 3325; x_wconf 84' lang='lat' dir='ltr'><strong>fluminibus</strong></span> <span class='ocrx_word' id='word_1_668' title='bbox 2652 3273 2922 3340; x_wconf 86' lang='lat' dir='ltr'><strong>paradisi,</strong></span> <span class='ocrx_word' id='word_1_669' title='bbox 2952 3277 3042 3343; x_wconf 92' lang='lat' dir='ltr'><strong>qui</strong></span> <span class='ocrx_word' id='word_1_670' title='bbox 3087 3264 3279 3330; x_wconf 60' lang='lat' dir='ltr'><strong>viﬁlicel</strong></span> <span class='ocrx_word' id='word_1_671' title='bbox 3320 3262 3575 3317; x_wconf 63' lang='lat' dir='ltr'><strong>uberibus</strong></span> 
     </span>
    </p>
   </div>
   <div class='ocr_carea' id='block_1_91' title="bbox 2051 3353 3574 3420">
    <p class='ocr_par' dir='ltr' id='par_1_91' title="bbox 2051 3353 3574 3420">
     <span class='ocr_line' id='line_1_91' title="bbox 2051 3353 3574 3420; baseline 0.006 -10"><span class='ocrx_word' id='word_1_672' title='bbox 2051 3359 2308 3412; x_wconf 70' lang='lat' dir='ltr'><strong>doctrinm</strong></span> <span class='ocrx_word' id='word_1_673' title='bbox 2333 3376 2443 3414; x_wconf 78' lang='lat' dir='ltr'><strong>sua:</strong></span> <span class='ocrx_word' id='word_1_674' title='bbox 2475 3361 2692 3418; x_wconf 85' lang='lat' dir='ltr'><strong>fluentis</strong></span> <span class='ocrx_word' id='word_1_675' title='bbox 2723 3365 3033 3419; x_wconf 87' lang='lat' dir='ltr'><strong>universam</strong></span> <span class='ocrx_word' id='word_1_676' title='bbox 3071 3356 3202 3420; x_wconf 65' lang='lat' dir='ltr'><strong>nudi</strong></span> <span class='ocrx_word' id='word_1_677' title='bbox 3234 3353 3574 3409; x_wconf 56' lang='lat' dir='ltr'><strong>latitudinem</strong></span> 
     </span>
    </p>
   </div>
   <div class='ocr_carea' id='block_1_92' title="bbox 2052 3441 3574 3522">
    <p class='ocr_par' dir='ltr' id='par_1_92' title="bbox 2052 3441 3574 3522">
     <span class='ocr_line' id='line_1_92' title="bbox 2052 3441 3574 3522; baseline 0.005 -24"><span class='ocrx_word' id='word_1_678' title='bbox 2052 3446 2316 3515; x_wconf 89' lang='lat' dir='ltr'><strong>irrigavit.</strong></span> <span class='ocrx_word' id='word_1_679' title='bbox 2344 3448 2420 3501; x_wconf 92' lang='lat' dir='ltr'><strong>De</strong></span> <span class='ocrx_word' id='word_1_680' title='bbox 2441 3449 2639 3517; x_wconf 88' lang='lat' dir='ltr'><strong>quibus</strong></span> <span class='ocrx_word' id='word_1_681' title='bbox 2669 3450 2922 3505; x_wconf 88' lang='lat' dir='ltr'><strong>videlicet</strong></span> <span class='ocrx_word' id='word_1_682' title='bbox 2961 3454 3188 3522; x_wconf 64' lang='lat' dir='ltr'><strong>aquioel&#39;</strong></span> <span class='ocrx_word' id='word_1_683' title='bbox 3215 3441 3408 3496; x_wconf 69' lang='lat' dir='ltr'><strong>Isaiam</strong></span> <span class='ocrx_word' id='word_1_684' title='bbox 3433 3441 3574 3496; x_wconf 68' lang='grc' dir='ltr'><strong>δῖοί-</strong></span> 
     </span>
    </p>
   </div>
   <div class='ocr_carea' id='block_1_93' title="bbox 2052 3531 3576 3613">
    <p class='ocr_par' dir='ltr' id='par_1_93' title="bbox 2052 3531 3576 3613">
     <span class='ocr_line' id='line_1_93' title="bbox 2052 3531 3576 3613; baseline 0.003 -23"><span class='ocrx_word' id='word_1_685' title='bbox 2052 3546 2175 3590; x_wconf 89' lang='lat' dir='ltr'><strong>tur:</strong></span> <span class='ocrx_word' id='word_1_686' title='bbox 2207 3557 2226 3588; x_wconf 71' lang='grc' dir='ltr'>ί</span> <span class='ocrx_word' id='word_1_687' title='bbox 2259 3536 2455 3592; x_wconf 69' lang='lat' dir='ltr'><strong>Scissa:</strong></span> <span class='ocrx_word' id='word_1_688' title='bbox 2485 3548 2612 3594; x_wconf 91' lang='lat' dir='ltr'><strong>sunt</strong></span> <span class='ocrx_word' id='word_1_689' title='bbox 2635 3540 2690 3594; x_wconf 92' lang='lat' dir='ltr'><strong>in</strong></span> <span class='ocrx_word' id='word_1_690' title='bbox 2714 3532 2933 3596; x_wconf 85' lang='lat' dir='ltr'><strong>deserto</strong></span> <span class='ocrx_word' id='word_1_691' title='bbox 2951 3558 3080 3613; x_wconf 76' lang='lat' dir='ltr'><strong>aqu:</strong></span> <span class='ocrx_word' id='word_1_692' title='bbox 3123 3542 3179 3588; x_wconf 74' lang='grc' dir='ltr'><strong>ει</strong></span> <span class='ocrx_word' id='word_1_693' title='bbox 3219 3538 3487 3586; x_wconf 55' lang='lat' dir='ltr'><strong>torrentes</strong></span> <span class='ocrx_word' id='word_1_694' title='bbox 3519 3531 3576 3584; x_wconf 80' lang='grc' dir='ltr'><strong>ίη</strong></span> 
     </span>
    </p>
   </div>
   <div class='ocr_carea' id='block_1_94' title="bbox 2049 3619 3578 3699">
    <p class='ocr_par' dir='ltr' id='par_1_94' title="bbox 2049 3619 3578 3699">
     <span class='ocr_line' id='line_1_94' title="bbox 2049 3619 3578 3699; baseline 0.005 -20"><span class='ocrx_word' id='word_1_695' title='bbox 2049 3626 2362 3694; x_wconf 85' lang='lat' dir='ltr'><strong>solitudine,</strong></span> <span class='ocrx_word' id='word_1_696' title='bbox 2390 3638 2445 3683; x_wconf 93' lang='lat' dir='ltr'><strong>et</strong></span> <span class='ocrx_word' id='word_1_697' title='bbox 2473 3644 2594 3699; x_wconf 79' lang='lat' dir='ltr'><strong>quae</strong></span> <span class='ocrx_word' id='word_1_698' title='bbox 2622 3641 2740 3685; x_wconf 90' lang='lat' dir='ltr'><strong>erat</strong></span> <span class='ocrx_word' id='word_1_699' title='bbox 2761 3632 2914 3687; x_wconf 90' lang='lat' dir='ltr'><strong>arida</strong></span> <span class='ocrx_word' id='word_1_700' title='bbox 2948 3633 2999 3687; x_wconf 95' lang='lat' dir='ltr'><strong>in</strong></span> <span class='ocrx_word' id='word_1_701' title='bbox 3027 3637 3225 3694; x_wconf 69' lang='lat' dir='ltr'><strong>sgnum</strong></span> <span class='ocrx_word' id='word_1_702' title='bbox 3245 3661 3263 3690; x_wconf 69' lang='grc'><strong>9</strong></span> <span class='ocrx_word' id='word_1_703' title='bbox 3303 3630 3360 3676; x_wconf 74' lang='grc' dir='ltr'><strong>ει</strong></span> <span class='ocrx_word' id='word_1_704' title='bbox 3387 3619 3578 3676; x_wconf 65' lang='lat' dir='ltr'><strong>Silvian</strong></span> 
     </span>
    </p>
   </div>
   <div class='ocr_carea' id='block_1_95' title="bbox 2049 3712 3032 3796">
    <p class='ocr_par' dir='ltr' id='par_1_95' title="bbox 2049 3712 3032 3796">
     <span class='ocr_line' id='line_1_95' title="bbox 2049 3712 3032 3796; baseline 0.006 -24"><span class='ocrx_word' id='word_1_705' title='bbox 2049 3719 2100 3773; x_wconf 93' lang='lat' dir='ltr'><strong>in</strong></span> <span class='ocrx_word' id='word_1_706' title='bbox 2129 3719 2306 3774; x_wconf 89' lang='lat' dir='ltr'><strong>fontes</strong></span> <span class='ocrx_word' id='word_1_707' title='bbox 2337 3712 2601 3792; x_wconf 86' lang='lat' dir='ltr'><strong>aquarum</strong></span> <span class='ocrx_word' id='word_1_708' title='bbox 2631 3722 2765 3794; x_wconf 81' lang='lat' dir='ltr'><strong>(Isa.</strong></span> <span class='ocrx_word' id='word_1_709' title='bbox 2792 3725 2976 3796; x_wconf 84' lang='lat' dir='ltr'><strong>xxxv).</strong></span> <span class='ocrx_word' id='word_1_710' title='bbox 3014 3744 3032 3778; x_wconf 77' lang='grc' dir='ltr'><strong>ι</strong></span> 
     </span>
    </p>
   </div>
   <div class='ocr_carea' id='block_1_96' title="bbox 2120 3801 3594 3882">
    <p class='ocr_par' dir='ltr' id='par_1_96' title="bbox 2120 3801 3594 3882">
     <span class='ocr_line' id='line_1_96' title="bbox 2120 3801 3594 3882; baseline 0.005 -19"><span class='ocrx_word' id='word_1_711' title='bbox 2120 3803 2478 3868; x_wconf 81' lang='lat' dir='ltr'><strong>Recurramus</strong></span> <span class='ocrx_word' id='word_1_712' title='bbox 2508 3814 2707 3882; x_wconf 88' lang='lat' dir='ltr'><strong>itaque.</strong></span> <span class='ocrx_word' id='word_1_713' title='bbox 2754 3808 3077 3874; x_wconf 64' lang='lat' dir='ltr'><strong>dilectissiti,</strong></span> <span class='ocrx_word' id='word_1_714' title='bbox 3107 3806 3175 3862; x_wconf 71' lang='lat' dir='ltr'><strong>ad</strong></span> <span class='ocrx_word' id='word_1_715' title='bbox 3217 3801 3594 3860; x_wconf 62' lang='grc' dir='ltr'><strong>ίηιιοεεηῑίθηιη</strong></span> 
     </span>
    </p>
   </div>
   <div class='ocr_carea' id='block_1_97' title="bbox 2047 3891 3598 3980">
    <p class='ocr_par' dir='ltr' id='par_1_97' title="bbox 2047 3891 3598 3980">
     <span class='ocr_line' id='line_1_97' title="bbox 2047 3891 3598 3980; baseline 0 -26"><span class='ocrx_word' id='word_1_716' title='bbox 2047 3901 2333 3968; x_wconf 72' lang='lat' dir='ltr'><strong>primitivae</strong></span> <span class='ocrx_word' id='word_1_717' title='bbox 2371 3902 2655 3964; x_wconf 67' lang='lat' dir='ltr'><strong>Ecclesite,</strong></span> <span class='ocrx_word' id='word_1_718' title='bbox 2696 3914 2754 3958; x_wconf 91' lang='lat' dir='ltr'><strong>ut</strong></span> <span class='ocrx_word' id='word_1_719' title='bbox 2782 3905 3032 3980; x_wconf 59' lang='lat' dir='ltr'><strong>discam».</strong></span> <span class='ocrx_word' id='word_1_720' title='bbox 3064 3905 3119 3954; x_wconf 76' lang='lat' dir='ltr'><strong>el</strong></span> <span class='ocrx_word' id='word_1_721' title='bbox 3141 3909 3390 3966; x_wconf 68' lang='lat'><strong>90988538</strong></span> <span class='ocrx_word' id='word_1_722' title='bbox 3419 3891 3598 3954; x_wconf 68' lang='grc' dir='ltr'><em>τοιὶινι</em></span> 
     </span>
    </p>
   </div>
   <div class='ocr_carea' id='block_1_98' title="bbox 2044 3983 3580 4065">
    <p class='ocr_par' dir='ltr' id='par_1_98' title="bbox 2044 3983 3580 4065">
     <span class='ocr_line' id='line_1_98' title="bbox 2044 3983 3580 4065; baseline -0.005 -20"><span class='ocrx_word' id='word_1_723' title='bbox 2044 4005 2232 4059; x_wconf 89' lang='lat' dir='ltr'><strong>quere,</strong></span> <span class='ocrx_word' id='word_1_724' title='bbox 2268 4001 2321 4048; x_wconf 92' lang='lat' dir='ltr'><strong>et</strong></span> <span class='ocrx_word' id='word_1_725' title='bbox 2345 3993 2399 4047; x_wconf 92' lang='lat' dir='ltr'><strong>in</strong></span> <span class='ocrx_word' id='word_1_726' title='bbox 2432 3994 2592 4064; x_wconf 82' lang='lat' dir='ltr'><strong>regiae</strong></span> <span class='ocrx_word' id='word_1_727' title='bbox 2625 3997 2958 4065; x_wconf 88' lang='lat' dir='ltr'><strong>paupertatis</strong></span> <span class='ocrx_word' id='word_1_728' title='bbox 2983 3988 3289 4058; x_wconf 68' lang='lat' dir='ltr'><strong>:mplicitate</strong></span> <span class='ocrx_word' id='word_1_729' title='bbox 3323 3983 3580 4056; x_wconf 86' lang='lat' dir='ltr'><strong>gaudere.</strong></span> 
     </span>
    </p>
   </div>
   <div class='ocr_carea' id='block_1_99' title="bbox 2046 4073 3582 4150">
    <p class='ocr_par' dir='ltr' id='par_1_99' title="bbox 2046 4073 3582 4150">
     <span class='ocr_line' id='line_1_99' title="bbox 2046 4073 3582 4150; baseline -0.005 -17"><span class='ocrx_word' id='word_1_730' title='bbox 2046 4078 2160 4134; x_wconf 84' lang='lat' dir='ltr'><strong>Non</strong></span> <span class='ocrx_word' id='word_1_731' title='bbox 2188 4082 2242 4134; x_wconf 91' lang='lat' dir='ltr'><strong>in</strong></span> <span class='ocrx_word' id='word_1_732' title='bbox 2265 4080 2375 4135; x_wconf 90' lang='lat' dir='ltr'><strong>ima</strong></span> <span class='ocrx_word' id='word_1_733' title='bbox 2396 4097 2495 4138; x_wconf 89' lang='lat' dir='ltr'><strong>nos</strong></span> <span class='ocrx_word' id='word_1_734' title='bbox 2517 4093 2746 4140; x_wconf 70' lang='lat' dir='ltr'><strong>terrente</strong></span> <span class='ocrx_word' id='word_1_735' title='bbox 2767 4080 3043 4142; x_wconf 67' lang='lat' dir='ltr'><strong>substante</strong></span> <span class='ocrx_word' id='word_1_736' title='bbox 3063 4077 3274 4150; x_wconf 89' lang='lat' dir='ltr'><strong>pondus</strong></span> <span class='ocrx_word' id='word_1_737' title='bbox 3294 4073 3582 4146; x_wconf 89' lang='lat' dir='ltr'><strong>deprimat,</strong></span> 
     </span>
    </p>
   </div>
   <div class='ocr_carea' id='block_1_100' title="bbox 2043 4164 3588 4242">
    <p class='ocr_par' dir='ltr' id='par_1_100' title="bbox 2043 4164 3588 4242">
     <span class='ocr_line' id='line_1_100' title="bbox 2043 4164 3588 4242; baseline -0.003 -18"><span class='ocrx_word' id='word_1_738' title='bbox 2043 4185 2179 4240; x_wconf 87' lang='lat' dir='ltr'><strong>quos</strong></span> <span class='ocrx_word' id='word_1_739' title='bbox 2212 4172 2280 4226; x_wconf 89' lang='lat' dir='ltr'><strong>ad</strong></span> <span class='ocrx_word' id='word_1_740' title='bbox 2312 4187 2559 4242; x_wconf 84' lang='lat' dir='ltr'><strong>supernae</strong></span> <span class='ocrx_word' id='word_1_741' title='bbox 2590 4174 2925 4232; x_wconf 83' lang='lat' dir='ltr'><strong>Hierusalem</strong></span> <span class='ocrx_word' id='word_1_742' title='bbox 2940 4169 3162 4240; x_wconf 73' lang='lat' dir='ltr'><strong>gloriam</strong></span> <span class='ocrx_word' id='word_1_743' title='bbox 3194 4167 3309 4222; x_wconf 86' lang='lat' dir='ltr'><strong>Rex</strong></span> <span class='ocrx_word' id='word_1_744' title='bbox 3350 4164 3588 4221; x_wconf 67' lang='lat' dir='ltr'><strong>caelestis</strong></span> 
     </span>
    </p>
   </div>
   <div class='ocr_carea' id='block_1_101' title="bbox 2019 4255 3590 4338">
    <p class='ocr_par' dir='ltr' id='par_1_101' title="bbox 2019 4255 3590 4338">
     <span class='ocr_line' id='line_1_101' title="bbox 2019 4255 3590 4338; baseline 0.004 -23"><span class='ocrx_word' id='word_1_745' title='bbox 2019 4261 2251 4338; x_wconf 79' lang='lat' dir='ltr'><strong>invitat.</strong></span> <span class='ocrx_word' id='word_1_746' title='bbox 2283 4261 2392 4318; x_wconf 87' lang='lat' dir='ltr'><strong>Nos</strong></span> <span class='ocrx_word' id='word_1_747' title='bbox 2429 4278 2534 4318; x_wconf 90' lang='lat' dir='ltr'><strong>non</strong></span> <span class='ocrx_word' id='word_1_748' title='bbox 2581 4263 2649 4318; x_wconf 90' lang='lat' dir='ltr'><strong>ab</strong></span> <span class='ocrx_word' id='word_1_749' title='bbox 2685 4266 2786 4320; x_wconf 91' lang='lat' dir='ltr'><strong>hoc</strong></span> <span class='ocrx_word' id='word_1_750' title='bbox 2831 4274 3001 4322; x_wconf 79' lang='lat' dir='ltr'><strong>temre</strong></span> <span class='ocrx_word' id='word_1_751' title='bbox 3040 4258 3272 4314; x_wconf 70' lang='lat' dir='ltr'><strong>carnalis</strong></span> <span class='ocrx_word' id='word_1_752' title='bbox 3322 4255 3590 4312; x_wconf 60' lang='grc' dir='ltr'><strong>ἱιιεοθδΐκ</strong></span> 
     </span>
    </p>
   </div>
   <div class='ocr_carea' id='block_1_102' title="bbox 2041 4344 3592 4425">
    <p class='ocr_par' dir='ltr' id='par_1_102' title="bbox 2041 4344 3592 4425">
     <span class='ocr_line' id='line_1_102' title="bbox 2041 4344 3592 4425; baseline 0.008 -22"><span class='ocrx_word' id='word_1_753' title='bbox 2041 4353 2287 4406; x_wconf 84' lang='lat' dir='ltr'><strong>retrahat</strong></span> <span class='ocrx_word' id='word_1_754' title='bbox 2311 4352 2637 4408; x_wconf 85' lang='lat' dir='ltr'><strong>lenocinium</strong></span> <span class='ocrx_word' id='word_1_755' title='bbox 2659 4395 2672 4418; x_wconf 93' lang='lat'><strong>,</strong></span> <span class='ocrx_word' id='word_1_756' title='bbox 2700 4351 3080 4425; x_wconf 71' lang='lat' dir='ltr'><strong>quibuleique</strong></span> <span class='ocrx_word' id='word_1_757' title='bbox 3114 4364 3212 4419; x_wconf 69' lang='lat' dir='ltr'><strong>Per</strong></span> <span class='ocrx_word' id='word_1_758' title='bbox 3239 4344 3592 4418; x_wconf 63' lang='grc' dir='ltr'><strong>Ρΐωθθιιθηιίί</strong></span> 
     </span>
    </p>
   </div>
   <div class='ocr_carea' id='block_1_103' title="bbox 2042 4437 3586 4515">
    <p class='ocr_par' dir='ltr' id='par_1_103' title="bbox 2042 4437 3586 4515">
     <span class='ocr_line' id='line_1_103' title="bbox 2042 4437 3586 4515; baseline 0.005 -21"><span class='ocrx_word' id='word_1_759' title='bbox 2042 4445 2209 4497; x_wconf 91' lang='lat' dir='ltr'><strong>nostri</strong></span> <span class='ocrx_word' id='word_1_760' title='bbox 2250 4445 2628 4515; x_wconf 85' lang='lat' dir='ltr'><strong>Redemptoris</strong></span> <span class='ocrx_word' id='word_1_761' title='bbox 2667 4448 2919 4504; x_wconf 88' lang='lat' dir='ltr'><strong>introituu</strong></span> <span class='ocrx_word' id='word_1_762' title='bbox 2966 4451 3114 4512; x_wconf 63' lang='lat' dir='ltr'><strong>pale!</strong></span> <span class='ocrx_word' id='word_1_763' title='bbox 3155 4441 3277 4496; x_wconf 76' lang='lat' dir='ltr'><strong>aula</strong></span> <span class='ocrx_word' id='word_1_764' title='bbox 3307 4437 3586 4515; x_wconf 64' lang='grc' dir='ltr'><strong>οαέιοΐιιωο</strong></span> 
     </span>
    </p>
   </div>
   <div class='ocr_carea' id='block_1_104' title="bbox 2039 4524 3594 4606">
    <p class='ocr_par' dir='ltr' id='par_1_104' title="bbox 2039 4524 3594 4606">
     <span class='ocr_line' id='line_1_104' title="bbox 2039 4524 3594 4606; baseline -0.004 -22"><span class='ocrx_word' id='word_1_765' title='bbox 2039 4530 2172 4585; x_wconf 81' lang='lat' dir='ltr'><strong>Nam</strong></span> <span class='ocrx_word' id='word_1_766' title='bbox 2207 4535 2330 4588; x_wconf 91' lang='lat' dir='ltr'><strong>dum</strong></span> <span class='ocrx_word' id='word_1_767' title='bbox 2356 4537 2719 4604; x_wconf 89' lang='lat' dir='ltr'><strong>generationis</strong></span> <span class='ocrx_word' id='word_1_768' title='bbox 2749 4535 2988 4606; x_wconf 68' lang='lat' dir='ltr'><strong>cjnsndo</strong></span> <span class='ocrx_word' id='word_1_769' title='bbox 3009 4533 3078 4588; x_wconf 88' lang='lat' dir='ltr'><strong>ab</strong></span> <span class='ocrx_word' id='word_1_770' title='bbox 3097 4530 3397 4587; x_wconf 89' lang='lat' dir='ltr'><strong>humilitate</strong></span> <span class='ocrx_word' id='word_1_771' title='bbox 3417 4524 3594 4595; x_wconf 85' lang='lat' dir='ltr'><strong>bapti-</strong></span> 
     </span>
    </p>
   </div>
   <div class='ocr_carea' id='block_1_105' title="bbox 2040 4612 3592 4697">
    <p class='ocr_par' dir='ltr' id='par_1_105' title="bbox 2040 4612 3592 4697">
     <span class='ocr_line' id='line_1_105' title="bbox 2040 4612 3592 4697; baseline -0.003 -21"><span class='ocrx_word' id='word_1_772' title='bbox 2040 4623 2227 4677; x_wconf 89' lang='lat' dir='ltr'><strong>smatis</strong></span> <span class='ocrx_word' id='word_1_773' title='bbox 2269 4625 2335 4678; x_wconf 89' lang='lat' dir='ltr'><strong>ad</strong></span> <span class='ocrx_word' id='word_1_774' title='bbox 2383 4625 2597 4680; x_wconf 83' lang='lat' dir='ltr'><strong>Patrem</strong></span> <span class='ocrx_word' id='word_1_775' title='bbox 2631 4642 2798 4696; x_wconf 89' lang='lat' dir='ltr'><strong>usque</strong></span> <span class='ocrx_word' id='word_1_776' title='bbox 2842 4623 3153 4697; x_wconf 66' lang='lat' dir='ltr'><strong>yroducitur,</strong></span> <span class='ocrx_word' id='word_1_777' title='bbox 3197 4619 3364 4687; x_wconf 89' lang='lat' dir='ltr'><strong>liquet</strong></span> <span class='ocrx_word' id='word_1_778' title='bbox 3403 4612 3592 4684; x_wconf 87' lang='lat' dir='ltr'><strong>procul</strong></span> 
     </span>
    </p>
   </div>
   <div class='ocr_carea' id='block_1_106' title="bbox 2041 4701 3597 4784">
    <p class='ocr_par' dir='ltr' id='par_1_106' title="bbox 2041 4701 3597 4784">
     <span class='ocr_line' id='line_1_106' title="bbox 2041 4701 3597 4784; baseline -0.003 -17"><span class='ocrx_word' id='word_1_779' title='bbox 2041 4713 2221 4776; x_wconf 90' lang='lat' dir='ltr'><strong>dubio,</strong></span> <span class='ocrx_word' id='word_1_780' title='bbox 2245 4714 2371 4783; x_wconf 88' lang='lat' dir='ltr'><strong>quia</strong></span> <span class='ocrx_word' id='word_1_781' title='bbox 2391 4716 2582 4784; x_wconf 63' lang='lat' dir='ltr'><strong>patriae</strong></span> <span class='ocrx_word' id='word_1_782' title='bbox 2601 4711 3146 4784; x_wconf 70' lang='lat' dir='ltr'><strong>cmlestisingressum</strong></span> <span class='ocrx_word' id='word_1_783' title='bbox 3166 4723 3225 4763; x_wconf 77' lang='lat' dir='ltr'><strong>se</strong></span> <span class='ocrx_word' id='word_1_784' title='bbox 3245 4701 3597 4774; x_wconf 71' lang='lat' dir='ltr'><strong>sequentibus</strong></span> 
     </span>
    </p>
   </div>
   <div class='ocr_carea' id='block_1_107' title="bbox 2042 4792 3595 4876">
    <p class='ocr_par' dir='ltr' id='par_1_107' title="bbox 2042 4792 3595 4876">
     <span class='ocr_line' id='line_1_107' title="bbox 2042 4792 3595 4876; baseline -0.008 -19"><span class='ocrx_word' id='word_1_785' title='bbox 2042 4802 2339 4872; x_wconf 88' lang='lat' dir='ltr'><strong>pollicetur.</strong></span> <span class='ocrx_word' id='word_1_786' title='bbox 2371 4813 2425 4858; x_wconf 91' lang='lat' dir='ltr'><strong>ct</strong></span> <span class='ocrx_word' id='word_1_787' title='bbox 2453 4820 2560 4874; x_wconf 92' lang='lat' dir='ltr'><strong>quo</strong></span> <span class='ocrx_word' id='word_1_788' title='bbox 2585 4808 2737 4876; x_wconf 91' lang='lat' dir='ltr'><strong>prior</strong></span> <span class='ocrx_word' id='word_1_789' title='bbox 2761 4803 3004 4862; x_wconf 67' lang='lat' dir='ltr'><strong>introivit.</strong></span> <span class='ocrx_word' id='word_1_790' title='bbox 3029 4799 3132 4854; x_wconf 87' lang='lat' dir='ltr'><strong>sibi</strong></span> <span class='ocrx_word' id='word_1_791' title='bbox 3162 4792 3595 4854; x_wconf 87' lang='lat' dir='ltr'><strong>ministrantibus</strong></span> 
     </span>
    </p>
   </div>
   <div class='ocr_carea' id='block_1_108' title="bbox 2042 4887 3593 4968">
    <p class='ocr_par' dir='ltr' id='par_1_108' title="bbox 2042 4887 3593 4968">
     <span class='ocr_line' id='line_1_108' title="bbox 2042 4887 3593 4968; baseline -0.002 -20"><span class='ocrx_word' id='word_1_792' title='bbox 2042 4895 2183 4948; x_wconf 88' lang='lat' dir='ltr'><strong>viam</strong></span> <span class='ocrx_word' id='word_1_793' title='bbox 2212 4897 2426 4950; x_wconf 91' lang='lat' dir='ltr'><strong>stravit.</strong></span> <span class='ocrx_word' id='word_1_794' title='bbox 2459 4915 2477 4948; x_wconf 72' lang='grc' dir='ltr'><strong>ι</strong></span> <span class='ocrx_word' id='word_1_795' title='bbox 2514 4896 2670 4962; x_wconf 81' lang='lat' dir='ltr'><strong>Volo,</strong></span> <span class='ocrx_word' id='word_1_796' title='bbox 2700 4898 2856 4968; x_wconf 56' lang='lat' dir='ltr'><strong>inquit</strong></span> <span class='ocrx_word' id='word_1_797' title='bbox 2887 4894 3078 4954; x_wconf 83' lang='lat' dir='ltr'><strong>Pater,</strong></span> <span class='ocrx_word' id='word_1_798' title='bbox 3111 4894 3171 4943; x_wconf 78' lang='lat' dir='ltr'><strong>ut</strong></span> <span class='ocrx_word' id='word_1_799' title='bbox 3203 4887 3294 4943; x_wconf 78' lang='lat' dir='ltr'><strong>ubi</strong></span> <span class='ocrx_word' id='word_1_800' title='bbox 3322 4899 3422 4955; x_wconf 88' lang='lat' dir='ltr'><strong>ego</strong></span> <span class='ocrx_word' id='word_1_801' title='bbox 3451 4898 3593 4946; x_wconf 74' lang='lat' dir='ltr'><strong>sunt.</strong></span> 
     </span>
    </p>
   </div>
   <div class='ocr_carea' id='block_1_109' title="bbox 2042 4974 3596 5054">
    <p class='ocr_par' dir='ltr' id='par_1_109' title="bbox 2042 4974 3596 5054">
     <span class='ocr_line' id='line_1_109' title="bbox 2042 4974 3596 5054; baseline 0.006 -16"><span class='ocrx_word' id='word_1_802' title='bbox 2042 4984 2153 5039; x_wconf 92' lang='lat' dir='ltr'><strong>illic</strong></span> <span class='ocrx_word' id='word_1_803' title='bbox 2181 4985 2253 5040; x_wconf 91' lang='lat' dir='ltr'><strong>sit</strong></span> <span class='ocrx_word' id='word_1_804' title='bbox 2278 4995 2332 5040; x_wconf 90' lang='lat' dir='ltr'><strong>et</strong></span> <span class='ocrx_word' id='word_1_805' title='bbox 2360 4987 2606 5042; x_wconf 88' lang='lat' dir='ltr'><strong>minister</strong></span> <span class='ocrx_word' id='word_1_806' title='bbox 2631 5004 2774 5043; x_wconf 79' lang='lat' dir='ltr'><strong>meus</strong></span> <span class='ocrx_word' id='word_1_807' title='bbox 2797 4985 2976 5054; x_wconf 80' lang='lat' dir='ltr'><strong>(Joan.</strong></span> <span class='ocrx_word' id='word_1_808' title='bbox 3016 4980 3147 5051; x_wconf 75' lang='lat' dir='ltr'><strong>xu);</strong></span> <span class='ocrx_word' id='word_1_809' title='bbox 3185 5000 3206 5031; x_wconf 78' lang='lat'><strong><em>’</em></strong></span> <span class='ocrx_word' id='word_1_810' title='bbox 3249 4985 3310 5032; x_wconf 70' lang='grc' dir='ltr'><em>υι</em></span> <span class='ocrx_word' id='word_1_811' title='bbox 3340 4974 3596 5030; x_wconf 64' lang='lat' dir='ltr'><strong>nimirum</strong></span> 
     </span>
    </p>
   </div>
   <div class='ocr_carea' id='block_1_110' title="bbox 2042 5068 3598 5143">
    <p class='ocr_par' dir='ltr' id='par_1_110' title="bbox 2042 5068 3598 5143">
     <span class='ocr_line' id='line_1_110' title="bbox 2042 5068 3598 5143; baseline -0.007 -15"><span class='ocrx_word' id='word_1_812' title='bbox 2042 5075 2108 5128; x_wconf 89' lang='lat' dir='ltr'><strong>ad</strong></span> <span class='ocrx_word' id='word_1_813' title='bbox 2129 5084 2289 5143; x_wconf 91' lang='lat' dir='ltr'><strong>caput</strong></span> <span class='ocrx_word' id='word_1_814' title='bbox 2314 5091 2372 5130; x_wconf 91' lang='lat' dir='ltr'><strong>sc</strong></span> <span class='ocrx_word' id='word_1_815' title='bbox 2395 5077 2632 5130; x_wconf 90' lang='lat' dir='ltr'><strong>membra</strong></span> <span class='ocrx_word' id='word_1_816' title='bbox 2660 5077 2921 5143; x_wconf 68' lang='lat' dir='ltr'><strong>coliigant,</strong></span> <span class='ocrx_word' id='word_1_817' title='bbox 2947 5079 3002 5125; x_wconf 91' lang='lat' dir='ltr'><strong>et</strong></span> <span class='ocrx_word' id='word_1_818' title='bbox 3029 5070 3192 5140; x_wconf 91' lang='lat' dir='ltr'><strong>(sicut</strong></span> <span class='ocrx_word' id='word_1_819' title='bbox 3217 5068 3408 5124; x_wconf 87' lang='lat' dir='ltr'><strong>eodem</strong></span> <span class='ocrx_word' id='word_1_820' title='bbox 3435 5081 3598 5134; x_wconf 84' lang='lat' dir='ltr'><strong>spon-</strong></span> 
     </span>
    </p>
   </div>
   <div class='ocr_carea' id='block_1_111' title="bbox 2041 5159 3602 5236">
    <p class='ocr_par' dir='ltr' id='par_1_111' title="bbox 2041 5159 3602 5236">
     <span class='ocr_line' id='line_1_111' title="bbox 2041 5159 3602 5236; baseline -0.007 -17"><span class='ocrx_word' id='word_1_821' title='bbox 2041 5167 2198 5220; x_wconf 90' lang='lat' dir='ltr'><strong>dente</strong></span> <span class='ocrx_word' id='word_1_822' title='bbox 2227 5167 2576 5236; x_wconf 90' lang='lat' dir='ltr'><strong>promittitur)</strong></span> <span class='ocrx_word' id='word_1_823' title='bbox 2610 5167 2692 5219; x_wconf 92' lang='lat' dir='ltr'><strong>ubi</strong></span> <span class='ocrx_word' id='word_1_824' title='bbox 2719 5165 2881 5220; x_wconf 85' lang='lat' dir='ltr'><strong>fuerit</strong></span> <span class='ocrx_word' id='word_1_825' title='bbox 2921 5177 3118 5234; x_wconf 87' lang='lat' dir='ltr'><strong>corpus</strong></span> <span class='ocrx_word' id='word_1_826' title='bbox 3155 5169 3213 5218; x_wconf 83' lang='lat' dir='ltr'><strong>et</strong></span> <span class='ocrx_word' id='word_1_827' title='bbox 3251 5159 3444 5231; x_wconf 69' lang='lat' dir='ltr'><strong>aquila:</strong></span> <span class='ocrx_word' id='word_1_828' title='bbox 3476 5172 3602 5211; x_wconf 87' lang='lat' dir='ltr'><strong>con-</strong></span> 
     </span>
    </p>
   </div>
   <div class='ocr_carea' id='block_1_112' title="bbox 2039 5255 2767 5328">
    <p class='ocr_par' dir='ltr' id='par_1_112' title="bbox 2039 5255 2767 5328">
     <span class='ocr_line' id='line_1_112' title="bbox 2039 5255 2767 5328; baseline 0 -19"><span class='ocrx_word' id='word_1_829' title='bbox 2039 5267 2322 5327; x_wconf 88' lang='lat' dir='ltr'><strong>gregcntur</strong></span> <span class='ocrx_word' id='word_1_830' title='bbox 2353 5255 2564 5326; x_wconf 76' lang='lat' dir='ltr'><strong>(Matth.</strong></span> <span class='ocrx_word' id='word_1_831' title='bbox 2599 5257 2767 5328; x_wconf 76' lang='lat' dir='ltr'><strong>xxrv).</strong></span> 
     </span>
    </p>
   </div>
   <div class='ocr_carea' id='block_1_113' title="bbox 2107 5337 3600 5417">
    <p class='ocr_par' dir='ltr' id='par_1_113' title="bbox 2107 5337 3600 5417">
     <span class='ocr_line' id='line_1_113' title="bbox 2107 5337 3600 5417; baseline -0.011 -14"><span class='ocrx_word' id='word_1_832' title='bbox 2107 5346 2270 5417; x_wconf 78' lang='lat'><strong>286</strong></span> <span class='ocrx_word' id='word_1_833' title='bbox 2312 5363 2330 5394; x_wconf 72' lang='grc' dir='ltr'><strong><em>ο</em></strong></span> <span class='ocrx_word' id='word_1_834' title='bbox 2371 5345 2640 5399; x_wconf 82' lang='lat' dir='ltr'><strong>Adeamus</strong></span> <span class='ocrx_word' id='word_1_835' title='bbox 2685 5359 2814 5415; x_wconf 90' lang='lat' dir='ltr'><strong>ergo</strong></span> <span class='ocrx_word' id='word_1_836' title='bbox 2848 5359 2970 5398; x_wconf 91' lang='lat' dir='ltr'><strong>cum</strong></span> <span class='ocrx_word' id='word_1_837' title='bbox 3021 5342 3213 5399; x_wconf 87' lang='lat' dir='ltr'><strong>fiducia</strong></span> <span class='ocrx_word' id='word_1_838' title='bbox 3246 5339 3314 5396; x_wconf 81' lang='lat' dir='ltr'><strong>ad</strong></span> <span class='ocrx_word' id='word_1_839' title='bbox 3349 5337 3600 5393; x_wconf 84' lang='lat' dir='ltr'><strong>thronum</strong></span> 
     </span>
    </p>
   </div>
   <div class='ocr_carea' id='block_1_114' title="bbox 2037 5428 3602 5507">
    <p class='ocr_par' dir='ltr' id='par_1_114' title="bbox 2037 5428 3602 5507">
     <span class='ocr_line' id='line_1_114' title="bbox 2037 5428 3602 5507; baseline -0.008 -16"><span class='ocrx_word' id='word_1_840' title='bbox 2037 5439 2240 5507; x_wconf 67' lang='lat' dir='ltr'><strong>gratiae,</strong></span> <span class='ocrx_word' id='word_1_841' title='bbox 2273 5445 2332 5490; x_wconf 92' lang='lat' dir='ltr'><strong>ut</strong></span> <span class='ocrx_word' id='word_1_842' title='bbox 2361 5434 2782 5490; x_wconf 90' lang='lat' dir='ltr'><strong>misericordiam</strong></span> <span class='ocrx_word' id='word_1_843' title='bbox 2813 5449 3241 5505; x_wconf 83' lang='lat' dir='ltr'><strong>consequamur,</strong></span> <span class='ocrx_word' id='word_1_844' title='bbox 3279 5433 3334 5486; x_wconf 83' lang='lat' dir='ltr'><strong>et</strong></span> <span class='ocrx_word' id='word_1_845' title='bbox 3374 5428 3602 5500; x_wconf 77' lang='lat' dir='ltr'><strong>gratiam</strong></span> 
     </span>
    </p>
   </div>
   <div class='ocr_carea' id='block_1_115' title="bbox 2035 5516 3604 5596">
    <p class='ocr_par' dir='ltr' id='par_1_115' title="bbox 2035 5516 3604 5596">
     <span class='ocr_line' id='line_1_115' title="bbox 2035 5516 3604 5596; baseline -0.008 -15"><span class='ocrx_word' id='word_1_846' title='bbox 2035 5527 2369 5582; x_wconf 83' lang='lat' dir='ltr'><strong>inveniamus</strong></span> <span class='ocrx_word' id='word_1_847' title='bbox 2399 5524 2451 5579; x_wconf 91' lang='lat' dir='ltr'><strong>in</strong></span> <span class='ocrx_word' id='word_1_848' title='bbox 2481 5525 2678 5580; x_wconf 88' lang='lat' dir='ltr'><strong>auxilio</strong></span> <span class='ocrx_word' id='word_1_849' title='bbox 2711 5533 3012 5596; x_wconf 84' lang='lat' dir='ltr'><strong>opportuno</strong></span> <span class='ocrx_word' id='word_1_850' title='bbox 3054 5522 3240 5595; x_wconf 84' lang='lat' dir='ltr'><strong>(Hebr.</strong></span> <span class='ocrx_word' id='word_1_851' title='bbox 3270 5519 3368 5590; x_wconf 82' lang='lat' dir='ltr'><strong>tv).</strong></span> <span class='ocrx_word' id='word_1_852' title='bbox 3406 5537 3427 5571; x_wconf 77' lang='grc'>›</span> <span class='ocrx_word' id='word_1_853' title='bbox 3470 5516 3604 5570; x_wconf 68' lang='lat' dir='ltr'><strong>Nazn</strong></span> 
     </span>
    </p>
   </div>
   <div class='ocr_carea' id='block_1_116' title="bbox 2034 5605 3607 5688">
    <p class='ocr_par' dir='ltr' id='par_1_116' title="bbox 2034 5605 3607 5688">
     <span class='ocr_line' id='line_1_116' title="bbox 2034 5605 3607 5688; baseline -0.006 -17"><span class='ocrx_word' id='word_1_854' title='bbox 2034 5617 2197 5688; x_wconf 89' lang='lat' dir='ltr'><strong>(sicut</strong></span> <span class='ocrx_word' id='word_1_855' title='bbox 2233 5615 2373 5672; x_wconf 91' lang='lat' dir='ltr'><strong>idem</strong></span> <span class='ocrx_word' id='word_1_856' title='bbox 2417 5617 2550 5670; x_wconf 87' lang='lat' dir='ltr'><strong>dicit</strong></span> <span class='ocrx_word' id='word_1_857' title='bbox 2587 5615 2896 5686; x_wconf 84' lang='lat' dir='ltr'><strong>Apostolus)</strong></span> <span class='ocrx_word' id='word_1_858' title='bbox 2933 5616 3092 5669; x_wconf 87' lang='lat' dir='ltr'><strong>talem</strong></span> <span class='ocrx_word' id='word_1_859' title='bbox 3121 5613 3380 5668; x_wconf 81' lang='lat' dir='ltr'><strong>habemus</strong></span> <span class='ocrx_word' id='word_1_860' title='bbox 3397 5605 3607 5680; x_wconf 82' lang='lat' dir='ltr'><strong>pontifi-</strong></span> 
     </span>
    </p>
   </div>
   <div class='ocr_carea' id='block_1_117' title="bbox 2035 5698 3616 5800">
    <p class='ocr_par' dir='ltr' id='par_1_117' title="bbox 2035 5698 3616 5800">
     <span class='ocr_line' id='line_1_117' title="bbox 2035 5698 3616 5800; baseline -0.006 -36"><span class='ocrx_word' id='word_1_861' title='bbox 2035 5722 2183 5776; x_wconf 91' lang='lat' dir='ltr'><strong>cem,</strong></span> <span class='ocrx_word' id='word_1_862' title='bbox 2226 5707 2320 5777; x_wconf 90' lang='lat' dir='ltr'><strong>qui</strong></span> <span class='ocrx_word' id='word_1_863' title='bbox 2361 5706 2603 5764; x_wconf 89' lang='lat' dir='ltr'><strong>couscdit</strong></span> <span class='ocrx_word' id='word_1_864' title='bbox 2634 5706 2689 5762; x_wconf 91' lang='lat' dir='ltr'><strong>in</strong></span> <span class='ocrx_word' id='word_1_865' title='bbox 2721 5706 2940 5764; x_wconf 85' lang='lat' dir='ltr'><strong>dextera</strong></span> <span class='ocrx_word' id='word_1_866' title='bbox 2967 5705 3112 5800; x_wconf 66' lang='lat' dir='ltr'><strong>sedis</strong></span> <span class='ocrx_word' id='word_1_867' title='bbox 3137 5701 3522 5778; x_wconf 84' lang='lat' dir='ltr'><strong>magnitudinis</strong></span> <span class='ocrx_word' id='word_1_868' title='bbox 3552 5698 3616 5792; x_wconf 1' lang='lat' dir='ltr'><strong>in,</strong></span> 
     </span>
    </p>
   </div>
  </div>
