4178 6444
422 276 528 332 809

1855 280 2087 337 senato
2126 241 2257 339 Livi.

3581 311 3688 371 8ζο

422 397 505 490 ret
529 383 693 490 ticius
830 383 882 439 in
908 400 1075 456 quem
1099 385 1530 490 irruist'inhodie'?
1611 387 1996 490 (“Rapaxan
2024 397 2075 456 Α
2106 389 2258 454 cuitu
2288 397 2409 490 ejus
2449 405 2739 470 tempestas
2772 405 2948 463 valida
3001 407 3178 480 (Prol.
3221 410 3391 490 sua).
3426 418 3598 478 Porro
3627 427 3682 482 in

421 473 694 530 fatebatur
721 473 811 530 ille
839 489 900 531 se
929 485 1120 532 contra
1151 475 1433 533 meridiem
1473 475 1634 546 Juda,
1677 478 1764 534 vel
1810 489 2000 534 contra

419 565 671 636 regiones
717 564 883 621 Israel
929 566 1221 624 insiluisse.
1259 567 1428 623 David
1467 567 1652 637 itaque
1685 567 2001 638 alienigena:

419 657 566 726 regi,
611 656 766 726 quasi
812 656 1065 712 devotum
1106 673 1166 712 se
1201 669 1426 726 urgente
1464 659 1820 726 necessitate,
1855 673 1996 728 pra:-

416 743 641 811 buerat;
669 745 778 800 sed»
789 761 855 800 ex
886 745 1113 816 profano
1133 743 1250 814 ejus
1283 746 1480 816 populo
1504 755 1715 817 strages
1739 746 1996 816 plurimas

417 835 795 892 coacervabnt.
828 835 1026 891 Beatus
1053 851 1184 892 vero
1209 836 1408 894 Fidelis
1439 838 1540 892 sub
1566 836 1842 892 saecularis
1868 851 1998 906 pro-

416 924 650 982 fessione
678 927 887 984 militia:
931 927 984 981 in
1027 929 1308 997 procinctu
1334 937 1639 985 castrorum
1669 929 1995 997 cmlestium,

415 1015 733 1072 desudabat.
795 1017 1086 1087 Propterea
1139 1017 1367 1083 mundo,
1393 1017 1502 1073 imo
1553 1019 1780 1090 principi
1838 1019 1998 1090 hujus

415 1106 624 1172 mundi,
649 1107 736 1163 cui
770 1108 953 1176 specie
983 1116 1140 1162 tenus
1167 1107 1375 1163 servire
1401 1107 1716 1173 videbatur,
1743 1108 1993 1176 illudens,

411 1210 673 1268 sequaces
690 1212 974 1268 quousque
997 1198 1276 1268 satagebat
1299 1198 1640 1266 abstrahere,
1662 1200 1996 1270 potiorisque

410 1285 618 1343 militiae
645 1288 879 1343 cratibus
905 1303 1217 1358 aggregare.

480 1373 574 1428 ille
601 1365 767 1442 igitur
795 1375 940 1432 ferro
970 1377 1220 1433 nationes
1254 1379 1572 1435 barbaricas
1599 1381 1990 1448 obtruncabat;

410 1467 513 1524 iste
532 1467 710 1538 gladio
732 1466 991 1539 Spiritus,
1011 1470 1156 1539 quod
1175 1480 1256 1526 est
1273 1471 1506 1527 Verbum
1534 1472 1626 1528 Dei
1649 1472 1866 1544 (Ep/tes.
1894 1473 1990 1545 vt),

408 1573 438 1610 a
464 1557 668 1614 carnali
696 1559 805 1613 vita
828 1558 1112 1626 inconditi,
1143 1569 1200 1615 et
1222 1575 1413 1618 revera
1437 1561 1709 1620 barbarici
1735 1564 1875 1622 ritus
1893 1563 1996 1622 ho-

407 1647 583 1703 mines
607 1648 907 1706 occidebat.
935 1649 1031 1706 Ille
1055 1651 1392 1708 diversorum
1439 1661 1644 1710 turmas
1676 1655 1989 1711 animalium

407 1742 610 1810 rapuit;
645 1740 736 1797 hic
756 1741 944 1802 brutus
969 1741 1217 1800 homines
1241 1743 1309 1800 ad
1337 1743 1596 1800 Ecclesiae
1617 1745 1911 1811 stabulum,
1935 1755 1991 1804 et
2021 1756 2064 1816 Β

403 1831 749 1902 capessendas
803 1831 1030 1888 rationis
1085 1833 1340 1903 pabulum
1378 1834 1546 1891 vitale
1587 1837 1858 1906 perduxit.
1894 1837 1986 1900 Ille

402 1922 684 1978 consultus
706 1923 802 1978 Dei
829 1937 887 1978 se
914 1923 1112 1994 populo
1139 1925 1444 1981 testabatur
1472 1925 1747 1982 exstitisse
1767 1936 1986 1984 contra-

404 2013 568 2078 rium,
599 2013 704 2068 iste
723 2014 886 2068 etiam
910 2014 1052 2084 parti
1080 2013 1322 2070 ﬁdelium
1347 2016 1748 2085 quodammodo
1775 2031 1836 2074 se
1861 2033 1986 2089 per-

402 2101 624 2158 hibebat
640 2101 928 2169 obsistere,
947 2103 1073 2158 dum
1101 2103 1413 2160 saecularem
1436 2105 1686 2162 militiam
1709 2107 1985 2164 videretur

399 2209 524 2250 cum
555 2193 863 2250 infidelibus
908 2193 1175 2264 bajulare.
1225 2194 1445 2250 Militari
1495 2211 1729 2266 namque
1775 2198 1983 2268 profes-

399 2286 551 2342 sione
573 2287 1021 2356 superﬁcietenus
1047 2286 1334 2343 videbatur
1357 2301 1623 2352 asserere,
1645 2290 1788 2358 quod
1814 2290 1982 2344 haere-

399 2378 624 2434 ditatem
663 2379 790 2446 Dei,
837 2379 994 2451 cujus
1021 2380 1135 2449 ipse
1161 2394 1288 2449 pars
1315 2391 1457 2445 erat,
1485 2381 1716 2436 diversis
1743 2379 1982 2436 moribus

397 2467 546 2524 velut
585 2469 906 2540 quibusdam
947 2469 1164 2541 gladiis,
1194 2479 1548 2540 oppugnaret.
1579 2471 1670 2526 Sic
1697 2471 1978 2537 nimirum,

398 2557 478 2612 sic
527 2566 715 2614 sancta
749 2557 899 2614 fraus
945 2558 1172 2614 liberius
1219 2559 1572 2628 procedebat,
1607 2559 1736 2618 dum
1767 2559 1836 2624 is,
1889 2560 1978 2614 cui

397 2649 632 2720 suspicio
657 2649 867 2717 deerat,
890 2650 1238 2720 acquirendis
1260 2650 1478 2706 Christo
1500 2649 1744 2705 ﬁdelibus
1769 2651 1980 2707 inslsae.

399 2744 846 2800 bat.¥idebimus
883 2746 1082 2816 igitur,
1126 2746 1252 2816 quia
1281 2743 1344 2798 Β.
1374 2745 1577 2800 Fidelis
1613 2745 1682 2799 ad
1717 2759 1976 2802 coronam

397 2837 663 2908 martyrii,
693 2837 890 2892 merito
918 2837 1253 2906 praeedente
1281 2837 1562 2906 pertinuit,
1585 2837 1678 2907 qui
1701 2837 1978 2898 lucrandis

396 2929 680 2985 animabus
705 2929 1143 2984 vermcharitatis
1177 2930 1356 2984 studio
1393 2938 1450 2985 et
1483 2937 1610 2984 ante
1653 2929 1973 3000 martyrium

395 3020 695 3076 desudavit.
726 3019 890 3088 Quasi
911 3022 1056 3075 enim
1072 3021 1214 3075 bona
1243 3030 1406 3086 terra,
1430 3032 1489 3076 et
1509 3022 1660 3077 ferax
1686 3023 1838 3092 prius
1853 3037 1975 3094 ger-

396 3125 517 3167 men
541 3111 714 3166 sancti
743 3111 924 3182 operis
943 3111 1197 3181 protulit,
1227 3120 1283 3167 et
1312 3113 1392 3168 sic
1417 3112 1612 3168 deinde
1637 3113 1978 3184 triumphalis
2002 3111 2051 3176 Β

392 3201 577 3278 gloriae
597 3203 776 3258 lumen
797 3204 1028 3273 excepit.
1062 3201 1202 3259 Hine
1223 3212 1306 3260 est
1330 3205 1510 3271 enim,
1547 3206 1695 3276 quod
1733 3205 1788 3261 in
1819 3205 1978 3276 hujus

393 3293 580 3349 mundi
603 3293 900 3364 primordio
929 3294 1082 3364 prius
1117 3303 1261 3349 terra
1293 3295 1602 3364 germinare
1639 3297 1972 3368 prmcipitur,

392 3383 637 3452 sequenti
667 3398 796 3438 vero
822 3383 910 3439 die
938 3383 1227 3439 luminaria
1277 3385 1332 3439 in
1377 3385 1517 3440 coelo
1543 3385 1680 3441 ﬁunt
1716 3385 1872 3458 (Gen.
1895 3388 1970 3459 t);

390 3465 518 3544 quia
547 3486 767 3528 necesse
790 3482 896 3539 est,
929 3487 1027 3529 nos
1071 3474 1248 3544 primo
1287 3483 1491 3529 sancta
1533 3476 1866 3544 operationis
1891 3477 1975 3533 vi-

393 3563 529 3618 tales
553 3561 757 3618 fructus
783 3561 1002 3626 aiferre,
1037 3572 1097 3618 ut
1139 3563 1208 3618 ad
1248 3563 1722 3634 contemplandum
1748 3579 1973 3622 summat

389 3653 636 3709 veritatis
667 3653 888 3721 lumen,
937 3653 1216 3710 valeamus
1262 3655 1606 3723 postmodum
1660 3656 1967 3726 pervenire.

387 3744 616 3801 Domum
645 3759 838 3816 nempe
865 3759 1020 3801 suam
1047 3759 1209 3815 supra
1257 3745 1470 3799 limam
1516 3755 1723 3816 petram
1752 3746 1807 3800 in
1838 3761 1970 3816 pace

386 3839 747 3906 fundaverat,
793 3840 936 3894 unde
985 3839 1327 3909 postmodum
1357 3839 1487 3894 dum
1526 3840 1671 3894 venti
1701 3841 1968 3895 minarum

387 3930 647 3997 furerent,
677 3929 803 3984 dum
839 3931 1039 3992 diversi
1064 3930 1448 4001 suppliciorum
1476 3929 1674 3986 fluctus
1702 3932 1966 4004 impinge-

385 4031 528 4086 rent,
557 4021 845 4076 immobilis
867 4022 1219 4092 permanebat
1236 4017 1453 4091 (Matth.
1478 4021 1598 4091 vn).
1619 4021 1686 4076 Et
1710 4032 1963 4092 tanquam

385 4111 538 4165 radix
580 4110 780 4184 egregii
811 4110 990 4166 trunci
1031 4111 1197 4165 robur
1223 4111 1375 4180 prius
1413 4111 1469 4165 in
1507 4110 1721 4166 occulto
1765 4126 1966 4168 conce-

380 4209 552 4271 perat,
575 4216 682 4272 quo
703 4201 835 4256 fulta
858 4204 1196 4272 postmodum
1223 4202 1402 4257 adulta
1429 4217 1585 4273 seges
1605 4204 1752 4260 auris
1773 4203 1962 4275 impel-

379 4275 611 4348 lentibus
633 4307 739 4347 non
770 4293 1018 4348 cadebat.
1048 4293 1105 4348 in
1138 4308 1272 4366 pace
1301 4293 1464 4364 igitur
1493 4309 1560 4348 ex
1600 4295 1739 4350 bona
1768 4308 1958 4364 opera.

379 4383 522 4439 tione
566 4385 906 4454 promeruit,
958 4383 1102 4454 quod
1162 4385 1394 4439 invictus
1440 4384 1493 4438 in
1559 4387 1955 4454 persecutionis

2107 491 2283 585 morte
2325 485 2538 585 DoAmAini
2584 493 2850 553 elementa
2907 503 3122 560 turbata
3149 485 3410 576 leguntur
3456 512 3682 585 (Matth.

2105 571 2296 672 xxvii).
2511 571 3231 672 Quantaeergo-dignitatis
3261 603 3368 660 est,
3399 571 3680 672 quamque

2096 655 2296 712 nobilis
2326 659 2536 744 insigne
2558 662 2838 736 triumphi,
2865 666 2934 721 ad
2955 655 3128 725 instar
3156 655 3448 732 Dominicae
3469 655 3681 751 moriis,

2095 745 2257 800 etiam
2287 748 2342 802 iu
2373 736 2730 808 decollatione
2757 758 3012 829 martyris
3039 759 3302 818 elementa
3332 764 3502 824 fuisse
3524 736 3678 828 com:

2095 838 2286 892 mota?
2334 848 2394 895 ut
2443 854 2512 895 ex
2561 842 2742 914 aliqua
2792 855 2947 916 parte
2994 851 3186 906 mortis
3235 851 3352 921 ejus
3402 859 3682 919 moriendo

2095 932 2306 984 teneret
2346 927 2575 986 formam
2601 972 2618 998 ,
2645 932 2801 1006 cujus
2829 934 3070 994 imitatus
3112 950 3199 996 est
3225 943 3455 1001 vivendo
3484 949 3683 1006 doctri-

2163 1144 2298 1202 Illud
2323 1149 2486 1205 etiam
2514 1154 3007 1226 parvipendendum
3028 1171 3260 1231 nonest,
3283 1167 3429 1236 quod
3454 1170 3672 1239 quidam

2093 1241 2160 1290 ex
2192 1242 2634 1306 persecutoribus
2677 1261 2707 1300 a
2735 1248 3002 1305 daemonio
3045 1254 3368 1323 perhibetur
3393 1271 3675 1332 arreptus,

2094 1329 2186 1398 qui
2216 1330 2472 1387 nimirum
2519 1350 2644 1391 cum
2686 1340 3032 1409 promitteret
3077 1346 3368 1414 sepultura:
3392 1364 3450 1405 se
3480 1329 3678 1424 corpus

2093 1423 2352 1490 martyris
2396 1437 2521 1479 cum
2551 1441 2748 1498 magna
2798 1433 3102 1487 reverentia
3148 1437 3496 1506 traditurum,
3537 1423 3677 1501 sieo

2093 1507 2489 1568 interveniente
2512 1525 2817 1572 mereretur
2845 1534 2875 1574 a
2899 1521 3165 1579 daemonio
3189 1525 3432 1594 liberari,
3464 1546 3590 1587 mox
3617 1544 3677 1590 ut

2092 1596 2327 1654 cadaver
2360 1604 2618 1674 martyris
2665 1606 2868 1676 tetigit,
2921 1608 3131 1665 daemon
3169 1611 3452 1671 abscessit.
3481 1618 3540 1674 In
3573 1621 3678 1678 hoc

2093 1687 2259 1742 etiam
2285 1690 2528 1760 ejusdem
2558 1695 2730 1750 nostri
2761 1696 3140 1769 Redemptoris
3157 1707 3439 1775 perspicue
3461 1689 3678 1769 videtur

2091 1777 2416 1848 exemplum.
2446 1780 2724 1853 Siquidem
2751 1799 2818 1840 ex
2841 1787 2975 1858 ipsis
2995 1796 3434 1860 persecutoribus
3457 1797 3672 1858 Domini

2088 1869 2396 1941 quicunque
2417 1876 2732 1946 mysterium
2755 1883 3087 1938 sacrosancti
3111 1889 3354 1957 corporis
3373 1891 3490 1960 ejus
3510 1893 3678 1950 attin-

2085 1971 2215 2028 gere
2237 1973 2584 2031 meruerunt,
2613 1981 2645 2021 a
2678 1969 2985 2026 daemonum
3010 1973 3142 2046 jugo
3171 1977 3332 2034 soluti
3362 1989 3521 2046 sunt,
3553 1983 3672 2054 ipso

2086 2051 2352 2122 redempti
2406 2058 2704 2128 sanguine,
2751 2076 2913 2130 quem
2980 2063 3258 2123 fuderunt.
3302 2069 3478 2142 Atque
3527 2051 3589 2128 ut
3615 2073 3672 2131 in

2083 2144 2347 2212 martyrio
2377 2160 2477 2200 suo
2503 2161 2694 2205 servus
2719 2151 3028 2221 passionem
3069 2157 3282 2214 Domini
3311 2159 3395 2216 sui
3421 2163 3668 2220 videatur

2083 2236 2235 2304 quasi
2260 2237 2612 2308 pedissequus
2634 2241 2855 2311 imitari,
2876 2246 3002 2301 dum
3019 2249 3303 2306 carniﬁces
3323 2253 3554 2326 principi
3568 2271 3672 2312 suo

2082 2326 2364 2394 miracula,
2388 2345 2508 2400 quae
2529 2347 2627 2402 per
2643 2333 2861 2390 beatum
2875 2348 3168 2410 martyrem
3188 2351 3406 2399 ostensa
3429 2342 3669 2413 fherant,

2082 2419 2429 2488 nuntiarent;
2460 2425 2712 2494 cuiquam
2744 2427 2868 2482 talia
2898 2429 3103 2487 referre
3129 2435 3351 2491 omnino
3370 2439 3665 2508 prohibuit,

2079 2517 2448 2584 perpetuoque
2494 2516 2674 2572 celare
2716 2521 2940 2576 territus
2988 2523 3294 2594 imperavit.
3345 2528 3478 2595 Quis
3517 2533 3664 2587 enim

2081 2598 2185 2654 hoc
2209 2601 2457 2668 audiens,
2485 2619 2592 2658 non
2625 2605 2760 2682 illud
2784 2611 3034 2678 protinus
3061 2614 3128 2668 ad
3157 2619 3476 2673 memoriam
3508 2635 3668 2677 revo-

2078 2700 2186 2758 cet,
2217 2695 2360 2763 quod
2388 2697 2662 2768 principes
2688 2703 3030 2758 sacerdotum
3071 2704 3262 2762 dixere
3304 2711 3620 2768 custodibus
3645 2731 3660 2766 :

2083 2798 2102 2833 ι
2139 2781 2335 2850 Dicite,
2372 2785 2574 2856 inquit,
2603 2790 2729 2859 quia
2756 2790 3004 2864 discipuli
3037 2793 3155 2864 ejus
3185 2805 3346 2852 noctu
3377 2809 3663 2870 venerunt,

2075 2880 2134 2927 et
2161 2873 2326 2930 furati
2355 2886 2482 2932 sunt
2507 2894 2632 2934 eum
2651 2920 2667 2947 ,
2714 2880 2868 2937 vobis
2895 2883 3320 2954 dormientibus;
3350 2897 3407 2945 et
3433 2891 3478 2946 si
3505 2893 3663 2948 auai-

2079 2972 2192 3018 tum
2221 2964 2384 3022 fuerit
2415 2983 2446 3023 a
2470 2973 2721 3038 praeside,
2750 2985 2848 3027 nos
2873 2974 3218 3032 suadebimus
3241 2978 3323 3044 ei,
3350 2988 3405 3036 et
3439 2995 3662 3038 securos
3713 2993 3718 2998 ‘

2079 3068 2179 3110 vos
2203 3053 2462 3112 faciemus
2489 3057 2704 3128 (Matth.
2728 3061 2941 3134 xxvm).
2965 3077 2984 3113 ι
3014 3063 3106 3119 isti
3135 3065 3400 3134 siquidem
3429 3069 3662 3127 docuere

2081 3145 2368 3212 custodes,
2417 3157 2476 3200 ut
2526 3148 2870 3204 mendacium
2922 3151 3219 3223 fingerent;
3271 3156 3360 3212 ille
3405 3163 3660 3230 praecepit

2076 3233 2412 3301 oliiciaiibus,
2443 3249 2504 3293 ut
2523 3241 2808 3296 veritatem
2829 3241 3050 3300 silentio
3069 3248 3485 3318 supprimerent.
3515 3253 3662 3311 Utri-

2075 3339 2182 3394 que
2212 3328 2465 3382 nimirum
2511 3329 2758 3386 veritatis
2785 3340 2912 3387 sunt
2940 3334 3178 3402 inimici,
3212 3338 3340 3392 dum
3381 3351 3476 3398 aut
3504 3359 3655 3399 cont-

2075 3429 2258 3475 menta
2303 3420 2529 3477 fallacia:
2572 3423 2822 3493 nequiter
2863 3425 3168 3496 fabricant,
3213 3439 3310 3486 aut
3365 3437 3650 3493 veritatem

2072 3510 2292 3566 silentio
2319 3511 2670 3582 malignitatis
2690 3513 2986 3571 occultant.

2141 3644 2250 3700 Nos
2279 3653 2492 3712 autem,
2537 3645 2736 3702 fratres
2765 3648 3108 3718 charissimi,
3151 3653 3246 3724 qui
3293 3664 3400 3710 tam
3444 3661 3648 3732 egregii

2069 3739 2426 3794 constantiam
2471 3739 2797 3810 praeliatoris
2837 3741 3172 3810 audivimus,
3218 3747 3312 3818 qui
3349 3756 3512 3805 tantae
3541 3753 3654 3807 vir-

2070 3828 2201 3884 tutis
2228 3828 2458 3902 insignia
2485 3839 2739 3899 tanquam
2769 3830 2949 3900 posita
2985 3832 3086 3888 sub
3129 3833 3301 3891 oculis
3338 3835 3646 3906 intuemur,

2065 3934 2123 3978 et
2149 3921 2254 3992 ipsi
2283 3923 2510 3977 virtutes
2531 3922 2734 3978 habere
2758 3939 2881 3978 cum
2911 3923 3007 3978 Dei
3033 3926 3416 3996 omnipotentis
3442 3932 3644 3987 auxilio

2062 4014 2396 4070 Studeamus.
2420 4013 2626 4069 Pudeat
2650 4015 2751 4070 sub
2776 4015 3002 4087 ignavia:
3026 4024 3244 4086 torpore
3270 4015 3642 4091 languescere,

2063 4105 2189 4175 quia
2217 4104 2353 4160 alios
2379 4105 2654 4162 cernimus
2687 4121 2811 4161 cum
2844 4115 2990 4162 tanta
3017 4107 3084 4162 ad
3123 4108 3322 4164 coelum
3347 4111 3515 4182 gloria
3544 4129 3641 4186 pe-

2061 4205 2297 4252 netrare.
2342 4195 2637 4252 lncaleseat
2681 4212 2837 4253 mens
2873 4206 3059 4253 nostra
3090 4199 3158 4254 ad
3188 4215 3416 4272 agonem
3463 4215 3644 4260 certa-

2060 4285 2250 4352 minis;
2274 4285 2400 4340 etsi
2424 4302 2531 4340 non
2550 4285 2703 4340 timet
2723 4286 2984 4343 audacter
2999 4303 3122 4343 cum
3149 4290 3305 4346 hoste
3328 4291 3640 4366 confligere,

2058 4387 2166 4430 non
2219 4373 2428 4430 dubitet
2468 4374 2607 4430 duce
2645 4373 2896 4442 Christo,
2946 4374 3162 4433 facilem
3201 4378 3304 4435 sibi
3357 4381 3637 4439 victoriam

376 4473 590 4540 stadio,
643 4484 698 4529 et
745 4475 1142 4546 imperterritus
1168 4474 1336 4528 stetit.
1381 4473 1688 4528 Elaboravit
1715 4474 1770 4528 in
1817 4477 1953 4542 otio,
1984 4458 2362 4538 Durovenire-
2411 4463 2479 4519 Ει
2523 4464 2741 4535 quidem
2784 4465 2941 4522 ηουίε
2988 4467 3167 4523 min"?
3189 4471 3468 4539 θεῐίθδονν
3513 4490 3634 4529 cum

375 4563 516 4630 quod
545 4564 820 4633 superavit
847 4565 899 4617 iu
927 4563 1085 4618 bello.
1109 4562 1255 4617 Intra
1285 4563 1432 4633 patis
1461 4565 1661 4619 musnia
1682 4565 1955 4635 conquisi‘

374 4650 472 4714 vit,
501 4652 645 4720 quod
675 4651 728 4707 in
753 4667 944 4722 campo
970 4654 1143 4709 victor
1173 4653 1424 4709 obtinuit.

441 4739 588 4795 Inter
610 4751 804 4796 caetera
833 4751 1012 4797 autem
1039 4744 1356 4799 meritorum
1380 4745 1496 4812 ejus
1524 4745 1754 4816 insignia
1775 4785 1792 4812 ,
1817 4745 1946 4801 illud

369 4838 586 4899 quanta:
609 4829 793 4902 gloriae
823 4839 928 4897 est,
960 4833 1104 4902 quod
1125 4832 1315 4888 beatus
1341 4833 1450 4900 hic,
1481 4843 1536 4890 et
1561 4835 1949 4893 invictissitnus

370 4929 598 4991 martyr,
628 4937 755 4977 mox
779 4930 840 4977 ut
861 4924 1038 4992 capite
1065 4939 1239 4979 cmsus
1263 4932 1367 4991 est,
1393 4927 1608 4982 turbida
1631 4936 1945 4998 tempestas,

369 5023 424 5067 et
450 5013 613 5068 nimia
637 5016 940 5072 coruscatio
961 5015 1159 5070 dicitur
1182 5017 1506 5073 emersisse?
1539 5017 1653 5074 Hoc
1674 5019 1944 5089 siquidem

370 5105 561 5162 divinae
585 5105 687 5162 fuit
711 5108 979 5178 aequitatis
997 5108 1284 5178 judicium,
1316 5117 1374 5162 nt
1399 5124 1498 5178 per
1523 5111 1627 5165 hoc
1661 5110 1941 5168 manifeste

369 5194 720 5263 claresceret,
743 5199 887 5267 quod
916 5198 1008 5267 qui
1053 5206 1345 5268 martyrem
1381 5213 1538 5252 suum
1569 5200 1860 5270 recipiebat
1890 5201 1941 5256 in

368 5287 556 5357 gloria,
585 5298 815 5346 tortores
844 5291 960 5362 ejus
985 5290 1143 5361 digne
1174 5291 1407 5346 terrebat
1434 5292 1488 5346 in
1515 5293 1614 5345 ira.

434 5379 516 5435 Ad
549 5382 946 5437 terriﬁcandum
978 5382 1160 5452 itaque
1197 5381 1455 5452 reprobus
1493 5385 1839 5455 coruscatio,
1887 5393 1942 5440 et

369 5473 656 5538 tempestas
681 5471 886 5539 erupit;
925 5470 1118 5541 quibus
1147 5471 1393 5526 videlicet
1423 5472 1807 5528 comitantibus
1851 5490 1940 5528 sn-

366 5572 562 5628 pernus
598 5561 800 5616 arbiter
840 5563 907 5616 ad
940 5561 1202 5630 judicium
1239 5561 1448 5627 veniet,
1501 5562 1642 5617 sicut
1685 5579 1780 5633 per
1810 5580 1938 5633 pro-

363 5648 579 5717 phetam
611 5653 808 5707 dicitur
838 5671 850 5706 :
889 5669 908 5703 ε
945 5654 1084 5722 ignis
1111 5663 1234 5709 ante
1255 5670 1376 5709 eum
1404 5655 1636 5724 pneibit,
1660 5665 1715 5712 et
1745 5657 1800 5712 in'
1825 5658 1933 5710 cir-

761 5747 1032 5807 Pnnos.
1072 5749 1340 5812 CXLIV.

2058 4565 2238 4614 tamen
2270 4572 2557 4614 commune
2602 4557 2674 4613 sit
2719 4559 3023 4626 praemium.
3073 4560 3206 4629 Quis
3243 4563 3388 4618 enim
3427 4567 3638 4620 nesciat

2053 4647 2552 4718 incomparabiliter
2576 4663 2700 4704 esse
2725 4647 2992 4707 diﬁicilius
3017 4651 3193 4724 gladio
3214 4655 3480 4708 cervicem
3501 4657 3633 4712 sub-

2051 4740 2206 4810 dere,
2225 4756 2389 4816 quam
2414 4739 2552 4811 gula:
2573 4741 2859 4799 illecebras
2879 4743 3174 4800 cohibere?
3195 4742 3326 4810 Quis
3352 4760 3458 4800 non
3484 4747 3636 4802 malit

2049 4841 2283 4893 aestuare
2325 4833 2639 4896 laboribus,
2686 4829 2771 4888 vel
2813 4834 3055 4888 nuditate
3098 4832 3420 4903 frigescere,
3467 4851 3629 4906 quam

2049 4922 2390 4980 ﬂammarum
2434 4923 2728 4981 furentium
2760 4923 3006 4980 incendia
3035 4924 3339 4980 sustinere?
3365 4924 3494 4992 Quis
3521 4942 3628 4982 non

2049 5016 2221 5070 levius
2251 5025 2472 5072 censeat
2496 5016 2724 5080 esurire,
2754 5023 2809 5069 et
2836 5013 2988 5068 sitire
3007 5053 3024 5078 ,
3047 5029 3210 5084 quam
3251 5016 3364 5072 radi
3392 5017 3627 5086 ungulis,

2048 5107 2132 5162 vel
2163 5107 2457 5164 bestiarum
2495 5106 2763 5162 morsibus
2790 5104 2962 5160 tradi?
2998 5105 3081 5159 An
3127 5121 3234 5161 non
3270 5109 3626 5178 periculosius

2047 5207 2152 5263 est,
2182 5199 2234 5252 in
2262 5198 2474 5268 publico
2499 5195 2754 5250 micantia
2783 5193 3125 5250 frementium
3151 5211 3338 5266 regum
3371 5196 3624 5252 mandata

2046 5297 2412 5349 contemnere,
2445 5298 2608 5354 quam
2635 5283 2870 5339 latenter
2901 5284 2954 5340 in
2995 5293 3174 5339 mente
3201 5286 3383 5356 pravis
3411 5286 3619 5355 cogita-

2047 5381 2284 5436 tionibus
2329 5377 2642 5433 contraire?
2695 5375 3054 5448 Semetipsum
3105 5379 3264 5434 morti
3310 5377 3617 5432 ultroneum

2023 5474 2280 5537 ’traderc,
2308 5485 2470 5540 quam
2519 5469 2828 5528 voluntates
2867 5471 3149 5541 proprias,
3179 5481 3236 5525 et
3270 5470 3450 5525 carnis
3479 5471 3622 5527 desi-

2045 5565 2191 5620 deria
2233 5561 2544 5618 refrenare?
2585 5562 2718 5618 Cum
2763 5563 2944 5634 itaque
2984 5563 3162 5618 minus
3211 5562 3505 5621 laborando
3551 5565 3618 5619 ad

2041 5659 2283 5714 eamdem
2307 5655 2692 5711 beatitudinem
2733 5655 3030 5719 tendimus,
3059 5670 3157 5710 cur
3195 5656 3536 5714 decertantes
3565 5658 3616 5712 in

3012 5748 3090 5809 26
