4178 6464
585 248 683 302 Si!

1161 253 1217 308 s.
1261 254 1462 311 PETRI
1504 259 1784 314 nasum
1815 260 1962 316 ora.
2001 263 2180 320 PARS
2221 266 2351 324 seu
2386 270 2628 329 TOMUS
2664 273 2730 328 ιι.
2767 305 2838 316 --
2874 275 3258 337 SERMONES'.
3319 244 3339 269 ⁸

584 366 765 421 stadio
798 366 997 422 imitari
1046 370 1395 440 negligimus,
1443 384 1502 426 ut
1527 387 1822 432 consortes
1872 379 1925 432 in
1974 381 2149 448 patria
2178 384 2424 443 Acietas
2467 392 2872 460 prophetarum,
2928 394 3194 465 gloriosus
3248 400 3612 469 apostolorum
3657 405 3823 475 291

578 460 878 513 victoribus
899 461 1133 515 existere
1159 463 1468 522 valeamus?

652 549 956 618 Puguemus
984 550 1169 619 igitur,
1186 551 1392 611 fratres
1419 557 1545 622 mei,
1569 566 1623 611 et
1650 557 2033 615 infestantium'
2051 577 2149 618 nos

573 641 829 703 vitiarunt
876 640 1157 697 illecebras
1197 654 1476 714 amputare
1512 662 1799 715 curemus;
1839 665 1944 705 non
1980 653 2145 718 enim,

569 729 725 798 juvta
743 727 891 783 Pauli
902 744 1090 784 vocem
1107 773 1122 795 ,
1138 746 1425 800 possumus
1439 735 1769 806 hicgaudere
1785 740 1849 793 de
1860 740 2146 804 saeculo,'et

572 817 682 871 illic
692 830 919 888 regnare
940 819 1484 893 cumChristo.29o
1498 824 1559 877 Et
1571 827 1788 893 quidem
1803 828 1987 882 beatos
2000 842 2146 882 mar-

572 916 722 977 tyres
749 922 869 961 cum
897 909 1154 963 membris
1184 909 1382 965 diaboli
1423 913 1706 967 dimicasse
1733 914 2142 984 cognoscimus;

570 1012 673 1051 nos
698 1006 876 1053 autem
906 1013 1029 1052 cum
1060 999 1177 1069 ipso
1220 999 1525 1069 iniquorum
1551 1004 1728 1073 capite
1757 1003 2144 1060 inl‘mderabilis

567 1102 760 1158 pagum
800 1088 1067 1143 luctamen
1120 1091 1401 1146 habemus.
1460 1092 1538 1146 llli
1575 1094 1826 1149 vicerunt
1874 1109 1998 1147 cum
2046 1109 2146 1165 per

568 1179 806 1232 membra
848 1194 942 1235 sua
988 1179 1295 1233 immaniter
1344 1183 1682 1244 saevientem;
1734 1199 1832 1238 nos
1875 1197 2138 1252 superare

565 1267 902 1335 praecipiuntur
960 1269 1059 1322 sub
1110 1270 1421 1324 insidiarum
1473 1271 1755 1327 fraudibus
1808 1273 2135 1329 latitantem.

553 1354 809 1424 ,Utroque
838 1357 995 1410 modo
1032 1359 1366 1427 triumphum
1394 1362 1462 1415 de
1490 1362 1584 1415 illo
1626 1350 1890 1432 gloriosus
1936 1374 2140 1435 martyr

562 1444 765 1500 Fidelis
784 1446 1035 1507 obtinuit,
1060 1448 1150 1515 qui
1174 1458 1232 1503 et
1258 1449 1310 1502 in
1335 1465 1466 1518 pace
1480 1466 1587 1521 per
1611 1453 1984 1508 :edilicationis
2006 1467 2133 1524 gra-

550 1535 694 1597 tiam
722 1537 788 1589 ab
833 1536 951 1604 ejus
991 1537 1207 1593 vinculo
1259 1540 1548 1611 nopuullos
1589 1542 1823 1612 eripuit,
1872 1554 1926 1597 et
1957 1544 2136 1600 oblato

560 1624 955 1693 persecutionis
993 1626 1253 1692 articulo,
1287 1628 1651 1697 blandientem
1682 1632 2049 1698 nihilominus,
2080 1645 2137 1688 et

2250 477 2470 542 chorus,
2502 495 2767 550 purpurea
2798 494 3094 557 martyrum
3126 492 3437 556 multitudo,
3466 508 3823 565 congregatio

2248 566 2439 622 ﬂorida
2466 571 2862 651 confessornm,
2893 578 3123 634 candida
3149 580 3416 649 virginum
3467 593 3640 640 turma
3661 628 3675 651 ,
3708 605 3831 644 mo-

2248 657 2546 712 nachorum
2579 646 2837 717 numerus
2866 664 3130 721 infinitus.
3160 666 3401 724 Sedet'in
3427 675 3604 728 medio
3633 677 3822 732 Domi-

2250 743 2425 798 miuus
2450 747 2736 816 virtutum,
2766 758 2822 805 et
2847 753 2913 806 de
2945 754 3217 810 refusioue
3246 757 3433 827 gloriae
3455 776 3565 815 sua:
3590 763 3826 819 inebriat

2246 831 2561 889 intuentes:
2599 856 2617 888 ‹
2646 837 3346 916 Inebriabuntur-namquc,
3386 849 3463 901 ait
3511 849 3821 921 Propheta,

2246 923 2316 977 ab
2340 926 2589 982 ubertate
2611 929 2803 985 domus
2836 941 2941 988 tum
2971 934 3144 1005 (Prol.
3191 939 3377 1011 xxxv).
3419 961 3438 993 ι
3474 942 3550 998 lbi
3594 960 3695 1015 pax
3726 963 3822 1001 se-

2244 1026 2373 1068 cura
2395 1055 2411 1080 ,
2457 1019 2672 1086 requies
2713 1022 3032 1091 voluptuosa
3052 1027 3206 1092 ,‘-vita
3237 1041 3535 1099 perpetuas
3547 1035 3813 1105 sapientia

2245 1104 2461 1169 mentis,
2482 1107 2705 1175 agilitas
2729 1113 2995 1179 corporis,
3023 1115 3205 1170 cordis
3237 1117 3578 1177 illumtuatio.
3608 1104 3627 1176 ὲ
3660 1124 3815 1183 Beati

2242 1192 2332 1287 qui
2364 1194 2610 1251 habitant
2631 1199 2683 1252 in
2712 1200 2872 1256 domo
2900 1212 3012 1268 tua,
3040 1206 3265 1262 Domine
3295 1209 3469 1280 (Psal.
3500 1220 3750 1287 Lxxxm).
3772 1238 3810 1270 σι

2243 1280 2397 1336 Sicut
2421 1283 2716 1342 laetantium
2761 1293 3298 1354 omniumbabitatio
3330 1310 3414 1356 est
3452 1304 3505 1357 in
3550 1314 3600 1361 te
3628 1280 3814 1375 (eiut.

2239 1376 2476 1447 uxxvr),
2509 1378 2700 1435 civitas
2728 1380 2820 1437 Dei
2854 1402 2868 1437 :
2911 1394 2967 1440 et
2994 1387 3046 1441 in
3075 1388 3266 1456 piate‘is
3293 1394 3412 1450 tuis.
3440 1410 3545 1450 vox
3575 1401 3815 1456 exsulta-

2241 1464 2403 1520 tionis
2439 1467 2770 1525 dulcioribus
2805 1474 3039 1530 modulis
3062 1477 3353 1535 iutonatur.
3383 1501 3401 1532 ι
3431 1483 3609 1549 Quare
3640 1490 3817 1545 tristis

2234 1566 2317 1619 es,
2334 1555 2678 1626 anima-,mea,
2694 1568 2750 1614 et
2772 1576 2939 1630 quare
2957 1567 3248 1623 conturbas
3268 1585 3355 1626 me
3369 1571 3395 1624 ‘t‘
3409 1571 3585 1642 Spera.
3599 1576 3650 1630 in
3676 1579 3807 1645 Deo,

2235 1645 2486 1711 quoniam
2509 1648 2684 1704 adhuc
2702 1651 3003 1707 confitebor
3024 1656 3100 1708 illi
3123 1658 3296 1728 (Ρηι.
3320 1664 3602 1735 sanun).
3627 1668 3810 1722 ition-

560 1724 853 1771 tcrreutem
892 1732 988 1785 per
1010 1732 1104 1771 sua
1135 1719 1374 1807 membra
1397 1723 1739 1791 contempsit.
1772 1723 1952 1778 Victus
1982 1724 2128 1792 vicit,
2159 1743 2207 1801 Β
2237 1731 2428 1788 ﬁtebor
2456 1734 2531 1789 illi
2559 1737 2680 1793 ibi:
2722 1754 2848 1795 nam
2893 1742 2981 1798 hic
3010 1719 3296 1812 stadium,
3327 1719 3440 1806 illic
3478 1719 3805 1822 praemium:

546 1801 799 1870 .dejectus
827 1804 1092 1869 ascendit,
1137 1798 1414 1875 proprium
1459 1819 1623 1879 caput
1665 1810 1841 1881 gladio
1870 1813 2128 1881 subdidit,

555 1899 609 1945 et
636 1893 902 1946 cervicem
931 1892 1127 1948 diaboli
1152 1905 1423 1965 perpetuae
1452 1885 1855 1970 victoriépede
1879 1902 2127 1960 calcavit.

551 1981 705 2036 Nunc
734 1982 921 2052 procul
941 1983 1113 2045 dubio
1131 1984 1272 2040 inter
1292 1986 1490 2058 ignitos
1511 2004 1763 2069 superna;-
1790 1991 2129 2048 Hierusalem

551 2071 758 2140 lapides
800 2072 1041 2141 emicat,
1077 2082 1131 2128 et
1171 2091 1296 2131 cum
1326 2080 1644 2148 purpuratis
1672 2082 2130 2140 commilitonibus

552 2162 865 2232 imperatori
892 2178 990 2218 suo
1018 2165 1256 2221 caelestis
1290 2169 1584 2224 harmoniai
1613 2186 1834 2227 carmen
1872 2174 2124 2230 alternat.

548 2249 712 2305 Felici
739 2252 993 2306 nimirum
1037 2257 1646 2329 commereio'l‘ragilem
1679 2264 1924 2331 corporis
1973 2265 2124 2319 exuit

542 2324 810 2406 tunicam,
856 2351 911 2397 et
967 2344 1247 2399 candidam
1305 2324 1725 2405 immortalitatis
1777 2324 2002 2423 adeptus
2044 2364 2128 2411 est

545 2422 762 2486 stolam.
798 2430 970 2502 Caput
1014 2433 1312 2490 decollatus
1355 2437 1570 2504 amisit,
1612 2449 1669 2494 et
1698 2443 1949 2510 pretioso
1977 2461 2122 2501 nunc

450 2564 459 2577 ι
545 2520 722 2591 lapide
755 2531 1044 2577 coronatus
1068 2523 1286 2580 incedit.
1317 2526 1408 2582 llle
1430 2528 1626 2597 quippe
1665 2544 1786 2584 eum
1813 2543 2123 2590 remunerat

544 2612 598 2666 in
630 2622 832 2667 aeterna
854 2615 964 2683 jam
1011 2616 1194 2684 quiete
1230 2617 1513 2685 victorem,
1563 2622 1655 2690 qui
1700 2630 1754 2677 et
1800 2623 1943 2678 inter
1983 2624 2120 2679 bella

542 2705 742 2761 dudum
767 2714 1081 2774 protexerat
1106 2707 1507 2775 decertantem,
1555 2709 1712 2766 Jesus
1740 2711 2121 2769 ChristusDo-

543 2798 722 2851 minus
750 2806 956 2863 noster,
982 2798 1075 2868 qui
1122 2815 1245 2854 cum
1272 2799 1432 2857 Patre
1454 2811 1505 2857 et
1538 2800 1745 2872 Spiritu
1772 2814 1962 2861 sancto
1989 2806 2121 2861 vivit

539 2896 597 2940 ct
622 2896 815 2955 regnat
838 2886 888 2940 in
920 2889 1116 2944 sarcula
1150 2889 1491 2945 saeculorum.
1518 2892 1713 2947 Amen.

1098 3062 1561 3125 NOVEMBER.

535 3160 589 3220 Ι.
772 3159 1057 3221 Homilia
1085 3159 1157 3220 dc
1184 3162 1465 3223 omnibus
1496 3165 1749 3225 sanctis.

536 3258 652 3353 XI:
773 3260 985 3320 Sermo
1022 3257 1099 3323 de.
1120 3259 1189 3322 S.
1220 3260 1501 3322 Martino
1545 3262 1833 3341 episcopo
1865 3272 1920 3324 et
1950 3284 2129 3353 con-I

533 3338 991 3502 ngfgcrmo
1020 3434 1061 3494 Ι
1084 3433 1156 3495 de
1182 3435 1246 3497 S.
1279 3433 1526 3513 Andron
1555 3439 1866 3518 apostolo.

610 3533 820 3592 Sermo
851 3531 929 3592 ΙΙ
960 3530 1033 3591 dc
1060 3534 1284 3595 eodem.

1072 3638 1073 3641 “
1256 3634 1373 3691 LV.

719 3731 740 3747 ‘
777 3741 998 3781 noun.”
1035 3742 1090 3780 1N
1129 3741 1295 3782 πετο
1332 3742 1536 3783 ουκιυη
1572 3743 1906 3787 ελκετοιιωι.

600 3815 655 3869 1η
683 3814 773 3869 illo
812 3823 1090 3885 tempore:
1126 3815 1381 3871 «'Vidcus
1428 3816 1586 3873 Jesus
1634 3819 1820 3875 turbas
1858 3821 2101 3877 ascendit

530 3905 582 3958 in
616 3913 893 3958 montem:
932 3912 985 3959 et
1032 3919 1156 3959 cum
1208 3904 1437 3960 sedisset
1477 3917 1823 3962 accesserunt
1866 3909 1933 3964 ad
1975 3925 2099 3964 cum

527 3992 769 4061 discipuli
818 3992 953 4060 ejus.
1012 4012 1030 4045 ι
1081 3993 1149 4049 Et
1193 3994 1418 4064 reliqua.
1476 3996 1648 4051 Hodie
1698 3999 1813 4053 dies
1858 4001 2101 4055 serenior

530 4082 717 4136 arrisit
741 4082 913 4144 nobis,
946 4092 1000 4136 et
1024 4082 1105 4137 sol
1133 4082 1291 4145 solito
1320 4084 1549 4139 lucidior
1572 4087 1734 4142 terris
1757 4087 1951 4143 illuxit.
1982 4088 2099 4144 Non

526 4170 671 4223 cnim
698 4186 858 4235 unus,
884 4173 977 4226 sed
1007 4172 1242 4229 universi
1272 4176 1445 4229 sancti
1484 4176 1824 4233 sanctiﬁcant
1856 4195 1973 4233 eam
1997 4220 2011 4244 ,
2045 4188 2100 4236 et

524 4258 901 4327 splendoribus
960 4260 1228 4314 irradiant
1275 4261 1579 4319 luminosis.
1629 4264 1952 4334 Spectabilis
2006 4268 2096 4323 illa

524 4348 784 4405 cmlorum
810 4349 1146 4414 solemnitas,
1171 4366 1288 4420 quas
1317 4368 1423 4405 non
1447 4353 1660 4419 annuis,
1689 4355 1781 4409 sed
1803 4358 2094 4425 coutinuis,

2232 1822 2320 1878 hic
2358 1838 2558 1896 pugna,
2586 1827 2659 1883 ibi
2693 1844 2912 1887 corona.
2938 1831 3149 1890 ~Vanum
3189 1848 3275 1893 est
3311 1850 3437 1897 ante
3472 1843 3646 1900 lucem
3688 1864 3811 1904 sur-

2230 1926 2377 1982 gere.
2405 1913 2742 1972 Indurandus
2776 1929 2860 1974 est
2883 1923 3130 1989 animus,
3161 1937 3216 1981 et
3246 1910 3277 1981 a
3303 1929 3682 1991 blandimentis
3712 1918 3796 1991 vo:

2230 1999 2491 2070 luptatum
2522 2007 2706 2075 procul
2735 2010 3151 2080 abstrahendus,
3175 2026 3230 2072 et
3250 2020 3529 2092 utriusque
3549 2027 3807 2083 substan-

2230 2091 2315 2145 tiae
2335 2096 2561 2149 materia
2585 2101 2944 2167 repurganda,
2958 2103 3005 2157 si
3028 2104 3095 2159 ad
3114 2109 3360 2176 proprios
3379 2091 3529 2168 ortus
3550 2115 3802 2173 volumus

2227 2179 2461 2235 evolare.
2490 2182 2734 2240 Amanda
2765 2197 2867 2242 .est
2913 2190 3130 2247 interim
3159 2198 3410 2251 .tenuitas
3446 2207 3801 2271 paupertatis,

2227 2282 2404 2324 sermo
2432 2274 2841 2342 suspendendus
2864 2280 3122 2346 amarior,
3149 2282 3314 2339 elatio
3336 2284 3607 2357 fugienda,
3636 2296 3803 2348 sustio

2225 2360 2390 2413 nendi
2405 2361 2638 2427 labores,
2659 2379 2782 2421 cum
2801 2367 2945 2425 vitiis
2960 2372 3440 2445 congrediendum,
3460 2378 3801 2439 eliminandae

2226 2448 2429 2503 divitiae
2451 2452 2758 2510 strculares.

2294 2538 2408 2595 Hoc
2435 2551 2536 2608 est,
2577 2546 2721 2615 quod
2755 2547 2844 2603 ille
2880 2565 3111 2631 pauper.
3132 2563 3194 2608 et
3215 2555 3407 2614 unicus
3433 2557 3602 2630 (Ρεαίο
3630 2570 3792 2635 ΧῖΠῆ

2221 2628 2277 2685 in
2325 2631 2587 2689 hodierna
2635 2638 2809 2693 Sancti
2856 2623 3131 2712 Evangelii
3182 2644 3413 2704 lectione
3435 2623 3791 2720 pauperibus,

2219 2736 2356 2792 quos
2384 2725 2452 2778 de
2492 2728 2676 2781 mundi
2725 2740 3042 2800 paupertate
3070 2748 3392 2805 vocaverat,
3435 2740 3513 2795 ait
3542 2759 3556 2794 :
3587 2761 3606 2794 ο
3637 2742 3790 2799 Beati

2218 2826 2485 2882 pauperes
2517 2817 2720 2885 spiritu
2761 2818 2972 2887 (Μαωι.
3003 2824 3079 2893 v).
3117 2844 3133 2876 ι
3167 2825 3260 2883 Ha:
3319 2837 3447 2884 sunt
3493 2835 3790 2899 octo,.ime

2217 2910 2425 2970 septem
2458 2901 2867 2972 beatitudines,
2916 2913 3041 2978 quia
3087 2923 3278 2970 octava
3321 2918 3510 2973 eadem
3567 2934 3688 2988 qua:
3734 2931 3792 2978 et

2218 2991 2412 3059 prima.
2441 2991 2760 3050 Felicissimi
2785 2998 3007 3067 gradus,
3033 3003 3226 3072 quibus
3245 3005 3355 3060 itur
3379 3008 3445 3061 ad
3475 3010 3787 3078 Dominum,

2132 3079 2185 3145 α
2215 3093 2349 3149 quos
2396 3096 2586 3141 omnes
2642 3084 2698 3138 in
2730 3101 2975 3156 persona
3040 3106 3138 3146 sua
3192 3095 3343 3163 prius
3388 3098 3631 3154 ascendit
3682 3100 3784 3169 .qui

2209 3174 2455 3228 ascendit
2483 3174 2537 3230 in
2570 3186 2908 3245 montem,.et
2938 3185 3148 3253 aperuit
3176 3200 3245 3248 os
3265 3202 3420 3244 suum
3438 3229 3455 3254 ,
3483 3198 3545 3246 ut
3565 3191 3784 3248 doceret

2208 3264 2500 3334 discipulos
2543 3282 2690 3323 suos.
2737 3270 3013 3342 Denique,
3057 3275 3181 3344 quis
3205 3279 3497 3348 pauperior
3533 3280 3641 3346 illo,
3684 3282 3778 3351 qui

2207 3370 2314 3409 non
2373 3357 2562 3412 habuit
2610 3359 2900 3431 ubieaput
2951 3379 3106 3418 suum
3156 3367 3781 3441 reclinaret.(Luc.tx)i

2203 3444 2338 3511 Quis
2386 3446 2480 3501 illo
2532 3448 2746 3513 mitior,
2789 3451 2882 3520 qui
2930 3454 3203 3511 mitis-est
3234 3465 3310 3511 .et
3348 3458 3565 3530 humilis
3616 3462 3779 3517 corde

2204 3536 2420 3605 (Matth.
2445 3539 2558 3610 XI)?
2598 3539 2699 3606 Qui
2729 3542 2920 3598 videns
2941 3544 3214 3601 civitatem
3242 3545 3389 3602 ﬂevit
3420 3563 3587 3618 super
3629 3550 3778 3607 illam

2202 3626 2354 3695 (Luc.
2383 3628 2519 3700 nx),
2542 3628 2687 3685 ﬂevit
2710 3622 3534 3708 LazarumUonn.xr)justitiam
3564 3641 3769 3709 docuit,

2192 3717 2458 3788 justitiam
2483 3715 2630 3786 fecit,
2655 3722 2900 3792 in-cujus
2926 3740 3026 3781 ore
3054 3742 3161 3782 non
3208 3738 3292 3784 est
3342 3730 3589 3788 inventus
3617 3733 3793 3790 dolus-

2199 3807 2336 3879 (lsa.
2354 3811 2627 3881 un.).Quis
2652 3812 3183 3885 illomisericordior,
3207 3818 3297 3888 qui
3322 3820 3772 3879 mulieremsdul—

2201 3908 2370 3955 teram
2422 3901 2706 3959 liberavit?
2751 3906 3122 3964 Peccatricem
3164 3912 3379 3966 sanavit
3424 3922 3631 3985 septem
3662 3916 3770 3971 da:-

2198 3990 2447 4047 monibus
2484 3994 2835 4075 cumulatam.
2866 3996 3000 4065 Quis
3048 3999 3297 4055 mundior
3324 4001 3435 4068 illo,
3463 4003 3765 4073 qni‘pecca-

2196 4088 2315 4136 tum
2342 4098 2448 4137 non
2478 4083 2605 4140 fecit
2625 4086 2716 4157 tu
2747 4086 2890 4142 Petr.
2935 4089 3026 4159 u.)
3054 4089 3350 4148 Paciﬁcare
3379 4095 3545 4160 venit,
3572 4104 3627 4150 et
3647 4109 3766 4163 quae

2199 4172 2252 4226 in
2277 4173 2448 4236 ctelis,
2481 4184 2537 4229 et
2559 4190 2678 4245 qua:
2700 4178 2753 4232 in
2794 4180 2988 4246 terris;
3015 4195 3204 4251 pacem
3247 4182 3766 4255 reliquitdiscipulis

2196 4261 2311 4317 suis
2343 4263 2526 4333 (Joan.
2565 4266 2702 4338 xrv),
2738 4271 3172 4337 persecutionem
3216 4287 3315 4341 pro
3343 4274 3765 4345 justitiapassus

2196 4364 2300 4419 est,
2330 4354 2631 4426 ﬂagellatus
2660 4359 2712 4413 in
2738 4374 2926 4426 carne,
2965 4358 3256 4431 suspensus
3287 4363 3338 4417 iu
3366 4379 3548 4429 cruce,
3592 4374 3764 4421 morte

523 4440 753 4510 gaudiis,
786 4439 1120 4504 inclarescit;
1143 4440 1235 4495 ubi
1257 4440 1436 4496 lumen
1462 4442 1670 4498 videtur
1699 4445 1752 4497 in
1781 4444 2002 4512 lumine,
2039 4458 2093 4504 et
2121 4426 2176 4489 ο
2202 4455 2449 4515 turpatus
2475 4446 2629 4518 (Luc.
2647 4448 2947 4520 xxnt).Qui
2966 4450 3255 4523 dicit£sein
3278 4452 3497 4509 Christo
3523 4469 3761 4523 manere,

520 4530 799 4586 Trinitatis
830 4531 1133 4586 substantia
1174 4530 1349 4588 beatis
1383 4533 1570 4600 oculis,
1600 4535 1756 4590 oculo
1781 4537 1848 4591 ad
1873 4538 2086 4594 oculum

518 4623 780 4693 aperitur.
834 4622 910 4677 lbi
956 4621 1303 4691 cognoscitur
1346 4624 1647 4693 gignentis,
1685 4626 1983 4697 genitique,
2034 4639 2090 4684 et

517 4713 857 4784 procedentis
884 4713 1025 4768 ratio
1056 4714 1404 4782 sempiterna,
1442 4729 1561 4784 qua:
1590 4717 1679 4771 hic
1707 4719 1862 4774 credi
1883 4729 2084 4790 potest,

514 4803 897 4872 comprehendi
929 4818 1032 4859 non
1056 4812 1251 4875 potest.
1282 4803 1393 4860 lllic
1419 4807 1603 4876 regina
1623 4808 1889 4877 virginum
1918 4813 2083 4883 virgi—

515 4893 676 4949 nibus
724 4894 1024 4950 innumeris
1067 4897 1322 4951 comitata
1350 4938 1365 4963 ,
1413 4900 1720 4955 mansiones
1750 4905 2089 4972 perambulat
2120 4908 2129 4913 ‘

515 4988 862 5060 angelorum,
895 5000 946 5046 et
972 4993 1217 5063 utrisque
1259 4997 1472 5052 naturis
1509 4997 1734 5068 gloriam
1770 4999 1887 5068 ejus
1915 5002 2085 5059 admi-

2193 4536 2392 4602 debet,
2442 4538 2582 4592 sicut
2639 4540 2728 4595 ille
2796 4542 3127 4608 ambulavit,
3196 4554 3251 4600 et
3313 4547 3429 4616 ipse
3485 4546 3760 4605 ambulare

2192 4624 2245 4696 (I
2272 4625 2432 4681 Joon.
2470 4628 2554 4698 tt).
2582 4629 2751 4684 Cauta
2779 4645 2909 4701 ergo
2942 4634 3211 4689 canticum
3240 4638 3525 4707 graduum,
3550 4647 3614 4694 et
3629 4654 3762 4709 gra-

2190 4717 2356 4772 datim
2382 4719 2640 4785 ascende,
2674 4734 2773 4775 nec
2802 4737 3141 4791 praepropero
3167 4727 3305 4780 saltu
3349 4727 3582 4796 aliquem
3618 4744 3762 4799 prm-

2191 4805 2462 4871 termitte;
2510 4808 2657 4875 quia,
2705 4811 2799 4878 qui
2844 4810 3134 4868 oﬂ‘euderit
3169 4813 3232 4867 .in
3283 4829 3389 4870 uno
3408 4855 3427 4879 ,,
3463 4815 3636 4872 factus
3672 4825 3760 4873 est

2190 4899 2433 4954 omnium
2454 4913 2584 4955 reus
2614 4898 2752 4969 (Jac.
2786 4905 2867 4971 υ).
2974 4962 2977 4963 ν

2257 4988 2344 5042 Sis
2368 5003 2497 5059 ergo
2522 5004 2724 5059 pauper
2769 4990 2982 5060 spiritu,
3002 5007 3113 5048 nec
3151 5004 3306 5062 putes
3341 4994 3491 5051 hunc
3518 4993 3755 5064 primum

514 5080 759 5136 mmibus
787 5081 916 5136 dicit
949 5101 963 5135 ε
998 5084 1138 5151 Quid
1185 5102 1272 5141 me
1301 5089 1680 5144 θάπτει-δηλίκιίῖ
1705 5089 1954 5147 Divinum
1999 5103 2084 5149 ρει
2184 5077 2409 5147 gradum
2439 5078 2630 5133 leviter
2672 5080 3065 5150 attingendum,
3095 5098 3217 5137 cum
3263 5082 3443 5137 multa!
3488 5083 3750 5139 sollicitu-

431 5166 436 5171 ’
513 5171 825 5239 mysterium
855 5172 959 5226 hoc
982 5175 1124 5241 quod
1143 5176 1386 5243 cernitis,
1417 5179 1654 5233 divinum
1684 5179 1942 5249 profecto,
1971 5197 2077 5237 non

511 5263 838 5327 humanum,
883 5280 984 5319 nec
1025 5266 1277 5322 humanis
1307 5284 1542 5339 unquam
1591 5273 1892 5328 rationibus
1931 5288 2080 5328 com-

2186 5168 2327 5223 diuis
2373 5167 2445 5223 sit
2471 5170 2724 5224 mundum
2767 5180 2821 5225 et
2840 5173 3106 5243 mundana
3133 5173 3455 5243 relinquere,
3486 5182 3541 5226 et
3562 5186 3593 5225 a
3619 5187 3754 5227 con-

2182 5261 2556 5321 suetudittario
2581 5275 2742 5316 cursu
2763 5275 2878 5326 cor,
2901 5276 3097 5331 corpus
3122 5274 3177 5316 et
3210 5263 3444 5318 studium
3470 5276 3750 5317 revocare.

511 5352 854 5416 prehensum.
905 5354 980 5408 lbi
1006 5369 1328 5411 numerosus
1353 5359 1665 5427 angelorum
1693 5364 1964 5417 exercitus
1985 5380 2077 5419 sa-
2182 5348 2284 5415 Ωυί
2312 5348 2455 5403 enim
2482 5364 2687 5418 Pauper
2706 5357 2794 5404 εει
2820 5350 3011 5419 stl)irim
3028 5391 3043 5414 ι
3076 5350 3284 5404 Vimine
3307 5350 3505 5421 gaudet
3523 5390 3537 5414 ο
3566 5350 3748 5404 humi“

508 5441 679 5496 cratis
699 5443 1054 5500 divisionibus
1074 5446 1427 5516 splendescit,
1454 5449 1758 5506 volitatorio
1783 5454 2093 5509 delectatus

2214 5446 2383 5492 tatem
2420 5438 2797 5507 amplectitur,
2848 5439 3116 5494 desideria
3166 5448 3380 5494 terrena
3430 5439 3744 5520 conculcat;

509 5527 786 5600 obsequio,
810 5550 913 5590 non
940 5537 1103 5602 velat,
1131 5538 1226 5592 sed
1252 5538 1457 5593 revelat
1482 5540 1690 5595 Domini
1720 5541 2071 5610 maiestatem.

509 5612 618 5671 illic
648 5625 1073 5705 patriarcharum
1099 5628 1292 5684 electio
1321 5629 1616 5699 primitiva,
1664 5634 1958 5695 reverenda
1986 5650 2074 5689 so-

2178 5528 2270 5582 sed
2301 5528 2426 5596 quia
2457 5528 2545 5583 illa
2577 5539 2868 5598 paupertas
2894 5529 3244 5585 exsecrabilis
3288 5541 3407 5596 est,
3450 5546 3570 5600 quae
3600 5530 3748 5601 regio

2178 5620 2369 5688 spiritu
2423 5620 2791 5678 intumescens
2836 5622 3133 5677 discordias
3191 5624 3465 5689 seminat,
3521 5622 3747 5678 inservit
