4178 6448
450 418 557 473 815

1905 407 2138 464 SEIHIO
2167 405 2279 463 LV.

3582 403 3686 460 8M

448 526 654 593 litibus,
676 523 1020 580 detractoriis
1048 524 1388 578 sermonibus
1425 521 1772 592 jucundatur,
1804 519 2019 575 evolau-
2044 533 2092 586 Α
2122 531 2228 570 non
2251 514 2586 572 defendimus
2624 514 2925 583 dimissam,
2955 514 3024 570 ad
3067 523 3265 572 metam
3294 499 3486 574 cursus
3507 519 3691 588 porri-

447 619 574 671 dum
596 626 680 671 cst
703 616 768 670 ad
791 614 1010 669 secundi
1033 614 1231 683 gradus
1253 613 1660 679 sublimitatem,
1684 620 1743 665 ut
1764 611 2012 667 sitmitis.

447 707 592 761 Mitis
621 713 734 771 est,
776 706 868 774 qui
899 705 1030 758 nulli
1064 705 1240 760 reddit
1269 705 1468 758 malum
1497 719 1597 774 pro
1638 703 1800 758 malo.
1831 701 2016 760 Laesus

445 796 658 853 veniam
690 795 860 864 petit,
909 802 966 847 et
995 793 1266 848 bcnefacit
1295 793 1632 847 hedentibus.
1662 791 1774 846 Nec
1802 792 2014 862 plenam

440 884 612 954 jactet
638 882 918 936 victoriam
939 921 955 946 ,
1004 881 1248 950 quisquis
1288 880 1430 934 hunc
1461 879 1707 934 fortassis
1751 879 2012 946 ascendit,

446 988 568 1028 cum
596 972 666 1026 sit
693 971 840 1026 omni
872 970 1230 1040 lacrymarum
1271 968 1420 1022 fonte
1449 968 1827 1040 plangendum,
1873 970 2015 1038 quod

445 1065 630 1120 tandiu
645 1064 780 1128 luto,
797 1071 850 1118 et
873 1062 1034 1132 292
1058 1061 1215 1116 lateri
1231 1060 1331 1116 sub
1341 1060 1640 1116 Pharaonis
1668 1062 2014 1116 servierimus

445 1161 752 1224 potestate;
795 1159 849 1205 et
885 1151 1008 1204 ideo
1028 1149 1171 1204 beati
1233 1149 1322 1217 qui
1371 1149 1577 1220 lugent.
1619 1149 2011 1206 Luctusautem

443 1253 755 1300 sanctorum
781 1256 884 1296 non
913 1249 994 1295 est
1023 1240 1096 1294 de
1115 1239 1471 1294 diminutione
1497 1255 1700 1306 rerum,
1729 1241 1796 1295 de
1820 1256 2013 1310 corpo-

445 1350 560 1389 rum
587 1332 916 1396 inlirmitate,
949 1331 1016 1384 de
1045 1330 1325 1384 ferocitate
1349 1331 1678 1385 sublimioris
1703 1335 2010 1400 potestat's;

2118 605 2290 676 genda
2312 614 2396 660 est
2425 606 2668 671 dextera,
2696 614 2758 660 ut
2780 620 2880 676 pro
2897 605 3108 675 justitia
3134 621 3239 662 non
3263 606 3436 662 solum
3477 617 3690 676 nostra,

2119 693 2212 748 sed
2239 704 2294 748 et
2321 694 2544 749 alterius
2567 695 3000 763 persecutionem
3042 697 3340 765 patiamur,
3385 706 3441 753 et
3466 700 3696 755 resista-

2117 797 2237 836 mus
2267 797 2434 851 usque
2463 784 2528 837 ad
2559 785 2906 854 sanguinem,
2941 786 3026 841 vel
3056 801 3228 857 usque
3253 785 3320 842 ad
3348 796 3596 844 mortem.
3621 791 3690 846 Et

2117 872 2218 926 hoc
2243 881 2346 938 est,
2379 873 2520 942 quod
2549 875 2896 944 subsequitur
2924 893 2937 929 :
2975 894 2994 927 ‹
3031 877 3200 941 Beati,
3233 877 3324 946 qui
3361 881 3692 948 persecutio-

2115 981 2237 1021 nem
2262 967 2544 1036 patiuntur
2568 979 2786 1039 propter
2805 968 3095 1038 justitiam.
3129 989 3149 1022 ι
3193 970 3323 1026 Post
3363 972 3478 1027 haec
3508 981 3692 1028 autem

2113 1057 2278 1126 quid?
2301 1057 2400 1113 llic
2426 1059 2768 1114 adhaaremus
2795 1059 3051 1125 Domino,
3094 1068 3149 1114 et
3174 1075 3312 1116 unus
3340 1075 3463 1116 cum
3489 1076 3556 1117 eo
3580 1063 3692 1133 spi-

2115 1147 2250 1200 ritus
2275 1146 2556 1202 ellicimur.
2603 1148 2704 1203 Hic
2756 1149 3112 1218 disrumpitur
3159 1152 3361 1216 nubes,
3391 1161 3446 1206 ot
3492 1153 3692 1208 transit

2112 1234 2311 1288 oratio.
2357 1235 2457 1290 Hic
2503 1237 2741 1291 revelata
2786 1238 2926 1292 facie
2986 1237 3213 1308 gloriam
3263 1238 3473 1294 Domini
3524 1239 3686 1312 293

2111 1319 2472 1388 speculamur.
2514 1320 2613 1376 Hic
2645 1322 2874 1377 dulcedo
2907 1323 3151 1392 spiritus,
3201 1325 3378 1379 cordis
3422 1325 3686 1390 suavitas,

442 1423 626 1495 lugent
647 1423 792 1479 enim
820 1431 1064 1492 peccata,
1089 1421 1172 1476 vel
1198 1423 1438 1492 propria,
1461 1422 1544 1475 vel
1569 1422 1767 1488 aliena,
1799 1423 2003 1478 ruinam

2105 1409 2353 1480 jubilatio
2393 1412 2636 1467 mentis»
2659 1412 2856 1467 Beatus
2885 1413 3164 1484 EpOpulus,
3199 1416 3291 1484 qui
3343 1415 3446 1470 scit
3483 1414 3690 1482 iubila-

442 1512 664 1578 mundi,
716 1512 1098 1567 detrimentum
1145 1511 1305 1576 ﬁdei,
1351 1521 1718 1582 contemptum
1741 1511 1964 1581 justitia:
1991 1554 2007 1578 ,

442 1603 823 1659 abundantiam
859 1601 1183 1672 iniquitatis,
1213 1602 1528 1658 dilationem
1557 1603 1727 1673 regni.

510 1691 623 1748 Nec
666 1692 755 1746 bic
796 1692 1272 1746 consummationis
1324 1694 1590 1748 terminus
1632 1694 2006 1762 imponendus,

441 1798 564 1838 cum
601 1782 840 1851 perfecta
870 1781 1082 1850 justitia
1120 1783 1194 1835 sit
1228 1781 1455 1852 diligere
1505 1783 1811 1851 proximum
1870 1785 2007 1839 sicut

2113 1503 2314 1556 tionem
2349 1500 2522 1573 (Paul.
2566 1501 2856 1572 Lxxxvm).

2183 1591 2472 1648 Videamus
2509 1593 2556 1648 si
2585 1591 2726 1647 forte
2767 1593 2949 1663 aliqua
2986 1593 3255 1649 sermonis
3297 1596 3684 1664 corraequeutia

2109 1681 2470 1737 beatitudines
2492 1682 2627 1738 istas
2649 1691 2856 1753 septem
2878 1683 3034 1738 donis
3066 1683 3123 1738 S.
3159 1682 3396 1752 Spiritus
3417 1683 3686 1753 possimus

2110 1770 2407 1841 assignare.
2449 1769 2834 1842 Paupertatem
2860 1771 3084 1842 spiritus
3121 1779 3344 1842 generat
3372 1772 3537 1827 timor
3565 1773 3682 1836 Dei.

439 1874 708 1948 seipsurn;
755 1879 810 1926 et
858 1870 976 1940 ejus
1023 1884 1279 1927 excessus
1329 1872 1496 1927 libera
1539 1873 1906 1939 discretione,
1954 1883 2003 1929 et

2110 1860 2202 1930 qui
2231 1861 2423 1931 pungit
2449 1861 2710 1927 animam,
2731 1870 2787 1917 et
2809 1861 3130 1932 sanguinem
3150 1861 3312 1925 elicit.
3339 1870 3394 1916 et
3415 1863 3560 1933 cogit
3584 1877 3686 1919 nos

440 1964 672 2019 discreta
699 1962 1020 2032 redarguere
1043 1961 1313 2017 libertate.
1342 1961 1444 2029 Qui
1466 1963 1610 2017 enim
1632 1977 1730 2032 pro
1756 1978 2006 2034 persona,

438 2070 598 2126 quam
627 2053 785 2124 gerit,
816 2068 924 2108 non
955 2053 1156 2108 resistit
1185 2055 1556 2124 peccantibus,
1600 2054 1667 2108 de
1694 2069 1792 2110 suo
1829 2070 1889 2110 se
1915 2069 2011 2110 no-

438 2144 576 2196 verit
603 2142 820 2198 silentio
843 2157 964 2198 esse
992 2143 1380 2198 damnandum.
1425 2142 1610 2197 Esurit
1636 2158 1787 2213 ergo,
1816 2153 1872 2198 et
1895 2145 2012 2200 sitit

431 2232 730 2303 justitiam,
783 2233 874 2302 qui
918 2233 1047 2286 vitia
1096 2233 1366 2300 destruit,
1428 2233 1694 2288 construit
1738 2235 2008 2300 virtutes;

439 2323 652 2378 sobrius
680 2321 802 2385 sibi,
836 2319 1014 2388 justus
1054 2323 1337 2391 proximo,
1370 2323 1490 2391 pius
1519 2323 1646 2377 Deo.
1692 2323 1858 2394 Cujus
1899 2324 2012 2378 ani-

439 2427 583 2469 mam
606 2415 716 2470 urit
744 2416 892 2471 zelus
922 2416 1114 2472 domus
1143 2417 1260 2483 Dei,
1309 2418 1399 2488 qui
1445 2427 1630 2474 cantat
1655 2434 1775 2474 cum
1811 2420 1960 2489 justo
1990 2437 2005 2473 :

443 2521 462 2555 ε
495 2503 792 2562 Tabescere
837 2523 926 2563 me
976 2507 1105 2563 fecit
1150 2508 1298 2564 zelus
1341 2516 1484 2576 tuus,
1532 2509 1658 2579 quia
1687 2510 1839 2564 obliti
1883 2519 2008 2566 sunt

439 2597 599 2652 verba
627 2607 716 2651 tua
745 2598 946 2654 inimici
973 2601 1099 2654 mei.
1137 2619 1156 2653 ι

509 2686 614 2742 Sed
655 2689 779 2757 quia
826 2691 1118 2744 secundum
1153 2706 1340 2746 vocem
1385 2693 1639 2756 oratoris,
1691 2694 2008 2762 plerumque

437 2792 704 2832 summum
713 2777 802 2847 jus
825 2779 1028 2834 malitia
1050 2789 1154 2844 est,
1169 2789 1221 2833 et
1244 2782 1854 2851 ineonsideratajustitia
1873 2796 2011 2850 pra:-

436 2866 678 2934 cipitium
714 2868 965 2936 parturit,
998 2869 1117 2924 ideo
1147 2871 1390 2939 sequitur
1418 2886 1432 2922 :
1471 2887 1489 2919 ι
1521 2869 1671 2924 Beati
1701 2871 2011 2924 misericor-

435 2956 550 3011 des.
593 2975 613 3009 ι
649 2955 1018 3013 Misericordia
1049 2970 1133 3015 est
1161 2961 1465 3029 speciosum
1517 2961 1766 3016 humanae
1800 2969 2006 3018 natura:

434 3054 835 3112 ornamentum,
879 3047 1033 3118 cujus
1059 3063 1252 3119 eXpers
1285 3049 1423 3104 male
1467 3051 1791 3122 degenerat,
1831 3062 1888 3107 et
1911 3054 2010 3109 ho-

435 3135 634 3189 minem
667 3135 940 3190 diﬂitetur.
970 3138 1063 3192 Est
1103 3147 1280 3192 autem
1311 3153 1434 3192 vera
1468 3140 1859 3206 misericordia,
1883 3158 2003 3197 cum

2108 1968 2354 2023 quaerere
2381 1947 2726 2008 medicinam.
2755 1952 2801 2006 Α
2847 1951 3044 2007 timore
3075 1960 3188 2016 tuo,
3218 1950 3467 2017 Domine,
3489 1965 3682 2008 conce-

2110 2046 2284 2114 pimus
2337 2053 2394 2099 et
2437 2043 2828 2114 parturivimus
2857 2081 2873 2109 ,
2911 2042 3162 2113 spiritum
3219 2041 3412 2096 salutis
3453 2040 3682 2096 fecimus

2109 2151 2272 2206 super
2307 2144 2531 2202 terram,
2570 2137 2675 2191 hoc
2722 2143 2826 2202 est,
2875 2134 3126 2203 spiritum
3157 2127 3508 2203 paupertatis,
3552 2132 3684 2188 dicit

2109 2226 2274 2282 Isaias
2320 2228 2579 2297 propheta
2624 2225 2759 2297 (Ira.
2788 2225 2961 2296 xxvi),
3013 2224 3123 2278 imo
3157 2238 3255 2292 per
3274 2223 3464 2278 Isaiam
3494 2222 3681 2277 Domi-

2111 2337 2232 2376 nus.
2263 2321 2361 2377 Hic
2389 2323 2520 2377 facit
2560 2336 2660 2376 nos
2691 2321 2958 2376 mundana
2992 2319 3074 2375 vel
3107 2320 3434 2390 relinquere,
3465 2318 3550 2374 vel
3573 2334 3682 2374 non

2109 2417 2517 2487 concupiscere,
2566 2415 2749 2472 clavus
2786 2414 2997 2470 clavum
3048 2413 3346 2484 expellens,
3390 2421 3444 2468 et
3479 2411 3682 2482 pertin-

2109 2524 2238 2578 gens
2260 2523 2430 2577 usque
2463 2509 2530 2562 ad
2579 2507 2897 2562 divisionem
2929 2505 3121 2559 animae
3151 2513 3206 2558 et
3236 2504 3478 2572 spiritus.
3500 2502 3681 2556 Pietas

2107 2607 2286 2652 autent
2319 2598 2476 2650 mites
2498 2596 2646 2661 facit,
2679 2598 2806 2650 dum
2833 2611 2930 2650 nos
2957 2593 3180 2650 dulciori
3217 2593 3408 2663 spiritu
3431 2591 3682 2662 superfu-

2107 2703 2195 2741 sos
2247 2687 2314 2740 ad
2361 2685 2790 2740 mansuetudinis
2846 2684 3141 2764 thalamum
3206 2681 3520 2736 intrdducit.
3571 2681 3678 2746 Qui

2105 2777 2248 2830 enim
2288 2774 2496 2833 efferati
2528 2788 2653 2830 sunt
2677 2773 2952 2843 superbia,
2980 2773 3236 2828 sublimes
3258 2772 3313 2826 in
3342 2771 3516 2826 oculis
3535 2771 3676 2836 suis,

2107 2870 2359 2922 ardentes
2405 2867 2626 2930 invidia,
2690 2865 2920 2920 invicem
2975 2856 3306 2928 mordentes,
3346 2870 3401 2917 et
3445 2863 3679 2916 invicem

2107 2958 2435 3028 consumpti,
2465 2958 2734 3027 quomodo
2776 2955 3106 3026 mitigatoria
3137 2961 3362 3023 possunt
3389 2953 3536 3008 indm
3566 2952 3680 3024 pie-

2108 3058 2217 3104 tate
2237 3050 2260 3103 ?
2281 3049 2447 3104 Porro
2477 3048 2704 3102 scientia
2733 3046 2933 3100 luctum
2966 3045 3124 3115 parit.
3150 3043 3364 3098 Scimus
3383 3041 3529 3098 enim
3549 3042 3679 3110 quia

2107 3137 2400 3208 singularis
2433 3136 2663 3192 scientia
2704 3143 2789 3188 est
2842 3133 3145 3203 recogitare
3179 3145 3350 3186 annos
3380 3139 3594 3186 nostros
3618 3129 3680 3186 in

433 3226 864 3296 superexaltalur
893 3227 1262 3284 misericordia
1299 3227 1504 3297 judicio
1523 3269 1538 3295 ,
1564 3247 1685 3285 eum
1717 3231 1799 3284 vel
1844 3232 2005 3302 largi-
2032 3207 2075 3270 ε
2109 3228 2476 3284 amaritudine
2519 3226 2713 3281 anima:
2741 3232 2938 3278 nostra:
2958 3222 3116 3294 (lsai.
3144 3220 3396 3292 xxxviii),
3420 3229 3476 3274 et
3501 3219 3679 3275 multi-

435 3324 546 3370 tate
587 3317 918 3379 substantiae,
971 3317 1052 3371 vel
1096 3318 1236 3373 bona
1267 3319 1579 3384 voluntate,
1625 3321 1707 3376 vel
1759 3322 2000 3376 doctrina

430 3404 602 3467 verbi,
631 3404 714 3458 vel
739 3405 984 3475 exemplo
1005 3406 1158 3472 facti,
1191 3406 1421 3477 proxinii
1449 3423 1666 3478 corpus,
1690 3422 1744 3465 et
1766 3410 2000 3464 animam

432 3493 757 3550 reiovemus.
784 3495 916 3550 Cum
944 3508 1124 3552 autem
1147 3497 1260 3567 jam
1289 3513 1319 3551 a
1348 3498 1594 3553 claritate
1622 3500 1674 3553 in
1701 3499 2000 3555 claritatem

430 3586 512 3640 sic
555 3589 877 3656 ceperimus
906 3589 1183 3643 ambulare
1203 3629 1218 3653 ,
1250 3604 1279 3643 a
1311 3588 1556 3644 claritate
1597 3591 1777 3644 cordis
1807 3591 2000 3657 nostri,

429 3676 497 3729 ad
525 3676 927 3731 clariticandum
950 3693 1045 3733 cor
1073 3679 1326 3748 proximi,
1372 3678 1666 3733 mundandi
1712 3695 1898 3740 sumus
1934 3681 2003 3734 ab

429 3765 575 3820 oumi
625 3766 1036 3836 inquinamento
1083 3768 1265 3823 carnis
1320 3777 1376 3822 et
1436 3768 1694 3838 spiritus,
1736 3770 1804 3824 ab
1854 3770 2000 3824 omni

430 3851 589 3920 hujus
631 3855 812 3907 mundi
857 3856 1200 3924 aSpersione,
1247 3872 1379 3926 pure
1421 3872 1713 3926 presseque
1740 3859 1998 3928 tergendi,

428 3943 572 3997 sicut
594 3942 931 4013 subiungitur
956 3961 970 3998 :
1003 3963 1021 3995 ‹
1056 3945 1206 3998 Beati
1238 3946 1435 4000 mundo
1465 3948 1650 4002 corde.
1681 3965 1701 3998 ι
1729 3947 1860 4014 Quis
1885 3947 1998 4016 glo-

431 4035 660 4089 riabitur
680 4044 887 4089 castum
915 4049 974 4090 se
1002 4037 1200 4091 habere
1239 4053 1344 4091 cor.
1382 4035 1566 4107 (Prov.
1610 4037 1743 4106 xx)?
1766 4036 1998 4091 Pravqu

427 4135 513 4178 est
565 4141 662 4179 cor
710 4125 976 4191 hominis,
1024 4135 1079 4181 et
1129 4128 1496 4183 inscrutabile.
1534 4127 1666 4193 Quis
1708 4140 1998 4198 cognoscet

429 4213 593 4269 illud?
615 4215 747 4287 (Jer.
777 4219 933 4285 xvii.)
969 4217 1189 4271 DilIicilc
1208 4227 1289 4272 est
1332 4218 1461 4272 illud
1492 4220 1772 4284 mundare,
1798 4234 1918 4273 cum
1945 4220 1996 4273 in

429 4307 542 4360 suis
568 4308 764 4380 abditis
787 4309 1140 4374 delitescens,
1189 4311 1508 4365 irruentium
1537 4311 1760 4378 recipiat
1785 4312 1996 4381 agmina

429 4397 850 4467 cogitationum,
897 4399 1182 4468 plurimum
1221 4401 1382 4453 etiam
1427 4401 1782 4456 renitentibus
1817 4401 1992 4466 nobis,

431 4487 524 4541 sed
554 4501 892 4556 nequaquam
921 4489 1091 4542 obniti
1133 4488 1452 4543 valentibus.
1494 4489 1586 4544 Ille
1627 4489 1790 4558 igitur
1833 4506 1992 4543 mun-

429 4579 555 4632 dum
586 4593 681 4631 cor
710 4580 888 4642 habet,
920 4579 1007 4647 qui
1041 4579 1319 4650 utriusque
1355 4580 1589 4635 hominis
1633 4581 1864 4635 motibus
1897 4582 1996 4634 mi-

431 4667 633 4738 tigatis,
664 4668 940 4738 passiones
988 4683 1092 4723 non
1143 4671 1302 4725 modo
1330 4673 1597 4741 reprimit,
1623 4673 1719 4732 sed
1765 4673 1993 4744 ignorat,

429 4759 660 4814 naturali
685 4775 844 4814 cursu
869 4760 1130 4814 bonorum
1171 4777 1392 4831 operum
1419 4765 1798 4828 communitus,
1823 4765 1996 4820 cruei-

429 4849 566 4904 ﬁxus
597 4851 818 4914 mundo,
845 4861 898 4906 et
924 4853 1009 4906 cui
1039 4854 1328 4908 cruciﬁxus
1353 4864 1436 4909 est
1478 4857 1707 4911 mundus
1739 4855 1993 4928 (Gal.VI).

427 4942 586 4996 Pauci
620 4952 820 5005 autem,
869 4943 1066 5012 quibus
1093 4958 1152 4996 se
1184 4944 1438 4998 infuderit
1479 4954 1638 4999 tanta:
1669 4946 1855 5015 gratiae
1885 4946 1997 5015 ple-

426 5034 633 5112 nitudo.
659 5034 976 5102 Quicunque
1005 5042 1184 5088 autem
1217 5035 1289 5088 illi
1319 5044 1481 5100 sunt,
1523 5037 1632 5106 jam
1664 5047 1788 5091 sunt
1829 5053 1997 5107 prope

425 5123 657 5192 palmam
703 5137 951 5190 superna:
996 5123 1315 5186 vocationis,
1363 5123 1405 5178 si
1451 5139 1618 5192 pace,
1667 5142 1772 5194 qua
1810 5125 1993 5179 refecti

425 5223 572 5277 sunt,
599 5213 886 5281 paciﬁcare
915 5214 1168 5267 studeant
1193 5213 1536 5280 dissidentes,
1582 5225 1636 5270 et
1661 5217 1841 5271 dicere
1869 5233 1991 5272 cum

425 5303 690 5374 Propheta
719 5322 731 5356 :
771 5322 788 5354 ι
821 5303 956 5359 Cum
986 5305 1068 5358 his
1106 5304 1195 5374 qui
1237 5305 1468 5359 oderunt
1495 5322 1676 5376 pacem
1727 5322 1871 5361 eram
1901 5325 1995 5378 pa-

423 5396 608 5450 ciﬁcus
637 5395 812 5467 (Psal.
858 5398 1030 5468 ωαχ).
1070 5416 1088 5449 ι
1124 5397 1330 5451 idcirco
1375 5397 1747 5453 subinfertur:
1791 5419 1809 5452 ς
1839 5399 2014 5456 Beati-

423 5484 652 5553 paciﬁci,
691 5504 709 5536 ι
742 5499 844 5538 non
888 5485 1060 5539 solum
1105 5486 1311 5555 pacati,
1361 5487 1454 5541 sed
1476 5488 1990 5556 paciﬁci,facientes

421 5589 627 5642 pacem,
656 5576 959 5629 concordia:
989 5577 1194 5630 semina
1222 5577 1568 5633 seminantes.

492 5662 599 5718 Sed
643 5666 769 5734 quia
814 5665 1010 5734 saepius
1057 5666 1140 5720 vel
1187 5665 1492 5721 adulatione
1533 5669 1864 5736 potentium,
1903 5671 1987 5725 vel

423 5765 607 5810 amore
630 5755 1043 5826 temporalium,
1065 5753 1332 5833 justitiam
1341 5765 1470 5832 λιιι
1507 5757 1855 5826 dimittimus,
1896 5769 1990 5815 aut

2105 3323 2331 3392 plicibus
2351 3321 2714 3390 lacrymarum
2731 3318 2918 3370 rivulis
2936 3317 3152 3386 propria
3173 3313 3368 3368 deflere
3384 3313 3604 3368 delicta.

2175 3413 2249 3465 De
2279 3411 2593 3464 fortitudine
2621 3423 2750 3462 vero
2776 3408 3016 3461 nascitur
3050 3405 3240 3468 fames,
3287 3413 3342 3458 et
3369 3405 3490 3459 sitis
3517 3403 3678 3474 justi-

2103 3505 2226 3568 tim;
2256 3517 2377 3557 cum
2403 3501 2598 3554 virium
2626 3499 2692 3553 sit
2723 3513 2828 3552 non
2857 3511 3172 3567 paucarum,
3199 3509 3298 3566 pro
3321 3495 3572 3551 libertate
3586 3495 3678 3563 ju-

2102 3594 2260 3648 stitia:
2290 3591 2448 3655 mori,
2479 3591 2674 3645 nedum
2705 3589 2849 3657 loqui
2883 3606 2896 3641 :
2925 3597 2982 3642 et
3009 3587 3098 3642 ubi
3121 3586 3264 3641 Deus
3294 3585 3348 3640 in
3379 3601 3541 3640 causa
3562 3595 3673 3652 est,

2102 3699 2204 3738 nec
2244 3682 2386 3736 allici
2439 3678 2735 3744 blanditiis,
2765 3693 2862 3732 nec
2893 3687 3099 3732 terrore
3125 3677 3350 3732 moveri.
3375 3675 3671 3730 Consilium

2101 3782 2280 3826 autem
2318 3769 2746 3826 misericordiam
2778 3767 2940 3835 parit,
2965 3781 3084 3822 cum
3113 3781 3324 3822 summa
3356 3766 3523 3822 totius
3541 3780 3674 3821 con-

2101 3862 2206 3918 silii
2231 3862 2302 3915 sit
2338 3859 2620 3915 consulere
2645 3858 2913 3923 omnibus,
2941 3865 2998 3912 et
3041 3855 3389 3912 inﬁrmitates
3417 3865 3524 3910 tam
3550 3858 3672 3911 ani-

2102 3965 2333 4014 marum,
2363 3964 2527 4018 quam
2549 3961 2836 4015 corporum
2863 3945 3092 4015 benigna
3109 3959 3272 3999 manu
3289 3945 3672 4001 misericordia

2099 4041 2398 4096 sublevare.
2421 4037 2678 4092 Munditia
2699 4037 2880 4091 cordis
2903 4037 2973 4091 ab
2995 4023 3298 4091 intellectus
3325 4037 3673 4104 puritatede-

2098 4131 2330 4194 scendit,
2359 4129 2448 4198 qui
2479 4128 2658 4183 cordis
2688 4127 3026 4197 receptacula
3053 4136 3265 4198 purgat,
3291 4137 3348 4182 et
3371 4127 3671 4182 latebrosos

2097 4223 2213 4292 ejus
2242 4221 2466 4276 allectus
2493 4219 2804 4274 acutissima
2835 4221 3341 4290 circumspectionis
3387 4219 3522 4275 falce
3548 4237 3674 4276 suc-

2097 4314 2245 4369 cidit.
2293 4313 2464 4369 Porro
2514 4311 2773 4382 paciﬁcus
2815 4313 2884 4364 ab
2913 4311 3083 4380 ipsius
3126 4311 3406 4379 sapientia:
3429 4314 3673 4368 nascitur

2096 4404 2427 4467 summitate,
2452 4403 2747 4458 conformis
2780 4402 2856 4457 illi
2893 4401 3202 4473 Sapientiae,
3225 4419 3346 4473 qua“:
3361 4406 3532 4475 pretio
3547 4419 3674 4461 san--
3737 4449 3760 4472 ,

2097 4495 2273 4562 guinis
2302 4494 2385 4548 sui
2411 4503 2464 4548 et
2490 4504 2688 4547 terram
2715 4491 3041 4561 paciﬁcavit,
3067 4502 3121 4548 et
3142 4494 3358 4549 ccelum.

2166 4585 2440 4640 Fortassis
2492 4585 2679 4649 etiam,
2713 4585 2757 4638 si
2795 4583 3106 4655 diligentius
3136 4595 3554 4654 perscrutemur,
3583 4601 3670 4641 se-

2097 4687 2241 4746 ptem
2276 4677 2646 4747 petitionibus,
2680 4691 2801 4746 qua:
2832 4677 2886 4730 in
2917 4678 3161 4732 oratione
3191 4676 3465 4729 Dominica
3495 4679 3668 4731 couti-

2098 4775 2313 4828 nentur,
2367 4781 2460 4820 eas
2508 4766 2701 4820 iterum
2726 4777 3081 4822 concateuare
3116 4765 3430 4834 poterimus.
3457 4766 3668 4821 Illiete-

2097 4857 2208 4911 nim
2232 4858 2298 4913 de
2327 4857 2520 4911 timore
2547 4857 2759 4912 Domini
2799 4863 3166 4926 paupertatem
3207 4855 3429 4925 spiritus
3457 4857 3665 4926 amplc-

2096 4957 2337 5014 ctuntur,
2376 4949 2468 5017 qui
2507 4949 2712 5011 volunt,
2763 4956 2824 5001 ut
2853 4945 3222 5001 sanctiﬁcetur
3267 4947 3319 5000 in
3351 4948 3432 5003 eis
3469 4964 3662 5004 nomen

2099 5038 2332 5103 Domini,
2379 5049 2436 5093 et
2487 5038 2674 5093 dicunt
2700 5051 2821 5090 cum
2863 5035 3149 5089 Psalmista
3182 5053 3196 5090 :
3231 5054 3250 5088 ι
3285 5035 3505 5093 Custodi
3543 5039 3662 5092 aui—

2097 5144 2240 5183 mam
2273 5144 2470 5193 meam,
2509 5126 2760 5196 quoniam
2785 5132 3006 5179 sanctus
3026 5139 3144 5178 sum
3185 5123 3357 5196 (Paul.
3393 5128 3612 5197 uxxv).
3637 5147 3657 5180 ι

2097 5217 2198 5285 Qui
2246 5234 2376 5272 vero
2428 5226 2552 5271 sunt
2592 5215 2771 5278 mites,
2824 5214 2926 5268 nisi
2965 5229 3100 5284 quos
3129 5217 3302 5286 pietas
3330 5204 3538 5280 imbuit,
3569 5218 3661 5286 qui

2094 5325 2218 5364 cum
2235 5309 2492 5378 patientia
2514 5315 2568 5361 et
2590 5309 3004 5364 mansuetudine
3038 5307 3351 5378 frequenter
3363 5309 3658 5380 postulant,

2093 5399 2422 5459 utadveniat
2448 5411 2669 5466 regnum
2709 5396 2822 5460 Dei,
2869 5399 3152 5467 cupientes
3191 5397 3429 5462 dissolvi,
3459 5407 3513 5452 et
3541 5411 3660 5454 esse

2089 5505 2212 5546 cum
2237 5489 2452 5544 Christo
2474 5489 2498 5541 τ
2519 5485 2773 5558 (Philipp.
2804 5489 2868 5556 ι.)
2899 5488 3136 5554 Quorum
3160 5488 3500 5544 universitati
3528 5505 3657 5543 sau-

2090 5589 2210 5634 ctus
2231 5585 2442 5632 eructat
2463 5577 2686 5632 dicens:
2717 5595 2737 5628 ‹
2777 5577 3040 5647 Exspecta
3064 5577 3372 5643 Dominum,
3401 5587 3455 5632 et
3481 5589 3661 5634 custo-

2089 5669 2144 5723 di
2168 5669 2311 5722 viam
2341 5668 2476 5738 ejus,
2509 5676 2565 5720 et
2613 5667 2874 5722 exaltabit
2923 5677 2997 5734 te,
3044 5676 3104 5720 ut
3129 5668 3446 5724 haereditate
3475 5669 3658 5738 capias

2092 5769 2288 5816 terram
2329 5758 2742 5838 (Psal.xxxvt);
2774 5779 2794 5814 ι
2828 5770 2973 5816 terra
3014 5761 3157 5816 enim
3200 5760 3494 5816 viventium
3535 5774 3658 5830 pro-
