4178 6464
546 387 650 441 815

1077 415 1080 420 -
1172 383 1228 437 S.
1271 379 1470 437 PETRI
1511 375 1962 434 DAMIANIOPP.
1988 369 2166 426 PARS
2205 370 2336 426 SEU
2379 371 2700 426 TOMUS“.
2743 402 2809 412 —
2839 369 3202 427 SERMONES

3665 369 3786 424 διε

547 502 780 557 mittitur
808 499 1144 569 possidenda.
1168 496 1268 562 Qui
1298 505 1474 548 autem
1500 494 1703 562 lugent,
1731 490 1831 542 nisi
1863 501 2000 557 quos
2022 485 2104 537 in-
2134 485 2184 541 Δ
2213 493 2299 537 tur
2326 484 2619 551 imperator
2652 484 2706 538 in
2751 481 2942 546 milite,
2983 482 3236 537 laudatur
3275 480 3432 535 miles
3469 481 3519 536 in
3547 480 3782 551 impera-

545 594 706 646 struit
752 589 971 644 scientia
999 587 1271 650 salutaris,
1303 585 1392 653 qui
1424 585 1629 652 piarunt
1667 581 1825 634 undis
1845 578 2106 646 lacryma-

545 699 662 736 rum
688 679 1019 734 voluntatem
1047 678 1142 732 Dei
1165 677 1348 730 volunt
1380 675 1492 728 fieri
1523 674 1666 727 sicut
1691 671 1744 724 in
1775 669 1935 730 caelo,
1961 668 2033 720 ita
2057 665 2108 718 in

547 782 686 824 terra
719 789 733 834 ;
769 770 904 824 sicut
929 770 982 821 in
1027 765 1248 836 angelis,
1284 766 1355 818 ita
1397 759 1996 817 inhomilliDUS?P0ﬂ‘0
2027 756 2108 807 fa-

545 875 657 914 mes
705 869 760 912 et
779 859 897 912 sitis
916 855 1138 924 iustitia:
1161 855 1224 910 de
1245 855 1440 909 mentis
1467 851 1780 907 fortitudine
1795 855 2108 918 generatur,

539 963 660 1020 qua:
682 947 1051 1016 quotidianum
1084 957 1274 1014 panem
1318 942 1386 996 ab
1411 941 1541 1010 ipsis
1570 940 1664 993 Dei
1694 937 1943 991 manibus
1963 949 2109 1004 qua-

543 1042 612 1095 rit
639 1057 654 1106 ;
682 1055 874 1110 panem
903 1037 1051 1091 illum
1104 1036 1350 1090 videlicet
1383 1035 1472 1102 qui
1503 1047 1599 1086 cor
1646 1029 1878 1083 hominis
1913 1025 2109 1082 conﬁr-

539 1140 674 1185 mat.
707 1129 806 1196 Qui
833 1128 995 1183 etiam
1047 1125 1428 1180 misericordes
1476 1129 1621 1182 sunt,
1649 1119 1754 1173 nisi
1785 1117 1876 1188 qui
1903 1131 2003 1185 pro
2031 1115 2110 1168 fa-

539 1221 742 1275 cultate
770 1216 1056 1273 consulunt
1075 1215 1350 1277 omnibus,
1370 1221 1425 1266 et
1447 1211 1634 1264 audaci
1665 1207 1994 1262 conscientia
2017 1221 2111 1275 pa-

537 1321 686 1366 ctum
722 1309 928 1364 faciunt
967 1322 1088 1362 cum
1123 1307 1253 1371 Deo,
1306 1305 1546 1358 dicentes
1579 1321 1592 1354 :
1630 1319 1650 1352 ι
1707 1299 1931 1354 Dimitte
1957 1296 2110 1376 nobis

538 1401 722 1455 debita
750 1409 956 1462 nostra,
1013 1398 1156 1452 sicut
1183 1404 1237 1450 et
1281 1410 1380 1449 nos
1427 1392 1749 1446 dimittimus
1775 1387 2109 1444 debitoribus

538 1489 1001 1561 295nostrisii
1045 1486 1299 1540 Mundum
1349 1491 1528 1538 autem
1559 1496 1655 1537 eor
1703 1495 1810 1534 non
1838 1479 1942 1533 nlsi
1969 1477 2108 1531 luci-

541 1579 796 1634 dissimus
853 1575 1084 1645 percipit
1135 1573 1463 1636 intellectus,
1508 1572 1598 1640 qui
1623 1585 1728 1624 non
1757 1566 2028 1622 inducitur
2054 1565 2107 1618 in

541 1667 910 1728 tentalioncm,
973 1679 1165 1735 rogans
1193 1679 1222 1717 a
1261 1663 1423 1719 Patre
1468 1661 1753 1722 luminum,
1789 1672 1896 1712 non
1919 1666 1974 1710 ut
1997 1669 2105 1709 non

541 1769 796 1821 tentetur,
843 1755 936 1811 sed
966 1766 1025 1810 ut
1052 1769 1157 1810 non
1207 1754 1510 1817 inducatur,
1567 1749 1846 1805 excutiens
1884 1745 2108 1802 latroci-

2209 582 2346 628 tore.
2401 573 2659 627 Testatur
2683 572 2786 627 hoc
2817 571 3148 626 Turonensis
3195 569 3436 624 Ecclesia
3471 570 3784 623 thesaurum

2207 666 2452 734 corporis
2478 665 2595 735 ejus
2640 664 2947 728 continens,
2987 677 3110 732 quae
3137 662 3509 730 possessiones
3537 675 3667 716 suas
3686 676 3785 716 ex-

2210 755 2380 808 tendit
2418 770 2448 809 a
2496 755 2632 809 mari
2658 768 2828 823 usque
2862 754 2929 806 ad
2956 766 3132 817 mare,
3152 766 3330 821 quam
3358 741 3794 805 fecundavcruut'

2209 860 2383 915 reges,
2413 853 2468 899 et
2489 854 2819 899 ornaverunt
2846 843 3138 913 principes,
3190 843 3277 896 cui
3296 841 3534 896 Romani
3560 842 3778 910 pontifio

2207 951 2300 991 ees
2315 951 2540 1019 summae
2565 935 2834 991 libertatis
2854 935 3071 1006 fastigia
3096 935 3474 1005 providerunt.

2277 1027 2502 1082 Accedit
2527 1027 2690 1100 etiam
2721 1027 2788 1081 ad
2815 1027 3042 1095 gloriam
3070 1024 3418 1089 confessoris,
3446 1025 3570 1092 quia
3613 1025 3665 1080 in
3699 1026 3782 1093 ip~

2207 1119 2321 1173 sius
2372 1121 2578 1173 honore
2625 1117 2887 1172 nonnulla
2937 1117 3145 1172 aedium
3179 1115 3566 1184 episcopalium
3589 1117 3783 1170 funda-

2208 1216 2387 1262 menta
2417 1208 2588 1261 locata
2626 1216 2768 1267 sunt.
2817 1207 2960 1276 quod
2981 1207 3107 1277 (nisi
3138 1206 3317 1276 fallor)
3350 1207 3418 1261 de
3443 1207 3551 1261 a'lio
3575 1207 3788 1261 non‘le-

2208 1299 2354 1367 gitur
2378 1297 2710 1352 confcssore.
2742 1296 3014 1353 Scintillat
3037 1297 3216 1366 longe,
3240 1296 3456 1366 lateque
3475 1297 3653 1367 fulgor
3673 1299 3788 1351 cla-

2209 1386 2390 1440 ritatis
2435 1385 2602 1450 illius,
2630 1395 2687 1440 et
2715 1387 2781 1440 de
2809 1386 3034 1440 remotis
3077 1385 3262 1440 mundi
3287 1386 3531 1455 partibus
3555 1387 3622 1440 ad
3642 1401 3784 1455 prte-

2209 1474 2440 1528 sentiam
2471 1475 2642 1529 sancti
2669 1475 2916 1544 corporis
2947 1474 3108 1544 295
3143 1473 3452 1529 festinatur.
3487 1474 3783 1531 Clementia

2209 1558 2529 1628 divinitatis,
2556 1572 2611 1620 et
2660 1565 2896 1634 regibus,
2921 1573 2976 1618 et
3005 1578 3172 1634 regno
3202 1571 3385 1619 nostro
3411 1563 3646 1632 providit
3677 1564 3781 1618 mi-

2210 1655 2575 1717 sericorditer,
2606 1654 2698 1709 ubi
2729 1663 2934 1709 tantum
2957 1653 3138 1708 lumen
3167 1653 3235 1708 ad
3263 1653 3558 1708 remedium
3586 1666 3779 1722 perca-

2209 1752 2389 1798 torum
2443 1743 2496 1798 in
2539 1742 2796 1798 saeculum
2844 1741 3148 1798 collocavit.
3187 1741 3354 1796 Actus
3378 1739 3498 1816 ejus
3537 1740 3782 1796 etvitaut

539 1848 782 1902 nantium
835 1856 1040 1900 turmas
1095 1845 1432 1916 negetiorum
1471 1841 1780 1900 Pacificatio
1805 1853 1982 1894 vema
2009 1837 2110 1892 Sa-
2137 1847 2186 1908 Β
2213 1835 2445 1891 Severus
2468 1834 2692 1904 insignis
2733 1841 2938 1896 orator,
2991 1833 3065 1888 ita
3097 1847 3194 1888 suo
3217 1831 3519 1916 nobilitavit
3545 1831 3778 1904 eloquio,

537 1939 738 2010 picntia
769 1939 883 2008 ipsa
931 1937 1223 2001 descendit,
1263 1934 1348 1989 ubi
1393 1934 1687 1990 liberamur
1712 1946 1740 1984 a
1768 1929 1932 1994 malo,
1961 1937 2016 1983 et
2040 1928 2108 1982 ab

539 2028 780 2080 omnium
828 2025 1172 2094 iniquitaturn
1225 2022 1549 2078 mundamur
1575 2020 1802 2075 influxu.
1833 2018 1958 2072 llaec
1985 2024 2110 2072 sunt

538 2127 744 2185 septem
792 2114 1176 2177 bcatitudines,
1231 2122 1434 2183 septem
1464 2111 1626 2173 dona,
1662 2119 1870 2179 septem
1896 2108 2111 2178 petitio-

539 2219 652 2267 nes,
701 2211 904 2270 septem
964 2201 1306 2263 candelabra,
1361 2208 1567 2268 septem
1608 2197 1862 2261 lucerna,
1903 2206 2110 2265 septem

541 2289 827 2353 infusoria,
855 2298 1060 2357 septem
1090 2289 1270 2356 spicae,
1297 2295 1350 2340 et
1396 2287 1449 2340 in
1474 2301 1576 2354 qua
1604 2293 1732 2338 sunt
1760 2283 1884 2348 alia,
1909 2299 2028 2352 qua:
2055 2284 2110 2337 in

539 2392 664 2432 arce
690 2375 981 2446 septenarii
1007 2374 1215 2428 numeri
1240 2373 1642 2442 Scripturarum
1669 2371 2111 2428 consecravitau-

537 2467 784 2521 ctoritas.

608 2554 1054 2610 Adolescentulus
1083 2569 1212 2624 ergo
1261 2567 1425 2609 ausus
1473 2568 1594 2609 sum
1648 2562 1816 2609 totam
1864 2551 2111 2606 lectionis

541 2644 699 2712 hujus
725 2645 918 2698 seriem
961 2642 1268 2714 explanare,
1302 2643 1515 2697 illorum
1548 2651 1787 2711 rogatus,
1821 2641 1928 2720 imo
1959 2655 2108 2695 com-

469 2797 472 2802 _
536 2739 722 2810 pulsus
765 2738 1038 2807 precibus,
1081 2746 1136 2791 et
1164 2745 1450 2805 praecepto,
1488 2735 1683 2805 quibus
1704 2729 2112 2798 nec'vel’le,nec

539 2843 696 2897 posse
746 2827 923 2881 fuerat
949 2826 1188 2882 obviare.
1229 2825 1334 2882 Sed
1381 2835 1440 2880 ut
1487 2825 1737 2895 praesenti
1787 2823 2110 2884 solemnitati

541 2918 933 2987 aliquantulum
978 2917 1314 2982 insistemus,
1345 2916 1648 2979 favorabili,
1693 2925 1745 2970 et
1769 2910 1973 2969 mellita
1996 2911 2111 2966 dul-

540 3010 732 3064 cedine
779 3009 1088 3063 redundans
1135 3017 1280 3062 tanta
1335 3007 1598 3061 festivitas
1635 3015 1742 3069 est,
1775 3007 1827 3059 in
1865 3020 1970 3074 qua
2000 3005 2112 3058 lau-

2212 1939 2272 1984 ut
2298 1937 2355 1983 et
2380 1928 2663 1984 historiam
2694 1926 2956 1982 relatione
2978 1925 3135 1996 plena
3161 1915 3408 1980 veritatis
3433 1936 3780 1995 proponeret,

2209 2027 2269 2079 et
2316 2017 2604 2073 rhetoricis
2660 2015 2871 2084 legibus
2931 2015 3303 2085 multipliciter
3367 2015 3671 2084 insigniret.
3717 2015 3783 2071 Et

2210 2122 2355 2163 nunc
2380 2107 2530 2160 arida
2562 2104 2645 2159 vel
2673 2105 2855 2174 jejuna
2888 2105 3067 2175 lingua
3094 2114 3303 2170 nostra,
3334 2106 3462 2176 quid
3485 2106 3680 2160 audeat
3717 2108 3783 2160 de

2211 2199 2458 2254 laudibus
2485 2195 2600 2266 ejus
2631 2197 3070 2260 immurmurare,
3122 2195 3276 2264 cujus
3320 2194 3496 2250 laudis
3520 2193 3678 2265 plena
3699 2205 3786 2250 est

2211 2298 2355 2345 terra
2381 2289 2405 2342 i

2281 2381 2360 2437 Nc
2389 2391 2568 2436 tamen
2597 2381 2652 2435 in
2688 2379 2854 2433 tantis
2873 2377 3088 2449 gaudiis
3111 2375 3375 2447 cujusque
3406 2377 3670 2433 sermonis
3705 2377 3784 2430 vi-

2210 2475 2434 2528 deamur
2472 2472 2765 2534 immunes,
2799 2469 3188 2525 recurrendnm
3213 2477 3298 2524 est
3323 2468 3392 2524 ad
3421 2467 3781 2538 evangelicam

2211 2561 2520 2623 lectionem,
2569 2561 2620 2614 in
2668 2575 2774 2630 qua
2831 2559 2931 2614 sub
2975 2559 3138 2614 trium
3183 2559 3448 2614 brevitate
3491 2559 3778 2614 verborum

2211 2655 2475 2724 sapientia
2499 2654 2590 2708 Dei
2612 2653 2790 2708 Patris
2811 2653 2976 2708 totius
3003 2652 3252 2707 humanae
3269 2653 3614 2723 perfectionis
3633 2668 3784 2705 sum-

2211 2758 2352 2797 mam
2384 2742 2638 2806 inclusit;
2671 2742 2748 2795 ait
2804 2742 2948 2796 enim
2974 2758 2987 2794 :
3031 2760 3049 2796 ‹
3088 2742 3300 2808 Videte,
3325 2741 3560 2812 vigilate,
3589 2749 3782 2796 elon-

2213 2843 2285 2888 te.
2329 2852 2347 2885 ι
2387 2833 2480 2886 Ille
2529 2833 2621 2902 qui
2674 2833 2822 2886 videt
2862 2833 3043 2887 omnia
3068 2869 3084 2894 ,
3137 2830 3386 2887 hortatur
3427 2847 3524 2887 nos
3558 2840 3617 2886 ut
3656 2847 3779 2886 eor-

2209 2921 2484 2993 poralibus
2511 2921 2682 2977 oculis
2705 2921 3037 2992 postpositis,
3066 2922 3481 2978 mentislumine
3505 2922 3784 2976 videamus

2209 3011 2380 3068 oculis
2401 3012 2528 3077 illis,
2549 3013 2615 3066 de
2633 3011 2830 3082 quibus
2851 3026 2946 3081 per
2967 3009 3309 3067 Salomonem
3333 3012 3558 3067 dicitur:
3581 3029 3602 3062 ι
3621 3009 3773 3066 Oculi

542 3099 662 3152 dem
711 3097 896 3152 dicunt
940 3097 1050 3152 Deo
1096 3112 1284 3152 omnes
1335 3097 1505 3151 sancti
1545 3095 1682 3163 ejus,
1713 3107 1765 3150 et
1788 3104 1932 3150 totus
1966 3095 2113 3150 orbis
2214 3103 2473 3173 sapientis
2515 3103 2567 3156 in
2591 3103 2766 3172 capite
2812 3101 2930 3170 ejus
2957 3103 3153 3172 (Eccfe.
3202 3102 3284 3172 ιι).
3331 3121 3349 3154 ι
3385 3102 3632 3170 Praecipit
3651 3117 3784 3171 ergo

544 3187 691 3242 clara
745 3201 878 3242 voce
916 3185 1162 3240 resultat.
1219 3185 1309 3239 Isti
1341 3193 1466 3240 sunt
1514 3185 1780 3249 advocati.
1809 3198 1944 3252 quos
1971 3183 2109 3252 apud
2138 3183 2184 3243 C
2214 3203 2272 3248 ιιι
2297 3194 2397 3248 soli
2425 3193 2764 3248 solitudinem
2797 3193 2966 3248 nostri
3001 3193 3180 3248 cordis
3203 3193 3781 3262 ingrediamur,etre-

536 3279 771 3348 judicem
810 3278 1092 3332 habemus.
1124 3276 1230 3332 Pro
1267 3292 1372 3345 quo
1407 3276 1493 3332 isti
1523 3275 1951 3341 intercesserint,
1979 3290 2106 3331 sen-

2207 3286 2484 3340 vnlvamus
2511 3294 2752 3340 veterum
2781 3286 3020 3340 sarcinas
3057 3293 3422 3354 peccatorum,
3449 3285 3646 3354 quibus
3661 3284 3778 3354 pol-

542 3371 763 3426 tentiam
795 3385 900 3424 non
930 3369 1082 3423 timet
1108 3369 1412 3438 capitalem.

609 3461 996 3531 Confugiamus
1041 3476 1172 3530 ergo
1201 3462 1269 3514 ad
1318 3461 1542 3529 probata
1581 3459 1852 3531 suffragia,
1878 3474 1976 3514 nec
2011 3474 2110 3514 nos

541 3554 816 3608 deterreat
862 3552 1160 3606 enormitas
1205 3560 1585 3621 peccatorum;
1639 3552 1766 3620 quia
1815 3549 1986 3618 major
2024 3557 2110 3604 est

519 3642 758 3697 illorum
813 3640 1009 3711 pietas,
1053 3655 1216 3710 quam
1269 3641 1517 3711 impietas
1561 3650 1765 3695 nostra.
1803 3639 2108 3696 Consiliarii

539 3740 666 3787 sunt
689 3731 830 3802 regis
867 3731 1060 3798 nostri,
1101 3740 1156 3786 et
1208 3731 1377 3800 ipsius
1410 3732 1503 3786 ira:
1529 3745 1670 3801 saepe
1695 3731 1976 3796 resistunt,
2011 3745 2110 3785 nec

541 3837 637 3876 nos
661 3821 918 3875 deserunt
943 3820 997 3874 in
1049 3829 1285 3890 tempore
1312 3820 1474 3876 malo.
1513 3819 1702 3875 Sciunt
1731 3821 1873 3876 enim
1901 3822 1989 3877 ubi
2011 3837 2111 3877 nos

541 3911 876 3980 reliquerint,
935 3911 1153 3980 quantis
1183 3911 1420 3965 hostium
1456 3910 1666 3966 insidiis
1683 3921 1980 3981 pateamus.
2010 3911 2112 3966 Su-

541 4004 809 4073 spiremus
837 4003 1002 4072 igitur
1039 4004 1106 4058 ad
1132 4003 1344 4057 illorum
1381 4004 1720 4067 memoriam,
1751 4012 1808 4057 ut
1830 4011 2110 4074 protegant

541 4108 640 4146 nos
665 4094 763 4148 sub
787 4093 1215 4155 umbranalarum
1271 4109 1515 4158 suarum,
1543 4094 1714 4148 donec
1745 4101 1984 4156 transeat
2007 4094 2109 4146 ini--

541 4183 737 4251 quitas,
763 4193 818 4237 et
844 4185 1142 4253 perducant
1188 4199 1288 4239 nos
1323 4186 1389 4238 ad
1419 4201 1674 4253 sponsum
1713 4185 1987 4248 Ecclesiae,
2018 4184 2108 4254 qui

543 4283 623 4328 est
645 4275 785 4328 Deus
823 4275 1138 4330 hancdictu-s
1161 4275 1211 4327 in
1235 4278 1451 4330 sarcula.
1477 4279 1664 4333 Amen.

1131 4364 1360 4421 SERMO
1397 4365 1528 4418 LVI.

614 4473 680 4512 DE
702 4475 745 4512 s.
770 4474 1008 4512 MARTINO
1045 4473 1288 4512 umscoro
1314 4473 1382 4513 sv
1411 4473 1754 4514 consessum.
1788 4459 1863 4529 (xi
1894 4461 2040 4529 nov.)

2206 3376 2305 3430 luti
2335 3391 2541 3442 sumus,
2567 3385 2622 3430 et
2648 3375 2905 3429 obvoluti.

2277 3465 2518 3520 Primum
2575 3480 2706 3536 ergo
2762 3465 3036 3521 videamus
3086 3465 3228 3533 apud
3275 3479 3373 3519 nos
3433 3473 3774 3533 peccatorum

2209 3555 2611 3610 abundantiam.
2645 3575 2664 3605 ι
2699 3554 2926 3623 Propter
2954 3568 3150 3608 nomen
3176 3561 3348 3615 tuum,
3384 3553 3629 3616 Domine,
3657 3567 3782 3620 pro-

2206 3643 2485 3712 pitiaberis
2531 3651 2752 3713 peccato
2805 3657 2973 3697 meo:
3004 3641 3231 3696 multum
3271 3650 3356 3696 est
3408 3641 3552 3696 enim
3603 3640 3775 3711 (Pal.

2209 3735 2356 3805 xxiv)
2381 3775 2396 3798 ,
2434 3754 2453 3786 ι
2505 3735 2584 3788 ait
2630 3734 2823 3788 unicus
2855 3733 2945 3788 ille
2989 3734 3366 3788 consecrarius
3402 3733 3542 3803 regis
3568 3732 3776 3786 :cterni.

2209 3823 2561 3879 Peccavimus
2600 3838 2762 3893 super
2806 3838 3090 3878 numerum
3133 3837 3312 3878 arena:
3341 3823 3528 3884 maris,
3555 3831 3610 3875 et
3638 3820 3779 3876 mul-

2211 3917 2454 3986 tiplicata
2497 3924 2625 3970 sunt
2651 3923 2871 3984 peccata
2892 3923 3098 3970 nostra.
3132 3915 3211 3969 Tu
3242 3913 3652 3972 innumerabilia
3681 3930 3780 3966 nu-

2209 4023 2420 4063 merare
2461 4006 2762 4070 contendis,
2791 4015 2847 4061 et
2890 4006 2944 4060 in
2969 4021 3176 4060 summa
3201 4018 3404 4076 ponere
3445 4004 3587 4073 quod
3627 4018 3783 4058 sum-

2211 4115 2353 4153 mam
2381 4099 2710 4167 exsuperat?
2737 4095 2896 4162 Ecce,
2925 4097 3146 4166 grandis
3171 4110 3414 4158 acervus,
3450 4095 3778 4164 impetuosus

2211 4197 2461 4254 torrens,
2522 4204 2625 4242 nec
2675 4197 2848 4257 potest
2904 4189 3094 4242 discuti
3137 4195 3284 4240 tanta
3331 4186 3586 4250 miseria;
3643 4200 3779 4254 quo-

2212 4281 2355 4332 niam
2406 4279 2714 4348 iniquitates
2777 4287 2974 4332 nostrte
3031 4290 3394 4346 supergressa
3447 4286 3573 4330 sunt
3621 4283 3784 4344 caput

2117 4373 2121 4386 '
2213 4377 2459 4423 nostrum
2487 4366 2658 4436 (Psal.
2692 4367 2919 4437 xxxvii).
2945 4366 3349 4420 Ambulavimus
3373 4365 3510 4421 collo
3539 4374 3778 4428 extento,

2212 4461 2351 4516 oculi
2379 4460 2550 4515 nostri
2601 4459 2743 4528 pleni
2793 4467 2920 4511 sunt
2951 4457 3211 4521 vanitate,
3239 4471 3399 4510 aures
3424 4455 3778 4508 detractione.

615 4546 817 4601 Nobilis
848 4547 937 4601 ille
961 4546 1262 4612 confessor,
1308 4549 1650 4602 sacerdotum
1682 4549 1870 4619 gloria.
1901 4565 2110 4619 gemma
2141 4536 2189 4593 D
2215 4550 2512 4606 Odoramus
2537 4565 2642 4603 non
2671 4551 2891 4602 odorem
2919 4554 3334 4615 unguentorum,
3375 4543 3427 4598 in
3457 4558 3564 4612 quo
3589 4557 3781 4612 sponsa

542 4637 881 4705 pontificum,
910 4635 1228 4690 clericorum
1273 4635 1464 4701 forma,
1491 4636 1669 4692 lumen
1702 4640 2111 4704 monachorum,

543 4724 835 4780 solemnem
893 4726 1422 4786 diem.univer‘sitati
1475 4737 1674 4782 nostra:
1719 4729 1972 4798 praefixit.
2014 4729 2114 4785 ilic

543 4825 626 4869 est
677 4816 938 4872 Martinus
993 4817 1376 4873 miraculorum
1423 4827 1691 4888 potestate
1735 4819 2000 4884 sublimis,
2020 4823 2112 4889 qui

547 4917 810 4961 terrarum
861 4909 1044 4963 orbem
1093 4907 1297 4964 lumine
1339 4923 1450 4964 sute
1490 4910 1814 4979 cognitionis
1851 4909 2110 4979 implevit.

542 4995 806 5068 Egyptus
828 4997 1099 5067 religionis
1125 5007 1320 5065 mater,
1350 5008 1403 5056 et
1423 5002 1771 5056 eremitarum
1797 5000 2118 5056 fecundissi-

545 5103 630 5140 ma
685 5089 890 5153 nutrix,
939 5088 1246 5156 Martinum,
1283 5093 1445 5147 tantis
1487 5092 1611 5147 filiis
1647 5093 1825 5162 posuit
1847 5091 1904 5145 in
1929 5106 2116 5146 exem-

544 5178 708 5247 plum.
759 5176 942 5232 Crevit
971 5177 1024 5233 in
1065 5180 1386 5237 immensum
1434 5183 1578 5237 fama
1626 5185 1858 5238 nominis
1894 5183 2030 5252 ejus,
2060 5194 2116 5242 et

544 5283 672 5324 ausa
697 5271 844 5325 estin
861 5271 1028 5340 ipsam
1049 5273 1412 5342 apostolorum
1442 5275 1741 5344 irrumpere
1763 5275 2108 5346 dignitatem;

543 5373 770 5425 quorum
801 5376 992 5415 manus
1015 5369 1383 5416 tractaverunt
1407 5363 1474 5417 de
1501 5365 1666 5419 verbo
1691 5364 1830 5428 vita),
1865 5363 1916 5435 (1
1946 5364 2108 5420 Joan.

545 5449 724 5517 t)qui
781 5451 946 5504 filium
1005 5451 1238 5506 hominis
1295 5454 1434 5506 inter
1464 5452 1601 5508 filios
1633 5455 1906 5508 hominum
1945 5455 2116 5510 felicis

546 5537 694 5589 vocis
739 5537 916 5592 oflicio
965 5539 1324 5610 divulgarunt.
1378 5542 1433 5594 In
1473 5557 1686 5596 onmem
1743 5552 1942 5597 terram
1993 5560 2116 5613 per-

546 5631 737 5690 vagata
789 5634 870 5677 est
926 5627 1187 5680 memoria
1243 5628 1380 5681 tanti
1412 5629 1698 5698 pontificis,
1729 5641 1782 5685 et
1814 5633 2116 5700 ubicunque

545 5725 765 5768 resonat
794 5715 924 5771 ﬁdes
950 5716 1169 5785 Christi,
1215 5730 1374 5776 sonat
1413 5721 1519 5776 vita
1560 5721 1794 5778 Martini.
1825 5724 2111 5780 Gloritica-

2216 4657 2277 4697 se
2323 4653 2570 4706 currere,
2609 4637 2873 4706 gloriatur
2901 4652 2914 4700 ;
2971 4636 3063 4690 sed
3090 4636 3310 4690 odorem
3343 4635 3534 4690 mortis
3559 4634 3613 4688 iu
3641 4647 3802 4716 mor—_

2217 4739 2346 4792 tem,
2381 4743 2610 4798 quorum
2660 4741 2722 4781 os
2769 4725 3150 4780 maledictione
3197 4735 3253 4780 et
3291 4724 3648 4780 amaritudine
3673 4722 3785 4792 plc-

2215 4834 2343 4874 num
2367 4833 2488 4872 esse
2513 4814 2852 4871 describitur.
2879 4814 3067 4870 Manus
3090 4823 3289 4870 nostra:
3314 4814 3486 4884 plenae
3514 4821 3787 4868 suntsalu-

2215 4915 2394 4986 guine,
2455 4914 2620 4984 pedes
2675 4911 2884 4967 veloces
2911 4911 2978 4965 ad
3016 4911 3328 4981 sanguinem
3365 4907 3781 4968 effundendum;

2221 5005 2496 5068 contritio,
2549 5011 2602 5058 et
2643 5001 2929 5056 infelicitas
2957 5001 3010 5054 in
3041 5001 3141 5054 viis
3182 4999 3399 5062 nostris,
3443 5005 3498 5053 et
3526 4996 3614 5050 via
3635 4995 3783 5065 pacis
3869 5063 3886 5069 __

2221 5097 2472 5166 abiecta;
2538 5111 2643 5148 non
2693 5103 2778 5148 est
2831 5093 2991 5147 timor
3044 5093 3138 5145 Dei
3182 5101 3306 5144 ante
3348 5090 3533 5145 oculos
3569 5096 3785 5142 nostros

2219 5184 2394 5257 (Psal.
2417 5185 2557 5254 xm).
2582 5182 2721 5249 Quid
2753 5183 2918 5250 igitur
2945 5181 3269 5242 faciendum,
3311 5181 3364 5234 in
3415 5193 3523 5248 quo
3561 5191 3801 5247 spersa-1

2219 5277 2368 5340 dum,
2418 5289 2591 5344 quove
2638 5271 3105 5343 confugiendum?
3154 5270 3414 5324 Standum
3465 5277 3550 5323 est
3601 5267 3661 5322 in
3681 5266 3784 5320 hoc

2219 5380 2432 5432 acervo,
2459 5380 2562 5420 nou
2603 5379 2883 5427 novarum,
2928 5362 3022 5416 sed
3052 5370 3293 5415 veterum
3321 5359 3535 5430 frugum
3566 5357 3781 5428 (Each.

2217 5457 2324 5522 ιιι),
2351 5465 2406 5510 et
2427 5454 2653 5508 videnda
2699 5453 2835 5506 visio
2887 5451 3232 5514 timescenda,
3280 5459 3335 5503 et
3363 5459 3661 5504 statuamus
3685 5462 3784 5501 nos

2219 5554 2343 5597 ante
2396 5543 2580 5596 oculos
2653 5551 2889 5604 nostros,
2947 5553 3014 5593 ne
3051 5538 3214 5606 judex
3238 5539 3559 5608 quandoque
3591 5550 3722 5605 argu
3761 5544 3783 5590 t

2164 5654 2172 5663 '
2217 5651 2334 5700 nos,
2384 5644 2440 5690 et
2491 5642 2691 5687 statuat
2746 5648 2844 5686 nos
2882 5641 3007 5685 ante
3051 5631 3244 5684 faciem
3283 5638 3555 5686 nostram.
3586 5627 3643 5681 In
3682 5627 3784 5680 bac

2217 5725 2424 5780 visione
2445 5724 2539 5778 Dei
2569 5722 2779 5776 videtur
2800 5737 2831 5775 a
2859 5707 3014 5776 nobis
3046 5731 3236 5777 ventus
3267 5720 3517 5786 turbinis,
3543 5718 3666 5788 quia
3698 5734 3780 5771 se-
