4178 6494
507 259 620 316 HT

1916 261 2146 316 SERMO
2187 252 2318 316 LVI‘.

3637 255 3734 314 818

505 373 740 430 eliadum
787 374 962 428 virum
1001 373 1226 442 justum,
1272 374 1362 428 hic
1407 372 1661 428 involutae
1703 381 1831 426 sunt
1866 372 2073 426 semita:
2103 371 2314 442 A,(laa.
2355 369 2512 442 xui).
2576 386 2598 421 ›
2655 368 2844 424 Vidisti
2897 368 3359 431 dissimulantem,
3409 367 3530 422 vide
3576 370 3740 422 etiam

506 478 786 534 gressuum
821 477 1008 518 eorum
1035 462 1158 533 (Job
1186 463 1281 532 vr).
1325 463 1402 518 Ne
1423 471 1580 532 putes
1614 470 1794 517 autem
1825 461 1966 516 hanc
1999 464 2075 512 vi-

506 553 724 605 sionem.
775 551 918 604 inter
967 565 1134 619 parva
1189 550 1682 606 connumerandam
1715 589 1730 612 ,
1786 565 1907 602 cum
1962 549 2077 601 lucc

509 639 766 709 perducat
807 639 1157 693 advisionem
1183 639 1484 702 cherubim,
1518 647 1574 691 et
1599 636 1910 691 animalium
1941 651 2078 704 pen-

506 739 754 783 natorum
779 744 802 793 ;.
844 744 898 782 et
924 729 992 782 ad
1020 729 1190 797 ipsius
1218 728 1544 783 dominantis
1588 727 1892 781 introducat
1917 738 2075 794 aspe-

505 828 671 873 ctum.
730 816 734 820 ’

581 905 715 962 Visa-
760 908 924 977 igitur
981 905 1309 960 abundantia
1358 913 1706 976 peccatorum
1748 912 2074 966 nostrorum,

503 1000 784 1056 videamus
809 999 1046 1054 secundo
1071 999 1451 1068 negligentiam
1497 1006 1760 1050 nostr-am.
1789 994 2087 1048 Traximus

503 1100 723 1159 peccata
755 1099 942 1144 nostra
966 1091 1108 1144 sicut
1138 1097 1333 1144 restem
1364 1088 1595 1158 longam,
1624 1096 1678 1142 et
1700 1087 1922 1156 sanguis
1947 1102 2076 1140 san-

504 1181 722 1250 guinem
753 1181 948 1250 tetigit,
1001 1189 1056 1234 et
1085 1177 1571 1241 dissimulavimus;
1600 1175 1812 1242 vulnus,
1837 1187 1888 1230 et
1919 1173 2076 1239 livor,

502 1281 558 1325 et
592 1271 745 1341 plaga
798 1279 1041 1336 tumens,~
1069 1278 1122 1324 et
1154 1285 1260 1324 non
1291 1268 1603 1337 aspeximus
1646 1266 1780 1338 (Isa.
1829 1267 1890 1337 ι).
1919 1265 2082 1320 Zelus

505 1360 597 1414 Dei
621 1360 848 1415 recessit
869 1376 898 1413 a
931 1361 1108 1424 nobis,
1155 1367 1212 1413 et
1240 1375 1338 1413 nos
1364 1358 1806 1428 contempsimus.
1839 1358 1931 1412 Sic
1955 1372 2079 1425 pec-

501 1462 746 1507 catorum
774 1451 1105 1506 multitudini
1157 1450 1540 1521 negligentiam
1591 1449 1948 1511 cumulantes,
1979 1447 2078 1501 ob-

501 1544 798 1598 struximus
855 1542 1012 1597 nobis
1041 1541 1173 1615 iter
1197 1539 1575 1604 confessionis,
1612 1537 2080 1608 semitasjustitiie

502 1634 788 1696 evitamus,
847 1647 952 1686 non
1000 1631 1176 1685 solum
1227 1629 1578 1700 negligentes,
1621 1628 1716 1682 sed
1742 1635 1796 1681 et
1819 1626 1886 1680 de
1911 1626 2080 1694 negli-

501 1722 678 1791 gentia
732 1721 1046 1790 gloriantes,
1099 1719 1251 1789 juxta
1309 1719 1438 1772 illud
1494 1716 1600 1771 viri
1645 1715 2068 1785 sapientissimi:
2102 1751 2146 1808 Β

412 1858 422 1868 ,
507 1829 526 1860 ι
565 1809 664 1876 Qui
696 1807 861 1879 296
889 1823 1011 1862 cum
1052 1806 1450 1872 malefecerint,
1496 1805 1747 1859 laetantur
1792 1814 1846 1860 et
1897 1805 2075 1860 exsul..-

503 1911 618 1956 tant
643 1903 698 1957 in
752 1905 910 1956 rebus
937 1903 1189 1972 pessimis
1241 1899 1424 1971 (Prov.
1461 1899 1544 1972 ιι).
1577 1919 1596 1954 ι
1645 1899 1736 1955 Vis
1756 1900 1916 1965 scire,
1944 1901 2080 1969 quia-

499 1993 567 2049 de
593 2001 934 2064 peccatorum
963 1992 1314 2055 abundantia,
1347 1973 1666 2062 negligentia
1706 1992 1937 2061 pessima
1963 1992 2071 2046 tilia

501 2086 840 2155 generatur?
879 2103 897 2136 ι
932 2085 1193 2140 Peccator
1220 2099 1342 2138 cum
1389 2085 1599 2138 venerit
1640 2085 1695 2138 in
1749 2083 2068 2155 profundum

498 2179 780 2243 malorum,
808 2179 1104 2234 contemnit
1137 2177 1319 2250 (Prov.
1348 2179 1525 2248 xvru).
1550 2195 1567 2230 ι
1600 2179 1643 2233 Ε
1671 2181 1946 2235 contrario
1977 2195 2074 2234 au-

498 2279 631 2335 tem,
686 2271 777 2340 qui
816 2273 984 2325 Deum
1039 2271 1212 2336 timet,
1256 2272 1390 2326 nihil
1430 2273 1689 2345 negligit;
1739 2276 1888 2346 quia,
1921 2295 1940 2328 r
1977 2275 2070 2346 qui

497 2359 706 2415 modica
728 2360 956 2430 spernit,
983 2361 1241 2430 paulatim
1263 2363 1494 2418 decidet.
1525 2385 1544 2416 ι
1568 2365 1919 2422 Peccatorum
1935 2367 2075 2422 mul-

501 2450 674 2506 titudo
717 2451 1117 2522 negligentiam,
1162 2454 1489 2524 negligentia
1515 2467 1902 2528 contemptum,
1935 2473 2070 2517 con-

496 2551 733 2612 temptus
769 2551 1000 2598 mortem
1030 2543 1345 2600 iuterminat
1381 2549 1790 2618 sempiternam.

564 2629 700 2686 Vide
734 2632 974 2706 ettertio
1000 2632 1314 2702 patientiam
1350 2643 1405 2690 et
1445 2635 1916 2706 longanimitatem
1974 2637 2068 2692 Dei

498 2706 690 2759 nostri.
729 2725 751 2759 ι
785 2705 912 2763 Ηωο
938 2709 1206 2777 fecisti,et
1238 2705 1577 2788 tacui(PnaI.
1614 2721 1782 2792 iur).
1813 2739 1834 2773 ι
1875 2716 2090 2778 Omnia‘

499 2799 932 2864 videt‘et,omnia
982 2807 1155 2870 audit,
1203 2807 1448 2879 nihilque
1494 2823 1762 2868 remotum
1793 2816 1861 2870 ab
1895 2817 2072 2874 oculis

498 2891 637 2960 ejus,
667 2891 738 2948 de
767 2907 878 2965 quo
911 2894 1113 2951 dicitur
1142 2914 1156 2950 :
1195 2915 1216 2949 ι
1257 2897 1411 2954 Oculi
1441 2899 1653 2958 Domini
1687 2906 1741 2958 in
1775 2909 1922 2961 omni
1954 2909 2072 2963 loco

501 2986 938 3055 contemplantur
967 2989 1140 3046 bonos
1168 3002 1222 3046 et
1251 2995 1422 3049 malos
1459 2995 1640 3066 (Prov.
1668 2997 1777 3068 xv).
1817 3011 1835 3053 ι
1869 2997 2072 3056 Oculos

2179 477 2512 531 quascunque
2539 461 2762 515 minima
2795 467 3186 514 numerantem.
3214 477 3234 509 ι
3264 457 3523 528 Vestigia,
3549 457 3739 526 inquit,

2179 553 2371 624 pedum
2399 566 2643 606 meorum
2667 550 3020 605 dinumerasti
3050 547 3169 617 (Job
3208 547 3347 615 nv).
3385 566 3404 599 ι
3436 546 3568 614 Quis
3597 547 3744 602 locus

2176 649 2285 702 erit
2302 648 2438 715 spei,
2472 661 2594 700 cum
2636 644 2845 699 venerit
2873 643 3061 712 judex,
3102 643 3192 711 qui
3226 641 3376 696 stetit
3405 642 3504 694 sub
3537 639 3738 707 judice,

2175 719 2808 808 praecinentibus'tubis,
2858 732 3320 788 conclamantibus
3374 731 3597 801 angelis,
3628 731 3739 785 ele-

2177 827 2375 882 mentis
2429 824 2743 880 ardentibus
2785 824 2810 875 Ἰ
2861 823 2942 876 Ad
2989 822 3144 890 cujus
3169 822 3430 891 fugiemus
3460 819 3738 884 auxilium,

2175 931 2296 971 cum
2321 915 2496 969 ventis
2516 928 2581 967 ex
2608 921 2915 986 transverso
2948 910 3264 976 furentibus,
3313 909 3600 966 mundialis
3629 925 3740 963 ma-

2175 1005 2332 1060 china
2380 1003 2700 1070 divelletur,.
2736 1010 2792 1057 et
2840 1001 2976 1072 ignis
2996 1002 3412 1078 .incandescens
3439 999 3655 1062 coelum,
3687 1008 3739 1053 et

2177 1103 2375 1150 terram
2421 1094 2672 1150 ﬁnalibus
2703 1088 3024 1150 immiscellit
3074 1093 3340 1148 incendiis
3364 1095 3387 1146 ?
3410 1092 3597 1147 Veniet
3628 1091 3742 1161 ipse

2175 1199 2297 1238 eum
2319 1191 2586 1252 potestate
2615 1197 2814 1254 magna
2843 1193 2898 1238 et
2925 1184 3204 1255 maiestate
3228 1199 3242 1248 ;
3277 1198 3382 1238 non
3404 1197 3524 1255 cum
3555 1181 3740 1234 dulce-

2176 1276 2302 1330 dine
2327 1283 2382 1329 et
2410 1275 2715 1329 humilitate
2740 1312 2756 1337 ,
2803 1275 2928 1343 quia
2959 1274 3066 1330 illic
3085 1272 3294 1341 iustitia
3326 1272 3482 1342 plena
3504 1254 3587 1325 est
3611 1270 3742 1324 dex-

2177 1376 2290 1422 tera
2305 1367 2441 1434 ejus,
2475 1380 2594 1435 quae
2616 1366 2706 1420 hic
2727 1366 3152 1420 misericordiam
3184 1363 3470 1420 seminavit
3509 1370 3565 1416 et
3589 1375 3740 1430 spar-

2174 1456 2272 1510 sit.
2315 1453 2468 1511 Tunc
2503 1456 2592 1510 ille
2633 1456 2944 1510 misericors
2991 1455 3174 1509 oculus
3199 1469 3303 1508 non
3326 1460 3532 1522 parcet,
3554 1461 3608 1505 et
3631 1465 3738 1505 non

2174 1545 2556 1610 miserebitur;
2588 1545 2681 1600 sed
2699 1543 2968 1614 percutiet
2995 1552 3050 1597 et
3069 1542 3296 1607 occidet,
3331 1541 3555 1594 indutus
3578 1539 3735 1602 iram,

2175 1637 2358 1691 furore
2386 1636 2658 1707 repletus,
2695 1635 2887 1705 plenus
2923 1633 3262 1689 crudelitate.
3298 1631 3614 1687 Peccatores
3645 1646 3742 1684 au-

2175 1735 2283 1780 tem
2313 1725 2442 1794 quid
2491 1725 2514 1777 τ
2544 1723 2800 1779 Videntes
2851 1722 3211 1776 turbabuntur
3246 1722 3440 1775 timore
3468 1719 3737 1782 horribili,

2173 1815 2267 1870 sed
2315 1811 2694 1884 incorrigibili,
2734 1811 3025 1866 audientes
3075 1811 3205 1866 illud
3249 1811 3578 1865 horrendum
3607 1811 3741 1883 toni-

2175 1916 2315 1961 trum
2341 1921 2355 1958 :
2384 1921 2404 1956 ι
2433 1905 2530 1969 ite,
2559 1903 2853 1966 maledicti,
2900 1902 2952 1955 in
3005 1901 3184 1969 ignem
3234 1907 3494 1954 aeternum
3519 1899 3738 1969 (Manli.

2172 1995 2320 2066 xxv).
2358 2012 2378 2047 ι
2408 1994 2604 2061 Quanti
2633 2002 2793 2064 putas
2817 1993 3020 2048 doloris
3043 1993 3150 2046 erit
3166 1991 3376 2046 excludi
3405 2007 3437 2045 a
3459 1991 3598 2045 facie
3619 1991 3738 2054 Dei,

2171 2085 2374 2150 videre,
2399 2093 2453 2140 et
2480 2087 2706 2154 perdere
2747 2083 2935 2148 Deum,
2981 2097 3103 2137 cum
3135 2097 3230 2136 rex
3257 2081 3440 2151 glorias
3463 2081 3738 2136 civitatem

2171 2175 2331 2247 297
2358 2177 2641 2232 sublimem
2688 2175 2930 2240 intrabit,
2962 2174 3176 2229 miseris
3211 2173 3586 2242 peccatoribus
3621 2187 3738 2226 om-

2172 2267 2225 2320 ni
2255 2281 2350 2336 spe
2397 2265 2780 2321 misericordiae
2811 2265 2862 2318 in
2916 2273 3236 2335 perpetuum
3265 2265 3496 2335 sigillata
3530 2266 3554 2318 ?
3582 2265 3738 2331 Quis-

2169 2357 2293 2426 quis
2319 2370 2448 2427 ergo
2472 2371 2552 2422 es,
2580 2357 2670 2427 qui
2693 2356 2998 2411 contemnis
3023 2355 3240 2411 divitias
3261 2357 3540 2421 bonitatis,
3571 2363 3624 2409 et
3645 2369 3735 2424 pa-

2171 2448 2372 2504 tientia:
2412 2449 2530 2514 Dei,
2571 2448 2749 2518 relege
2789 2456 2993 2503 textum
3051 2448 3304 2518 Epistula:
3345 2449 3411 2504 ad
3464 2446 3736 2501 Romanos

2168 2539 2345 2612 (Rom.
2369 2540 2448 2611 ιι),
2473 2549 2530 2595 et
2560 2541 2648 2595 illa
2673 2541 2768 2596 tibi
2793 2540 3005 2611 plenius
3051 2539 3196 2596 dicet
3216 2539 3343 2610 quia
3379 2554 3483 2594 non
3519 2539 3734 2594 evasisti
3811 2585 3815 2590 .

2160 2629 2424 2700 judicium
2456 2631 2571 2684 Dei.
2825 2635 2834 2643 '

2235 2723 2433 2793 Aspice
2457 2731 2508 2777 et
2535 2732 2730 2792 quarto
2759 2717 3183 2777 misericordiam
3221 2717 3516 2791 ejus.Licet
3539 2733 3748 2788 peccao,

2166 2815 2334 2880 veris,
2360 2812 2488 2868 licet
2536 2814 2858 2884 neglexeris,
2899 2821 2954 2868 et
3001 2813 3381 2882 provocaveris
3410 2811 3725 2882 patientiam

2165 2906 2286 2972 Dei,
2322 2914 2548 2976 paratus
2591 2915 2676 2960 est
2704 2915 2880 2960 tamen
2926 2905 3202 2969 misereri,
3243 2917 3364 2960 cum
3392 2903 3648 2966 volueris,
3679 2911 3733 2955 et

2165 2999 2365 3054 reverti
2407 2998 2474 3052 ad
2503 3006 2889 3062 revertentem,
2919 2997 3186 3062 oblivisci,
3217 3004 3270 3051 et
3313 3005 3491 3064 tegere
3512 3005 3731 3065 peccata

503 3075 783 3130 hominum
809 3078 1063 3145 timuisti,
1085 3085 1273 3140 oculos
1298 3091 1477 3139 autem
1504 3083 1761 3142 Altissimi
1784 3107 1890 3145 non
1908 3107 2074 3163 expa-
2091 3087 2136 3153 C
2168 3099 2284 3156 tua,
2311 3099 2366 3146 et
2388 3088 2656 3160 projicere
2678 3087 2732 3143 in
2763 3088 3084 3158 profundum
3109 3088 3296 3142 maris.
3324 3085 3434 3141 Nec
3455 3087 3563 3141 erit
3584 3100 3732 3140 mora

498 3169 801 3236 visti‘ﬁEcce
819 3173 937 3243 ipse
954 3176 1204 3246 cognovit
1222 3179 1401 3234 omnia
1421 3179 1733 3249 novissima,
1755 3194 1808 3239 et
1827 3189 2069 3256 antiqua,

500 3258 673 3330 neque
686 3264 752 3318 ab
768 3263 1011 3335 Oriente,
1031 3285 1205 3339 neque
1223 3273 1286 3327 ab
1303 3269 1614 3337 Occidente,
1634 3289 1807 3344 neque
1836 3291 1864 3330 a
1887 3276 1971 3330 de:
1986 3292 2073 3332 er-

503 3360 570 3414 tis
603 3361 876 3450 ruentibus
897 3363 1051 3421 locus
1067 3349 1426 3438 esngiendi,
1449 3369 1706 3436 quoniam
1739 3369 1877 3424 Deus
1905 3369 2067 3439 judex

501 3467 582 3508 est
600 3455 772 3518 (Psal.
798 3458 1005 3528 usiv).
1035 3457 1180 3514 Vidit
1209 3473 1370 3528 opera
1399 3470 1507 3526 tua,
1533 3473 1786 3515 recursus
1803 3469 1858 3515 et
1876 3475 2072 3516 excur-

489 3551 582 3589 sus
633 3535 958 3606 ﬂagitiorum
1016 3547 1274 3601 tuorum;
1330 3548 1386 3592 et
1412 3539 1673 3594 continuit
1714 3553 1848 3593 iram
1887 3555 2058 3596 suam.

491 3627 694 3680 Caelum
724 3641 829 3679 non
854 3625 1182 3691 fulminavit,
1208 3639 1346 3696 aqua
1368 3642 1474 3682 non
1497 3629 1808 3694 submersit,
1837 3643 1942 3684 non
1970 3627 2062 3684 ah-

490 3715 700 3769 sorbuit
748 3714 945 3781 tellus;
992 3725 1188 3770 etcum
1229 3717 1406 3772 omnis
1433 3725 1574 3771 terra
1605 3718 1759 3788 plena
1790 3719 1862 3774 sit
1886 3720 2056 3790 gloria

492 3803 724 3869 Domini,
775 3803 828 3858 in
879 3804 1046 3873 gloria
1095 3804 1210 3874 ejus
1257 3814 1400 3860 tuam
1432 3807 1709 3863 miseriam
1750 3812 2058 3879 evomulsti,

491 3907 590 3947 nec
637 3893 902 3948 reveritus
951 3907 1012 3949 es
1054 3903 1376 3963 praesentem
1413 3896 1720 3965 Dominum,
1772 3909 1829 3955 et
1877 3916 2058 3956 coram

491 3991 638 4038 tanta
671 3984 931 4039 munditia
964 3995 1082 4040 tuas
1129 3982 1496 4043 immunditias
1521 4003 1797 4045 exercere.
1831 3990 1946 4062 lpse
1967 4009 2060 4048 au-

490 4087 593 4140 tem
619 4078 794 4148 quid?
827 4095 847 4131 ι
890 4078 1022 4150 Ego,
1055 4079 1250 4149 inquit,
1282 4082 1436 4151 quasi
1472 4097 1578 4137 non
1617 4082 1822 4137 videns.
1860 4097 1879 4133 ι
1913 4080 2058 4136 Nun-

489 4167 618 4236 quid
657 4167 818 4222 alicui
857 4168 1227 4222 ministrorum
1274 4185 1515 4235 suorum,
1541 4171 1632 4239 qui
1665 4171 1904 4226 vindices
1933 4181 2059 4228 sunt

489 4271 580 4312 me
599 4256 734 4325 eius,
761 4259 812 4312 in
838 4260 941 4314 hoc
958 4258 1131 4329 ipsum
1146 4260 1696 4323 constituti,revelavit
1711 4262 2056 4332 ignominiam

488 4360 630 4405 tuam
653 4353 680 4406 ἲ
705 4351 866 4419 Ecce,
897 4353 1061 4417 videt,
1093 4363 1148 4408 et
1170 4362 1348 4418 tacet;
1377 4355 1544 4420 videt,
1575 4371 1674 4410 nec
1702 4357 2013 4412 manifestat
2036 4373 2051 4424 ;

2166 3181 2310 3236 inter
2337 3179 2709 3246 conﬁtentem,
2731 3186 2785 3234 et
2809 3179 3209 3242 remittentem;
3241 3177 3380 3232 inter
3407 3169 3729 3246 gementem,

2163 3279 2216 3325 et
2241 3270 2470 3341 gemitus
2500 3269 2900 3334 exaudientem,
2955 3268 3080 3338 quia
3126 3267 3414 3338 benignus,
3437 3273 3493 3320 et
3522 3265 3732 3319 miseri-

2161 3374 2284 3413 cors
2312 3367 2416 3413 est.
2448 3358 2588 3412 Sunt
2607 3358 2857 3412 homines
2885 3359 3064 3411 mundi
3112 3357 3301 3410 faciles
3323 3357 3388 3409 ad
3416 3357 3574 3420 iram,
3603 3354 3732 3408 ditii-

2161 3447 2290 3502 ciles
2318 3448 2384 3501 ad
2412 3445 2880 3511 misericordiam;
2922 3447 3064 3499 Deus
3107 3455 3286 3498 autem
3311 3453 3365 3497 et
3393 3445 3460 3498 ad
3491 3446 3728 3498 irascen-

2161 3539 2285 3592 dum
2319 3535 2572 3601 diiiicilis,
2627 3543 2684 3591 et
2727 3535 2902 3590 facilis
2949 3535 3014 3588 ad
3045 3533 3432 3588 miserandum.
3461 3533 3733 3587 Revolant

2160 3627 2234 3683 illi
2265 3628 2332 3683 ad
2382 3627 2691 3698 cpprobria,
2723 3640 2844 3696 quae
2903 3625 3256 3688 remiserunt;
3293 3625 3395 3678 iste
3420 3638 3539 3677 cum
3563 3623 3729 3676 remi-

2161 3717 2312 3781 serit,
2335 3716 2414 3771 sic
2441 3722 2526 3770 est
2550 3714 2704 3784 quasi
2741 3729 2848 3769 non
2902 3712 3082 3768 fuerit.
3112 3713 3190 3767 Ad
3221 3713 3406 3766 limina
3430 3711 3726 3780 potentium

2159 3803 2494 3878 frequentius
2523 3803 2873 3866 excubamus,
2906 3817 3011 3857 non
3037 3801 3295 3855 habentes
3316 3801 3512 3854 liberos
3541 3814 3732 3853 acces-

2159 3911 2252 3950 sus
2278 3895 2345 3948 ad
2377 3894 2810 3962 colloquendum,
2850 3901 2906 3946 et
2948 3892 2991 3946 si
3047 3891 3172 3960 quid
3209 3890 3553 3959 deliquimus,
3604 3895 3730 3958 sup~

2157 3983 2387 4052 plicibus
2433 3981 2624 4045 oculis,
2671 3980 2810 4035 facie
2858 3980 3110 4034 tribulata
3141 4021 3156 4045 ,
3203 3979 3384 4034 verbis
3437 3978 3730 4032 humilibus

2158 4073 2530 4128 emendamus.
2577 4072 2659 4126 llli
2697 4082 2882 4126 autem
2921 4071 3234 4142 plerumque
3287 4071 3520 4140 superbo
3547 4069 3726 4132 oculo,

2157 4173 2213 4217 et
2263 4164 2488 4217 humero
2515 4162 2811 4232 dedignati,
2865 4161 3092 4232 pedibus
3119 4160 3232 4215 suis
3267 4161 3603 4230 provolutus,
3644 4159 3726 4212 vel

2158 4255 2424 4323 respicere
2455 4253 2665 4309 uolunt.

2229 4345 2344 4400 Non
2392 4346 2472 4400 sic
2529 4345 2789 4400 Dominus
2835 4343 3015 4410 lesus,
3066 4344 3156 4414 qui
3193 4342 3450 4398 libentius
3490 4342 3731 4416 loquitur

488 4439 650 4508 videt,
701 4457 801 4499 nec
852 4443 1094 4514 iudicat;
1149 4445 1313 4509 videt,
1373 4459 1471 4503 nec
1497 4446 1969 4516 vindieat;videt,
2001 4456 2055 4507 et

2159 4452 2368 4495 mecum
2411 4451 2572 4511 quam
2627 4449 2727 4511 ego
2780 4451 2994 4504 secant;
3046 4451 3208 4508 quem
3259 4436 3479 4494 invenio
3516 4438 3728 4507 quoties

487 4531 673 4594 videre
693 4533 1039 4600 dissimulat;
1089 4543 1269 4602 vocat,
1305 4544 1360 4590 et
1402 4552 1505 4591 non
1534 4539 1730 4604 audis;
1762 4541 2050 4609 promittit,

475 4630 537 4675 et
577 4623 920 4687 contemnis;
974 4625 1228 4691 minatur,
1275 4640 1375 4681 nec
1399 4628 1615 4693 metuis,
1643 4634 1696 4683 et
1718 4628 1773 4682 th
1810 4629 2052 4686 saurizas

484 4710 620 4764 iram
667 4711 762 4766 tibi
811 4713 864 4767 in
893 4713 982 4768 die
1009 4713 1126 4769 irae.
1157 4714 1290 4770 Cum
1320 4731 1450 4788 ergo
1475 4718 1546 4772 sit
1570 4717 1735 4786 judex
1769 4717 1947 4788 justus
1997 4729 2052 4776 et

484 4799 668 4866 fortis,
695 4801 920 4857 multum
951 4813 1034 4859 est
1071 4805 1305 4874 patiens,
1335 4823 1435 4863 nec
1461 4808 1716 4865 irascitur
1751 4825 1846 4879 per
1874 4812 2051 4882 singu-

482 4891 564 4946 los
587 4890 700 4947 dies
725 4887 895 4960 (Psal.
919 4894 1039 4963 vn).
1079 4894 1219 4950 Ecce
1250 4897 1496 4952 continet
1520 4899 1677 4965 iram,
1703 4901 1949 4970 reprimit
1969 4902 2051 4955 fu-

481 4997 680 5044 rorem,
736 4985 930 5038 avertit
979 4985 1186 5051 ocuios,
1243 4989 1591 5056 peccantibus
1632 4992 1844 5060 parcit;
1893 4993 2048 5048 etilli

480 5075 660 5128 omnia
706 5075 822 5130 hanc
866 5075 920 5130 in
973 5090 1127 5130 suum
1148 5074 1410 5144 judicium
1459 5091 1788 5152 congregant
1808 5084 2048 5138 omnium

483 5162 581 5214 rei.
635 5160 890 5233 Nunquid
935 5165 1028 5233 qui
1067 5163 1140 5218 ita
1172 5165 1356 5232 tacuit,
1405 5175 1462 5221 et
1515 5153 1690 5237 isiluit,
1737 5163 2046 5242 semperita

483 5252 683 5306 tacebit
708 5253 733 5305 ἲ
750 5251 832 5307 An
857 5248 963 5307 non
986 5253 1182 5322 legisti,
1203 5255 1327 5323 quia
1352 5257 1418 5311 ad
1432 5255 1697 5324 judicium
1726 5262 1926 5326 veniet,
1956 5277 2047 5332 pa-

482 5341 728 5396 tientiam
771 5341 1050 5410 abjicicns,
1095 5345 1452 5402 humilitatem
1494 5351 1761 5417 nesciens,
1794 5353 2048 5423 ignorans

482 5433 907 5488 misericordiam
935 5436 960 5488 ’ἐ

549 5520 840 5577 Attendisti
894 5524 1162 5593 patienter
1203 5535 1490 5592 tacentem,
1539 5531 1758 5585 attende
1793 5542 1848 5586 et
1878 5533 2047 5601 impa-

483 5613 680 5669 tienter
701 5609 1008 5685 loquentem
1033 5631 1048 5671 :
1078 5635 1096 5671 ι
1119 5618 1270 5675 Sicut
1290 5621 1617 5688 parturiens,
1640 5622 1832 5689 inquit,
1857 5622 2047 5691 loquar

2157 4547 2374 4600 quaero;
2413 4533 2503 4601 qui
2527 4532 2767 4587 occurrit
2791 4547 2914 4586 cum
2943 4532 3175 4602 panibus
3201 4530 3446 4601 fugienti,
3475 4529 3566 4596 qui
3607 4527 3723 4580 vul-

2158 4627 2270 4673 tum
2319 4619 2499 4674 laetum
2542 4622 2779 4697 ostendit
2825 4622 2981 4687 mihi,
3012 4623 3105 4694 qui
3126 4637 3301 4677 meam
3329 4619 3722 4690 pmnitcntiam,

2156 4708 2298 4762 sicut
2319 4709 2682 4764 innocentiam
2710 4711 3069 4780 amplexatur,
3095 4709 3296 4778 ubique
3324 4709 3496 4771 lxi-tus,
3527 4707 3724 4774 ubique

2155 4798 2349 4864 bonus,
2381 4797 2582 4869 ubique
2608 4800 2750 4870 pius,
2782 4801 2983 4871 ubique
3019 4801 3190 4856 dulcis
3214 4815 3335 4854 cum
3365 4813 3556 4868 magna
3579 4797 3721 4851 mul-

2158 4887 2389 4947 titudine
2411 4893 2711 4950 dulcedinis
2738 4911 2868 4950 suae.
2894 4894 3008 4949 Non
3045 4893 3173 4946 facit
3199 4891 3566 4961 supercilium,
3590 4906 3721 4946 ocu—

2155 4984 2235 5040 los
2265 5001 2368 5040 non
2398 4987 2665 5058 obliquat,
2707 5002 2812 5042 non
2855 4985 3142 5055 detorquet
3182 4985 3398 5049 faciem,
3431 4999 3530 5038 nec
3555 4982 3718 5038 verba

2157 5086 2370 5132 resonat
2415 5079 2732 5150 ampuilosa,
2782 5076 2874 5130 sed
2909 5076 3148 5131 occurrit
3201 5075 3514 5140 revertenti,
3547 5081 3602 5128 ct
3632 5087 3723 5126 ac-

2153 5166 2324 5224 currit
2365 5172 2416 5225 in
2449 5170 2744 5240 amplexus,
2790 5167 2926 5223 tiens
2971 5183 3136 5238 super
3193 5167 3387 5224 collum
3437 5179 3637 5228 meum,
3666 5171 3721 5217 et

2145 5255 2296 5324 jubet
2324 5258 2551 5327 proferri
2584 5257 2778 5312 stolam
2828 5257 3080 5326 primam,
3104 5257 3219 5312 dari
3239 5256 3494 5311 annulum
3519 5253 3718 5308 intelli-

2149 5349 2340 5418 gentiae
2385 5347 2536 5418 (Luc.
2571 5350 2684 5415 xv),
2716 5356 2771 5404 ct
2798 5348 3026 5404 calceari
3055 5351 3220 5418 pedes
3243 5349 3293 5401 in
3326 5347 3716 5418 praeparatione

2151 5436 2424 5509 Evangelii
2475 5439 2690 5511 (Ephes.
2728 5443 2829 5510 vi),
2884 5442 2936 5496 in
2993 5443 3177 5508 choro,
3219 5450 3272 5496 et
3305 5436 3620 5510 symphonia
3649 5435 3718 5491 ad

2151 5545 2382 5598 superna
2426 5532 2620 5599 gaudia
2667 5533 2930 5594 revocari.
2971 5532 3216 5587 ctoccidi
3249 5529 3475 5584 vitulum
3502 5530 3717 5598 sagina-

2154 5629 2265 5673 tum
2318 5621 2370 5673 in
2420 5621 2793 5677 remissionem
2845 5632 3189 5692 peccatorum
3245 5636 3507 5676 meorum.
3556 5616 3718 5678 Vides
