4178 6506
421 273 529 332 810

1042 267 1100 322 S.
1127 254 1327 323 ΡΕἸἮΙ
1355 265 1636 322 DAMIANI
1670 265 1821 322 OPP.
1850 262 2031 320 PARS
2068 262 2198 319 SEU
2239 260 2475 322 TOMUS
2497 263 2564 318 ll.
2605 295 2673 305 —-—
2712 265 3095 322 SERMONES.

3543 266 3650 324 820

423 352 554 450 ergo
581 395 740 452 quam
795 378 953 448 longa
1002 377 1261 447 patientia
1297 375 1368 431 sit
1399 376 1453 430 in
1481 376 1610 440 Deo,
1637 390 1800 446 quam
1830 375 1984 429 velox
2015 379 2060 436 Α
2089 386 2286 427 arcem.
2317 372 2657 440 innocentiae,
2683 382 2738 429 et
2764 376 2988 446 grandia
3026 376 3245 432 vulnera
3281 377 3359 432 sic
3392 377 3648 448 revinxit,

423 469 818 527 misericordia.
852 487 870 520 ι
898 466 1263 535 Longanimis,
1303 485 1322 520 ι
1358 466 1432 520 ait
1453 473 1694 528 sanctus,
1723 485 1742 516 ε
1773 473 1826 519 et
1845 463 1984 518 mul-

425 572 539 616 tum
571 559 882 614 misericors
922 553 1095 626 (Ρδαι.
1141 555 1258 627 cn).
1295 575 1314 607 ι
1356 555 1612 610 Libenter
1643 555 1809 626 igitur
1835 555 1904 608 ad
1936 562 1989 608 te

424 649 694 717 confugio,
718 647 942 701 Domine
963 644 1115 708 Jesu,
1158 645 1250 713 qui
1279 645 1478 700 diutius
1505 645 1727 714 pateris,
1761 653 1818 699 et
1843 643 1989 698 velo-

424 739 562 793 citer
590 736 886 800 misereris,
909 735 1036 805 quia
1062 743 1116 788 tu
1141 750 1202 789 es
1245 733 1404 800 Deus,
1431 743 1489 789 et
1517 749 1622 789 non
1650 735 1834 801 homo,
1850 734 1990 788 sicut

424 826 687 897 propheta
710 825 840 878 dicit
869 822 1015 893 (Ore.
1063 827 1160 894 xi),
1184 825 1272 892 qui
1308 835 1487 879 servet
1515 825 1673 891 iram,
1697 823 1989 879 abscondat

425 915 710 978 malitiam,
730 913 1026 967 vindictam
1061 912 1321 986 inquirat.

493 1004 578 1058 Ad
623 1004 739 1058 haec
765 1011 821 1057 et
866 1002 1008 1056 istud
1041 1000 1493 1078 considerandum
1539 1002 1598 1055 in.
1623 998 1990 1054 misericordia

426 1093 739 1149 miserantis
760 1158 765 1162 _
789 1092 915 1162 quia
944 1090 1124 1146 surculi
1161 1091 1407 1146 homines
1433 1089 1622 1156 semel,
1645 1099 1740 1144 aut
1765 1089 1870 1152 bis,
1898 1095 1991 1141 aut

427 1183 653 1238 multum
702 1183 920 1252 septies,
975 1181 1060 1236 vel
1105 1182 1285 1236 decies
1341 1181 1638 1245 dimittunt,
1680 1178 1770 1234 hic
1808 1187 1989 1232 autem

429 1273 624 1326 millies
672 1273 724 1326 in
751 1271 861 1336 die,
895 1273 940 1326 si
981 1270 1095 1325 fieri
1123 1279 1326 1340 posset,
1357 1285 1475 1338 qua:
1497 1257 1884 1324 committimus
1903 1266 1990 1322 di-

427 1362 616 1425 mittit,
643 1371 698 1416 et
722 1362 826 1416 hoc
851 1362 1090 1430 quandiu
1145 1360 1393 1424 vivimus,
1423 1359 1660 1429 quandiu
1682 1356 1994 1428 peregrina-

429 1467 554 1505 mur
595 1453 663 1506 ab
693 1451 830 1521 ipso.
861 1449 1004 1505 Visis
1057 1441 1221 1521 igit’ur
1269 1450 1356 1504 his
1381 1465 1500 1519 qua:
1536 1447 1991 1510 enumeravimus,

430 1540 616 1594 attolle
667 1540 856 1594 oculos
905 1540 1071 1592 etiam
1125 1531 1197 1593 ad
1217 1539 1508 1592 videndum
1532 1537 1744 1592 Domini
1773 1536 1994 1606 largita-

431 1639 563 1690 tem,
618 1627 731 1683 sive
783 1627 1225 1682 familiaritatem.
1279 1626 1336 1682 Si
1371 1627 1460 1682 cui
1507 1627 1740 1707 maxime
1786 1623 1990 1694 potenti

430 1719 680 1784 iecimus,
716 1718 863 1786 quod
901 1718 948 1772 ei
994 1717 1324 1787 displiceret,
1355 1697 1592 1784 nunquid
1639 1713 1868 1784 amplius
1892 1727 1993 1768 no-
2021 1697 2066 1755 Β

429 1809 636 1864 hiscum
685 1808 856 1877 loqui,
886 1809 1082 1862 nedum
1128 1807 1333 1875 aliquid
1369 1806 1580 1876 largiri,
1603 1805 1687 1859 vel
1716 1805 1994 1860 familiaris

431 1899 717 1971 dignatur?
743 1899 950 1954 Graves
987 1914 1174 1953 sumus
1220 1898 1272 1953 ei
1321 1899 1481 1953 etiam
1509 1898 1577 1952 ad
1608 1897 1917 1962 videndum,
1941 1905 1998 1952 et

430 2005 531 2058 pro
567 2004 765 2060 magno
809 1988 1072 2043 beneficio
1097 1995 1398 2058 computat,
1427 1988 1472 2042 si
1518 1987 1708 2043 saltem
1746 2003 1776 2042 a
1812 1997 1994 2043 nostra

430 2079 652 2136 laesione
700 2079 961 2142 desistat;
1018 2087 1074 2132 et
1117 2077 1247 2131 licet
1283 2075 1671 2146 multiplicibus
1691 2088 1747 2130 et
1789 2077 1999 2132 devotis

434 2167 712 2237 obsequiis
764 2166 1114 2222 defendamus
1146 2163 1433 2230 offensam,
1471 2180 1686 2234 semper
1712 2175 1886 2220 tamen
1914 2166 1998 2220 in-

423 2257 586 2327 juria:
616 2257 874 2314 memoria
900 2256 1246 2327 praetervolat
1262 2255 1447 2310 oculos
1470 2255 1632 2327 illius,
1657 2271 1758 2310 nec
1775 2255 1996 2310 oblitte-

431 2349 543 2403 rari
566 2347 708 2403 valet
731 2347 816 2402 vel
844 2347 1127 2412 beneficio,
1156 2346 1239 2400 vel
1261 2346 1544 2414 obsequio,
1572 2346 1658 2400 vel
1698 2346 1812 2416 ipsa
1833 2346 1998 2417 298

431 2438 598 2493 etiam
648 2446 934 2492 vetustate.
984 2435 1237 2504 Nunquid
1272 2435 1348 2490 ita
1399 2435 1541 2490 Deus
1585 2451 1761 2498 meus,
1788 2437 2000 2491 miseri-

432 2527 619 2584 cordia
644 2528 799 2582 mea?
825 2527 994 2582 Absit.
1025 2526 1317 2582 Consuevit
1364 2526 1508 2580 enim
1535 2526 1801 2580 honorare
1827 2525 2000 2595 poeni-

433 2626 632 2688 tentes,
662 2617 834 2688 magis
862 2631 1023 2686 quam
1075 2615 1420 2680 innocentes;
1473 2625 1831 2678 revertentes,
1855 2616 1999 2684 plus-

433 2693 594 2776 quam
647 2715 1011 2772 remanentes,
1047 2707 1175 2776 quia
1224 2706 1471 2761 devotior
1498 2714 1583 2760 est
1613 2705 1854 2760 fervidus
1881 2718 1996 2774 pm-

432 2797 612 2852 nitens
656 2812 816 2868 quam
868 2797 1080 2866 tepidus
1134 2798 1419 2864 innocens,
1449 2811 1573 2852 cum
1602 2796 1691 2852 ille
1716 2796 2002 2851 materiam

431 2886 662 2944 fervoris
691 2889 906 2952 habeat,
948 2888 1036 2943 hic
1059 2888 1374 2957 tepiditatis.

503 2975 774 3031 Fortassis
801 2977 1235 3046 praesumptionis
1261 2993 1479 3048 arguar,
1513 2977 1625 3046 qui,
1651 2982 1837 3032 contra
1858 2991 1998 3045 prte-

432 3073 651 3134 ceptum
697 3026 960 3134 Aporstoli,
1009 3067 1299 3120 verborum
1323 3026 1619 3122 “novitates
1657 3026 1884 3128 induco:
1905 3066 1998 3120 sed
2025 3026 2071 3090 C

433 3151 612 3207 habeo
632 3152 699 3206 ad
729 3168 945 3207 manum
977 3154 1312 3219 testimonia,
1346 3168 1446 3208 nec
1465 3168 1650 3222 parva,
1679 3168 1778 3208 nec
1807 3169 1997 3224 pauca,

435 3259 558 3312 quas
577 3252 634 3298 et
658 3243 771 3312 ipsa
807 3243 1085 3298 credibilia
1125 3243 1265 3299 facta
1295 3251 1422 3299 sunt
1448 3244 1629 3308 nimis,
1660 3252 1856 3315 etquae
1879 3259 2004 3314 pos-

435 3333 546 3386 sint
587 3331 902 3387 satisfacere
947 3333 1327 3387 murmuranti.
1352 3331 1548 3388 Petrus
1570 3334 1868 3402 apostolus,
1895 3351 2003 3390 non

435 3421 664 3490 quilibet
711 3421 1005 3491 apostolus,
1061 3423 1156 3477 sed
1212 3422 1466 3492 princeps
1507 3422 1895 3494 apostolorum,
1915 3423 2000 3479 cui

434 3515 668 3570 traditus
693 3523 776 3570 est
817 3515 1151 3584 principatus
1192 3515 1315 3571 cmli
1352 3524 1407 3570 et
1430 3524 1589 3570 terrae
1618 3515 1834 3586 (Matth.
1863 3515 2005 3586 xvr),

432 3605 677 3674 nunquid
705 3620 814 3660 non
841 3607 908 3660 de
934 3605 1100 3660 choro
1143 3605 1517 3674 paenitendum
1545 3612 1650 3672 est,
1679 3615 1734 3660 et
1759 3606 1824 3661 de
1857 3615 2004 3662 sorte

437 3694 679 3761 graviter
724 3695 1082 3764 injustorum?
1103 3693 1291 3749 Nonne
1314 3695 1429 3764 ipse
1456 3705 1560 3760 est,
1596 3696 1687 3765 qui
1715 3696 1878 3750 Deum
1908 3713 2003 3751 ne-

432 3785 602 3852 gavit,
627 3784 845 3854 reliquit
891 3784 1230 3855 magistrum,
1273 3785 1507 3839 amicum
1535 3786 1788 3850 deseruit,
1815 3785 2002 3840 fefellit

431 3859 798 3942 promissum?
827 3873 914 3942 qui
944 3874 1108 3942 coepit
1137 3872 1394 3928 detestari
1431 3880 1486 3928 et
1505 3871 1713 3941 jurare,
1741 3873 1865 3942 quia
1893 3889 2001 3928 non

433 3962 586 4018 novit
612 3963 882 4018 hominem
926 3962 1140 4033 (Matth.
1191 3962 1365 4032 xxvr),
1405 3963 1675 4034 negationi
1706 3963 2002 4033 perjurium

432 4059 666 4124 addens,
699 4058 917 4113 crimini
943 4058 1150 4113 crimen
1186 4056 1480 4126 adjiciens?
1503 4057 1725 4120 Cecidit,
1768 4057 1862 4113 sed
1891 4073 1999 4114 non

434 4160 516 4203 est
541 4150 778 4216 eollisus,
805 4149 933 4218 quia
967 4149 1227 4204 Dominus
1273 4149 1555 4218 supposuit
1581 4163 1800 4202 manum
1821 4162 1999 4202 suam.

409 4233 568 4304 ,Vide
613 4238 740 4304 quid
785 4238 924 4292 dicat
981 4237 1315 4305 Scriptura:
1371 4255 1390 4288 ι
1448 4239 1744 4307 Respexit,
1804 4239 2002 4306 inquit,

439 4340 464 4374 ι
498 4324 758 4420 Domitius
782 4324 999 4379 Petrum
1041 4325 1253 4395 (lbid.).
1285 4343 1304 4376 ι
1331 4324 1658 4393 Respectum
1688 4325 1885 4380 Christi
1914 4341 2000 4380 se-
2023 4359 2077 4420 Β

433 4412 618 4482 quitur
640 4411 796 4466 fletus
821 4412 990 4476 Petri,
1014 4421 1069 4468 et
1093 4413 1452 4481 lacrymarum
1483 4413 1786 4467 amaritudo
1816 4413 1999 4469 dulce-

434 4506 613 4560 dinem
639 4504 874 4574 autiqua:
898 4505 1175 4575 dignitatis
1196 4505 1483 4560 instaurat.

503 4593 732 4657 Felices,
793 4601 976 4648 sancte
1017 4591 1278 4662 apostole,
1304 4592 1556 4664 lacrymaa
1586 4601 1709 4658 tute,
1744 4609 1865 4664 quae
1886 4593 2000 4649 cul-

429 4698 557 4754 pam
603 4684 852 4749 abluunt,
877 4684 1102 4753 gradum
1148 4685 1464 4750 restituunt,
1497 4685 1674 4740 debita
1698 4687 1996 4752 dimittunt,

429 4774 694 4844 ampliora
747 4773 1114 4828 committunt.
1158 4770 1417 4844 Respexit
1459 4773 1649 4842 pietas,
1677 4782 1731 4829 et
1751 4775 1997 4846 impietas

428 4863 618 4928 cessit,
671 4873 727 4920 et
766 4864 997 4920 accessit
1045 4863 1224 4932 prisca
1297 4861 1659 4916 familiaritas.
1713 4862 1992 4932 Denique:

437 4973 461 5008 ι
493 4955 680 5010 Simon
723 4953 969 5020 Joannis,
995 4954 1175 5024 diligis
1217 4968 1304 5008 me
1351 4952 1472 5021 plus
1520 4952 1640 5006 his?
1675 4951 1843 5007 Pasce
1871 4969 2000 5009 oves

429 5058 583 5109 meas
620 5041 802 5112 (Joan.
837 5043 952 5109 xxi)
984 5059 998 5094 :
1039 5061 1058 5094 ι
1089 5051 1145 5096 et
1189 5042 1274 5096 his
1317 5040 1538 5104 similia,
1571 5040 1700 5110 quid
1725 5049 1871 5106 sunt,
1894 5042 1997 5096 nisi

431 5147 623 5203 magna
652 5132 972 5187 documenta
1015 5131 1441 5186 familiaritatis?
1479 5130 1611 5185 illud
1634 5130 1797 5184 etiam
1819 5131 1998 5201 singu-

427 5221 546 5278 lare
566 5221 742 5277 sancti
769 5219 1006 5290 Spiritus
1025 5234 1308 5288 organum,
1332 5235 1490 5290 quem
1515 5220 1722 5275 invenit
1740 5220 2000 5277 Dominus

429 5311 726 5368 secundum
770 5325 866 5365 cor
912 5323 1093 5374 suum,
1135 5310 1220 5363 cui
1275 5309 1512 5364 revelata
1557 5319 1683 5365 sunt
1712 5309 1920 5365 incerta
1945 5319 2000 5364 et

345 5399 352 5404 ”
432 5401 644 5457 occulta
683 5399 962 5472 sapientiae
1007 5397 1147 5465 Dei,
1190 5413 1369 5454 nonne
1415 5415 1537 5454 cum
1587 5399 1896 5464 homicidio,
1943 5409 2000 5454 et

436 5491 699 5546 adulterio
743 5491 1030 5563 insignitus
1071 5496 1309 5544 estnota
1355 5499 1409 5544 et
1429 5491 1644 5545 nomine
1667 5491 1999 5560 proditoris?

446 5581 553 5640 Sed
581 5580 702 5636 vide
729 5597 890 5652 quam
931 5579 1094 5639 celeri
1122 5579 1456 5652 paenitentia:
1504 5579 1643 5652 saltu
1673 5581 1902 5637 resilivit
1931 5581 2000 5639 ad

2089 470 2148 516 ut
2175 477 2280 516 non
2309 462 2482 518 solum
2526 463 2782 529 vulneris,
2833 465 2926 521 sed
2964 481 3062 521 nec
3081 467 3242 522 etiam
3273 468 3540 524 cicatricis
3558 485 3645 525 ve-

2088 551 2245 620 stigia
2300 561 2660 606 remanerent.
2707 552 3048 623 Redargutus
3090 555 3233 609 enim
3259 570 3289 608 a
3315 557 3572 626 propheta
3594 563 3652 611 ct

2088 640 2388 696 retorsione
2443 642 2746 709 parabolica
2789 644 3069 713 sugillatus
3117 645 3252 699 dixit
3299 663 3313 699 :
3352 664 3370 696 ι
3423 645 3649 702 Peccavi

2088 728 2174 802 (ΙΙ
2209 728 2335 800 Reg.
2363 731 2485 799 xu).
2523 750 2542 782 ι
2575 731 2642 785 Et
2688 731 2777 786 ille
2817 749 2882 787 ex
2922 735 3174 790 thesauro
3220 735 3413 790 divina!
3442 736 3652 790 miseri-

2088 820 2285 875 cordiae
2323 820 2508 874 statim
2558 819 2840 874 subintulit
2895 839 2908 875 :
2969 840 2987 874 t
3046 823 3342 879 Transtulit
3394 823 3652 878 Dominus

2087 915 2365 976 peccatum
2394 915 2519 972 ate,
2545 915 2600 960 et
2619 921 2724 962 non
2753 909 3003 964 morieris
3025 910 3234 982 (Ibid.).
3265 930 3283 963 ι
3312 911 3649 966 Translatum

2089 1005 2174 1051 est
2201 1005 2502 1066 peccatum,
2528 1005 2583 1052 et
2606 999 2867 1063 ablatum,
2906 1005 3048 1070 quod
3087 1002 3361 1056 dividebat
3389 1002 3528 1055 inter
3551 1001 3652 1054 Da-

2089 1088 2176 1142 vid
2207 1096 2262 1143 et
2287 1088 2487 1153 Deum;
2529 1098 2584 1142 et
2607 1090 2820 1144 sublato
2843 1107 2907 1145 eo
2935 1091 3101 1146 David
3137 1092 3275 1146 idem
3301 1092 3390 1162 qui
3413 1092 3580 1162 prius.

2159 1175 2264 1231 Sed
2299 1185 2353 1230 et
2394 1176 2482 1229 ille
2511 1175 2619 1230 Vas
2647 1178 2945 1242 electionis,
2985 1180 3076 1248 qui
3119 1180 3499 1249 volavitsuper
3524 1195 3653 1247 peu-

2089 1281 2188 1321 nas
2214 1274 2517 1332 ventorum,
2548 1268 2637 1336 qui
2682 1269 2802 1337 plus
2831 1270 3083 1324 omnibus
3112 1270 3396 1335 laboravit,
3430 1272 3515 1325 cui
3537 1285 3656 1325 cre-

2091 1355 2200 1409 dita
2246 1363 2371 1409 sunt
2399 1354 2611 1424 eloquia
2651 1357 2765 1418 Dei.
2797 1373 2974 1412 nonne
3013 1359 3219 1427 primus
3249 1359 3300 1413 in
3323 1359 3653 1428 primitivam

2091 1445 2390 1500 Eccle‘siam
2439 1449 2650 1502 cteteris
2691 1450 2968 1504 ardentius
3013 1450 3185 1505 fertur
3213 1449 3572 1507 eil‘erbuisse‘l
3598 1449 3654 1523 (Ι

2093 1535 2214 1591 Cor.
2231 1536 2344 1606 xv.)
2359 1537 2524 1592 Actus
2544 1539 2822 1606 apostolici
2841 1528 2964 1593 sunt
2979 1541 3031 1594 in
3050 1540 3441 1606 testimonium,
3455 1548 3656 1611 quanta

2093 1625 2232 1679 mala
2258 1625 2449 1681 fecerit
2500 1627 2704 1682 sanctis
2728 1628 2820 1683 Dei
2850 1629 2903 1683 in
2925 1629 3281 1685 Hierusalem.
3327 1630 3425 1686 llic
3452 1640 3655 1698 autem,

2093 1713 2184 1782 qui
2213 1722 2358 1768 tanta
2404 1714 2544 1768 mala
2577 1714 2726 1780 fecit,
2777 1725 2923 1770 tanta
2977 1727 3166 1787 postea
3221 1732 3413 1786 passus
3441 1727 3522 1774 est
3556 1735 3662 1790 pro

2093 1807 2310 1862 nomine
2335 1807 2560 1873 Christi,
2593 1817 2650 1863 et
2680 1809 2824 1865 lucet
2851 1811 2904 1865 in
2929 1812 3266 1867 firmamento
3292 1812 3435 1878 cmli,
3457 1828 3558 1868 nec
3575 1823 3660 1870 est

2095 1895 2273 1966 aliqua
2321 1913 2534 1967 gemma
2581 1899 2869 1968 pretiosior
2898 1901 2950 1954 in
2985 1916 3184 1955 corona
3239 1901 3402 1972 Regis
3442 1904 3652 1957 aeterni.

2093 1984 2335 2041 Accedat
2362 1996 2417 2042 et
2447 1987 2536 2041 illa
2564 1988 2778 2051 mulier,
2805 2004 2925 2059 quae
2945 1999 3149 2059 septem
3171 1991 3472 2056 daemoniis,
3500 1993 3553 2045 id
3575 2003 3660 2046 est

2093 2076 2362 2132 universis
2396 2078 2544 2132 vitiis
2594 2079 2865 2134 cumulata
2910 2079 3032 2144 fuit,
3056 2081 3141 2135 cui
3189 2081 3413 2134 multum
3435 2082 3661 2148 amanti,

2094 2164 2322 2220 multum
2368 2165 2682 2232 dimittitur,
2729 2183 2851 2238 quae
2909 2169 3085 2238 prima
3126 2169 3274 2224 videt
3321 2168 3662 2226 Dominuma

2095 2255 2322 2309 mortuis
2344 2265 2742 2326 resurgentem,
2764 2258 3132 2326 apostolorum
3172 2257 3435 2326 anostola,
3465 2256 3663 2316 dilecta

2094 2346 2314 2414 proprie
2342 2344 2642 2401 Salvatoris
2668 2345 2862 2416 (Marc.
2894 2346 3027 2419 xvi).

2171 2436 2357 2492 Veniat
2404 2453 2548 2493 nunc
2599 2438 2776 2493 omnis
2815 2437 3442 2506 innocentiumchorus,
3467 2447 3524 2495 et
3549 2447 3659 2496 tota

2095 2527 2338 2595 virginea
2390 2528 2598 2597 puritas
2646 2527 2933 2594 adunetur,
2957 2529 3077 2599 quis
3125 2529 3249 2596 erit,
3281 2529 3374 2599 qui
3403 2530 3568 2601 299
3592 2533 3665 2586 ad

2095 2617 2325 2672 istorum
2373 2617 2599 2686 gloriam
2645 2617 2908 2687 aspirare,
2931 2620 3128 2675 nedum
3153 2622 3537 2676 transcendere
3563 2635 3659 2674 au-

2096 2703 2256 2758 deat?
2301 2702 2592 2772 Propterea
2643 2705 2944 2762 confitebor
2986 2705 3104 2767 tibi.
3155 2705 3384 2761 Domine
3431 2706 3580 2774 Jesu,
3610 2717 3667 2763 et

2098 2794 2308 2850 laudem
2363 2793 2594 2848 tribuam
2660 2795 2862 2850 nomini
2913 2804 3024 2860 tuo,
3061 2795 3188 2866 quia
3233 2798 3373 2867 apud
3406 2806 3459 2853 te
3483 2797 3668 2867 propi-

2100 2884 2253 2938 tiatio
2299 2893 2402 2949 est,
2429 2893 2483 2939 et
2510 2893 2732 2954 propter
2773 2885 2945 2955 legem
2973 2894 3118 2941 tuam
3159 2887 3391 2942 sustinui
3415 2895 3464 2942 te
3491 2884 3662 2959 (Ptul.

2102 2973 2308 3047 cxxtx},
2342 2976 2586 3031 Domine.
2619 2976 2749 3043 Quae
2793 2987 2876 3032 est
2918 2978 3020 3033 ista
3045 2978 3152 3045 lex,
3178 2995 3298 3049 quae
3322 2980 3666 3050 propitiatio?

2102 3067 2236 3134 Quia
2263 3065 2520 3134 oﬂ'ensus,
2538 3075 2589 3122 te
2613 3067 2933 3124 clementem
2957 3069 3262 3139 promittis;
3289 3069 3661 3139 paenitentiam

2101 3155 2375 3221 admittis;
2403 3155 2598 3225 punire
2621 3159 3014 3226 praetermittis.
3039 3159 3229 3230 Magna
3261 3167 3344 3214 est
3373 3159 3534 3230 igitur
3557 3161 3666 3215 vir-

2103 3253 2190 3300 tus
2216 3246 2527 3315 ptenitentia
2549 3262 2844 3310 vera,cum‘
2866 3249 3180 3304 Ambrosius
3209 3251 3353 3305 dicat
3389 3268 3405 3304 :
3435 3249 3672 3307 Facilius.

2104 3333 2282 3388 inveni
2320 3347 2416 3387 eos
2441 3332 2532 3402 qui
2587 3333 2950 3389 innocentiam
2999 3346 3360 3392 servaverunt,
3378 3353 3539 3408 quam
3567 3339 3665 3410 qui

2103 3437 2396 3493 congruam
2415 3433 2642 3494 egerunt
2668 3423 3065 3493 paenitentiam.

2171 3511 2307 3567 Vide
2351 3521 2407 3566 et
2451 3523 2603 3568 sexto
2632 3515 2928 3568 custodiam
2959 3516 3096 3585 ejus,
3138 3516 3263 3586 quia
3294 3516 3395 3572 nisi
3430 3516 3546 3586 ipse
3569 3533 3662 3574 cu-

2102 3600 2349 3657 stodierit
2373 3617 2491 3668 nos,
2520 3601 2725 3658 frustra
2759 3604 3064 3673 vigilamus.

2174 3691 2426 3746 Decursis
2476 3692 2640 3762 igitur
2685 3706 2784 3748 sex
2825 3693 3123 3750 visionibus
3160 3694 3298 3761 istis,
3325 3705 3661 3752 transeamus

2102 3783 2169 3838 ad
2207 3783 2496 3838 secundam
2543 3781 2838 3838 Salvatoris
2893 3797 3080 3839 vocem
3129 3785 3402 3840 dicentis:
3441 3803 3461 3838 ι
3513 3786 3655 3857 Vigi-

2101 3874 2226 3930 late.
2260 3893 2279 3927 ι
2312 3874 2651 3943 Vigilandum
2701 3877 2953 3940 omnino,
3002 3885 3058 3930 et
3103 3891 3323 3932 sunmus
3375 3877 3442 3932 ab
3488 3877 3659 3934 oculis

2101 3964 2447 4031 auferendus,
2498 3965 2623 4035 quia
2678 3967 2915 4020 latrones
2965 3965 3122 4020 multi
3154 3965 3402 4022 obsident
3428 3965 3664 4024 iter'no-

2101 4063 2274 4111 strum
2303 4056 2554 4111 toxicatis
2577 4055 2871 4111 missilibus
2900 4055 3248 4122 formidandi,
3276 4056 3477 4111 nullum
3511 4071 3661 4128 pror-

2101 4161 2194 4202 sus
2209 4147 2526 4202 intentatum
2554 4148 2785 4202 transire
2799 4148 3146 4203 sustinentes.
3165 4147 3299 4202 Tres
3313 4149 3455 4204 enim
3482 4150 3663 4204 hostes

2101 4237 2404 4306 praecipuos
2448 4237 2710 4292 habemus
2735 4245 2790 4292 et
2813 4236 3168 4307 praecipitium
3204 4238 3511 4304 suadentes,
3536 4253 3660 4294 car-

2104 4341 2248 4391 nem,
2285 4325 2578 4391 diabolum,
2627 4334 2680 4380 et
2724 4327 3012 4392 mundum;
3061 4342 3126 4382 ex
3153 4326 3348 4396 quibus
3373 4328 3502 4392 duo,
3571 4329 3668 4384 etsi

2101 4413 2389 4484 aliquando
2431 4414 2810 4477 intermittunt.
2856 4429 3127 4483 nunquam
3155 4423 3333 4469 tamen
3357 4414 3662 4481 dimittunt;

2021 4523 2032 4532 ·
2101 4507 2293 4560 tertius
2337 4516 2541 4571 autem,
2594 4505 2838 4560 diabolus
2889 4506 3169 4567 videlicet,
3217 4507 3290 4560 ita
3337 4505 3664 4562 inexorabile

2099 4598 2280 4652 odium
2316 4600 2602 4653 adversum
2651 4612 2750 4652 nos
2797 4606 3032 4662 exercet,
3077 4607 3138 4652 ut
3172 4613 3444 4666 nunquam
3494 4601 3563 4652 ab
3595 4612 3661 4654 eo

2100 4685 2368 4752 inducias,
2419 4685 2502 4740 vel
2533 4687 2587 4758 in
2637 4685 2743 4739 ictu
2791 4686 2930 4740 oculi
2957 4686 3289 4755 potuerimus
3318 4694 3660 4754 extorquere.

2099 4777 2170 4832 At
2200 4785 2258 4831 ut
2287 4778 2450 4830 verba
2511 4775 2654 4829 illius
2700 4777 2936 4830 oratoris
2985 4790 3272 4845 ponamus,
3327 4777 3417 4844 qui
3467 4775 3664 4844 ubique

2101 4864 2306 4920 redolet
2358 4863 2697 4929 Ciceronem,
2751 4878 2873 4917 cum
2900 4863 3001 4918 hoc
3027 4863 3370 4932 quotidianus
3391 4870 3446 4916 et
3467 4876 3665 4930 anceps

2101 4967 2445 5022 congressus,
2476 4966 2542 5005 ex
2566 4949 2668 5006 hoc
2693 4952 3032 5006 innumerum
3063 4952 3273 5018 vulnus,
3298 4967 3396 5006 nec
3424 4967 3487 5005 ex
3519 4950 3662 5006 facili

2102 5041 2413 5096 cicatricem
2447 5042 2794 5110 promittens;
2828 5042 2928 5095 sub
2973 5043 3074 5096 hoc
3116 5057 3273 5097 casus
3303 5040 3576 5110 frequens,
3609 5049 3664 5096 et

2103 5134 2387 5203 respiratio
2415 5132 2671 5199 difficilis;
2700 5135 2765 5188 de
2789 5134 2890 5188 hoc
2917 5148 3062 5199 rara,
3094 5141 3146 5188 et
3176 5149 3446 5202 nunquam
3472 5148 3659 5186 secura

2100 5223 2357 5288 victoria;
2391 5221 2515 5276 huic
2553 5221 2801 5276 voluntas
2854 5236 3068 5291 semper
3124 5221 3326 5289 iniqua,
3367 5231 3420 5274 et
3445 5219 3661 5274 fallendi

2103 5312 2456 5381 principatus.
2490 5310 2621 5376 Quis
2670 5311 2930 5366 adversus
2980 5312 3122 5364 hunc
3165 5309 3361 5380 poterit
3420 5309 3668 5379 vigilare,

2103 5402 2208 5456 nisi
2229 5411 2412 5455 custos
2433 5400 2520 5455 ille
2545 5401 2612 5455 de
2632 5409 2792 5456 nocte
2813 5399 3089 5454 veneritin
3103 5397 3358 5452 auxilium
3382 5396 3664 5451 nostrum?

2103 5491 2206 5546 Per
2235 5507 2332 5546 nos
2380 5506 2613 5560 namque
2660 5506 2767 5546 non
2795 5489 3104 5556 suilicimus,
3138 5488 3246 5544 imo
3283 5487 3589 5553 deficiittus,
3615 5484 3665 5542 si

2103 5581 2435 5639 confidamus
2464 5581 2519 5637 in
2557 5581 2736 5636 nobis.
