4178 6472
413 294 532 350 ειυς

1795 292 2024 350 8ἘΙιΜΟ
2053 291 2205 347 LVII.

3543 294 3650 350 829.

488 401 725 458 Attende
768 404 1072 458 autem-de-
1091 405 1247 458 hoste
1283 403 1386 459 isto
1442 403 1700 459 invisibili
1741 414 1977 474 quantus
2008 411 2052 466 Α
2083 414 2234 458 stans
2274 402 2475 472 iugiter
2503 419 2602 474 per
2629 404 2801 470 diem;
2843 412 2898 458 et
2937 418 3098 472 super
3145 404 3443 460 custodiam
3476 409 3650 463 meam

413 494 751 564 ingrediatur
809 496 877 547 ad
939 493 1213 562 singulare
1268 501 1563 558 certamen,
1604 493 1782 561 qualia
1845 493 1985 560 gerit

420 599 591 646 arma,
621 579 791 655 quam.
839 583 1025 646 fortia;
1053 599 1160 650 quo
1212 583 1425 636 turbine
1485 591 1730 652 torqueat
1752 583 1984 636 hastam.

418 671 618 727 Recole
635 670 862 732 .librnm
908 670 1031 735 Job,
1055 681 1106 725 et
1138 671 1421 726 historiam
1467 671 1694 741 Regum,
1720 681 1775 726 et
1804 688 1993 726 artua-

421 772 558 824 tum,
586 768 642 814 et
675 775 824 814 arma
871 761 1178 824 considera,
1228 761 1353 829 quia
1383 761 1476 830 qui
1505 761 1722 817 Goliath
1762 763 1819 815 in
1848 761 1995 816 libro-

421 851 648 920 Regum,
681 850 822 904 idem
849 860 932 904 est
959 851 1204 904 diabolus
1251 851 1307 904 in
1335 865 1502 919 regno
1523 850 1980 905 Christianorum.

424 939 599 994 liabet
625 940 767 995 enim
810 939 1021 993 hastam
1045 939 1861 1005 delectationis,obdurationis-
1879 942 1994 1012 cly‘

423 1046 608 1100 peum,
647 1030 1056 1097 desperationis
1096 1030 1339 1095 loricam,
1395 1030 1629 1100 gladium
1680 1032 1986 1095 occisionis,

424 1121 750 1189 artnigerum
779 1120 1112 1188 superbiam,
1137 1121 1226 1188 qui
1257 1121 1526 1174 antecedit
1545 1131 1770 1186 eum,..et
1797 1137 2000 1191 expro-

424 1206 544 1259 brat
591 1205 892 1274 agminibus
946 1205 1055 1260 Dei
1099 1207 1352 1271 viventis,
1405 1216 1468 1262 et
1512 1209 1645 1262 dicit
1688 1209 1936 1264 inimicus
1973 1226 1987 1263 :

429 1313 449 1346 ι
494 1295 816 1362 Persequar,
869 1304 923 1348 et
971 1297 1462 1387 comprehendam,
1513 1297 1748 1351 dividam
1795 1298 1998 1366 spolia,.

424 1385 733 1455 implebitur
753 1385 930 1438 anima
963 1400 1077 1438 mea
1111 1386 1304 1455 (Exod.
1339 1385 1490 1454 μ’)έι
1520 1386 1596 1439 Tu
1627 1397 1804 1440 autem
1829 1389 1989 1456 quid?

424 1477 651 1530 Assume
677 1476 1022 1544 apostolicam
1067 1487 1418 1540 armaturam,
1447 1489 1658 1532 scutum
1688 1477 1836 1543 ﬁdei,
1860 1478 1989 1532 lori-

424 1582 542 1621 cam
589 1566 836 1636 iustitiae,
889 1567 1125 1637 gladium
1177 1570 1427 1637 spiritus,
1485 1570 1998 1638 circumspectionis

427 1657 662 1720 hastam;
694 1665 748 1709 et
805 1658 1073 1724 praecedat
1112 1665 1161 1711 te
1202 1658 1478 1712 humilitas
1501 1667 1555 1712 et
1592 1659 1718 1712 die:
1751 1677 1769 1710 ι
1798 1660 1989 1714 Perse-

2085 510 2184 562 ego
2213 511 2352 560 sum,
2384 504 2533 550 stans
2563 495 2694 549 totis
2723 495 2973 550 noctibus
3019 493 3158 565 (lsa.
3203 495 3340 566 χχι).
3386 515 3405 547 ι
3437 495 3547 552 Nec
3573 514 3654 553 so-

2086 584 2195 636 lum
2251 593 2399 640 stare
2450 584 2726 648 convenit,
2753 585 2847 638 sed
2887 591 3155 636 armatum
3189 591 3337 638 stare
3377 595 3652 640 armatura

2086 675 2175 728 illa
2210 690 2371 744 quam
2425 675 2715 742 Apostolus
2768 674 2938 729 dicit:
2969 691 2987 724 ι
3031 673 3238 728 Induite
3289 690 3384 728 vos
3412 686 3655 730 armatu-

2088 782 2200 818 ram
2239 767 2344 820 Dei
2372 766 2588 836 (Ephes.
2633 765 2728 835 vt).
2764 785 2782 818 ι
2817 765 2968 820 Alter
3016 774 3322 820 nostrorum
3350 775 3653 836 temporum

2089 855 2314 920 Tullius,
2345 858 2413 911 de
2455 871 2562 926 quo
2607 858 2858 926 superius
2897 856 3225 910 mentionem
3265 855 3388 920 feci,
3420 872 3655 914 vernans

2088 945 2285 1013 ubique
2308 943 2788 1009 lloresermonum,
2813 956 3143 998 armaturam
3176 944 3230 998 in
3269 945 3413 1000 hunc
3436 947 3652 1002 modum

2091 1032 2438 1088 lncidissimis
2465 1033 2717 1102 capitulis
2748 1034 3038 1088 inauravit.
3072 1033 3130 1088 Si
3162 1033 3388 1089 fabulosi
3427 1036 3656 1103 spiritus

2089 1131 2142 1175 et
2173 1124 2540 1177 incantatores
2565 1133 2746 1178 motus
2771 1124 2953 1178 carnis
2973 1125 3117 1178 circa
3156 1132 3207 1178 te
3233 1124 3652 1194 obstrepuerint,

2089 1210 2319 1273 conﬁde,
2343 1219 2400 1263 et
2442 1211 2529 1266 die
2556 1228 2569 1264 :
2608 1230 2626 1262 ι
2676 1211 2944 1267 Discedite
2969 1227 2998 1265 a
3025 1226 3133 1279 me,
3155 1211 3394 1282 maligni,
3419 1223 3475 1267 et
3504 1229 3658 1268 scru-

2091 1300 2244 1352 tabor
2270 1300 2522 1354 mandata
2563 1300 2658 1354 Dei
2691 1302 2794 1354 mei
2824 1299 2995 1370 (Psal.
3027 1299 3235 1372 cxvm).
3277 1320 3295 1354 ι
3332 1302 3390 1355 Si
3419 1302 3656 1356 recalere
3737 1297 3740 1300 ’

2089 1403 2308 1442 carnem
2337 1389 2596 1453 senseris,
2629 1397 2683 1442 et
2721 1389 2857 1442 velle
2886 1389 3129 1443 revelare
3157 1389 3221 1442 ad
3249 1389 3477 1458 ineptias
3509 1404 3653 1452 suas,

2088 1487 2206 1531 esto
2251 1486 2508 1531 constans
2537 1485 2592 1530 et
2630 1477 2718 1532 die
2751 1494 2763 1529 :
2796 1494 2814 1527 ι
2851 1476 3072 1545 Conlige
3116 1477 3308 1531 timore
3346 1487 3437 1529 tuo
3463 1491 3656 1531 carnes

2087 1582 2254 1629 meas,
2282 1568 2507 1622 Domine
2545 1567 2754 1638 (lbid.).
2791 1585 2810 1619 ι
2844 1567 2902 1620 Si
2951 1575 3320 1635 paupertatem
3355 1567 3533 1620 odisse
3556 1582 3660 1622 coa-

2087 1656 2255 1725 peris,
2280 1664 2335 1709 et
2365 1655 2636 1710 desiderio
2689 1655 2997 1710 divitiarum
3048 1654 3336 1724 incoeperis
3385 1655 3654 1719 suscitari,

421 1763 559 1816 quar
587 1746 837 1800 inimicos
872 1761 1044 1811 meos,
1071 1757 1128 1801 et
1154 1748 1604 1815 comprehendam
1639 1749 1780 1814 illos,
1806 1759 1858 1804 et
1883 1766 1985 1804 non
2021 1745 2064 1804 Β
2092 1746 2461 1814 expergiscere
2487 1753 2540 1799 et
2570 1746 2656 1800 die
2687 1763 2700 1798 :
2740 1764 2759 1796 ι
2795 1746 2887 1800 Va:
2922 1745 3098 1811 vobis,
3125 1745 3340 1809 divites,
3371 1746 3461 1814 qui
3490 1745 3656 1800 habe-

423 1850 710 1894 convertar
745 1839 916 1893 donec
963 1840 1218 1894 deficiant
1273 1838 1610 1910 (Paulam).
1645 1860 1664 1892 ι
1695 1840 1738 1896 Ο
1765 1841 1988 1896 Domine
2015 1846 2028 1864 '

419 1927 570 1994 Jesu,
602 1930 839 1998 nunquid
868 1945 1020 1998 aequa
1061 1945 1236 1999 pugna
1264 1939 1346 1984 est
1371 1931 1604 1985 hominis
1630 1939 1683 1985 et
1707 1931 1984 1997 daemonis,

423 2022 650 2090 duplicis
677 2031 730 2075 et
754 2021 1036 2091 simplicis,
1067 2021 1222 2076 fortis
1253 2032 1306 2077 et
1338 2023 1652 2078 imbecillis?
1673 2023 1864 2079 Invoca
1901 2039 1987 2080 me

423 2112 477 2164 in
508 2111 594 2164 die
626 2112 1006 2175 tribulationis,
1059 2113 1136 2166 ait
1170 2112 1448 2177 Dominus,
1478 2122 1533 2167 et
1571 2129 1760 2167 eruam
1813 2125 1884 2179 te,
1931 2124 1987 2169 et

421 2201 805 2255 honorificabis
855 2216 940 2255 nte
988 2199 1156 2271 (Psal.
1189 2202 1356 2271 xux).
1384 2203 1579 2258 Invoeo
1609 2212 1676 2270 te,
1715 2203 1982 2271 Salvator,

422 2291 758 2360 apprehende
813 2306 988 2356 arma,
1017 2299 1072 2345 et
1121 2302 1331 2347 scutum
1366 2292 1537 2362 (Psal.
1589 2295 1793 2364 xxxiv),
1823 2303 1882 2348 ut
1906 2297 1989 2348 vi-

420 2382 575 2436 deam
609 2393 795 2437 contra
826 2382 1019 2435 fortem
1078 2392 1346 2435 armatum
1386 2382 1666 2438 fortiorem
1695 2393 1982 2450 armatum,

421 2481 476 2526 et
519 2481 767 2526 conteras
796 2472 1076 2542 Assyrium
1109 2473 1161 2525 in
1192 2482 1332 2526 terra
1364 2487 1476 2528 tua.
1508 2474 1673 2529 Facta
1703 2491 1830 2545 ergo
1857 2493 1986 2530 con-

422 2563 730 2632 gressione,
785 2563 1034 2617 inimicos
1081 2570 1202 2616 tuos
1251 2565 1599 2631 comminuet,
1629 2575 1686 2618 ιιι
1712 2566 1983 2635 pulverem

421 2664 546 2708 ante
600 2654 790 2708 faciem
847 2653 1010 2718 venti,
1045 2663 1100 2708 et
1144 2665 1202 2708 ut
1232 2655 1403 2708 lutum
1435 2655 1732 2724 platearum
1785 2656 1986 2712 delebit

421 2761 514 2800 eos
544 2743 713 2816 (Psal.
818 2743 969 2813 xvn).
1002 2744 1092 2801 Sic
1131 2755 1310 2800 autem
1347 2757 1531 2801 contra
1557 2747 1718 2801 istum
1749 2747 1980 2818 vigilan-

421 2835 547 2889 dum
578 2843 660 2891 est
690 2843 750 2890 nt
790 2849 1003 2904 semper
1027 2837 1092 2890 de
1119 2836 1356 2891 redivivo
1401 2837 1694 2892 certamine
1722 2838 1912 2893 timeas
1930 2847 1986 2894 et

423 2927 489 2981 de
516 2926 737 2981 victoria
771 2942 876 2980 non
905 2927 1176 2996 desperes.
1397 2917 1400 2920 ’

487 3033 650 3104 300
677 3035 815 3088 Caro
852 3041 1030 3088 autem
1077 3035 1178 3088 sub
1215 3035 1550 3089 necessitatis
1591 3035 1769 3104 specie
1797 3034 1980 3091 furiosi

423 3122 680 3178 tumultus
723 3123 806 3176 sui
839 3121 982 3177 velat
1030 3123 1344 3194 imaginem,
1399 3133 1452 3178 et
1483 3141 1625 3179 nunc
1655 3124 1979 3182 ferculorum

418 3212 680 3266 varietate
731 3213 958 3281 repleta,
991 3228 1136 3268 nunc
1191 3214 1427 3282 pretiosa
1463 3215 1583 3268 vina
1619 3224 1980 3280 commutans,

421 3301 609 3372 incipit
657 3302 928 3368 lascivire,
979 3302 1283 3372 laxatisque
1333 3303 1520 3368 frenis,
1570 3313 1680 3359 tota
1731 3305 1903 3359 fertur
1927 3305 1982 3359 in

421 3407 675 3463 ιιι-περς.
703 3393 874 3448 Satim
912 3394 1300 3448 recrudescunt
1354 3395 1600 3458 aﬂectus,
1624 3396 1982 3465 cogitationes

422 3483 701 3546 rebellant,
736 3485 865 3539 visa:
908 3493 1283 3553 proponuntur
1323 3484 1605 3552 imagines,
1634 3493 1688 3538 et
1715 3486 1983 3553 pingimus

422 3574 476 3628 in
504 3574 756 3630 cordibus
806 3575 1005 3630 nostris
1047 3574 1190 3643 quod
1239 3574 1424 3628 multis
1467 3575 1656 3629 diebus
1679 3575 1846 3628 deleri
1878 3591 1982 3629 non

421 3665 612 3732 possit.
667 3664 984 3736 Ingurgitati
1036 3666 1205 3730 enim,
1259 3679 1366 3718 non
1406 3664 1724 3730 confortati;
1757 3665 1982 3733 impleti,

421 3768 522 3807 nec
550 3754 760 3816 nutriti,
790 3762 846 3808 et
874 3769 1123 3823 corpore,
1151 3763 1208 3810 et
1237 3755 1401 3809 corde
1427 3754 1802 3821 distendimur,
1833 3770 1984 3810 com-

421 3843 701 3912 pleturque
727 3843 852 3898 illud
883 3845 1176 3912 satyricum
1209 3861 1222 3897 :

547 3975 761 4037 Inguinis
781 3983 832 4024 et
863 3978 1034 4039 capitis
1057 3974 1236 4024 nullum
1267 3975 1527 4027 discrimen
1553 3975 1778 4024 habetur.

489 4075 660 4130 Pareo
696 4077 1054 4140 sermonibus,
1083 4077 1207 4147 quia
1237 4077 1407 4145 turpis
1439 4078 1703 4131 sententia
1738 4091 1843 4132 non
1871 4079 1978 4133 nisi

420 4165 601 4219 verbis
650 4167 895 4234 turpibus
939 4166 1194 4236 explicari
1242 4175 1436 4235 potest,
1471 4176 1527 4220 et
1570 4168 1862 4236 unicuique
1889 4184 1986 4223 no-

421 4264 591 4310 strum
624 4265 791 4310 totum
818 4265 924 4321 est,
949 4257 1033 4311 vel
1065 4258 1204 4325 quod
1262 4266 1524 4322 tacemus,
1558 4257 1642 4312 vel
1671 4260 1814 4328 quod
1836 4259 1984 4314 volu-

423 4359 542 4397 mus
565 4345 859 4412 praeterire.
893 4345 1094 4399 Tenuis
1119 4353 1295 4398 autem
1318 4359 1524 4407 mensa,
1545 4345 1698 4400 cibus
1717 4348 1978 4414 asperior,

2091 1834 2156 1888 tis
2185 1836 2273 1889 hic
2295 1834 2719 1892 consolationem
2765 1845 3002 1890 vestram
3039 1836 3222 1906 (_Luc.
3288 1853 3342 1891 vi
3389 1836 3431 1903 ).
3473 1855 3491 1886 ι
3525 1836 3580 1892 Si
3605 1845 3657 1890 te.

2086 1927 2388 1981 demulceat
2420 1927 2686 1992 adulator,
2726 1935 2780 1981 et
2808 1927 2874 1981 ad
2906 1927 3187 1998 plebicola:
3219 1928 3404 1982 laudes
3443 1929 3656 1982 animus

2087 2015 2396 2080 hilarescat,
2428 2017 2769 2082 confortare,
2807 2025 2860 2071 et
2903 2017 2989 2071 die
3020 2033 3033 2070 :
3073 2035 3094 2068 ι
3132 2015 3320 2072 Oleum
3355 2017 3653 2086 peccatoris

2085 2122 2188 2161 non
2237 2107 2528 2177 impinguet
2566 2117 2727 2176 caput
2778 2123 2955 2162 meum
2994 2105 3171 2178 (Psal.
3216 2107 3361 2176 cn).
3403 2126 3422 2158 ι
3469 2106 3525 2161 Si
3560 2108 3653 2162 tibi

2083 2207 2403 2267 suggeratur
2425 2198 2477 2251 in
2499 2195 2734 2251 futurum
2765 2210 2974 2266 tempus
2999 2197 3197 2251 bonum
3228 2195 3442 2250 dilfcrre
3461 2211 3656 2265 propo-

2085 2288 2550 2358 situm,consurge
2566 2297 2618 2342 et
2636 2288 2722 2343 die
2745 2305 2759 2342 :
2784 2306 2802 2338 ι
2834 2288 2960 2342 Dies
2985 2287 3190 2341 Domini
3215 2288 3352 2342 sicut
3381 2287 3578 2350 fur,ita
3603 2287 3655 2340 in

2083 2387 2239 2432 nocte
2264 2378 2442 2432 veniet
2463 2376 2548 2448 (II
2567 2374 2714 2430 Pelr.
2740 2375 2842 2446 ιιι).
2865 2395 2886 2428 ι
2918 2375 2974 2430 Si
2997 2375 3121 2443 gula
3148 2369 3440 2430 desaeviens
3463 2374 3655 2428 lautio-

2083 2483 2171 2523 res
2199 2469 2291 2523 tibi
2313 2467 2772 2523 commendaverit
2798 2475 3110 2535 apparatus,
3139 2464 3420 2518 rccalcitra
3453 2474 3506 2518 et
3531 2465 3615 2519 dic
3640 2481 3653 2516 :

2089 2579 2107 2611 ι
2135 2559 2251 2615 Non
2281 2567 2366 2613 est
2392 2573 2617 2626 regnum
2640 2557 2731 2610 Dei
2751 2571 2872 2610 esca
2897 2563 3120 2626 etpotus
3144 2553 3320 2620 (Rom.
3345 2554 3481 2624 xw).
3509 2573 3527 2606 ι
3563 2554 3658 2609 His

2080 2649 2225 2704 velut
2257 2649 2575 2718 quibusdam
2615 2645 3068 2715 increpationibus
3095 2643 3378 2713 diffugiunt
3430 2643 3655 2707 inimici,

2081 2739 2347 2812 delabitur
2361 2738 2620 2792 memoria
2633 2737 2983 2806 voluptatum,
3003 2735 3182 2790 carnis
3207 2733 3502 2805 gurgulitas
3529 2749 3655 2789 con-

2084 2829 2345 2894 tiscescit,
2375 2837 2575 2883 sancta:
2614 2825 3041 2882 conversationis
3071 2826 3223 2879 initia
3251 2823 3654 2888 convalescunt,

2081 2920 2311 2974 mundus
2349 2919 2726 2983 contemnitur,
2756 2925 3041 2987 superatur
3068 2917 3238 2970 hostis
3258 2916 3530 2984 antiquus.

2154 3010 2245 3064 Sic
2267 3009 2428 3080 igitur
2452 3008 2643 3062 videns
2671 3017 2723 3062 et
2771 3005 3001 3074 vigilans
3033 3005 3113 3060 fac
3153 3003 3449 3060 funiculum
3482 3002 3656 3073 tripli-

2009 3085 2054 3147 Ο
2084 3117 2225 3166 cem,
2255 3101 2347 3169 qui
2392 3098 2607 3154 difficile
2649 3098 2938 3167 rumpitur,
2975 3107 3029 3152 et
3057 3095 3224 3150 transi
3262 3096 3329 3149 ad
3356 3094 3650 3154 orationes.

2083 3191 2396 3262 ingrediens
2436 3190 2692 3250 interiora
2743 3187 2847 3243 veli
2873 3202 2992 3242 cum
3042 3201 3253 3240 summo
3281 3183 3536 3255 pontifice
3559 3184 3659 3238 Do-

2083 3281 2230 3335 mino
2291 3289 2478 3334 nostro
2529 3277 2655 3333 Jesu
2713 3276 2949 3341 Christo,
2997 3277 3086 3346 qui
3132 3275 3289 3345 301
3335 3273 3658 3344 propitiatur

2081 3371 2332 3426 omnibus
2385 3369 2759 3437 iniquitatibus
2807 3370 2933 3428 tuis.
2973 3368 3063 3436 qui
3117 3365 3321 3420 assistit
3365 3365 3528 3418 vultui
3561 3364 3654 3418 Dei

2081 3475 2180 3529 pro
2210 3465 2280 3512 te.
2308 3457 2589 3511 Admissus
2616 3467 2794 3509 autem
2839 3472 2944 3510 non
2998 3455 3076 3509 sic
3115 3455 3390 3516 audacter,
3429 3453 3653 3509 ctfron-

2084 3560 2197 3603 tosc
2228 3550 2441 3618 ingeras
2475 3557 2527 3601 re
2557 3546 2727 3602 oculis
2751 3545 3074 3612 maiestatis,
3105 3543 3198 3599 sed
3222 3543 3523 3597 humillima
3548 3553 3656 3597 tre-

2082 3638 2355 3708 pidatione
2381 3649 2699 3699 concussus,
2754 3634 2942 3688 saltem
2979 3631 3249 3702 quomodo
3278 3632 3344 3685 ad
3382 3638 3528 3685 tanta
3553 3631 3655 3686 mi-

2087 3728 2271 3783 racula
2299 3725 2507 3780 admitti
2544 3725 2805 3795 potueris,
2830 3725 3132 3792 admirare.

2156 3820 2238 3873 Sit
2274 3833 2403 3886 ergo
2433 3817 2606 3871 oratio
2650 3815 2971 3875 verecunda,
3018 3823 3077 3866 ut
3117 3813 3500 3868 erubescamus
3528 3828 3652 3882 pcc«

2087 3918 2208 3964 cata
2240 3916 2446 3972 nostra,
2492 3914 2548 3961 et
2590 3913 2752 3959 tantae
2782 3903 3096 3957 reverentia}
3124 3901 3458 3967 deferemus;
3496 3918 3654 3971 pura,

2083 4006 2144 4054 ut
2178 3995 2310 4052 nihil
2347 3996 2415 4050 ab
2464 3995 2577 4064 ipso
2614 4001 2809 4063 praeter
2860 3994 3032 4062 ipsum
3071 4006 3405 4060 quaeramus;
3434 3992 3652 4055 devota,

2084 4095 2142 4140 ut
2172 4086 2228 4140 in
2252 4083 2573 4154 pinguedine
2601 4081 2821 4151 spiritus
2858 4095 2979 4134 eam
3012 4088 3067 4134 et
3090 4078 3506 4148 protendamus;
3537 4095 3650 4131 atu-

2082 4176 2196 4247 pla,
2221 4185 2279 4230 ut
2302 4175 2652 4230 extendamus
2676 4187 2794 4226 eam
2822 4186 2989 4242 usque
3026 4173 3090 4226 ad
3117 4172 3394 4237 inimicos;
3434 4170 3503 4226 sit
3525 4186 3652 4226 con-

2087 4267 2257 4330 tinua,
2296 4281 2363 4319 ne
2388 4263 2788 4318 intermissione
2829 4262 2921 4315 ﬁat
2965 4263 3276 4328 remissior;
3319 4263 3389 4316 sit
3443 4271 3650 4332 pacata,

2086 4371 2154 4409 ne
2195 4353 2516 4409 turbulentis
2550 4352 2936 4423 c0gitationum
2965 4350 3215 4406 fluctibus
3257 4351 3650 4422 submergatur.

423 4433 716 4502 simplicior
730 4442 906 4501 potus,
923 4448 1118 4503 corpus
1135 4432 1368 4498 ﬁrmant.
1386 4433 1982 4504 conﬁrmanlanimum.
2015 4421 2063 4480 υ
2089 4446 2304 4512 Fateor,
2331 4445 2537 4500 excessi
2559 4444 2794 4507 modum,
2819 4451 2873 4498 et
2899 4444 3070 4514 magis
3085 4443 3240 4499 solito
3265 4453 3473 4499 vestras
3495 4460 3653 4498 aures

413 4530 477 4601 et
527 4523 807 4592 utriusque
851 4524 1086 4578 hominis
1139 4532 1338 4577 statum
1383 4524 1614 4578 reddunt
1643 4524 1978 4581 alacriorem.

491 4613 718 4670 Mundus
768 4629 898 4670 vero
937 4616 1066 4685 quid
1105 4614 1267 4669 facit?
1296 4613 1466 4670 Oifert
1518 4615 1676 4670 nobis
1720 4617 1982 4685 quidquid

421 4705 702 4774 pulchrum
765 4714 848 4760 est
893 4707 1032 4769 visu,
1086 4714 1140 4759 et
1169 4704 1660 4773 concupiscentiam
1697 4705 1898 4768 carnis,
1928 4719 1985 4760 et

420 4795 694 4848 oculorum
719 4804 774 4849 et
805 4795 1152 4848 ambitionem
1198 4794 1402 4861 saeculi,
1439 4804 1497 4848 ut
1541 4795 1792 4865 illaqueet
1817 4796 1980 4852 mise-

421 4903 529 4953 ros,
560 4887 874 4956 illaqueatos
901 4888 1220 4956 strangulet,
1251 4888 1612 4958 strangulatos
1641 4887 1981 4955 sempiternis

422 4977 657 5032 involvat
707 4977 989 5032 incendiis.
1019 4975 1216 5029 Tentat
1265 4990 1363 5030 nos
1405 4974 1830 5029 multiformibus
1852 4973 1988 5030 insi-3

420 5068 544 5133 diis,
582 5068 827 5136 superius
869 5082 966 5136 per
1016 5065 1346 5134 superbiam,
1415 5077 1511 5133 per
1549 5063 1818 5118 luxuriam
1845 5064 1984 5118 infe-

424 5159 562 5222 rius;
586 5173 616 5210 a
655 5157 859 5212 dextris
885 5171 981 5225 per
1010 5154 1444 5224 prosperitatem,
1485 5169 1583 5223 per
1603 5153 1984 5208 adversitatem

419 5261 455 5298 a
496 5245 761 5311 sinistris;
801 5245 1043 5299 anterius
1087 5259 1182 5313 per
1228 5243 1413 5298 mundi
1464 5242 1980 5314 concupiscentiam,

418 5337 804 5406 posterinsper
827 5336 1222 5405 praeteritorum
1246 5335 1497 5389 vitiorum
1525 5334 1978 5400 recordationem,

421 5428 474 5481 in
502 5429 790 5482 orbiculari
821 5437 966 5483 motu
993 5443 1088 5497 per
1117 5427 1501 5482 involutionem
1528 5440 1764 5482 sensum.

497 5519 728 5588 Vigilare
779 5520 943 5588 igitur
991 5533 1210 5573 necesse
1253 5525 1337 5571 est
1371 5517 1628 5571 adversus
1675 5515 1978 5585 huiusmodi

421 5609 773 5675 latrunculos,
840 5623 1173 5677 manumque
1222 5606 1502 5669 sicariam,
1553 5615 1613 5660 et-
1665 5621 1787 5660 cum
1841 5604 1979 5658 Isaia

421 5697 700 5753 dicendum
749 5716 762 5751 :
807 5717 825 5750 ι
872 5698 1044 5767 Super
1104 5696 1374 5751 soeculam
1425 5694 1641 5751 Don‘ini
1689 5709 1788 5757 ego
1831 5706 1978 5756 sum,

2089 4551 2318 4591 onerare
2355 4551 2460 4590 non
2506 4535 2682 4598 timui,
2727 4533 2852 4588 dum
2897 4534 3068 4604 stylus
3117 4535 3170 4587 in
3209 4534 3652 4602 longinquitatem

2089 4626 2414 4681 extenditur.
2446 4626 2552 4679 Sed
2581 4625 2714 4688 scio,
2747 4623 2870 4692 quia
2917 4624 3182 4692 patienter
3203 4623 3426 4676 audistis
3471 4637 3556 4676 me
3585 4623 3651 4675 de

2089 4717 2232 4770 illius
2260 4715 2514 4786 patientia
2540 4714 2921 4782 disputantem,
2954 4713 3045 4783 qui
3070 4721 3152 4768 est
3181 4711 3322 4766 Deus
3342 4711 3653 4766 benedictus

2083 4807 2136 4862 in
2163 4806 2378 4862 saecula.
2404 4806 2598 4860 Amen.

2625 4885 2644 4904 '
2686 4881 2915 4938 SERMO
2951 4879 3104 4933 LVII.

2237 4982 2274 5018 ι.
2316 4981 2380 5018 ne
2419 4980 2466 5019 s.
2507 4979 2714 5020 manu
2752 4974 3022 5014 aros'row
3061 4959 3188 5028 (xxx
3225 4961 3502 5030 movum).

2158 5054 2351 5119 Hodie,
2390 5053 2585 5108 fratres
2613 5049 2912 5106 charissimi
2936 5089 2951 5114 ,
2975 5049 3033 5102 Β.
3065 5049 3292 5105 Andreae
3316 5050 3471 5105 nobis
3494 5050 3645 5104 festio

2085 5146 2227 5201 vitas
2268 5147 2442 5201 votiva
2479 5140 2826 5212 resplenduit,
2879 5154 2999 5209 quae
3041 5139 3184 5194 inter
3209 5141 3382 5210 ipsam
3413 5139 3651 5210 glacialis

2076 5241 2292 5308 bruma:
2324 5235 2604 5305 caliginem
2623 5272 2638 5297 ,
2662 5230 2955 5301 jucundam
2979 5230 3182 5285 nostris
3203 5230 3650 5308 mentibusjndn-

2086 5332 2166 5384 xit
2201 5329 2396 5383 laetitia:
2433 5325 2799 5388 serenitatem,
2847 5333 2904 5377 et
2955 5323 3080 5378 dum
3123 5322 3264 5376 aeris
3309 5321 3650 5375 inclementia

2087 5418 2422 5473 extrinsecus
2448 5412 2758 5482 obrigescit,
2788 5411 2922 5464 tanti
2945 5410 3262 5479 praeliatoris
3282 5410 3464 5462 audita
3485 5400 3652 5462 victo-

2087 5513 2189 5570 ria.
2229 5509 2316 5576 pia
2359 5505 2522 5560 corda
2564 5505 2630 5558 ad
2663 5503 2999 5574 procinctum
3040 5500 3302 5570 spiritalis
3340 5500 3654 5554 certaminis

2089 5599 2300 5662 incitat,
2337 5604 2394 5650 et
2435 5595 2677 5664 insignes
2713 5592 3029 5647 bellatorum
3064 5589 3264 5645 Christi
3297 5591 3504 5645 animos
3533 5591 3655 5659 igne

2089 5687 2252 5746 divini
2279 5685 2479 5741 amoris
2511 5682 2826 5740 inﬂammat.
2851 5682 2995 5737 Inter
3023 5691 3219 5738 cuncta
3249 5697 3380 5737 sane
3409 5683 3652 5751 martyrii
