  <div class='ocr_page' id='page_1' title='image "/cluster/home/n/w/nwhite01/storage/ocr_20150623/144/umn.31951002477437p/437.png"; bbox 0 0 4178 6508; ppageno 0'>
   <div class='ocr_carea' id='block_1_1' title="bbox 1197 176 1236 221">
    <p class='ocr_par' dir='ltr' id='par_1_1' title="bbox 1197 176 1236 221">
     <span class='ocr_line' id='line_1_1' title="bbox 1197 176 1236 221; baseline 0 0"><span class='ocrx_word' id='word_1_1' title='bbox 1197 176 1236 221; x_wconf 59' lang='grc' dir='ltr'><strong>κ</strong></span> 
     </span>
    </p>
   </div>
   <div class='ocr_carea' id='block_1_2' title="bbox 473 303 580 360">
    <p class='ocr_par' dir='ltr' id='par_1_2' title="bbox 473 303 580 360">
     <span class='ocr_line' id='line_1_2' title="bbox 473 303 580 360; baseline -0.019 0"><span class='ocrx_word' id='word_1_2' title='bbox 473 303 580 360; x_wconf 72' lang='lat'><strong>89.3</strong></span> 
     </span>
    </p>
   </div>
   <div class='ocr_carea' id='block_1_3' title="bbox 1041 255 3134 358">
    <p class='ocr_par' dir='ltr' id='par_1_3' title="bbox 1041 255 3134 358">
     <span class='ocr_line' id='line_1_3' title="bbox 1041 255 3134 358; baseline -0.004 -6"><span class='ocrx_word' id='word_1_3' title='bbox 1041 298 1098 352; x_wconf 84' lang='lat' dir='ltr'><strong>S.</strong></span> <span class='ocrx_word' id='word_1_4' title='bbox 1137 295 1340 351; x_wconf 75' lang='lat' dir='ltr'><strong>PETRI</strong></span> <span class='ocrx_word' id='word_1_5' title='bbox 1381 295 1660 351; x_wconf 76' lang='lat' dir='ltr'><strong>DAMlANi</strong></span> <span class='ocrx_word' id='word_1_6' title='bbox 1699 292 1848 350; x_wconf 81' lang='lat' dir='ltr'><strong>OPP.</strong></span> <span class='ocrx_word' id='word_1_7' title='bbox 1891 290 2070 346; x_wconf 69' lang='lat' dir='ltr'><strong>PARS</strong></span> <span class='ocrx_word' id='word_1_8' title='bbox 2110 288 2238 344; x_wconf 75' lang='lat' dir='ltr'><strong>SEU</strong></span> <span class='ocrx_word' id='word_1_9' title='bbox 2280 255 2514 346; x_wconf 64' lang='lat' dir='ltr'><strong>T031le</strong></span> <span class='ocrx_word' id='word_1_10' title='bbox 2548 289 2610 345; x_wconf 87' lang='lat' dir='ltr'><strong>li.</strong></span> <span class='ocrx_word' id='word_1_11' title='bbox 2654 290 3134 358; x_wconf 74' lang='lat' dir='ltr'><strong>-—_SERMONES.</strong></span> 
     </span>
    </p>
   </div>
   <div class='ocr_carea' id='block_1_4' title="bbox 3611 291 3717 348">
    <p class='ocr_par' dir='ltr' id='par_1_4' title="bbox 3611 291 3717 348">
     <span class='ocr_line' id='line_1_4' title="bbox 3611 291 3717 348; baseline -0.019 0"><span class='ocrx_word' id='word_1_12' title='bbox 3611 291 3717 348; x_wconf 62' lang='lat'><strong>825</strong></span> 
     </span>
    </p>
   </div>
   <div class='ocr_carea' id='block_1_5' title="bbox 474 398 3719 487">
    <p class='ocr_par' dir='ltr' id='par_1_5' title="bbox 474 398 3719 487">
     <span class='ocr_line' id='line_1_5' title="bbox 474 398 3719 487; baseline -0.002 -17"><span class='ocrx_word' id='word_1_13' title='bbox 474 431 672 487; x_wconf 75' lang='lat' dir='ltr'><strong>genera</strong></span> <span class='ocrx_word' id='word_1_14' title='bbox 714 415 848 471; x_wconf 85' lang='lat' dir='ltr'><strong>illud</strong></span> <span class='ocrx_word' id='word_1_15' title='bbox 874 413 1126 478; x_wconf 81' lang='lat' dir='ltr'><strong>nobilius,</strong></span> <span class='ocrx_word' id='word_1_16' title='bbox 1167 412 1294 466; x_wconf 90' lang='lat' dir='ltr'><strong>illud</strong></span> <span class='ocrx_word' id='word_1_17' title='bbox 1330 425 1438 466; x_wconf 87' lang='lat' dir='ltr'><strong>non</strong></span> <span class='ocrx_word' id='word_1_18' title='bbox 1477 406 1749 465; x_wconf 85' lang='lat' dir='ltr'><strong>immerito</strong></span> <span class='ocrx_word' id='word_1_19' title='bbox 1773 404 2048 476; x_wconf 83' lang='lat' dir='ltr'><strong>judicatur</strong></span> <span class='ocrx_word' id='word_1_20' title='bbox 2075 405 2126 465; x_wconf 76' lang='grc' dir='ltr'>Α</span> <span class='ocrx_word' id='word_1_21' title='bbox 2152 412 2276 454; x_wconf 88' lang='lat' dir='ltr'><strong>rare</strong></span> <span class='ocrx_word' id='word_1_22' title='bbox 2308 398 2580 455; x_wconf 83' lang='lat' dir='ltr'><strong>licuisset!</strong></span> <span class='ocrx_word' id='word_1_23' title='bbox 2611 400 2864 455; x_wconf 83' lang='lat' dir='ltr'><strong>nimirum</strong></span> <span class='ocrx_word' id='word_1_24' title='bbox 2896 416 3018 456; x_wconf 89' lang='lat' dir='ltr'><strong>cum</strong></span> <span class='ocrx_word' id='word_1_25' title='bbox 3061 401 3194 456; x_wconf 88' lang='lat' dir='ltr'><strong>tanti</strong></span> <span class='ocrx_word' id='word_1_26' title='bbox 3230 401 3482 459; x_wconf 79' lang='lat' dir='ltr'><strong>desiderii</strong></span> <span class='ocrx_word' id='word_1_27' title='bbox 3525 406 3719 462; x_wconf 90' lang='lat' dir='ltr'><strong>ardore</strong></span> 
     </span>
    </p>
   </div>
   <div class='ocr_carea' id='block_1_6' title="bbox 473 497 2045 575">
    <p class='ocr_par' dir='ltr' id='par_1_6' title="bbox 473 497 2045 575">
     <span class='ocr_line' id='line_1_6' title="bbox 473 497 2045 575; baseline -0.01 -13"><span class='ocrx_word' id='word_1_28' title='bbox 473 523 594 562; x_wconf 84' lang='lat' dir='ltr'><strong>esse</strong></span> <span class='ocrx_word' id='word_1_29' title='bbox 639 507 996 575; x_wconf 61' lang='lat' dir='ltr'><strong>praecipuum,</strong></span> <span class='ocrx_word' id='word_1_30' title='bbox 1025 501 1168 572; x_wconf 89' lang='lat' dir='ltr'><strong>quod</strong></span> <span class='ocrx_word' id='word_1_31' title='bbox 1209 501 1263 554; x_wconf 91' lang='lat' dir='ltr'><strong>in</strong></span> <span class='ocrx_word' id='word_1_32' title='bbox 1299 501 1416 569; x_wconf 90' lang='lat' dir='ltr'><strong>ipso</strong></span> <span class='ocrx_word' id='word_1_33' title='bbox 1450 497 1810 566; x_wconf 84' lang='lat' dir='ltr'><strong>Redemptore</strong></span> <span class='ocrx_word' id='word_1_34' title='bbox 1837 503 2045 559; x_wconf 87' lang='lat' dir='ltr'><strong>nostro,</strong></span> 
     </span>
    </p>
   </div>
   <div class='ocr_carea' id='block_1_7' title="bbox 471 585 2042 666">
    <p class='ocr_par' dir='ltr' id='par_1_7' title="bbox 471 585 2042 666">
     <span class='ocr_line' id='line_1_7' title="bbox 471 585 2042 666; baseline -0.008 -16"><span class='ocrx_word' id='word_1_35' title='bbox 471 597 650 666; x_wconf 83' lang='lat' dir='ltr'><strong>capite</strong></span> <span class='ocrx_word' id='word_1_36' title='bbox 676 595 926 649; x_wconf 83' lang='lat' dir='ltr'><strong>videlicet</strong></span> <span class='ocrx_word' id='word_1_37' title='bbox 953 601 1281 661; x_wconf 77' lang='lat' dir='ltr'><strong>martyrum,</strong></span> <span class='ocrx_word' id='word_1_38' title='bbox 1323 586 1674 658; x_wconf 82' lang='lat' dir='ltr'><strong>cognoscitur</strong></span> <span class='ocrx_word' id='word_1_39' title='bbox 1716 585 2042 640; x_wconf 87' lang='lat' dir='ltr'><strong>dedicatum.</strong></span> 
     </span>
    </p>
   </div>
   <div class='ocr_carea' id='block_1_8' title="bbox 471 677 2046 751">
    <p class='ocr_par' dir='ltr' id='par_1_8' title="bbox 471 677 2046 751">
     <span class='ocr_line' id='line_1_8' title="bbox 471 677 2046 751; baseline -0.006 -12"><span class='ocrx_word' id='word_1_40' title='bbox 471 686 625 740; x_wconf 87' lang='lat' dir='ltr'><strong>Unde</strong></span> <span class='ocrx_word' id='word_1_41' title='bbox 661 699 783 738; x_wconf 91' lang='lat' dir='ltr'><strong>cum</strong></span> <span class='ocrx_word' id='word_1_42' title='bbox 825 683 1006 737; x_wconf 87' lang='lat' dir='ltr'><strong>divina</strong></span> <span class='ocrx_word' id='word_1_43' title='bbox 1047 680 1376 751; x_wconf 76' lang='lat' dir='ltr'><strong>dispensatio</strong></span> <span class='ocrx_word' id='word_1_44' title='bbox 1413 679 1634 733; x_wconf 87' lang='lat' dir='ltr'><strong>Petrum</strong></span> <span class='ocrx_word' id='word_1_45' title='bbox 1681 685 1736 730; x_wconf 94' lang='lat' dir='ltr'><strong>et</strong></span> <span class='ocrx_word' id='word_1_46' title='bbox 1779 677 2046 730; x_wconf 82' lang='lat' dir='ltr'><strong>Andream</strong></span> 
     </span>
    </p>
   </div>
   <div class='ocr_carea' id='block_1_9' title="bbox 471 768 2050 845">
    <p class='ocr_par' dir='ltr' id='par_1_9' title="bbox 471 768 2050 845">
     <span class='ocr_line' id='line_1_9' title="bbox 471 768 2050 845; baseline -0.007 -15"><span class='ocrx_word' id='word_1_47' title='bbox 471 775 835 831; x_wconf 89' lang='lat' dir='ltr'><strong>consummari</strong></span> <span class='ocrx_word' id='word_1_48' title='bbox 864 789 959 845; x_wconf 90' lang='lat' dir='ltr'><strong>per</strong></span> <span class='ocrx_word' id='word_1_49' title='bbox 993 774 1171 827; x_wconf 89' lang='lat' dir='ltr'><strong>crucis</strong></span> <span class='ocrx_word' id='word_1_50' title='bbox 1210 771 1526 841; x_wconf 88' lang='lat' dir='ltr'><strong>supplicium</strong></span> <span class='ocrx_word' id='word_1_51' title='bbox 1556 768 1742 831; x_wconf 81' lang='lat' dir='ltr'><strong>voluit,</strong></span> <span class='ocrx_word' id='word_1_52' title='bbox 1773 768 1915 821; x_wconf 89' lang='lat' dir='ltr'><strong>inter</strong></span> <span class='ocrx_word' id='word_1_53' title='bbox 1944 780 2050 820; x_wconf 70' lang='lat' dir='ltr'><strong>cas-</strong></span> 
     </span>
    </p>
   </div>
   <div class='ocr_carea' id='block_1_10' title="bbox 471 855 2044 933">
    <p class='ocr_par' dir='ltr' id='par_1_10' title="bbox 471 855 2044 933">
     <span class='ocr_line' id='line_1_10' title="bbox 471 855 2044 933; baseline -0.006 -14"><span class='ocrx_word' id='word_1_54' title='bbox 471 875 618 920; x_wconf 85' lang='lat' dir='ltr'><strong>teros</strong></span> <span class='ocrx_word' id='word_1_55' title='bbox 644 865 933 933; x_wconf 84' lang='lat' dir='ltr'><strong>apostolos,</strong></span> <span class='ocrx_word' id='word_1_56' title='bbox 965 863 1089 917; x_wconf 91' lang='lat' dir='ltr'><strong>licet</strong></span> <span class='ocrx_word' id='word_1_57' title='bbox 1110 877 1298 916; x_wconf 87' lang='lat' dir='ltr'><strong>omnes</strong></span> <span class='ocrx_word' id='word_1_58' title='bbox 1327 860 1487 915; x_wconf 87' lang='lat' dir='ltr'><strong>unius</strong></span> <span class='ocrx_word' id='word_1_59' title='bbox 1516 857 1821 930; x_wconf 82' lang='lat' dir='ltr'><strong>potestatis,</strong></span> <span class='ocrx_word' id='word_1_60' title='bbox 1862 866 1920 911; x_wconf 88' lang='lat' dir='ltr'><strong>et</strong></span> <span class='ocrx_word' id='word_1_61' title='bbox 1961 855 2044 911; x_wconf 87' lang='lat' dir='ltr'><strong>di-</strong></span> 
     </span>
    </p>
   </div>
   <div class='ocr_carea' id='block_1_11' title="bbox 471 947 2079 1027">
    <p class='ocr_par' dir='ltr' id='par_1_11' title="bbox 471 947 2079 1027">
     <span class='ocr_line' id='line_1_11' title="bbox 471 947 2079 1027; baseline -0.006 -18"><span class='ocrx_word' id='word_1_62' title='bbox 471 956 692 1027; x_wconf 85' lang='lat' dir='ltr'><strong>gnitatis</strong></span> <span class='ocrx_word' id='word_1_63' title='bbox 711 955 840 1019; x_wconf 91' lang='lat' dir='ltr'><strong>sint,</strong></span> <span class='ocrx_word' id='word_1_64' title='bbox 867 953 1264 1022; x_wconf 85' lang='lat' dir='ltr'><strong>quodammodo</strong></span> <span class='ocrx_word' id='word_1_65' title='bbox 1281 950 1526 1020; x_wconf 83' lang='lat' dir='ltr'><strong>egregios</strong></span> <span class='ocrx_word' id='word_1_66' title='bbox 1546 957 1707 1018; x_wconf 84' lang='lat' dir='ltr'><strong>atque</strong></span> <span class='ocrx_word' id='word_1_67' title='bbox 1723 947 2047 1017; x_wconf 81' lang='lat' dir='ltr'><strong>conSpicuos</strong></span> <span class='ocrx_word' id='word_1_68' title='bbox 2074 1017 2079 1025; x_wconf 32' lang='grc' dir='ltr'><strong>Ι</strong></span> 
     </span>
    </p>
   </div>
   <div class='ocr_carea' id='block_1_12' title="bbox 467 1039 2046 1114">
    <p class='ocr_par' dir='ltr' id='par_1_12' title="bbox 467 1039 2046 1114">
     <span class='ocr_line' id='line_1_12' title="bbox 467 1039 2046 1114; baseline -0.006 -13"><span class='ocrx_word' id='word_1_69' title='bbox 467 1046 615 1101; x_wconf 86' lang='lat' dir='ltr'><strong>fecit.</strong></span> <span class='ocrx_word' id='word_1_70' title='bbox 641 1045 784 1101; x_wconf 85' lang='lat' dir='ltr'><strong>Crux</strong></span> <span class='ocrx_word' id='word_1_71' title='bbox 809 1047 977 1109; x_wconf 80' lang='lat' dir='ltr'><strong>eiiim,</strong></span> <span class='ocrx_word' id='word_1_72' title='bbox 1014 1059 1136 1114; x_wconf 78' lang='lat' dir='ltr'><strong>quae</strong></span> <span class='ocrx_word' id='word_1_73' title='bbox 1161 1057 1340 1113; x_wconf 88' lang='lat' dir='ltr'><strong>regem</strong></span> <span class='ocrx_word' id='word_1_74' title='bbox 1369 1039 1630 1110; x_wconf 62' lang='lat' dir='ltr'><strong>praemisit</strong></span> <span class='ocrx_word' id='word_1_75' title='bbox 1657 1053 1722 1093; x_wconf 89' lang='lat' dir='ltr'><strong>ao</strong></span> <span class='ocrx_word' id='word_1_76' title='bbox 1749 1047 2046 1108; x_wconf 79' lang='lat' dir='ltr'><strong>sceptrum,</strong></span> 
     </span>
    </p>
   </div>
   <div class='ocr_carea' id='block_1_13' title="bbox 464 1130 2047 1207">
    <p class='ocr_par' dir='ltr' id='par_1_13' title="bbox 464 1130 2047 1207">
     <span class='ocr_line' id='line_1_13' title="bbox 464 1130 2047 1207; baseline -0.005 -15"><span class='ocrx_word' id='word_1_77' title='bbox 464 1139 653 1192; x_wconf 84' lang='lat' dir='ltr'><strong>eadem</strong></span> <span class='ocrx_word' id='word_1_78' title='bbox 701 1147 992 1207; x_wconf 89' lang='lat' dir='ltr'><strong>utrumque</strong></span> <span class='ocrx_word' id='word_1_79' title='bbox 1035 1135 1256 1189; x_wconf 90' lang='lat' dir='ltr'><strong>militem</strong></span> <span class='ocrx_word' id='word_1_80' title='bbox 1321 1133 1714 1201; x_wconf 85' lang='lat' dir='ltr'><strong>subsequenter</strong></span> <span class='ocrx_word' id='word_1_81' title='bbox 1756 1131 1936 1186; x_wconf 77' lang='lat' dir='ltr'><strong>evexit</strong></span> <span class='ocrx_word' id='word_1_82' title='bbox 1978 1130 2047 1184; x_wconf 90' lang='lat' dir='ltr'><strong>ad</strong></span> 
     </span>
    </p>
   </div>
   <div class='ocr_carea' id='block_1_14' title="bbox 463 1229 764 1298">
    <p class='ocr_par' dir='ltr' id='par_1_14' title="bbox 463 1229 764 1298">
     <span class='ocr_line' id='line_1_14' title="bbox 463 1229 764 1298; baseline 0 -16"><span class='ocrx_word' id='word_1_83' title='bbox 463 1229 764 1298; x_wconf 67' lang='lat' dir='ltr'><strong>praemium.</strong></span> 
     </span>
    </p>
   </div>
   <div class='ocr_carea' id='block_1_15' title="bbox 535 1334 2042 1413">
    <p class='ocr_par' dir='ltr' id='par_1_15' title="bbox 535 1334 2042 1413">
     <span class='ocr_line' id='line_1_15' title="bbox 535 1334 2042 1413; baseline -0.007 -18"><span class='ocrx_word' id='word_1_84' title='bbox 535 1341 579 1396; x_wconf 95' lang='grc' dir='ltr'><strong>Ο</strong></span> <span class='ocrx_word' id='word_1_85' title='bbox 607 1342 764 1395; x_wconf 88' lang='lat' dir='ltr'><strong>beata</strong></span> <span class='ocrx_word' id='word_1_86' title='bbox 797 1338 1151 1410; x_wconf 81' lang='lat' dir='ltr'><strong>germanitas,</strong></span> <span class='ocrx_word' id='word_1_87' title='bbox 1183 1351 1345 1408; x_wconf 89' lang='lat' dir='ltr'><strong>quam</strong></span> <span class='ocrx_word' id='word_1_88' title='bbox 1379 1335 1520 1390; x_wconf 87' lang='lat' dir='ltr'><strong>sicut</strong></span> <span class='ocrx_word' id='word_1_89' title='bbox 1541 1334 1741 1388; x_wconf 90' lang='lat' dir='ltr'><strong>mundo</strong></span> <span class='ocrx_word' id='word_1_90' title='bbox 1768 1343 1876 1413; x_wconf 78' lang='lat' dir='ltr'><strong>una</strong></span> <span class='ocrx_word' id='word_1_91' title='bbox 1910 1345 2042 1386; x_wconf 88' lang='lat' dir='ltr'><strong>con-</strong></span> 
     </span>
    </p>
   </div>
   <div class='ocr_carea' id='block_1_16' title="bbox 465 1419 2046 1502">
    <p class='ocr_par' dir='ltr' id='par_1_16' title="bbox 465 1419 2046 1502">
     <span class='ocr_line' id='line_1_16' title="bbox 465 1419 2046 1502; baseline -0.006 -17"><span class='ocrx_word' id='word_1_92' title='bbox 465 1431 800 1502; x_wconf 81' lang='lat' dir='ltr'><strong>sanguinitas</strong></span> <span class='ocrx_word' id='word_1_93' title='bbox 818 1429 1008 1494; x_wconf 84' lang='lat' dir='ltr'><strong>edidit,</strong></span> <span class='ocrx_word' id='word_1_94' title='bbox 1034 1428 1112 1483; x_wconf 93' lang='lat' dir='ltr'><strong>sic</strong></span> <span class='ocrx_word' id='word_1_95' title='bbox 1136 1428 1325 1482; x_wconf 85' lang='lat' dir='ltr'><strong>eadem</strong></span> <span class='ocrx_word' id='word_1_96' title='bbox 1349 1423 1690 1494; x_wconf 82' lang='lat' dir='ltr'><strong>triumphalis</strong></span> <span class='ocrx_word' id='word_1_97' title='bbox 1713 1435 1858 1477; x_wconf 86' lang='lat' dir='ltr'><strong>mors</strong></span> <span class='ocrx_word' id='word_1_98' title='bbox 1879 1419 2046 1476; x_wconf 90' lang='lat' dir='ltr'><strong>victo-</strong></span> 
     </span>
    </p>
   </div>
   <div class='ocr_carea' id='block_1_17' title="bbox 465 1509 2046 1586">
    <p class='ocr_par' dir='ltr' id='par_1_17' title="bbox 465 1509 2046 1586">
     <span class='ocr_line' id='line_1_17' title="bbox 465 1509 2046 1586; baseline -0.006 -11"><span class='ocrx_word' id='word_1_99' title='bbox 465 1537 556 1576; x_wconf 85' lang='lat' dir='ltr'><strong>res</strong></span> <span class='ocrx_word' id='word_1_100' title='bbox 583 1523 647 1574; x_wconf 89' lang='lat' dir='ltr'><strong>ad</strong></span> <span class='ocrx_word' id='word_1_101' title='bbox 676 1531 821 1574; x_wconf 90' lang='lat' dir='ltr'><strong>astra</strong></span> <span class='ocrx_word' id='word_1_102' title='bbox 845 1518 1184 1583; x_wconf 81' lang='lat' dir='ltr'><strong>transmisit,</strong></span> <span class='ocrx_word' id='word_1_103' title='bbox 1220 1523 1277 1572; x_wconf 90' lang='lat' dir='ltr'><strong>et</strong></span> <span class='ocrx_word' id='word_1_104' title='bbox 1321 1530 1456 1586; x_wconf 89' lang='lat' dir='ltr'><strong>quos</strong></span> <span class='ocrx_word' id='word_1_105' title='bbox 1501 1515 1554 1568; x_wconf 91' lang='lat' dir='ltr'><strong>in</strong></span> <span class='ocrx_word' id='word_1_106' title='bbox 1600 1513 1702 1568; x_wconf 87' lang='lat' dir='ltr'><strong>hac</strong></span> <span class='ocrx_word' id='word_1_107' title='bbox 1741 1510 1850 1567; x_wconf 87' lang='lat' dir='ltr'><strong>vita</strong></span> <span class='ocrx_word' id='word_1_108' title='bbox 1889 1509 2046 1566; x_wconf 89' lang='lat' dir='ltr'><strong>unius</strong></span> 
     </span>
    </p>
   </div>
   <div class='ocr_carea' id='block_1_18' title="bbox 463 1601 2047 1685">
    <p class='ocr_par' dir='ltr' id='par_1_18' title="bbox 463 1601 2047 1685">
     <span class='ocr_line' id='line_1_18' title="bbox 463 1601 2047 1685; baseline -0.008 -18"><span class='ocrx_word' id='word_1_109' title='bbox 463 1613 679 1685; x_wconf 80' lang='lat' dir='ltr'><strong>generis</strong></span> <span class='ocrx_word' id='word_1_110' title='bbox 710 1611 937 1681; x_wconf 89' lang='lat' dir='ltr'><strong>protulit</strong></span> <span class='ocrx_word' id='word_1_111' title='bbox 959 1619 1152 1664; x_wconf 88' lang='lat' dir='ltr'><strong>natura</strong></span> <span class='ocrx_word' id='word_1_112' title='bbox 1182 1617 1482 1672; x_wconf 84' lang='lat' dir='ltr'><strong>consortes,</strong></span> <span class='ocrx_word' id='word_1_113' title='bbox 1508 1607 1560 1660; x_wconf 90' lang='lat' dir='ltr'><strong>in</strong></span> <span class='ocrx_word' id='word_1_114' title='bbox 1585 1605 1731 1659; x_wconf 86' lang='lat' dir='ltr'><strong>illam</strong></span> <span class='ocrx_word' id='word_1_115' title='bbox 1755 1601 2047 1659; x_wconf 84' lang='lat' dir='ltr'><strong>beatitudi-</strong></span> 
     </span>
    </p>
   </div>
   <div class='ocr_carea' id='block_1_19' title="bbox 463 1697 2042 1776">
    <p class='ocr_par' dir='ltr' id='par_1_19' title="bbox 463 1697 2042 1776">
     <span class='ocr_line' id='line_1_19' title="bbox 463 1697 2042 1776; baseline -0.007 -16"><span class='ocrx_word' id='word_1_116' title='bbox 463 1721 586 1760; x_wconf 90' lang='lat' dir='ltr'><strong>nem</strong></span> <span class='ocrx_word' id='word_1_117' title='bbox 612 1705 996 1776; x_wconf 90' lang='lat' dir='ltr'><strong>sempiternam</strong></span> <span class='ocrx_word' id='word_1_118' title='bbox 1026 1718 1158 1757; x_wconf 84' lang='lat' dir='ltr'><strong>crux</strong></span> <span class='ocrx_word' id='word_1_119' title='bbox 1185 1701 1474 1773; x_wconf 90' lang='lat' dir='ltr'><strong>parturivit</strong></span> <span class='ocrx_word' id='word_1_120' title='bbox 1505 1697 1764 1768; x_wconf 79' lang='lat' dir='ltr'><strong>aequales!</strong></span> <span class='ocrx_word' id='word_1_121' title='bbox 1788 1697 2042 1765; x_wconf 86' lang='lat' dir='ltr'><strong>Ejusdem</strong></span> 
     </span>
    </p>
   </div>
   <div class='ocr_carea' id='block_1_20' title="bbox 2148 490 3719 564">
    <p class='ocr_par' dir='ltr' id='par_1_20' title="bbox 2148 490 3719 564">
     <span class='ocr_line' id='line_1_20' title="bbox 2148 490 3719 564; baseline 0.002 -20"><span class='ocrx_word' id='word_1_122' title='bbox 2148 505 2438 547; x_wconf 86' lang='lat' dir='ltr'><strong>succensus</strong></span> <span class='ocrx_word' id='word_1_123' title='bbox 2459 490 2728 562; x_wconf 79' lang='lat' dir='ltr'><strong>flagitaret</strong></span> <span class='ocrx_word' id='word_1_124' title='bbox 2739 491 3047 546; x_wconf 63' lang='lat' dir='ltr'><strong>Medi-eloris</strong></span> <span class='ocrx_word' id='word_1_125' title='bbox 3060 491 3372 556; x_wconf 81' lang='lat' dir='ltr'><strong>adventum,</strong></span> <span class='ocrx_word' id='word_1_126' title='bbox 3388 502 3444 547; x_wconf 91' lang='lat' dir='ltr'><strong>et</strong></span> <span class='ocrx_word' id='word_1_127' title='bbox 3465 503 3719 564; x_wconf 82' lang='lat' dir='ltr'><strong>tanquam</strong></span> 
     </span>
    </p>
   </div>
   <div class='ocr_carea' id='block_1_21' title="bbox 2149 582 3716 664">
    <p class='ocr_par' dir='ltr' id='par_1_21' title="bbox 2149 582 3716 664">
     <span class='ocr_line' id='line_1_21' title="bbox 2149 582 3716 664; baseline 0.01 -30"><span class='ocrx_word' id='word_1_128' title='bbox 2149 596 2380 636; x_wconf 72' lang='lat' dir='ltr'><strong>morosa:</strong></span> <span class='ocrx_word' id='word_1_129' title='bbox 2421 582 2696 638; x_wconf 89' lang='lat' dir='ltr'><strong>dilationis</strong></span> <span class='ocrx_word' id='word_1_130' title='bbox 2729 584 3014 655; x_wconf 86' lang='lat' dir='ltr'><strong>impatiens</strong></span> <span class='ocrx_word' id='word_1_131' title='bbox 3041 599 3277 648; x_wconf 77' lang='lat' dir='ltr'><strong>:estuans</strong></span> <span class='ocrx_word' id='word_1_132' title='bbox 3311 598 3664 664; x_wconf 73' lang='lat' dir='ltr'><strong>proclamaret</strong></span> <span class='ocrx_word' id='word_1_133' title='bbox 3699 622 3716 661; x_wconf 71' lang='grc' dir='ltr'>ε</span> 
     </span>
    </p>
   </div>
   <div class='ocr_carea' id='block_1_22' title="bbox 2153 674 3720 753">
    <p class='ocr_par' dir='ltr' id='par_1_22' title="bbox 2153 674 3720 753">
     <span class='ocr_line' id='line_1_22' title="bbox 2153 674 3720 753; baseline 0.016 -26"><span class='ocrx_word' id='word_1_134' title='bbox 2153 692 2174 727; x_wconf 72' lang='grc' dir='ltr'><strong>ε</strong></span> <span class='ocrx_word' id='word_1_135' title='bbox 2218 674 2434 731; x_wconf 84' lang='lat' dir='ltr'><strong>Utinam</strong></span> <span class='ocrx_word' id='word_1_136' title='bbox 2457 676 2792 745; x_wconf 87' lang='lat' dir='ltr'><strong>dirumpcres</strong></span> <span class='ocrx_word' id='word_1_137' title='bbox 2812 679 2999 747; x_wconf 78' lang='lat' dir='ltr'><strong>caelos,</strong></span> <span class='ocrx_word' id='word_1_138' title='bbox 3029 689 3084 736; x_wconf 91' lang='lat' dir='ltr'><strong>et</strong></span> <span class='ocrx_word' id='word_1_139' title='bbox 3110 683 3557 747; x_wconf 67' lang='lat' dir='ltr'><strong>descenderest&#39;A</strong></span> <span class='ocrx_word' id='word_1_140' title='bbox 3584 691 3720 753; x_wconf 86' lang='lat' dir='ltr'><strong>facie</strong></span> 
     </span>
    </p>
   </div>
   <div class='ocr_carea' id='block_1_23' title="bbox 2150 766 3723 847">
    <p class='ocr_par' dir='ltr' id='par_1_23' title="bbox 2150 766 3723 847">
     <span class='ocr_line' id='line_1_23' title="bbox 2150 766 3723 847; baseline 0.013 -28"><span class='ocrx_word' id='word_1_141' title='bbox 2150 773 2239 819; x_wconf 89' lang='lat' dir='ltr'><strong>tua</strong></span> <span class='ocrx_word' id='word_1_142' title='bbox 2271 774 2480 822; x_wconf 85' lang='lat' dir='ltr'><strong>montes</strong></span> <span class='ocrx_word' id='word_1_143' title='bbox 2524 766 2853 834; x_wconf 87' lang='lat' dir='ltr'><strong>defluerent,</strong></span> <span class='ocrx_word' id='word_1_144' title='bbox 2891 770 3032 825; x_wconf 86' lang='lat' dir='ltr'><strong>sicut</strong></span> <span class='ocrx_word' id='word_1_145' title='bbox 3059 775 3272 830; x_wconf 86' lang='lat' dir='ltr'><strong>exustio</strong></span> <span class='ocrx_word' id='word_1_146' title='bbox 3307 777 3441 847; x_wconf 81' lang='lat' dir='ltr'><strong>ignis</strong></span> <span class='ocrx_word' id='word_1_147' title='bbox 3480 779 3723 840; x_wconf 82' lang='lat' dir='ltr'><strong>tabesce-</strong></span> 
     </span>
    </p>
   </div>
   <div class='ocr_carea' id='block_1_24' title="bbox 2149 854 3718 930">
    <p class='ocr_par' dir='ltr' id='par_1_24' title="bbox 2149 854 3718 930">
     <span class='ocr_line' id='line_1_24' title="bbox 2149 854 3718 930; baseline 0.014 -22"><span class='ocrx_word' id='word_1_148' title='bbox 2149 863 2290 922; x_wconf 88' lang='lat' dir='ltr'><strong>rent,</strong></span> <span class='ocrx_word' id='word_1_149' title='bbox 2319 871 2473 927; x_wconf 75' lang='lat' dir='ltr'><strong>aqum</strong></span> <span class='ocrx_word' id='word_1_150' title='bbox 2518 854 2774 914; x_wconf 85' lang='lat' dir='ltr'><strong>arderent</strong></span> <span class='ocrx_word' id='word_1_151' title='bbox 2815 860 2965 930; x_wconf 91' lang='lat' dir='ltr'><strong>igne;</strong></span> <span class='ocrx_word' id='word_1_152' title='bbox 3020 871 3078 915; x_wconf 94' lang='lat' dir='ltr'><strong>ut</strong></span> <span class='ocrx_word' id='word_1_153' title='bbox 3115 875 3299 919; x_wconf 87' lang='lat' dir='ltr'><strong>netum</strong></span> <span class='ocrx_word' id='word_1_154' title='bbox 3339 868 3491 925; x_wconf 89' lang='lat' dir='ltr'><strong>fieret</strong></span> <span class='ocrx_word' id='word_1_155' title='bbox 3523 887 3718 930; x_wconf 90' lang='lat' dir='ltr'><strong>nomen</strong></span> 
     </span>
    </p>
   </div>
   <div class='ocr_carea' id='block_1_25' title="bbox 2148 947 3719 1024">
    <p class='ocr_par' dir='ltr' id='par_1_25' title="bbox 2148 947 3719 1024">
     <span class='ocr_line' id='line_1_25' title="bbox 2148 947 3719 1024; baseline 0.015 -25"><span class='ocrx_word' id='word_1_156' title='bbox 2148 953 2300 1000; x_wconf 88' lang='lat' dir='ltr'><strong>tuum</strong></span> <span class='ocrx_word' id='word_1_157' title='bbox 2341 947 2574 1004; x_wconf 89' lang='lat' dir='ltr'><strong>inimicis</strong></span> <span class='ocrx_word' id='word_1_158' title='bbox 2615 950 2721 1004; x_wconf 90' lang='lat' dir='ltr'><strong>tuis</strong></span> <span class='ocrx_word' id='word_1_159' title='bbox 2759 949 2896 1022; x_wconf 75' lang='grc' dir='ltr'><strong>(ιω.</strong></span> <span class='ocrx_word' id='word_1_160' title='bbox 2957 956 3127 1021; x_wconf 82' lang='lat' dir='ltr'><strong>thv).</strong></span> <span class='ocrx_word' id='word_1_161' title='bbox 3172 974 3192 1007; x_wconf 72' lang='grc' dir='ltr'><strong><em>ι</em></strong></span> <span class='ocrx_word' id='word_1_162' title='bbox 3237 956 3406 1024; x_wconf 86' lang='lat' dir='ltr'><strong>Quam</strong></span> <span class='ocrx_word' id='word_1_163' title='bbox 3462 963 3719 1023; x_wconf 86' lang='lat' dir='ltr'><strong>terribilis</strong></span> 
     </span>
    </p>
   </div>
   <div class='ocr_carea' id='block_1_26' title="bbox 2149 1038 3716 1124">
    <p class='ocr_par' dir='ltr' id='par_1_26' title="bbox 2149 1038 3716 1124">
     <span class='ocr_line' id='line_1_26' title="bbox 2149 1038 3716 1124; baseline 0.013 -32"><span class='ocrx_word' id='word_1_164' title='bbox 2149 1053 2215 1093; x_wconf 90' lang='lat' dir='ltr'><strong>ac</strong></span> <span class='ocrx_word' id='word_1_165' title='bbox 2233 1038 2524 1094; x_wconf 86' lang='lat' dir='ltr'><strong>vehemens</strong></span> <span class='ocrx_word' id='word_1_166' title='bbox 2546 1039 2675 1096; x_wconf 90' lang='lat' dir='ltr'><strong>tuba</strong></span> <span class='ocrx_word' id='word_1_167' title='bbox 2702 1057 2805 1098; x_wconf 83' lang='lat' dir='ltr'><strong>vox</strong></span> <span class='ocrx_word' id='word_1_168' title='bbox 2835 1042 2950 1098; x_wconf 69' lang='lat' dir='ltr'><strong>haec</strong></span> <span class='ocrx_word' id='word_1_169' title='bbox 2981 1045 3035 1098; x_wconf 91' lang='lat' dir='ltr'><strong>in</strong></span> <span class='ocrx_word' id='word_1_170' title='bbox 3065 1044 3210 1102; x_wconf 88' lang='lat' dir='ltr'><strong>Petri</strong></span> <span class='ocrx_word' id='word_1_171' title='bbox 3235 1050 3398 1104; x_wconf 88' lang='lat' dir='ltr'><strong>corde</strong></span> <span class='ocrx_word' id='word_1_172' title='bbox 3415 1059 3716 1124; x_wconf 87' lang='lat' dir='ltr'><strong>personuit,</strong></span> 
     </span>
    </p>
   </div>
   <div class='ocr_carea' id='block_1_27' title="bbox 2147 1129 3716 1214">
    <p class='ocr_par' dir='ltr' id='par_1_27' title="bbox 2147 1129 3716 1214">
     <span class='ocr_line' id='line_1_27' title="bbox 2147 1129 3716 1214; baseline 0.016 -35"><span class='ocrx_word' id='word_1_173' title='bbox 2147 1134 2203 1180; x_wconf 91' lang='lat' dir='ltr'><strong>et</strong></span> <span class='ocrx_word' id='word_1_174' title='bbox 2237 1135 2491 1196; x_wconf 86' lang='lat' dir='ltr'><strong>tanquam</strong></span> <span class='ocrx_word' id='word_1_175' title='bbox 2516 1129 2854 1199; x_wconf 88' lang='lat' dir='ltr'><strong>repentinum</strong></span> <span class='ocrx_word' id='word_1_176' title='bbox 2879 1132 3078 1189; x_wconf 79' lang='lat' dir='ltr'><strong>fulmen</strong></span> <span class='ocrx_word' id='word_1_177' title='bbox 3109 1136 3380 1206; x_wconf 91' lang='lat' dir='ltr'><strong>inopinato</strong></span> <span class='ocrx_word' id='word_1_178' title='bbox 3406 1157 3716 1214; x_wconf 81' lang='lat' dir='ltr'><strong>coruscans,</strong></span> 
     </span>
    </p>
   </div>
   <div class='ocr_carea' id='block_1_28' title="bbox 2051 1217 3719 1310">
    <p class='ocr_par' dir='ltr' id='par_1_28' title="bbox 2051 1217 3719 1310">
     <span class='ocr_line' id='line_1_28' title="bbox 2051 1217 3719 1310; baseline 0.017 -42"><span class='ocrx_word' id='word_1_179' title='bbox 2051 1276 2061 1287; x_wconf 35' lang='grc' dir='ltr'>ι</span> <span class='ocrx_word' id='word_1_180' title='bbox 2149 1219 2434 1310; x_wconf 84' lang='lat' dir='ltr'><strong>attonitum</strong></span> <span class='ocrx_word' id='word_1_181' title='bbox 2471 1217 2601 1274; x_wconf 90' lang='lat' dir='ltr'><strong>fecit</strong></span> <span class='ocrx_word' id='word_1_182' title='bbox 2631 1238 2645 1273; x_wconf 91' lang='lat'><strong>:</strong></span> <span class='ocrx_word' id='word_1_183' title='bbox 2681 1240 2700 1272; x_wconf 72' lang='grc' dir='ltr'>ε</span> <span class='ocrx_word' id='word_1_184' title='bbox 2732 1221 3058 1293; x_wconf 85' lang='lat' dir='ltr'><strong>Invenimus,</strong></span> <span class='ocrx_word' id='word_1_185' title='bbox 3088 1228 3292 1298; x_wconf 87' lang='lat' dir='ltr'><strong>inquit,</strong></span> <span class='ocrx_word' id='word_1_186' title='bbox 3324 1233 3599 1304; x_wconf 67' lang='lat' dir='ltr'><strong>Messian],</strong></span> <span class='ocrx_word' id='word_1_187' title='bbox 3628 1240 3719 1310; x_wconf 86' lang='lat' dir='ltr'><strong>qui</strong></span> 
     </span>
    </p>
   </div>
   <div class='ocr_carea' id='block_1_29' title="bbox 2148 1305 2974 1385">
    <p class='ocr_par' dir='ltr' id='par_1_29' title="bbox 2148 1305 2974 1385">
     <span class='ocr_line' id='line_1_29' title="bbox 2148 1305 2974 1385; baseline 0.01 -24"><span class='ocrx_word' id='word_1_188' title='bbox 2148 1305 2343 1362; x_wconf 89' lang='lat' dir='ltr'><strong>dicitur</strong></span> <span class='ocrx_word' id='word_1_189' title='bbox 2365 1309 2612 1366; x_wconf 87' lang='lat' dir='ltr'><strong>Christus</strong></span> <span class='ocrx_word' id='word_1_190' title='bbox 2641 1312 2821 1380; x_wconf 85' lang='lat' dir='ltr'><strong>(Joan.</strong></span> <span class='ocrx_word' id='word_1_191' title='bbox 2846 1315 2904 1385; x_wconf 82' lang='grc' dir='ltr'><strong>ι).</strong></span> <span class='ocrx_word' id='word_1_192' title='bbox 2955 1335 2974 1368; x_wconf 78' lang='grc' dir='ltr'><strong><em>ι</em></strong></span> 
     </span>
    </p>
   </div>
   <div class='ocr_carea' id='block_1_30' title="bbox 2215 1398 3718 1489">
    <p class='ocr_par' dir='ltr' id='par_1_30' title="bbox 2215 1398 3718 1489">
     <span class='ocr_line' id='line_1_30' title="bbox 2215 1398 3718 1489; baseline 0.017 -39"><span class='ocrx_word' id='word_1_193' title='bbox 2215 1398 2296 1451; x_wconf 87' lang='lat' dir='ltr'><strong>Ad</strong></span> <span class='ocrx_word' id='word_1_194' title='bbox 2320 1401 2670 1468; x_wconf 69' lang='lat' dir='ltr'><strong>piteliandum</strong></span> <span class='ocrx_word' id='word_1_195' title='bbox 2699 1402 2858 1473; x_wconf 88' lang='lat' dir='ltr'><strong>plane</strong></span> <span class='ocrx_word' id='word_1_196' title='bbox 2891 1406 3000 1460; x_wconf 81' lang='lat' dir='ltr'><strong>ilex</strong></span> <span class='ocrx_word' id='word_1_197' title='bbox 3032 1408 3214 1478; x_wconf 74' lang='lat' dir='ltr'><strong>gloriae</strong></span> <span class='ocrx_word' id='word_1_198' title='bbox 3235 1413 3381 1468; x_wconf 91' lang='lat' dir='ltr'><strong>solus</strong></span> <span class='ocrx_word' id='word_1_199' title='bbox 3405 1415 3718 1489; x_wconf 81' lang='lat' dir='ltr'><strong>advenerat,</strong></span> 
     </span>
    </p>
   </div>
   <div class='ocr_carea' id='block_1_31' title="bbox 2147 1489 3820 1574">
    <p class='ocr_par' dir='ltr' id='par_1_31' title="bbox 2147 1489 3820 1574">
     <span class='ocr_line' id='line_1_31' title="bbox 2147 1489 3820 1574; baseline 0.016 -33"><span class='ocrx_word' id='word_1_200' title='bbox 2147 1496 2202 1542; x_wconf 89' lang='lat' dir='ltr'><strong>et</strong></span> <span class='ocrx_word' id='word_1_201' title='bbox 2231 1489 2352 1544; x_wconf 87' lang='lat' dir='ltr'><strong>ideo</strong></span> <span class='ocrx_word' id='word_1_202' title='bbox 2376 1493 2444 1546; x_wconf 91' lang='lat' dir='ltr'><strong>ad</strong></span> <span class='ocrx_word' id='word_1_203' title='bbox 2467 1492 2804 1562; x_wconf 90' lang='lat' dir='ltr'><strong>procinctum</strong></span> <span class='ocrx_word' id='word_1_204' title='bbox 2827 1495 2950 1550; x_wconf 87' lang='lat' dir='ltr'><strong>belli</strong></span> <span class='ocrx_word' id='word_1_205' title='bbox 2977 1499 3232 1568; x_wconf 86' lang='lat' dir='ltr'><strong>paulatim</strong></span> <span class='ocrx_word' id='word_1_206' title='bbox 3257 1503 3357 1558; x_wconf 91' lang='lat' dir='ltr'><strong>sibi</strong></span> <span class='ocrx_word' id='word_1_207' title='bbox 3380 1503 3493 1574; x_wconf 81' lang='lat' dir='ltr'><strong>jam</strong></span> <span class='ocrx_word' id='word_1_208' title='bbox 3525 1509 3722 1567; x_wconf 79' lang='lat' dir='ltr'><strong>milites</strong></span> <span class='ocrx_word' id='word_1_209' title='bbox 3816 1493 3820 1496; x_wconf 15' lang='grc' dir='ltr'><strong>ν</strong></span> 
     </span>
    </p>
   </div>
   <div class='ocr_carea' id='block_1_32' title="bbox 2147 1577 3718 1654">
    <p class='ocr_par' dir='ltr' id='par_1_32' title="bbox 2147 1577 3718 1654">
     <span class='ocr_line' id='line_1_32' title="bbox 2147 1577 3718 1654; baseline 0.014 -22"><span class='ocrx_word' id='word_1_210' title='bbox 2147 1577 2481 1650; x_wconf 87' lang='lat' dir='ltr'><strong>acquirebat.</strong></span> <span class='ocrx_word' id='word_1_211' title='bbox 2536 1582 2767 1637; x_wconf 86' lang='lat' dir='ltr'><strong>Venerat</strong></span> <span class='ocrx_word' id='word_1_212' title='bbox 2817 1600 3050 1654; x_wconf 91' lang='lat' dir='ltr'><strong>namque</strong></span> <span class='ocrx_word' id='word_1_213' title='bbox 3096 1597 3153 1642; x_wconf 93' lang='lat' dir='ltr'><strong>ut</strong></span> <span class='ocrx_word' id='word_1_214' title='bbox 3197 1587 3392 1648; x_wconf 80' lang='lat' dir='ltr'><strong>fortem</strong></span> <span class='ocrx_word' id='word_1_215' title='bbox 3449 1605 3718 1654; x_wconf 88' lang='lat' dir='ltr'><strong>armatum</strong></span> 
     </span>
    </p>
   </div>
   <div class='ocr_carea' id='block_1_33' title="bbox 2145 1674 3720 1756">
    <p class='ocr_par' dir='ltr' id='par_1_33' title="bbox 2145 1674 3720 1756">
     <span class='ocr_line' id='line_1_33' title="bbox 2145 1674 3720 1756; baseline 0.011 -29"><span class='ocrx_word' id='word_1_216' title='bbox 2145 1674 2530 1741; x_wconf 89' lang='lat' dir='ltr'><strong>superveniens</strong></span> <span class='ocrx_word' id='word_1_217' title='bbox 2555 1675 2815 1741; x_wconf 91' lang='lat' dir='ltr'><strong>vinceret,</strong></span> <span class='ocrx_word' id='word_1_218' title='bbox 2851 1686 2908 1729; x_wconf 87' lang='lat' dir='ltr'><strong>et</strong></span> <span class='ocrx_word' id='word_1_219' title='bbox 2944 1675 3198 1735; x_wconf 85' lang='lat' dir='ltr'><strong>universa</strong></span> <span class='ocrx_word' id='word_1_220' title='bbox 3230 1698 3401 1749; x_wconf 87' lang='lat' dir='ltr'><strong>arma,</strong></span> <span class='ocrx_word' id='word_1_221' title='bbox 3441 1680 3492 1740; x_wconf 91' lang='lat' dir='ltr'><strong>in</strong></span> <span class='ocrx_word' id='word_1_222' title='bbox 3525 1689 3720 1756; x_wconf 92' lang='lat' dir='ltr'><strong>quibus</strong></span> 
     </span>
    </p>
   </div>
   <div class='ocr_carea' id='block_1_34' title="bbox 465 1761 2043 1860">
    <p class='ocr_par' dir='ltr' id='par_1_34' title="bbox 465 1761 2040 1860">
     <span class='ocr_line' id='line_1_34' title="bbox 465 1761 2040 1860; baseline -0.005 -13"><span class='ocrx_word' id='word_1_223' title='bbox 465 1761 767 1849; x_wconf 74' lang='lat' dir='ltr'><strong>nobilitatis</strong></span> <span class='ocrx_word' id='word_1_224' title='bbox 808 1795 858 1847; x_wconf 95' lang='lat' dir='ltr'><strong>in</strong></span> <span class='ocrx_word' id='word_1_225' title='bbox 913 1801 1056 1848; x_wconf 90' lang='lat' dir='ltr'><strong>terra</strong></span> <span class='ocrx_word' id='word_1_226' title='bbox 1087 1761 1331 1847; x_wconf 78' lang='lat' dir='ltr'><strong>eamdem</strong></span> <span class='ocrx_word' id='word_1_227' title='bbox 1377 1761 1642 1860; x_wconf 67' lang='lat' dir='ltr'><strong>prosapiae</strong></span> <span class='ocrx_word' id='word_1_228' title='bbox 1671 1761 2040 1841; x_wconf 84' lang='lat' dir='ltr'><strong>celsitudinem</strong></span> 
     </span>
    </p>
   </div>
   <div class='ocr_carea' id='block_1_35' title="bbox 2142 1761 3719 1860">
    <p class='ocr_par' dir='ltr' id='par_1_35' title="bbox 2145 1761 3719 1847">
     <span class='ocr_line' id='line_1_35' title="bbox 2145 1761 3719 1847; baseline 0.013 -33"><span class='ocrx_word' id='word_1_229' title='bbox 2145 1761 2470 1829; x_wconf 77' lang='lat' dir='ltr'><strong>confidebat,</strong></span> <span class='ocrx_word' id='word_1_230' title='bbox 2497 1764 2736 1818; x_wconf 77' lang='lat' dir='ltr'><strong>auferret</strong></span> <span class='ocrx_word' id='word_1_231' title='bbox 2763 1764 2915 1835; x_wconf 86' lang='lat' dir='ltr'><strong>(Luc.</strong></span> <span class='ocrx_word' id='word_1_232' title='bbox 2945 1767 3041 1838; x_wconf 74' lang='lat' dir='ltr'><strong>x1).</strong></span> <span class='ocrx_word' id='word_1_233' title='bbox 3069 1769 3338 1837; x_wconf 80' lang='lat' dir='ltr'><strong>Venerat,</strong></span> <span class='ocrx_word' id='word_1_234' title='bbox 3369 1783 3428 1828; x_wconf 91' lang='lat' dir='ltr'><strong>ut</strong></span> <span class='ocrx_word' id='word_1_235' title='bbox 3448 1779 3719 1847; x_wconf 81' lang='lat' dir='ltr'><strong>captivum</strong></span> 
     </span>
    </p>
   </div>
   <div class='ocr_carea' id='block_1_36' title="bbox 462 1874 2034 1950">
    <p class='ocr_par' dir='ltr' id='par_1_36' title="bbox 462 1874 2034 1950">
     <span class='ocr_line' id='line_1_36' title="bbox 462 1874 2034 1950; baseline -0.005 -12"><span class='ocrx_word' id='word_1_236' title='bbox 462 1883 838 1940; x_wconf 79' lang='lat' dir='ltr'><strong>sortiunturin</strong></span> <span class='ocrx_word' id='word_1_237' title='bbox 875 1877 1035 1939; x_wconf 77' lang='lat' dir='ltr'><strong>cteio.</strong></span> <span class='ocrx_word' id='word_1_238' title='bbox 1074 1881 1176 1950; x_wconf 87' lang='lat' dir='ltr'><strong>Qui</strong></span> <span class='ocrx_word' id='word_1_239' title='bbox 1212 1881 1357 1936; x_wconf 91' lang='lat' dir='ltr'><strong>enim</strong></span> <span class='ocrx_word' id='word_1_240' title='bbox 1385 1879 1473 1933; x_wconf 92' lang='lat' dir='ltr'><strong>hic</strong></span> <span class='ocrx_word' id='word_1_241' title='bbox 1503 1885 1628 1933; x_wconf 92' lang='lat' dir='ltr'><strong>sunt</strong></span> <span class='ocrx_word' id='word_1_242' title='bbox 1672 1875 1762 1930; x_wconf 89' lang='lat' dir='ltr'><strong>filii</strong></span> <span class='ocrx_word' id='word_1_243' title='bbox 1793 1874 2034 1939; x_wconf 86' lang='lat' dir='ltr'><strong>Joannis,</strong></span> 
     </span>
    </p>
   </div>
   <div class='ocr_carea' id='block_1_37' title="bbox 463 1965 2038 2040">
    <p class='ocr_par' dir='ltr' id='par_1_37' title="bbox 463 1965 2038 2040">
     <span class='ocr_line' id='line_1_37' title="bbox 463 1965 2038 2040; baseline -0.004 -13"><span class='ocrx_word' id='word_1_244' title='bbox 463 1973 575 2027; x_wconf 88' lang='lat' dir='ltr'><strong>illic</strong></span> <span class='ocrx_word' id='word_1_245' title='bbox 604 1981 728 2027; x_wconf 90' lang='lat' dir='ltr'><strong>sunt</strong></span> <span class='ocrx_word' id='word_1_246' title='bbox 757 1972 850 2026; x_wconf 83' lang='lat' dir='ltr'><strong>filii</strong></span> <span class='ocrx_word' id='word_1_247' title='bbox 884 1971 1085 2027; x_wconf 90' lang='lat' dir='ltr'><strong>crucis.</strong></span> <span class='ocrx_word' id='word_1_248' title='bbox 1113 1969 1204 2026; x_wconf 85' lang='lat' dir='ltr'><strong>isti</strong></span> <span class='ocrx_word' id='word_1_249' title='bbox 1233 1971 1377 2026; x_wconf 89' lang='lat' dir='ltr'><strong>enim</strong></span> <span class='ocrx_word' id='word_1_250' title='bbox 1413 1979 1542 2024; x_wconf 91' lang='lat' dir='ltr'><strong>sunt</strong></span> <span class='ocrx_word' id='word_1_251' title='bbox 1583 1967 1675 2022; x_wconf 87' lang='lat' dir='ltr'><strong>filii</strong></span> <span class='ocrx_word' id='word_1_252' title='bbox 1705 1965 1916 2040; x_wconf 68' lang='lat' dir='ltr'><strong>Qhorc,</strong></span> <span class='ocrx_word' id='word_1_253' title='bbox 1945 1965 2038 2036; x_wconf 89' lang='lat' dir='ltr'><strong>qui</strong></span> 
     </span>
    </p>
   </div>
   <div class='ocr_carea' id='block_1_38' title="bbox 461 2055 2040 2133">
    <p class='ocr_par' dir='ltr' id='par_1_38' title="bbox 461 2055 2040 2133">
     <span class='ocr_line' id='line_1_38' title="bbox 461 2055 2040 2133; baseline -0.006 -15"><span class='ocrx_word' id='word_1_254' title='bbox 461 2079 516 2118; x_wconf 73' lang='lat' dir='ltr'><strong>tn</strong></span> <span class='ocrx_word' id='word_1_255' title='bbox 545 2063 898 2132; x_wconf 89' lang='lat' dir='ltr'><strong>quorumdam</strong></span> <span class='ocrx_word' id='word_1_256' title='bbox 933 2063 1263 2133; x_wconf 89' lang='lat' dir='ltr'><strong>psalmorum</strong></span> <span class='ocrx_word' id='word_1_257' title='bbox 1292 2061 1464 2116; x_wconf 90' lang='lat' dir='ltr'><strong>titulis</strong></span> <span class='ocrx_word' id='word_1_258' title='bbox 1483 2067 1870 2132; x_wconf 62' lang='lat' dir='ltr'><strong>praenotantur.</strong></span> <span class='ocrx_word' id='word_1_259' title='bbox 1893 2055 2040 2112; x_wconf 82' lang='lat' dir='ltr'><strong>Crux</strong></span> 
     </span>
    </p>
   </div>
   <div class='ocr_carea' id='block_1_39' title="bbox 459 2147 2040 2224">
    <p class='ocr_par' dir='ltr' id='par_1_39' title="bbox 459 2147 2040 2224">
     <span class='ocr_line' id='line_1_39' title="bbox 459 2147 2040 2224; baseline -0.005 -16"><span class='ocrx_word' id='word_1_260' title='bbox 459 2154 770 2224; x_wconf 72' lang='lat' dir='ltr'><strong>enim,‘quze</strong></span> <span class='ocrx_word' id='word_1_261' title='bbox 800 2169 894 2208; x_wconf 90' lang='lat' dir='ltr'><strong>eos</strong></span> <span class='ocrx_word' id='word_1_262' title='bbox 921 2154 1218 2208; x_wconf 88' lang='lat' dir='ltr'><strong>morientes</strong></span> <span class='ocrx_word' id='word_1_263' title='bbox 1247 2153 1376 2206; x_wconf 91' lang='lat' dir='ltr'><strong>huic</strong></span> <span class='ocrx_word' id='word_1_264' title='bbox 1405 2152 1526 2206; x_wconf 80' lang='lat' dir='ltr'><strong>vitre</strong></span> <span class='ocrx_word' id='word_1_265' title='bbox 1562 2149 1852 2212; x_wconf 74' lang='lat' dir='ltr'><strong>subtraxit,</strong></span> <span class='ocrx_word' id='word_1_266' title='bbox 1877 2147 2040 2202; x_wconf 74' lang='lat' dir='ltr'><strong>ctele-</strong></span> 
     </span>
    </p>
   </div>
   <div class='ocr_carea' id='block_1_40' title="bbox 460 2235 2039 2306">
    <p class='ocr_par' dir='ltr' id='par_1_40' title="bbox 460 2235 2039 2306">
     <span class='ocr_line' id='line_1_40' title="bbox 460 2235 2039 2306; baseline -0.004 -10"><span class='ocrx_word' id='word_1_267' title='bbox 460 2241 534 2296; x_wconf 84' lang='lat' dir='ltr'><strong>sti</strong></span> <span class='ocrx_word' id='word_1_268' title='bbox 586 2241 920 2298; x_wconf 82' lang='lat' dir='ltr'><strong>Hierusalem</strong></span> <span class='ocrx_word' id='word_1_269' title='bbox 965 2250 1312 2296; x_wconf 82' lang='lat' dir='ltr'><strong>renascentes</strong></span> <span class='ocrx_word' id='word_1_270' title='bbox 1360 2255 1482 2294; x_wconf 91' lang='lat' dir='ltr'><strong>cum</strong></span> <span class='ocrx_word' id='word_1_271' title='bbox 1525 2235 1832 2306; x_wconf 88' lang='lat' dir='ltr'><strong>triumphali</strong></span> <span class='ocrx_word' id='word_1_272' title='bbox 1871 2235 2039 2305; x_wconf 88' lang='lat' dir='ltr'><strong>gloria</strong></span> 
     </span>
    </p>
   </div>
   <div class='ocr_carea' id='block_1_41' title="bbox 403 2323 2040 2398">
    <p class='ocr_par' dir='ltr' id='par_1_41' title="bbox 403 2323 2040 2398">
     <span class='ocr_line' id='line_1_41' title="bbox 403 2323 2040 2398; baseline -0.007 -10"><span class='ocrx_word' id='word_1_273' title='bbox 403 2367 412 2376; x_wconf 86' lang='lat'><strong>-</strong></span> <span class='ocrx_word' id='word_1_274' title='bbox 458 2348 628 2388; x_wconf 84' lang='lat' dir='ltr'><strong>novos</strong></span> <span class='ocrx_word' id='word_1_275' title='bbox 649 2333 794 2387; x_wconf 87' lang='lat' dir='ltr'><strong>cives</strong></span> <span class='ocrx_word' id='word_1_276' title='bbox 822 2331 1044 2385; x_wconf 79' lang='lat' dir='ltr'><strong>invexit.</strong></span> <span class='ocrx_word' id='word_1_277' title='bbox 1073 2330 1139 2384; x_wconf 87' lang='lat' dir='ltr'><strong>Et</strong></span> <span class='ocrx_word' id='word_1_278' title='bbox 1165 2330 1410 2384; x_wconf 87' lang='lat' dir='ltr'><strong>Andreas</strong></span> <span class='ocrx_word' id='word_1_279' title='bbox 1436 2328 1652 2398; x_wconf 84' lang='lat' dir='ltr'><strong>quidem</strong></span> <span class='ocrx_word' id='word_1_280' title='bbox 1675 2327 1727 2380; x_wconf 92' lang='lat' dir='ltr'><strong>in</strong></span> <span class='ocrx_word' id='word_1_281' title='bbox 1760 2323 2040 2395; x_wconf 86' lang='lat' dir='ltr'><strong>apostolici</strong></span> 
     </span>
    </p>
   </div>
   <div class='ocr_carea' id='block_1_42' title="bbox 460 2411 2044 2489">
    <p class='ocr_par' dir='ltr' id='par_1_42' title="bbox 460 2411 2044 2489">
     <span class='ocr_line' id='line_1_42' title="bbox 460 2411 2044 2489; baseline -0.005 -14"><span class='ocrx_word' id='word_1_282' title='bbox 460 2429 680 2476; x_wconf 86' lang='lat' dir='ltr'><strong>senatus</strong></span> <span class='ocrx_word' id='word_1_283' title='bbox 702 2420 945 2489; x_wconf 87' lang='lat' dir='ltr'><strong>catalogo</strong></span> <span class='ocrx_word' id='word_1_284' title='bbox 983 2419 1249 2474; x_wconf 90' lang='lat' dir='ltr'><strong>secundus</strong></span> <span class='ocrx_word' id='word_1_285' title='bbox 1275 2419 1525 2488; x_wconf 92' lang='lat' dir='ltr'><strong>ponitur,</strong></span> <span class='ocrx_word' id='word_1_286' title='bbox 1557 2417 1648 2486; x_wconf 89' lang='lat' dir='ltr'><strong>qui</strong></span> <span class='ocrx_word' id='word_1_287' title='bbox 1686 2425 1866 2469; x_wconf 90' lang='lat' dir='ltr'><strong>tamen</strong></span> <span class='ocrx_word' id='word_1_288' title='bbox 1894 2411 2044 2485; x_wconf 85' lang='lat' dir='ltr'><strong>agni-</strong></span> 
     </span>
    </p>
   </div>
   <div class='ocr_carea' id='block_1_43' title="bbox 459 2503 2048 2577">
    <p class='ocr_par' dir='ltr' id='par_1_43' title="bbox 459 2503 2048 2577">
     <span class='ocr_line' id='line_1_43' title="bbox 459 2503 2048 2577; baseline -0.003 -14"><span class='ocrx_word' id='word_1_289' title='bbox 459 2510 608 2575; x_wconf 79' lang='lat' dir='ltr'><strong>tione</strong></span> <span class='ocrx_word' id='word_1_290' title='bbox 712 2508 946 2572; x_wconf 85' lang='lat' dir='ltr'><strong>Domini,</strong></span> <span class='ocrx_word' id='word_1_291' title='bbox 993 2505 1149 2576; x_wconf 86' lang='lat' dir='ltr'><strong>juxta</strong></span> <span class='ocrx_word' id='word_1_292' title='bbox 1188 2506 1553 2577; x_wconf 85' lang='lat' dir='ltr'><strong>evangelicam</strong></span> <span class='ocrx_word' id='word_1_293' title='bbox 1602 2504 1782 2570; x_wconf 87' lang='lat' dir='ltr'><strong>ﬁdem,</strong></span> <span class='ocrx_word' id='word_1_294' title='bbox 1835 2503 2048 2573; x_wconf 85' lang='lat' dir='ltr'><strong>primus</strong></span> 
     </span>
    </p>
   </div>
   <div class='ocr_carea' id='block_1_44' title="bbox 460 2591 2040 2665">
    <p class='ocr_par' dir='ltr' id='par_1_44' title="bbox 460 2591 2040 2665">
     <span class='ocr_line' id='line_1_44' title="bbox 460 2591 2040 2665; baseline -0.006 -11"><span class='ocrx_word' id='word_1_295' title='bbox 460 2597 757 2654; x_wconf 82' lang='lat' dir='ltr'><strong>invenitur.</strong></span> <span class='ocrx_word' id='word_1_296' title='bbox 787 2596 926 2652; x_wconf 91' lang='lat' dir='ltr'><strong>Dicit</strong></span> <span class='ocrx_word' id='word_1_297' title='bbox 962 2594 1106 2652; x_wconf 87' lang='lat' dir='ltr'><strong>enim</strong></span> <span class='ocrx_word' id='word_1_298' title='bbox 1145 2594 1382 2651; x_wconf 75' lang='lat' dir='ltr'><strong>Joannes</strong></span> <span class='ocrx_word' id='word_1_299' title='bbox 1427 2593 1757 2665; x_wconf 83' lang='lat' dir='ltr'><strong>evangelista</strong></span> <span class='ocrx_word' id='word_1_300' title='bbox 1800 2610 1812 2646; x_wconf 76' lang='grc' dir='ltr'>ε</span> <span class='ocrx_word' id='word_1_301' title='bbox 1855 2609 1875 2642; x_wconf 76' lang='lat' dir='ltr'><strong>t</strong></span> <span class='ocrx_word' id='word_1_302' title='bbox 1909 2591 2040 2659; x_wconf 82' lang='lat' dir='ltr'><strong>Quia</strong></span> 
     </span>
    </p>
   </div>
   <div class='ocr_carea' id='block_1_45' title="bbox 455 2682 2044 2756">
    <p class='ocr_par' dir='ltr' id='par_1_45' title="bbox 455 2682 2044 2756">
     <span class='ocr_line' id='line_1_45' title="bbox 455 2682 2044 2756; baseline -0.005 -12"><span class='ocrx_word' id='word_1_303' title='bbox 455 2704 582 2744; x_wconf 86' lang='lat' dir='ltr'><strong>cum</strong></span> <span class='ocrx_word' id='word_1_304' title='bbox 605 2696 772 2745; x_wconf 87' lang='lat' dir='ltr'><strong>staret</strong></span> <span class='ocrx_word' id='word_1_305' title='bbox 798 2685 1057 2753; x_wconf 75' lang='lat' dir='ltr'><strong>Joannes,</strong></span> <span class='ocrx_word' id='word_1_306' title='bbox 1089 2695 1144 2742; x_wconf 90' lang='lat' dir='ltr'><strong>et</strong></span> <span class='ocrx_word' id='word_1_307' title='bbox 1173 2684 1545 2756; x_wconf 69' lang='lat' dir='ltr'><strong>cit-discipulis</strong></span> <span class='ocrx_word' id='word_1_308' title='bbox 1583 2685 1696 2754; x_wconf 85' lang='lat' dir='ltr'><strong>ejus</strong></span> <span class='ocrx_word' id='word_1_309' title='bbox 1727 2682 1854 2748; x_wconf 87' lang='lat' dir='ltr'><strong>duo,</strong></span> <span class='ocrx_word' id='word_1_310' title='bbox 1878 2689 1932 2736; x_wconf 93' lang='lat' dir='ltr'><strong>et</strong></span> <span class='ocrx_word' id='word_1_311' title='bbox 1959 2695 2044 2736; x_wconf 91' lang='lat' dir='ltr'><strong>re-</strong></span> 
     </span>
    </p>
   </div>
   <div class='ocr_carea' id='block_1_46' title="bbox 461 2773 2042 2850">
    <p class='ocr_par' dir='ltr' id='par_1_46' title="bbox 461 2773 2042 2850">
     <span class='ocr_line' id='line_1_46' title="bbox 461 2773 2042 2850; baseline -0.005 -14"><span class='ocrx_word' id='word_1_312' title='bbox 461 2781 696 2850; x_wconf 89' lang='lat' dir='ltr'><strong>spiciens</strong></span> <span class='ocrx_word' id='word_1_313' title='bbox 718 2778 902 2835; x_wconf 85' lang='lat' dir='ltr'><strong>Jesum</strong></span> <span class='ocrx_word' id='word_1_314' title='bbox 928 2777 1311 2846; x_wconf 84' lang='lat' dir='ltr'><strong>ambulantem,</strong></span> <span class='ocrx_word' id='word_1_315' title='bbox 1337 2778 1475 2834; x_wconf 83' lang='lat' dir='ltr'><strong>dixit</strong></span> <span class='ocrx_word' id='word_1_316' title='bbox 1502 2797 1514 2833; x_wconf 91' lang='lat'>:</span> <span class='ocrx_word' id='word_1_317' title='bbox 1544 2777 1684 2833; x_wconf 86' lang='lat' dir='ltr'><strong>Ecce</strong></span> <span class='ocrx_word' id='word_1_318' title='bbox 1708 2773 1894 2846; x_wconf 81' lang='lat' dir='ltr'><strong>Agnus</strong></span> <span class='ocrx_word' id='word_1_319' title='bbox 1925 2773 2042 2830; x_wconf 91' lang='lat' dir='ltr'><strong>Dei.</strong></span> 
     </span>
    </p>
   </div>
   <div class='ocr_carea' id='block_1_47' title="bbox 458 2859 2046 2940">
    <p class='ocr_par' dir='ltr' id='par_1_47' title="bbox 458 2859 2046 2940">
     <span class='ocr_line' id='line_1_47' title="bbox 458 2859 2046 2940; baseline -0.005 -14"><span class='ocrx_word' id='word_1_320' title='bbox 458 2871 530 2926; x_wconf 87' lang='lat' dir='ltr'><strong>Et</strong></span> <span class='ocrx_word' id='word_1_321' title='bbox 572 2871 853 2926; x_wconf 87' lang='lat' dir='ltr'><strong>audientes</strong></span> <span class='ocrx_word' id='word_1_322' title='bbox 892 2885 1012 2924; x_wconf 87' lang='lat' dir='ltr'><strong>eum</strong></span> <span class='ocrx_word' id='word_1_323' title='bbox 1055 2871 1160 2924; x_wconf 91' lang='lat' dir='ltr'><strong>duo</strong></span> <span class='ocrx_word' id='word_1_324' title='bbox 1209 2868 1458 2940; x_wconf 80' lang='lat' dir='ltr'><strong>discipuli</strong></span> <span class='ocrx_word' id='word_1_325' title='bbox 1506 2867 1830 2938; x_wconf 87' lang='lat' dir='ltr'><strong>loquentem,</strong></span> <span class='ocrx_word' id='word_1_326' title='bbox 1873 2859 2046 2920; x_wconf 83' lang='lat' dir='ltr'><strong>secuti</strong></span> 
     </span>
    </p>
   </div>
   <div class='ocr_carea' id='block_1_48' title="bbox 461 2953 2044 3030">
    <p class='ocr_par' dir='ltr' id='par_1_48' title="bbox 461 2953 2044 3030">
     <span class='ocr_line' id='line_1_48' title="bbox 461 2953 2044 3030; baseline -0.004 -15"><span class='ocrx_word' id='word_1_327' title='bbox 461 2969 586 3015; x_wconf 75' lang='lat' dir='ltr'><strong>sunt</strong></span> <span class='ocrx_word' id='word_1_328' title='bbox 615 2954 820 3015; x_wconf 78' lang='lat' dir='ltr'><strong>Jesum.</strong></span> <span class='ocrx_word' id='word_1_329' title='bbox 853 2979 871 3011; x_wconf 75' lang='grc' dir='ltr'><strong><em>ι</em></strong></span> <span class='ocrx_word' id='word_1_330' title='bbox 899 2959 962 3014; x_wconf 92' lang='lat' dir='ltr'><strong>Et</strong></span> <span class='ocrx_word' id='word_1_331' title='bbox 985 2959 1143 3030; x_wconf 85' lang='lat' dir='ltr'><strong>paulo</strong></span> <span class='ocrx_word' id='word_1_332' title='bbox 1167 2967 1289 3029; x_wconf 91' lang='lat' dir='ltr'><strong>post</strong></span> <span class='ocrx_word' id='word_1_333' title='bbox 1319 2973 1333 3012; x_wconf 93' lang='lat'><strong>:</strong></span> <span class='ocrx_word' id='word_1_334' title='bbox 1363 2977 1382 3011; x_wconf 71' lang='grc' dir='ltr'>ι</span> <span class='ocrx_word' id='word_1_335' title='bbox 1418 2959 1544 3012; x_wconf 86' lang='lat' dir='ltr'><strong>Erat</strong></span> <span class='ocrx_word' id='word_1_336' title='bbox 1578 2964 1758 3011; x_wconf 91' lang='lat' dir='ltr'><strong>autem</strong></span> <span class='ocrx_word' id='word_1_337' title='bbox 1779 2953 2044 3020; x_wconf 85' lang='lat' dir='ltr'><strong>Andreas,</strong></span> 
     </span>
    </p>
   </div>
   <div class='ocr_carea' id='block_1_49' title="bbox 465 3043 2044 3119">
    <p class='ocr_par' dir='ltr' id='par_1_49' title="bbox 465 3043 2044 3119">
     <span class='ocr_line' id='line_1_49' title="bbox 465 3043 2044 3119; baseline -0.003 -17"><span class='ocrx_word' id='word_1_338' title='bbox 465 3049 663 3119; x_wconf 78' lang='lat' dir='ltr'><strong>inquit,</strong></span> <span class='ocrx_word' id='word_1_339' title='bbox 696 3049 862 3103; x_wconf 80' lang='lat' dir='ltr'><strong>frater</strong></span> <span class='ocrx_word' id='word_1_340' title='bbox 909 3048 1146 3103; x_wconf 90' lang='lat' dir='ltr'><strong>Simonis</strong></span> <span class='ocrx_word' id='word_1_341' title='bbox 1197 3048 1363 3113; x_wconf 83' lang='lat' dir='ltr'><strong>Petri,</strong></span> <span class='ocrx_word' id='word_1_342' title='bbox 1395 3063 1536 3101; x_wconf 92' lang='lat' dir='ltr'><strong>unus</strong></span> <span class='ocrx_word' id='word_1_343' title='bbox 1579 3062 1644 3102; x_wconf 85' lang='lat' dir='ltr'><strong>ex</strong></span> <span class='ocrx_word' id='word_1_344' title='bbox 1691 3045 1920 3109; x_wconf 89' lang='lat' dir='ltr'><strong>duobus,</strong></span> <span class='ocrx_word' id='word_1_345' title='bbox 1952 3043 2044 3114; x_wconf 91' lang='lat' dir='ltr'><strong>qui</strong></span> 
     </span>
    </p>
   </div>
   <div class='ocr_carea' id='block_1_50' title="bbox 2140 1852 3719 1936">
    <p class='ocr_par' dir='ltr' id='par_1_50' title="bbox 2140 1852 3719 1936">
     <span class='ocr_line' id='line_1_50' title="bbox 2140 1852 3719 1936; baseline 0.006 -31"><span class='ocrx_word' id='word_1_346' title='bbox 2140 1852 2434 1917; x_wconf 84' lang='lat' dir='ltr'><strong>hominem,</strong></span> <span class='ocrx_word' id='word_1_347' title='bbox 2466 1854 2556 1922; x_wconf 91' lang='lat' dir='ltr'><strong>qui</strong></span> <span class='ocrx_word' id='word_1_348' title='bbox 2581 1854 2680 1908; x_wconf 86' lang='lat' dir='ltr'><strong>sub</strong></span> <span class='ocrx_word' id='word_1_349' title='bbox 2702 1853 2980 1911; x_wconf 67' lang='lat' dir='ltr'><strong>diabolicae</strong></span> <span class='ocrx_word' id='word_1_350' title='bbox 3009 1861 3309 1929; x_wconf 87' lang='lat' dir='ltr'><strong>tyrannidis</strong></span> <span class='ocrx_word' id='word_1_351' title='bbox 3337 1862 3466 1936; x_wconf 81' lang='lat' dir='ltr'><strong>jugo</strong></span> <span class='ocrx_word' id='word_1_352' title='bbox 3501 1881 3719 1936; x_wconf 81' lang='lat' dir='ltr'><strong>preme-</strong></span> 
     </span>
    </p>
   </div>
   <div class='ocr_carea' id='block_1_51' title="bbox 2141 1941 3722 2023">
    <p class='ocr_par' dir='ltr' id='par_1_51' title="bbox 2141 1941 3722 2023">
     <span class='ocr_line' id='line_1_51' title="bbox 2141 1941 3722 2023; baseline 0.01 -26"><span class='ocrx_word' id='word_1_353' title='bbox 2141 1941 2321 2010; x_wconf 83' lang='lat' dir='ltr'><strong>batur,</strong></span> <span class='ocrx_word' id='word_1_354' title='bbox 2357 1946 2611 2014; x_wconf 86' lang='lat' dir='ltr'><strong>eriperet,</strong></span> <span class='ocrx_word' id='word_1_355' title='bbox 2658 1953 2712 1999; x_wconf 89' lang='lat' dir='ltr'><strong>et</strong></span> <span class='ocrx_word' id='word_1_356' title='bbox 2762 1945 2829 2001; x_wconf 85' lang='lat' dir='ltr'><strong>ad</strong></span> <span class='ocrx_word' id='word_1_357' title='bbox 2871 1946 3217 2017; x_wconf 81' lang='lat' dir='ltr'><strong>ingenuitatis</strong></span> <span class='ocrx_word' id='word_1_358' title='bbox 3262 1954 3496 2023; x_wconf 60' lang='lat' dir='ltr'><strong>antiquas</strong></span> <span class='ocrx_word' id='word_1_359' title='bbox 3535 1958 3722 2014; x_wconf 89' lang='lat' dir='ltr'><strong>titulos</strong></span> 
     </span>
    </p>
   </div>
   <div class='ocr_carea' id='block_1_52' title="bbox 2142 2038 3722 2108">
    <p class='ocr_par' dir='ltr' id='par_1_52' title="bbox 2142 2038 3722 2108">
     <span class='ocr_line' id='line_1_52' title="bbox 2142 2038 3722 2108; baseline 0.01 -16"><span class='ocrx_word' id='word_1_360' title='bbox 2142 2048 2444 2093; x_wconf 86' lang='lat' dir='ltr'><strong>revocaret.</strong></span> <span class='ocrx_word' id='word_1_361' title='bbox 2475 2038 2732 2106; x_wconf 85' lang='lat' dir='ltr'><strong>Venerat,</strong></span> <span class='ocrx_word' id='word_1_362' title='bbox 2758 2048 2818 2095; x_wconf 92' lang='lat' dir='ltr'><strong>ut</strong></span> <span class='ocrx_word' id='word_1_363' title='bbox 2839 2056 2994 2095; x_wconf 86' lang='lat' dir='ltr'><strong>suum</strong></span> <span class='ocrx_word' id='word_1_364' title='bbox 3016 2040 3176 2098; x_wconf 89' lang='lat' dir='ltr'><strong>Israel</strong></span> <span class='ocrx_word' id='word_1_365' title='bbox 3207 2044 3272 2100; x_wconf 92' lang='lat' dir='ltr'><strong>de</strong></span> <span class='ocrx_word' id='word_1_366' title='bbox 3297 2045 3509 2104; x_wconf 89' lang='lat' dir='ltr'><strong>vinculo</strong></span> <span class='ocrx_word' id='word_1_367' title='bbox 3528 2055 3722 2108; x_wconf 85' lang='lat' dir='ltr'><strong>vetusti</strong></span> 
     </span>
    </p>
   </div>
   <div class='ocr_carea' id='block_1_53' title="bbox 2142 2131 3724 2208">
    <p class='ocr_par' dir='ltr' id='par_1_53' title="bbox 2142 2131 3724 2208">
     <span class='ocr_line' id='line_1_53' title="bbox 2142 2131 3724 2208; baseline 0.005 -20"><span class='ocrx_word' id='word_1_368' title='bbox 2142 2131 2444 2188; x_wconf 88' lang='lat' dir='ltr'><strong>Pharaonis</strong></span> <span class='ocrx_word' id='word_1_369' title='bbox 2473 2131 2795 2198; x_wconf 85' lang='lat' dir='ltr'><strong>absolveret,</strong></span> <span class='ocrx_word' id='word_1_370' title='bbox 2824 2142 2879 2187; x_wconf 86' lang='lat' dir='ltr'><strong>et</strong></span> <span class='ocrx_word' id='word_1_371' title='bbox 2909 2133 2962 2187; x_wconf 91' lang='lat' dir='ltr'><strong>in</strong></span> <span class='ocrx_word' id='word_1_372' title='bbox 2997 2149 3157 2187; x_wconf 89' lang='lat' dir='ltr'><strong>manu</strong></span> <span class='ocrx_word' id='word_1_373' title='bbox 3185 2133 3310 2190; x_wconf 90' lang='lat' dir='ltr'><strong>forti</strong></span> <span class='ocrx_word' id='word_1_374' title='bbox 3335 2177 3349 2201; x_wconf 94' lang='lat'><strong>,</strong></span> <span class='ocrx_word' id='word_1_375' title='bbox 3379 2147 3539 2208; x_wconf 90' lang='lat' dir='ltr'><strong>atque</strong></span> <span class='ocrx_word' id='word_1_376' title='bbox 3563 2143 3724 2198; x_wconf 87' lang='lat' dir='ltr'><strong>robu-</strong></span> 
     </span>
    </p>
   </div>
   <div class='ocr_carea' id='block_1_54' title="bbox 2143 2221 3726 2294">
    <p class='ocr_par' dir='ltr' id='par_1_54' title="bbox 2143 2221 3726 2294">
     <span class='ocr_line' id='line_1_54' title="bbox 2143 2221 3726 2294; baseline 0.006 -17"><span class='ocrx_word' id='word_1_377' title='bbox 2143 2230 2249 2286; x_wconf 85' lang='lat' dir='ltr'><strong>sta,</strong></span> <span class='ocrx_word' id='word_1_378' title='bbox 2285 2232 2443 2276; x_wconf 73' lang='lat' dir='ltr'><strong>terra:</strong></span> <span class='ocrx_word' id='word_1_379' title='bbox 2469 2221 2608 2276; x_wconf 88' lang='lat' dir='ltr'><strong>lacte</strong></span> <span class='ocrx_word' id='word_1_380' title='bbox 2647 2223 2874 2278; x_wconf 88' lang='lat' dir='ltr'><strong>etmelle</strong></span> <span class='ocrx_word' id='word_1_381' title='bbox 2892 2223 3128 2280; x_wconf 90' lang='lat' dir='ltr'><strong>mananti</strong></span> <span class='ocrx_word' id='word_1_382' title='bbox 3162 2227 3391 2294; x_wconf 74' lang='lat' dir='ltr'><strong>prrevius</strong></span> <span class='ocrx_word' id='word_1_383' title='bbox 3423 2228 3617 2285; x_wconf 90' lang='lat' dir='ltr'><strong>ductor</strong></span> <span class='ocrx_word' id='word_1_384' title='bbox 3639 2233 3726 2287; x_wconf 89' lang='lat' dir='ltr'><strong>in-</strong></span> 
     </span>
    </p>
   </div>
   <div class='ocr_carea' id='block_1_55' title="bbox 2143 2309 3724 2384">
    <p class='ocr_par' dir='ltr' id='par_1_55' title="bbox 2143 2309 3724 2384">
     <span class='ocr_line' id='line_1_55' title="bbox 2143 2309 3724 2384; baseline 0.007 -20"><span class='ocrx_word' id='word_1_385' title='bbox 2143 2309 2329 2366; x_wconf 85' lang='lat' dir='ltr'><strong>ferret.</strong></span> <span class='ocrx_word' id='word_1_386' title='bbox 2357 2309 2473 2365; x_wconf 87' lang='lat' dir='ltr'><strong>Non</strong></span> <span class='ocrx_word' id='word_1_387' title='bbox 2503 2320 2680 2365; x_wconf 89' lang='lat' dir='ltr'><strong>tamen</strong></span> <span class='ocrx_word' id='word_1_388' title='bbox 2708 2310 2943 2379; x_wconf 86' lang='lat' dir='ltr'><strong>eligebat</strong></span> <span class='ocrx_word' id='word_1_389' title='bbox 2971 2311 3024 2365; x_wconf 93' lang='lat' dir='ltr'><strong>in</strong></span> <span class='ocrx_word' id='word_1_390' title='bbox 3053 2313 3382 2384; x_wconf 73' lang='lat' dir='ltr'><strong>adiutorium</strong></span> <span class='ocrx_word' id='word_1_391' title='bbox 3405 2317 3508 2372; x_wconf 88' lang='lat' dir='ltr'><strong>sibi</strong></span> <span class='ocrx_word' id='word_1_392' title='bbox 3536 2321 3724 2375; x_wconf 87' lang='lat' dir='ltr'><strong>trimu-</strong></span> 
     </span>
    </p>
   </div>
   <div class='ocr_carea' id='block_1_56' title="bbox 2143 2399 3721 2476">
    <p class='ocr_par' dir='ltr' id='par_1_56' title="bbox 2143 2399 3721 2476">
     <span class='ocr_line' id='line_1_56' title="bbox 2143 2399 3721 2476; baseline 0.01 -22"><span class='ocrx_word' id='word_1_393' title='bbox 2143 2401 2392 2471; x_wconf 91' lang='lat' dir='ltr'><strong>phalibus</strong></span> <span class='ocrx_word' id='word_1_394' title='bbox 2415 2399 2585 2456; x_wconf 88' lang='lat' dir='ltr'><strong>titulis</strong></span> <span class='ocrx_word' id='word_1_395' title='bbox 2613 2401 2816 2465; x_wconf 90' lang='lat' dir='ltr'><strong>claros,</strong></span> <span class='ocrx_word' id='word_1_396' title='bbox 2851 2417 2958 2456; x_wconf 92' lang='lat' dir='ltr'><strong>non</strong></span> <span class='ocrx_word' id='word_1_397' title='bbox 2981 2413 3230 2459; x_wconf 91' lang='lat' dir='ltr'><strong>strenuos</strong></span> <span class='ocrx_word' id='word_1_398' title='bbox 3255 2405 3545 2465; x_wconf 86' lang='lat' dir='ltr'><strong>bellatores</strong></span> <span class='ocrx_word' id='word_1_399' title='bbox 3563 2452 3576 2476; x_wconf 92' lang='lat'><strong>,</strong></span> <span class='ocrx_word' id='word_1_400' title='bbox 3613 2429 3721 2469; x_wconf 91' lang='lat' dir='ltr'><strong>non</strong></span> 
     </span>
    </p>
   </div>
   <div class='ocr_carea' id='block_1_57' title="bbox 2145 2489 3722 2570">
    <p class='ocr_par' dir='ltr' id='par_1_57' title="bbox 2145 2489 3722 2570">
     <span class='ocr_line' id='line_1_57' title="bbox 2145 2489 3722 2570; baseline 0.009 -26"><span class='ocrx_word' id='word_1_401' title='bbox 2145 2489 2491 2545; x_wconf 83' lang='lat' dir='ltr'><strong>frementium</strong></span> <span class='ocrx_word' id='word_1_402' title='bbox 2515 2505 2829 2546; x_wconf 86' lang='lat' dir='ltr'><strong>aseensores</strong></span> <span class='ocrx_word' id='word_1_403' title='bbox 2850 2507 3132 2562; x_wconf 89' lang='lat' dir='ltr'><strong>equorum,</strong></span> <span class='ocrx_word' id='word_1_404' title='bbox 3161 2509 3267 2548; x_wconf 91' lang='lat' dir='ltr'><strong>non</strong></span> <span class='ocrx_word' id='word_1_405' title='bbox 3293 2497 3523 2566; x_wconf 84' lang='lat' dir='ltr'><strong>denique</strong></span> <span class='ocrx_word' id='word_1_406' title='bbox 3548 2501 3722 2570; x_wconf 88' lang='lat' dir='ltr'><strong>philo-</strong></span> 
     </span>
    </p>
   </div>
   <div class='ocr_carea' id='block_1_58' title="bbox 2145 2581 3718 2662">
    <p class='ocr_par' dir='ltr' id='par_1_58' title="bbox 2145 2581 3718 2662">
     <span class='ocr_line' id='line_1_58' title="bbox 2145 2581 3718 2662; baseline 0.008 -26"><span class='ocrx_word' id='word_1_407' title='bbox 2145 2583 2344 2650; x_wconf 85' lang='lat' dir='ltr'><strong>sophos</strong></span> <span class='ocrx_word' id='word_1_408' title='bbox 2363 2591 2418 2636; x_wconf 87' lang='lat' dir='ltr'><strong>et</strong></span> <span class='ocrx_word' id='word_1_409' title='bbox 2444 2581 2760 2651; x_wconf 89' lang='lat' dir='ltr'><strong>eloquentes</strong></span> <span class='ocrx_word' id='word_1_410' title='bbox 2782 2623 2796 2647; x_wconf 92' lang='lat'><strong>,</strong></span> <span class='ocrx_word' id='word_1_411' title='bbox 2827 2583 2923 2637; x_wconf 91' lang='lat' dir='ltr'><strong>sed</strong></span> <span class='ocrx_word' id='word_1_412' title='bbox 2955 2583 3149 2638; x_wconf 88' lang='lat' dir='ltr'><strong>retium</strong></span> <span class='ocrx_word' id='word_1_413' title='bbox 3176 2591 3453 2659; x_wconf 68' lang='lat' dir='ltr'><strong>vectoresf,</strong></span> <span class='ocrx_word' id='word_1_414' title='bbox 3481 2600 3536 2645; x_wconf 90' lang='lat' dir='ltr'><strong>et</strong></span> <span class='ocrx_word' id='word_1_415' title='bbox 3562 2608 3718 2662; x_wconf 85' lang='lat' dir='ltr'><strong>pcre-</strong></span> 
     </span>
    </p>
   </div>
   <div class='ocr_carea' id='block_1_59' title="bbox 2146 2672 3723 2753">
    <p class='ocr_par' dir='ltr' id='par_1_59' title="bbox 2146 2672 3723 2753">
     <span class='ocr_line' id='line_1_59' title="bbox 2146 2672 3723 2753; baseline 0.007 -25"><span class='ocrx_word' id='word_1_416' title='bbox 2146 2675 2274 2729; x_wconf 76' lang='lat' dir='ltr'><strong>xilis</strong></span> <span class='ocrx_word' id='word_1_417' title='bbox 2303 2673 2564 2728; x_wconf 70' lang='lat' dir='ltr'><strong>naviculas</strong></span> <span class='ocrx_word' id='word_1_418' title='bbox 2587 2672 2839 2744; x_wconf 85' lang='lat' dir='ltr'><strong>remiges,</strong></span> <span class='ocrx_word' id='word_1_419' title='bbox 2866 2681 2922 2727; x_wconf 94' lang='lat' dir='ltr'><strong>ut</strong></span> <span class='ocrx_word' id='word_1_420' title='bbox 2944 2673 3167 2729; x_wconf 78' lang='lat' dir='ltr'><strong>victoria</strong></span> <span class='ocrx_word' id='word_1_421' title='bbox 3193 2676 3291 2730; x_wconf 91' lang='lat' dir='ltr'><strong>soli</strong></span> <span class='ocrx_word' id='word_1_422' title='bbox 3315 2679 3507 2746; x_wconf 75' lang='lat' dir='ltr'><strong>divina:</strong></span> <span class='ocrx_word' id='word_1_423' title='bbox 3533 2691 3723 2753; x_wconf 88' lang='lat' dir='ltr'><strong>poten—</strong></span> 
     </span>
    </p>
   </div>
   <div class='ocr_carea' id='block_1_60' title="bbox 2147 2763 3258 2831">
    <p class='ocr_par' dir='ltr' id='par_1_60' title="bbox 2147 2763 3258 2831">
     <span class='ocr_line' id='line_1_60' title="bbox 2147 2763 3258 2831; baseline 0.001 -12"><span class='ocrx_word' id='word_1_424' title='bbox 2147 2765 2256 2831; x_wconf 65' lang='lat' dir='ltr'><strong>tiae,</strong></span> <span class='ocrx_word' id='word_1_425' title='bbox 2288 2780 2394 2818; x_wconf 91' lang='lat' dir='ltr'><strong>non</strong></span> <span class='ocrx_word' id='word_1_426' title='bbox 2424 2765 2675 2818; x_wconf 85' lang='lat' dir='ltr'><strong>humanis</strong></span> <span class='ocrx_word' id='word_1_427' title='bbox 2703 2764 2910 2819; x_wconf 88' lang='lat' dir='ltr'><strong>viribus</strong></span> <span class='ocrx_word' id='word_1_428' title='bbox 2935 2763 3258 2820; x_wconf 90' lang='lat' dir='ltr'><strong>ascribatur.</strong></span> 
     </span>
    </p>
   </div>
   <div class='ocr_carea' id='block_1_61' title="bbox 2217 2853 3723 2926">
    <p class='ocr_par' dir='ltr' id='par_1_61' title="bbox 2217 2853 3723 2926">
     <span class='ocr_line' id='line_1_61' title="bbox 2217 2853 3723 2926; baseline 0.006 -15"><span class='ocrx_word' id='word_1_429' title='bbox 2217 2856 2368 2912; x_wconf 78' lang='lat' dir='ltr'><strong>Hanc</strong></span> <span class='ocrx_word' id='word_1_430' title='bbox 2399 2870 2563 2926; x_wconf 90' lang='lat' dir='ltr'><strong>porro</strong></span> <span class='ocrx_word' id='word_1_431' title='bbox 2586 2855 2868 2910; x_wconf 87' lang='lat' dir='ltr'><strong>victoriam</strong></span> <span class='ocrx_word' id='word_1_432' title='bbox 2905 2853 2991 2909; x_wconf 86' lang='lat' dir='ltr'><strong>illa</strong></span> <span class='ocrx_word' id='word_1_433' title='bbox 3023 2857 3173 2912; x_wconf 90' lang='lat' dir='ltr'><strong>urbis</strong></span> <span class='ocrx_word' id='word_1_434' title='bbox 3201 2855 3420 2916; x_wconf 82' lang='lat' dir='ltr'><strong>Jericho</strong></span> <span class='ocrx_word' id='word_1_435' title='bbox 3441 2863 3568 2918; x_wconf 90' lang='lat' dir='ltr'><strong>olim</strong></span> <span class='ocrx_word' id='word_1_436' title='bbox 3597 2865 3723 2920; x_wconf 90' lang='lat' dir='ltr'><strong>sub-</strong></span> 
     </span>
    </p>
   </div>
   <div class='ocr_carea' id='block_1_62' title="bbox 2147 2945 3720 3019">
    <p class='ocr_par' dir='ltr' id='par_1_62' title="bbox 2147 2945 3720 3019">
     <span class='ocr_line' id='line_1_62' title="bbox 2147 2945 3720 3019; baseline 0.005 -17"><span class='ocrx_word' id='word_1_437' title='bbox 2147 2947 2328 3002; x_wconf 88' lang='lat' dir='ltr'><strong>versio</strong></span> <span class='ocrx_word' id='word_1_438' title='bbox 2353 2947 2617 3016; x_wconf 87' lang='lat' dir='ltr'><strong>ﬁguravit,</strong></span> <span class='ocrx_word' id='word_1_439' title='bbox 2639 2947 2855 3015; x_wconf 90' lang='lat' dir='ltr'><strong>quando</strong></span> <span class='ocrx_word' id='word_1_440' title='bbox 2883 2962 2988 3000; x_wconf 89' lang='lat' dir='ltr'><strong>non</strong></span> <span class='ocrx_word' id='word_1_441' title='bbox 3018 2945 3246 3002; x_wconf 87' lang='lat' dir='ltr'><strong>telorum</strong></span> <span class='ocrx_word' id='word_1_442' title='bbox 3277 2950 3587 3019; x_wconf 85' lang='lat' dir='ltr'><strong>missilibus,</strong></span> <span class='ocrx_word' id='word_1_443' title='bbox 3616 2969 3720 3010; x_wconf 90' lang='lat' dir='ltr'><strong>non</strong></span> 
     </span>
    </p>
   </div>
   <div class='ocr_carea' id='block_1_63' title="bbox 2149 3023 3721 3116">
    <p class='ocr_par' dir='ltr' id='par_1_63' title="bbox 2149 3023 3721 3116">
     <span class='ocr_line' id='line_1_63' title="bbox 2149 3023 3721 3116; baseline 0.007 -24"><span class='ocrx_word' id='word_1_444' title='bbox 2149 3037 2408 3103; x_wconf 86' lang='lat' dir='ltr'><strong>falaricis,</strong></span> <span class='ocrx_word' id='word_1_445' title='bbox 2437 3052 2545 3094; x_wconf 88' lang='lat' dir='ltr'><strong>non</strong></span> <span class='ocrx_word' id='word_1_446' title='bbox 2575 3047 2724 3100; x_wconf 84' lang='lat' dir='ltr'><strong>certe</strong></span> <span class='ocrx_word' id='word_1_447' title='bbox 2763 3037 3024 3109; x_wconf 85' lang='lat' dir='ltr'><strong>bellorum</strong></span> <span class='ocrx_word' id='word_1_448' title='bbox 3066 3023 3395 3110; x_wconf 82' lang='lat' dir='ltr'><strong>quibuslibet</strong></span> <span class='ocrx_word' id='word_1_449' title='bbox 3439 3043 3721 3116; x_wconf 87' lang='lat' dir='ltr'><strong>machinis,</strong></span> 
     </span>
    </p>
   </div>
   <div class='ocr_carea' id='block_1_64' title="bbox 463 3125 3726 3209">
    <p class='ocr_par' dir='ltr' id='par_1_64' title="bbox 463 3125 3726 3209">
     <span class='ocr_line' id='line_1_64' title="bbox 463 3125 3726 3209; baseline 0.002 -19"><span class='ocrx_word' id='word_1_450' title='bbox 463 3138 747 3192; x_wconf 84' lang='lat' dir='ltr'><strong>audierant</strong></span> <span class='ocrx_word' id='word_1_451' title='bbox 774 3137 841 3190; x_wconf 89' lang='lat' dir='ltr'><strong>ab</strong></span> <span class='ocrx_word' id='word_1_452' title='bbox 863 3135 1089 3200; x_wconf 73' lang='lat' dir='ltr'><strong>Joanne,</strong></span> <span class='ocrx_word' id='word_1_453' title='bbox 1120 3144 1173 3189; x_wconf 92' lang='lat' dir='ltr'><strong>et</strong></span> <span class='ocrx_word' id='word_1_454' title='bbox 1194 3135 1358 3206; x_wconf 73' lang='lat'><strong>302</strong></span> <span class='ocrx_word' id='word_1_455' title='bbox 1390 3134 1559 3188; x_wconf 89' lang='lat' dir='ltr'><strong>secuti</strong></span> <span class='ocrx_word' id='word_1_456' title='bbox 1607 3133 1818 3187; x_wconf 89' lang='lat' dir='ltr'><strong>fuerant</strong></span> <span class='ocrx_word' id='word_1_457' title='bbox 1847 3143 1990 3187; x_wconf 90' lang='lat' dir='ltr'><strong>eum.</strong></span> <span class='ocrx_word' id='word_1_458' title='bbox 2020 3147 2040 3185; x_wconf 80' lang='grc'><strong>›</strong></span> <span class='ocrx_word' id='word_1_459' title='bbox 2073 3125 2121 3190; x_wconf 85' lang='lat' dir='ltr'><strong><em>C</em></strong></span> <span class='ocrx_word' id='word_1_460' title='bbox 2151 3130 2244 3185; x_wconf 89' lang='lat' dir='ltr'><strong>sed</strong></span> <span class='ocrx_word' id='word_1_461' title='bbox 2272 3128 2616 3185; x_wconf 90' lang='lat' dir='ltr'><strong>vociferantis</strong></span> <span class='ocrx_word' id='word_1_462' title='bbox 2648 3130 2830 3200; x_wconf 90' lang='lat' dir='ltr'><strong>populi</strong></span> <span class='ocrx_word' id='word_1_463' title='bbox 2859 3132 3114 3200; x_wconf 86' lang='lat' dir='ltr'><strong>strepitu,</strong></span> <span class='ocrx_word' id='word_1_464' title='bbox 3152 3143 3208 3188; x_wconf 91' lang='lat' dir='ltr'><strong>et</strong></span> <span class='ocrx_word' id='word_1_465' title='bbox 3247 3135 3392 3191; x_wconf 89' lang='lat' dir='ltr'><strong>tubis</strong></span> <span class='ocrx_word' id='word_1_466' title='bbox 3425 3137 3726 3209; x_wconf 86' lang='lat' dir='ltr'><strong>clangenti-</strong></span> 
     </span>
    </p>
   </div>
   <div class='ocr_carea' id='block_1_65' title="bbox 465 3222 2044 3295">
    <p class='ocr_par' dir='ltr' id='par_1_65' title="bbox 465 3222 2044 3295">
     <span class='ocr_line' id='line_1_65' title="bbox 465 3222 2044 3295; baseline -0.004 -14"><span class='ocrx_word' id='word_1_467' title='bbox 465 3227 672 3281; x_wconf 83' lang='lat' dir='ltr'><strong>Deinde</strong></span> <span class='ocrx_word' id='word_1_468' title='bbox 698 3225 943 3295; x_wconf 90' lang='lat' dir='ltr'><strong>sequitur</strong></span> <span class='ocrx_word' id='word_1_469' title='bbox 967 3244 978 3277; x_wconf 91' lang='lat'>:</span> <span class='ocrx_word' id='word_1_470' title='bbox 1001 3244 1018 3276; x_wconf 77' lang='grc' dir='ltr'>ιι</span> <span class='ocrx_word' id='word_1_471' title='bbox 1052 3225 1255 3279; x_wconf 83' lang='lat' dir='ltr'><strong>invenit</strong></span> <span class='ocrx_word' id='word_1_472' title='bbox 1283 3225 1370 3279; x_wconf 90' lang='lat' dir='ltr'><strong>hic</strong></span> <span class='ocrx_word' id='word_1_473' title='bbox 1393 3225 1624 3295; x_wconf 90' lang='lat' dir='ltr'><strong>primum</strong></span> <span class='ocrx_word' id='word_1_474' title='bbox 1647 3222 1869 3277; x_wconf 85' lang='lat' dir='ltr'><strong>fratrem</strong></span> <span class='ocrx_word' id='word_1_475' title='bbox 1889 3236 2044 3276; x_wconf 86' lang='lat' dir='ltr'><strong>suum</strong></span> 
     </span>
    </p>
   </div>
   <div class='ocr_carea' id='block_1_66' title="bbox 467 3309 2047 3384">
    <p class='ocr_par' dir='ltr' id='par_1_66' title="bbox 467 3309 2047 3384">
     <span class='ocr_line' id='line_1_66' title="bbox 467 3309 2047 3384; baseline -0.002 -14"><span class='ocrx_word' id='word_1_476' title='bbox 467 3316 802 3384; x_wconf 86' lang='lat' dir='ltr'><strong>Simeonem,</strong></span> <span class='ocrx_word' id='word_1_477' title='bbox 843 3323 900 3370; x_wconf 89' lang='lat' dir='ltr'><strong>et</strong></span> <span class='ocrx_word' id='word_1_478' title='bbox 927 3314 1058 3371; x_wconf 90' lang='lat' dir='ltr'><strong>dicit</strong></span> <span class='ocrx_word' id='word_1_479' title='bbox 1091 3315 1141 3372; x_wconf 89' lang='lat' dir='ltr'><strong>ei</strong></span> <span class='ocrx_word' id='word_1_480' title='bbox 1185 3332 1200 3369; x_wconf 90' lang='lat'><strong>:</strong></span> <span class='ocrx_word' id='word_1_481' title='bbox 1248 3312 1558 3368; x_wconf 86' lang='lat' dir='ltr'><strong>invenimus</strong></span> <span class='ocrx_word' id='word_1_482' title='bbox 1599 3309 1874 3378; x_wconf 76' lang='lat' dir='ltr'><strong>Messiam,</strong></span> <span class='ocrx_word' id='word_1_483' title='bbox 1903 3312 2047 3382; x_wconf 89' lang='lat' dir='ltr'><strong>quod</strong></span> 
     </span>
    </p>
   </div>
   <div class='ocr_carea' id='block_1_67' title="bbox 462 3400 2048 3476">
    <p class='ocr_par' dir='ltr' id='par_1_67' title="bbox 462 3400 2048 3476">
     <span class='ocr_line' id='line_1_67' title="bbox 462 3400 2048 3476; baseline -0.002 -17"><span class='ocrx_word' id='word_1_484' title='bbox 462 3417 550 3460; x_wconf 80' lang='lat' dir='ltr'><strong>est</strong></span> <span class='ocrx_word' id='word_1_485' title='bbox 577 3405 988 3476; x_wconf 86' lang='lat' dir='ltr'><strong>interpretatum</strong></span> <span class='ocrx_word' id='word_1_486' title='bbox 1013 3403 1282 3471; x_wconf 87' lang='lat' dir='ltr'><strong>Christus,</strong></span> <span class='ocrx_word' id='word_1_487' title='bbox 1307 3411 1363 3460; x_wconf 86' lang='lat' dir='ltr'><strong>et</strong></span> <span class='ocrx_word' id='word_1_488' title='bbox 1383 3404 1606 3459; x_wconf 87' lang='lat' dir='ltr'><strong>adduxit</strong></span> <span class='ocrx_word' id='word_1_489' title='bbox 1628 3418 1750 3458; x_wconf 91' lang='lat' dir='ltr'><strong>eum</strong></span> <span class='ocrx_word' id='word_1_490' title='bbox 1773 3402 1840 3458; x_wconf 89' lang='lat' dir='ltr'><strong>ad</strong></span> <span class='ocrx_word' id='word_1_491' title='bbox 1860 3400 2048 3458; x_wconf 77' lang='lat' dir='ltr'><strong>.lesum</strong></span> 
     </span>
    </p>
   </div>
   <div class='ocr_carea' id='block_1_68' title="bbox 462 3493 818 3568">
    <p class='ocr_par' dir='ltr' id='par_1_68' title="bbox 462 3493 818 3568">
     <span class='ocr_line' id='line_1_68' title="bbox 462 3493 818 3568; baseline 0.006 -20"><span class='ocrx_word' id='word_1_492' title='bbox 462 3493 652 3566; x_wconf 72' lang='lat' dir='ltr'><strong>(Joan.</strong></span> <span class='ocrx_word' id='word_1_493' title='bbox 682 3494 743 3568; x_wconf 75' lang='grc' dir='ltr'><strong>ι).</strong></span> <span class='ocrx_word' id='word_1_494' title='bbox 792 3514 818 3549; x_wconf 73' lang='grc' dir='ltr'><strong>ι-</strong></span> 
     </span>
    </p>
   </div>
   <div class='ocr_carea' id='block_1_69' title="bbox 531 3581 2046 3656">
    <p class='ocr_par' dir='ltr' id='par_1_69' title="bbox 531 3581 2046 3656">
     <span class='ocr_line' id='line_1_69' title="bbox 531 3581 2046 3656; baseline -0.002 -16"><span class='ocrx_word' id='word_1_495' title='bbox 531 3583 672 3640; x_wconf 85' lang='lat' dir='ltr'><strong>Ecce</strong></span> <span class='ocrx_word' id='word_1_496' title='bbox 713 3584 958 3642; x_wconf 84' lang='lat' dir='ltr'><strong>Andreas</strong></span> <span class='ocrx_word' id='word_1_497' title='bbox 1006 3585 1149 3640; x_wconf 87' lang='lat' dir='ltr'><strong>inter</strong></span> <span class='ocrx_word' id='word_1_498' title='bbox 1193 3585 1309 3656; x_wconf 89' lang='lat' dir='ltr'><strong>ipsa</strong></span> <span class='ocrx_word' id='word_1_499' title='bbox 1353 3584 1477 3640; x_wconf 91' lang='lat' dir='ltr'><strong>novi</strong></span> <span class='ocrx_word' id='word_1_500' title='bbox 1521 3581 1757 3638; x_wconf 87' lang='lat' dir='ltr'><strong>tirocinii</strong></span> <span class='ocrx_word' id='word_1_501' title='bbox 1787 3581 1867 3637; x_wconf 91' lang='lat' dir='ltr'><strong>sui</strong></span> <span class='ocrx_word' id='word_1_502' title='bbox 1898 3581 2046 3638; x_wconf 86' lang='lat' dir='ltr'><strong>rudi-</strong></span> 
     </span>
    </p>
   </div>
   <div class='ocr_carea' id='block_1_70' title="bbox 461 3671 2044 3745">
    <p class='ocr_par' dir='ltr' id='par_1_70' title="bbox 461 3671 2044 3745">
     <span class='ocr_line' id='line_1_70' title="bbox 461 3671 2044 3745; baseline -0.002 -16"><span class='ocrx_word' id='word_1_503' title='bbox 461 3684 646 3730; x_wconf 89' lang='lat' dir='ltr'><strong>menta</strong></span> <span class='ocrx_word' id='word_1_504' title='bbox 675 3671 991 3742; x_wconf 83' lang='lat' dir='ltr'><strong>fructificat,</strong></span> <span class='ocrx_word' id='word_1_505' title='bbox 1027 3683 1082 3729; x_wconf 94' lang='lat' dir='ltr'><strong>et</strong></span> <span class='ocrx_word' id='word_1_506' title='bbox 1121 3673 1368 3729; x_wconf 89' lang='lat' dir='ltr'><strong>veritatis</strong></span> <span class='ocrx_word' id='word_1_507' title='bbox 1387 3674 1498 3745; x_wconf 88' lang='lat' dir='ltr'><strong>jam</strong></span> <span class='ocrx_word' id='word_1_508' title='bbox 1529 3671 1850 3743; x_wconf 70' lang='lat' dir='ltr'><strong>praedicator</strong></span> <span class='ocrx_word' id='word_1_509' title='bbox 1878 3671 2044 3728; x_wconf 76' lang='lat' dir='ltr'><strong>effici-</strong></span> 
     </span>
    </p>
   </div>
   <div class='ocr_carea' id='block_1_71' title="bbox 461 3761 2046 3834">
    <p class='ocr_par' dir='ltr' id='par_1_71' title="bbox 461 3761 2046 3834">
     <span class='ocr_line' id='line_1_71' title="bbox 461 3761 2046 3834; baseline -0.001 -14"><span class='ocrx_word' id='word_1_510' title='bbox 461 3775 571 3830; x_wconf 79' lang='lat' dir='ltr'><strong>tur,</strong></span> <span class='ocrx_word' id='word_1_511' title='bbox 611 3765 764 3834; x_wconf 84' lang='lat' dir='ltr'><strong>cujus</strong></span> <span class='ocrx_word' id='word_1_512' title='bbox 789 3766 962 3820; x_wconf 88' lang='lat' dir='ltr'><strong>adhuc</strong></span> <span class='ocrx_word' id='word_1_513' title='bbox 983 3766 1070 3819; x_wconf 84' lang='lat' dir='ltr'><strong>vix</strong></span> <span class='ocrx_word' id='word_1_514' title='bbox 1109 3774 1227 3820; x_wconf 87' lang='lat' dir='ltr'><strong>erat</strong></span> <span class='ocrx_word' id='word_1_515' title='bbox 1265 3763 1504 3820; x_wconf 85' lang='lat' dir='ltr'><strong>auditor.</strong></span> <span class='ocrx_word' id='word_1_516' title='bbox 1537 3763 1719 3818; x_wconf 86' lang='lat' dir='ltr'><strong>Novus</strong></span> <span class='ocrx_word' id='word_1_517' title='bbox 1745 3761 2046 3832; x_wconf 83' lang='lat' dir='ltr'><strong>discipulus</strong></span> 
     </span>
    </p>
   </div>
   <div class='ocr_carea' id='block_1_72' title="bbox 458 3851 2045 3927">
    <p class='ocr_par' dir='ltr' id='par_1_72' title="bbox 458 3851 2045 3927">
     <span class='ocr_line' id='line_1_72' title="bbox 458 3851 2045 3927; baseline -0.002 -17"><span class='ocrx_word' id='word_1_518' title='bbox 458 3855 656 3921; x_wconf 76' lang='lat' dir='ltr'><strong>factus,</strong></span> <span class='ocrx_word' id='word_1_519' title='bbox 688 3872 794 3910; x_wconf 88' lang='lat' dir='ltr'><strong>non</strong></span> <span class='ocrx_word' id='word_1_520' title='bbox 818 3867 899 3911; x_wconf 91' lang='lat' dir='ltr'><strong>est</strong></span> <span class='ocrx_word' id='word_1_521' title='bbox 922 3857 1136 3927; x_wconf 85' lang='lat' dir='ltr'><strong>propria</strong></span> <span class='ocrx_word' id='word_1_522' title='bbox 1168 3856 1340 3910; x_wconf 89' lang='lat' dir='ltr'><strong>salute</strong></span> <span class='ocrx_word' id='word_1_523' title='bbox 1359 3863 1669 3918; x_wconf 87' lang='lat' dir='ltr'><strong>contentus,</strong></span> <span class='ocrx_word' id='word_1_524' title='bbox 1702 3851 2045 3924; x_wconf 88' lang='lat' dir='ltr'><strong>condiscipu-</strong></span> 
     </span>
    </p>
   </div>
   <div class='ocr_carea' id='block_1_73' title="bbox 459 3945 2046 4017">
    <p class='ocr_par' dir='ltr' id='par_1_73' title="bbox 459 3945 2046 4017">
     <span class='ocr_line' id='line_1_73' title="bbox 459 3945 2046 4017; baseline -0.001 -17"><span class='ocrx_word' id='word_1_525' title='bbox 459 3945 542 4000; x_wconf 75' lang='lat' dir='ltr'><strong>los</strong></span> <span class='ocrx_word' id='word_1_526' title='bbox 576 3947 790 4017; x_wconf 58' lang='lat' dir='ltr'><strong>quaerit,</strong></span> <span class='ocrx_word' id='word_1_527' title='bbox 827 3947 895 4001; x_wconf 91' lang='lat' dir='ltr'><strong>ad</strong></span> <span class='ocrx_word' id='word_1_528' title='bbox 929 3947 1214 4002; x_wconf 89' lang='lat' dir='ltr'><strong>luerandos</strong></span> <span class='ocrx_word' id='word_1_529' title='bbox 1235 3945 1373 4002; x_wconf 85' lang='lat' dir='ltr'><strong>alios</strong></span> <span class='ocrx_word' id='word_1_530' title='bbox 1392 3946 1663 4001; x_wconf 81' lang='lat' dir='ltr'><strong>fraternus</strong></span> <span class='ocrx_word' id='word_1_531' title='bbox 1689 3959 1749 4001; x_wconf 86' lang='lat' dir='ltr'><strong>se</strong></span> <span class='ocrx_word' id='word_1_532' title='bbox 1774 3956 1928 4002; x_wconf 88' lang='lat' dir='ltr'><strong>amor</strong></span> <span class='ocrx_word' id='word_1_533' title='bbox 1949 3960 2046 4000; x_wconf 85' lang='lat' dir='ltr'><strong>ex-</strong></span> 
     </span>
    </p>
   </div>
   <div class='ocr_carea' id='block_1_74' title="bbox 464 4036 2039 4110">
    <p class='ocr_par' dir='ltr' id='par_1_74' title="bbox 464 4036 2039 4110">
     <span class='ocr_line' id='line_1_74' title="bbox 464 4036 2039 4110; baseline 0.001 -20"><span class='ocrx_word' id='word_1_534' title='bbox 464 4039 654 4093; x_wconf 89' lang='lat' dir='ltr'><strong>tendit.</strong></span> <span class='ocrx_word' id='word_1_535' title='bbox 709 4037 1047 4094; x_wconf 13' lang='lat' dir='ltr'><strong>Thesauarum</strong></span> <span class='ocrx_word' id='word_1_536' title='bbox 1099 4038 1325 4110; x_wconf 88' lang='lat' dir='ltr'><strong>reperit,</strong></span> <span class='ocrx_word' id='word_1_537' title='bbox 1377 4038 1576 4110; x_wconf 89' lang='lat' dir='ltr'><strong>gaudet</strong></span> <span class='ocrx_word' id='word_1_538' title='bbox 1619 4036 1744 4092; x_wconf 90' lang='lat' dir='ltr'><strong>aliis</strong></span> <span class='ocrx_word' id='word_1_539' title='bbox 1788 4036 2039 4108; x_wconf 90' lang='lat' dir='ltr'><strong>prodere,</strong></span> 
     </span>
    </p>
   </div>
   <div class='ocr_carea' id='block_1_75' title="bbox 461 4127 2039 4200">
    <p class='ocr_par' dir='ltr' id='par_1_75' title="bbox 461 4127 2039 4200">
     <span class='ocr_line' id='line_1_75' title="bbox 461 4127 2039 4200; baseline 0.001 -20"><span class='ocrx_word' id='word_1_540' title='bbox 461 4128 663 4182; x_wconf 86' lang='lat' dir='ltr'><strong>furtum</strong></span> <span class='ocrx_word' id='word_1_541' title='bbox 696 4127 945 4200; x_wconf 84' lang='lat' dir='ltr'><strong>deputat,</strong></span> <span class='ocrx_word' id='word_1_542' title='bbox 997 4127 1150 4186; x_wconf 89' lang='lat' dir='ltr'><strong>illum</strong></span> <span class='ocrx_word' id='word_1_543' title='bbox 1195 4130 1315 4184; x_wconf 90' lang='lat' dir='ltr'><strong>sine</strong></span> <span class='ocrx_word' id='word_1_544' title='bbox 1359 4127 1708 4184; x_wconf 87' lang='lat' dir='ltr'><strong>consortibus</strong></span> <span class='ocrx_word' id='word_1_545' title='bbox 1743 4127 2039 4199; x_wconf 85' lang='lat' dir='ltr'><strong>possidere.</strong></span> 
     </span>
    </p>
   </div>
   <div class='ocr_carea' id='block_1_76' title="bbox 461 4219 2044 4292">
    <p class='ocr_par' dir='ltr' id='par_1_76' title="bbox 461 4219 2044 4292">
     <span class='ocr_line' id='line_1_76' title="bbox 461 4219 2044 4292; baseline 0 -19"><span class='ocrx_word' id='word_1_546' title='bbox 461 4219 659 4274; x_wconf 81' lang='lat' dir='ltr'><strong>Fausta</strong></span> <span class='ocrx_word' id='word_1_547' title='bbox 688 4219 920 4290; x_wconf 86' lang='lat' dir='ltr'><strong>denique</strong></span> <span class='ocrx_word' id='word_1_548' title='bbox 947 4231 1002 4276; x_wconf 82' lang='lat' dir='ltr'><strong>et</strong></span> <span class='ocrx_word' id='word_1_549' title='bbox 1021 4221 1287 4292; x_wconf 25' lang='lat' dir='ltr'><strong>praeclara.</strong></span> <span class='ocrx_word' id='word_1_550' title='bbox 1306 4221 1502 4275; x_wconf 59' lang='lat' dir='ltr'><strong>futurae</strong></span> <span class='ocrx_word' id='word_1_551' title='bbox 1545 4220 1747 4275; x_wconf 78' lang='lat' dir='ltr'><strong>indolis</strong></span> <span class='ocrx_word' id='word_1_552' title='bbox 1770 4219 1924 4291; x_wconf 84' lang='lat' dir='ltr'><strong>signa</strong></span> <span class='ocrx_word' id='word_1_553' title='bbox 1951 4235 2044 4274; x_wconf 93' lang='lat' dir='ltr'><strong>no-</strong></span> 
     </span>
    </p>
   </div>
   <div class='ocr_carea' id='block_1_77' title="bbox 454 4309 2043 4380">
    <p class='ocr_par' dir='ltr' id='par_1_77' title="bbox 454 4309 2043 4380">
     <span class='ocr_line' id='line_1_77' title="bbox 454 4309 2043 4380; baseline 0.002 -18"><span class='ocrx_word' id='word_1_554' title='bbox 454 4323 562 4363; x_wconf 83' lang='lat' dir='ltr'><strong>vus</strong></span> <span class='ocrx_word' id='word_1_555' title='bbox 598 4311 709 4361; x_wconf 86' lang='lat' dir='ltr'><strong>tiro</strong></span> <span class='ocrx_word' id='word_1_556' title='bbox 730 4311 1040 4378; x_wconf 67' lang='lat' dir='ltr'><strong>praetendit,</strong></span> <span class='ocrx_word' id='word_1_557' title='bbox 1065 4311 1157 4380; x_wconf 87' lang='lat' dir='ltr'><strong>qtti</strong></span> <span class='ocrx_word' id='word_1_558' title='bbox 1191 4311 1244 4364; x_wconf 91' lang='lat' dir='ltr'><strong>in</strong></span> <span class='ocrx_word' id='word_1_559' title='bbox 1277 4311 1394 4380; x_wconf 89' lang='lat' dir='ltr'><strong>ipso</strong></span> <span class='ocrx_word' id='word_1_560' title='bbox 1425 4309 1646 4366; x_wconf 66' lang='lat' dir='ltr'><strong>novitiaz</strong></span> <span class='ocrx_word' id='word_1_561' title='bbox 1671 4309 2043 4365; x_wconf 87' lang='lat' dir='ltr'><strong>conversionis</strong></span> 
     </span>
    </p>
   </div>
   <div class='ocr_carea' id='block_1_78' title="bbox 461 4397 2042 4469">
    <p class='ocr_par' dir='ltr' id='par_1_78' title="bbox 461 4397 2042 4469">
     <span class='ocr_line' id='line_1_78' title="bbox 461 4397 2042 4469; baseline 0.003 -19"><span class='ocrx_word' id='word_1_562' title='bbox 461 4397 712 4462; x_wconf 82' lang='lat' dir='ltr'><strong>exordio,</strong></span> <span class='ocrx_word' id='word_1_563' title='bbox 738 4413 861 4451; x_wconf 85' lang='lat' dir='ltr'><strong>mox</strong></span> <span class='ocrx_word' id='word_1_564' title='bbox 891 4399 1032 4467; x_wconf 86' lang='lat' dir='ltr'><strong>quod</strong></span> <span class='ocrx_word' id='word_1_565' title='bbox 1060 4398 1325 4453; x_wconf 83' lang='lat' dir='ltr'><strong>didicerat</strong></span> <span class='ocrx_word' id='word_1_566' title='bbox 1355 4397 1557 4464; x_wconf 80' lang='lat' dir='ltr'><strong>docuit,</strong></span> <span class='ocrx_word' id='word_1_567' title='bbox 1592 4397 1735 4467; x_wconf 92' lang='lat' dir='ltr'><strong>quod</strong></span> <span class='ocrx_word' id='word_1_568' title='bbox 1757 4408 2042 4469; x_wconf 84' lang='lat' dir='ltr'><strong>acceperat</strong></span> 
     </span>
    </p>
   </div>
   <div class='ocr_carea' id='block_1_79' title="bbox 2150 3218 3720 3300">
    <p class='ocr_par' dir='ltr' id='par_1_79' title="bbox 2150 3218 3720 3300">
     <span class='ocr_line' id='line_1_79' title="bbox 2150 3218 3720 3300; baseline 0.009 -27"><span class='ocrx_word' id='word_1_569' title='bbox 2150 3218 2254 3274; x_wconf 82' lang='lat' dir='ltr'><strong>bus</strong></span> <span class='ocrx_word' id='word_1_570' title='bbox 2277 3219 2636 3274; x_wconf 86' lang='lat' dir='ltr'><strong>munitissima</strong></span> <span class='ocrx_word' id='word_1_571' title='bbox 2673 3220 2789 3288; x_wconf 88' lang='lat' dir='ltr'><strong>ejus</strong></span> <span class='ocrx_word' id='word_1_572' title='bbox 2819 3221 3020 3274; x_wconf 67' lang='lat' dir='ltr'><strong>muenia</strong></span> <span class='ocrx_word' id='word_1_573' title='bbox 3058 3231 3381 3279; x_wconf 85' lang='lat' dir='ltr'><strong>corruerunt</strong></span> <span class='ocrx_word' id='word_1_574' title='bbox 3414 3224 3554 3297; x_wconf 79' lang='lat' dir='ltr'><strong>(Ias.</strong></span> <span class='ocrx_word' id='word_1_575' title='bbox 3624 3229 3720 3300; x_wconf 76' lang='lat' dir='ltr'><strong>vr).</strong></span> 
     </span>
    </p>
   </div>
   <div class='ocr_carea' id='block_1_80' title="bbox 2147 3309 3722 3393">
    <p class='ocr_par' dir='ltr' id='par_1_80' title="bbox 2147 3309 3722 3393">
     <span class='ocr_line' id='line_1_80' title="bbox 2147 3309 3722 3393; baseline 0.006 -29"><span class='ocrx_word' id='word_1_576' title='bbox 2147 3309 2745 3381; x_wconf 69' lang='lat' dir='ltr'><strong>Prmceperat‘namque</strong></span> <span class='ocrx_word' id='word_1_577' title='bbox 2775 3311 3033 3368; x_wconf 88' lang='lat' dir='ltr'><strong>Dominus</strong></span> <span class='ocrx_word' id='word_1_578' title='bbox 3061 3311 3225 3369; x_wconf 87' lang='lat' dir='ltr'><strong>Josue</strong></span> <span class='ocrx_word' id='word_1_579' title='bbox 3249 3323 3318 3393; x_wconf 88' lang='lat' dir='ltr'><strong>_ut</strong></span> <span class='ocrx_word' id='word_1_580' title='bbox 3341 3329 3524 3371; x_wconf 83' lang='lat' dir='ltr'><strong>arcam</strong></span> <span class='ocrx_word' id='word_1_581' title='bbox 3548 3313 3722 3377; x_wconf 66' lang='lat' dir='ltr'><strong>ﬁnde-</strong></span> 
     </span>
    </p>
   </div>
   <div class='ocr_carea' id='block_1_81' title="bbox 2147 3402 3724 3475">
    <p class='ocr_par' dir='ltr' id='par_1_81' title="bbox 2147 3402 3724 3475">
     <span class='ocr_line' id='line_1_81' title="bbox 2147 3402 3724 3475; baseline 0.005 -17"><span class='ocrx_word' id='word_1_582' title='bbox 2147 3403 2224 3458; x_wconf 84' lang='lat' dir='ltr'><strong>ris</strong></span> <span class='ocrx_word' id='word_1_583' title='bbox 2267 3404 2370 3457; x_wconf 87' lang='lat' dir='ltr'><strong>viri</strong></span> <span class='ocrx_word' id='word_1_584' title='bbox 2409 3402 2699 3468; x_wconf 78' lang='lat' dir='ltr'><strong>bellatores</strong></span> <span class='ocrx_word' id='word_1_585' title='bbox 2745 3405 2940 3458; x_wconf 77' lang='lat' dir='ltr'><strong>armati</strong></span> <span class='ocrx_word' id='word_1_586' title='bbox 2979 3406 3366 3475; x_wconf 63' lang='lat' dir='ltr'><strong>praecederent,</strong></span> <span class='ocrx_word' id='word_1_587' title='bbox 3411 3410 3724 3466; x_wconf 86' lang='lat' dir='ltr'><strong>sacerdotes</strong></span> 
     </span>
    </p>
   </div>
   <div class='ocr_carea' id='block_1_82' title="bbox 2147 3495 3724 3573">
    <p class='ocr_par' dir='ltr' id='par_1_82' title="bbox 2147 3495 3724 3573">
     <span class='ocr_line' id='line_1_82' title="bbox 2147 3495 3724 3573; baseline 0.005 -25"><span class='ocrx_word' id='word_1_588' title='bbox 2147 3502 2326 3549; x_wconf 89' lang='lat' dir='ltr'><strong>autem</strong></span> <span class='ocrx_word' id='word_1_589' title='bbox 2358 3506 2562 3564; x_wconf 83' lang='lat' dir='ltr'><strong>septem</strong></span> <span class='ocrx_word' id='word_1_590' title='bbox 2587 3495 2747 3565; x_wconf 84' lang='lat'><strong>303</strong></span> <span class='ocrx_word' id='word_1_591' title='bbox 2778 3496 3023 3551; x_wconf 87' lang='lat' dir='ltr'><strong>buceinis</strong></span> <span class='ocrx_word' id='word_1_592' title='bbox 3047 3496 3383 3568; x_wconf 84' lang='lat' dir='ltr'><strong>clangerent,</strong></span> <span class='ocrx_word' id='word_1_593' title='bbox 3411 3500 3597 3570; x_wconf 91' lang='lat' dir='ltr'><strong>sicque</strong></span> <span class='ocrx_word' id='word_1_594' title='bbox 3625 3515 3724 3573; x_wconf 90' lang='lat' dir='ltr'><strong>per</strong></span> 
     </span>
    </p>
   </div>
   <div class='ocr_carea' id='block_1_83' title="bbox 2145 3585 3743 3655">
    <p class='ocr_par' dir='ltr' id='par_1_83' title="bbox 2145 3585 3743 3655">
     <span class='ocr_line' id='line_1_83' title="bbox 2145 3585 3743 3655; baseline 0.004 -14"><span class='ocrx_word' id='word_1_595' title='bbox 2145 3595 2352 3655; x_wconf 89' lang='lat' dir='ltr'><strong>septem</strong></span> <span class='ocrx_word' id='word_1_596' title='bbox 2376 3586 2726 3642; x_wconf 90' lang='lat' dir='ltr'><strong>nihilominus</strong></span> <span class='ocrx_word' id='word_1_597' title='bbox 2761 3587 2876 3642; x_wconf 87' lang='lat' dir='ltr'><strong>dies</strong></span> <span class='ocrx_word' id='word_1_598' title='bbox 2910 3585 3128 3642; x_wconf 71' lang='lat' dir='ltr'><strong>Iericho</strong></span> <span class='ocrx_word' id='word_1_599' title='bbox 3164 3588 3362 3643; x_wconf 73' lang='lat' dir='ltr'><strong>mmnia</strong></span> <span class='ocrx_word' id='word_1_600' title='bbox 3399 3589 3743 3648; x_wconf 74' lang='lat' dir='ltr'><strong>cireuirent.‘</strong></span> 
     </span>
    </p>
   </div>
   <div class='ocr_carea' id='block_1_84' title="bbox 2145 3669 3721 3751">
    <p class='ocr_par' dir='ltr' id='par_1_84' title="bbox 2145 3669 3721 3751">
     <span class='ocr_line' id='line_1_84' title="bbox 2145 3669 3721 3751; baseline 0.006 -20"><span class='ocrx_word' id='word_1_601' title='bbox 2145 3669 2387 3746; x_wconf 83' lang='lat' dir='ltr'><strong>Septimo</strong></span> <span class='ocrx_word' id='word_1_602' title='bbox 2429 3677 2613 3746; x_wconf 88' lang='lat' dir='ltr'><strong>itaque</strong></span> <span class='ocrx_word' id='word_1_603' title='bbox 2651 3677 2762 3741; x_wconf 84' lang='lat' dir='ltr'><strong>die,</strong></span> <span class='ocrx_word' id='word_1_604' title='bbox 2807 3678 2935 3731; x_wconf 90' lang='lat' dir='ltr'><strong>dum</strong></span> <span class='ocrx_word' id='word_1_605' title='bbox 2987 3678 3307 3734; x_wconf 82' lang='lat' dir='ltr'><strong>vociferatio</strong></span> <span class='ocrx_word' id='word_1_606' title='bbox 3350 3682 3528 3751; x_wconf 87' lang='lat' dir='ltr'><strong>populi</strong></span> <span class='ocrx_word' id='word_1_607' title='bbox 3577 3685 3721 3740; x_wconf 91' lang='lat' dir='ltr'><strong>tubis</strong></span> 
     </span>
    </p>
   </div>
   <div class='ocr_carea' id='block_1_85' title="bbox 2144 3763 3721 3838">
    <p class='ocr_par' dir='ltr' id='par_1_85' title="bbox 2144 3763 3721 3838">
     <span class='ocr_line' id='line_1_85' title="bbox 2144 3763 3721 3838; baseline 0.005 -19"><span class='ocrx_word' id='word_1_608' title='bbox 2144 3764 2523 3835; x_wconf 73' lang='lat' dir='ltr'><strong>clangentibus</strong></span> <span class='ocrx_word' id='word_1_609' title='bbox 2547 3765 2908 3830; x_wconf 86' lang='lat' dir='ltr'><strong>admiscetur,</strong></span> <span class='ocrx_word' id='word_1_610' title='bbox 2943 3763 3159 3822; x_wconf 70' lang='lat' dir='ltr'><strong>Iericho</strong></span> <span class='ocrx_word' id='word_1_611' title='bbox 3186 3769 3430 3838; x_wconf 89' lang='lat' dir='ltr'><strong>protinus</strong></span> <span class='ocrx_word' id='word_1_612' title='bbox 3458 3788 3488 3825; x_wconf 87' lang='lat' dir='ltr'><strong>a</strong></span> <span class='ocrx_word' id='word_1_613' title='bbox 3529 3768 3721 3827; x_wconf 85' lang='lat' dir='ltr'><strong>funda-</strong></span> 
     </span>
    </p>
   </div>
   <div class='ocr_carea' id='block_1_86' title="bbox 2142 3855 2962 3925">
    <p class='ocr_par' dir='ltr' id='par_1_86' title="bbox 2142 3855 2962 3925">
     <span class='ocr_line' id='line_1_86' title="bbox 2142 3855 2962 3925; baseline 0 -14"><span class='ocrx_word' id='word_1_614' title='bbox 2142 3864 2325 3911; x_wconf 85' lang='lat' dir='ltr'><strong>mento</strong></span> <span class='ocrx_word' id='word_1_615' title='bbox 2350 3855 2586 3925; x_wconf 90' lang='lat' dir='ltr'><strong>collapsa</strong></span> <span class='ocrx_word' id='word_1_616' title='bbox 2611 3857 2962 3912; x_wconf 91' lang='lat' dir='ltr'><strong>subvertitur.</strong></span> 
     </span>
    </p>
   </div>
   <div class='ocr_carea' id='block_1_87' title="bbox 2212 3946 3719 4022">
    <p class='ocr_par' dir='ltr' id='par_1_87' title="bbox 2212 3946 3719 4022">
     <span class='ocr_line' id='line_1_87' title="bbox 2212 3946 3719 4022; baseline 0.008 -21"><span class='ocrx_word' id='word_1_617' title='bbox 2212 3946 2350 4014; x_wconf 82' lang='lat' dir='ltr'><strong>Quid</strong></span> <span class='ocrx_word' id='word_1_618' title='bbox 2385 3958 2469 4003; x_wconf 87' lang='lat' dir='ltr'><strong>est</strong></span> <span class='ocrx_word' id='word_1_619' title='bbox 2508 3958 2689 4004; x_wconf 87' lang='lat' dir='ltr'><strong>autem</strong></span> <span class='ocrx_word' id='word_1_620' title='bbox 2730 3951 2873 4020; x_wconf 89' lang='lat' dir='ltr'><strong>quod</strong></span> <span class='ocrx_word' id='word_1_621' title='bbox 2921 3951 2988 4006; x_wconf 88' lang='lat' dir='ltr'><strong>ad</strong></span> <span class='ocrx_word' id='word_1_622' title='bbox 3031 3953 3349 4022; x_wconf 86' lang='lat' dir='ltr'><strong>capiendam</strong></span> <span class='ocrx_word' id='word_1_623' title='bbox 3390 3955 3579 4011; x_wconf 90' lang='lat' dir='ltr'><strong>urbem</strong></span> <span class='ocrx_word' id='word_1_624' title='bbox 3611 3973 3719 4013; x_wconf 91' lang='lat' dir='ltr'><strong>non</strong></span> 
     </span>
    </p>
   </div>
   <div class='ocr_carea' id='block_1_88' title="bbox 2141 4039 3718 4117">
    <p class='ocr_par' dir='ltr' id='par_1_88' title="bbox 2141 4039 3718 4117">
     <span class='ocr_line' id='line_1_88' title="bbox 2141 4039 3718 4117; baseline 0.006 -23"><span class='ocrx_word' id='word_1_625' title='bbox 2141 4039 2350 4111; x_wconf 83' lang='lat' dir='ltr'><strong>gladius</strong></span> <span class='ocrx_word' id='word_1_626' title='bbox 2385 4039 2656 4107; x_wconf 92' lang='lat' dir='ltr'><strong>educitur,</strong></span> <span class='ocrx_word' id='word_1_627' title='bbox 2706 4056 2814 4097; x_wconf 92' lang='lat' dir='ltr'><strong>non</strong></span> <span class='ocrx_word' id='word_1_628' title='bbox 2868 4041 2973 4097; x_wconf 89' lang='lat' dir='ltr'><strong>tela</strong></span> <span class='ocrx_word' id='word_1_629' title='bbox 2994 4044 3294 4111; x_wconf 81' lang='lat' dir='ltr'><strong>vibrantur,</strong></span> <span class='ocrx_word' id='word_1_630' title='bbox 3335 4062 3440 4101; x_wconf 92' lang='lat' dir='ltr'><strong>non</strong></span> <span class='ocrx_word' id='word_1_631' title='bbox 3477 4047 3718 4117; x_wconf 75' lang='lat' dir='ltr'><strong>iaculum</strong></span> 
     </span>
    </p>
   </div>
   <div class='ocr_carea' id='block_1_89' title="bbox 2142 4131 3718 4206">
    <p class='ocr_par' dir='ltr' id='par_1_89' title="bbox 2142 4131 3718 4206">
     <span class='ocr_line' id='line_1_89' title="bbox 2142 4131 3718 4206; baseline 0.004 -20"><span class='ocrx_word' id='word_1_632' title='bbox 2142 4131 2415 4196; x_wconf 89' lang='lat' dir='ltr'><strong>mittitur,</strong></span> <span class='ocrx_word' id='word_1_633' title='bbox 2441 4146 2550 4186; x_wconf 92' lang='lat' dir='ltr'><strong>non</strong></span> <span class='ocrx_word' id='word_1_634' title='bbox 2581 4132 2726 4187; x_wconf 90' lang='lat' dir='ltr'><strong>acies</strong></span> <span class='ocrx_word' id='word_1_635' title='bbox 2748 4132 3251 4190; x_wconf 81' lang='lat' dir='ltr'><strong>militariscuneiad</strong></span> <span class='ocrx_word' id='word_1_636' title='bbox 3277 4136 3593 4206; x_wconf 83' lang='lat' dir='ltr'><strong>irruptionis</strong></span> <span class='ocrx_word' id='word_1_637' title='bbox 3617 4139 3718 4194; x_wconf 86' lang='lat' dir='ltr'><strong>im-</strong></span> 
     </span>
    </p>
   </div>
   <div class='ocr_carea' id='block_1_90' title="bbox 2140 4209 3720 4292">
    <p class='ocr_par' dir='ltr' id='par_1_90' title="bbox 2140 4209 3720 4292">
     <span class='ocr_line' id='line_1_90' title="bbox 2140 4209 3720 4292; baseline 0.006 -17"><span class='ocrx_word' id='word_1_638' title='bbox 2140 4230 2323 4291; x_wconf 89' lang='lat' dir='ltr'><strong>petum</strong></span> <span class='ocrx_word' id='word_1_639' title='bbox 2345 4222 2649 4292; x_wconf 92' lang='lat' dir='ltr'><strong>coustipatu</strong></span> <span class='ocrx_word' id='word_1_640' title='bbox 2659 4237 2702 4288; x_wconf 92' lang='lat' dir='ltr'><strong>r,</strong></span> <span class='ocrx_word' id='word_1_641' title='bbox 2729 4223 2824 4278; x_wconf 88' lang='lat' dir='ltr'><strong>sed</strong></span> <span class='ocrx_word' id='word_1_642' title='bbox 2850 4222 2991 4279; x_wconf 87' lang='lat' dir='ltr'><strong>tubis</strong></span> <span class='ocrx_word' id='word_1_643' title='bbox 3009 4224 3273 4281; x_wconf 81' lang='lat' dir='ltr'><strong>duntaxat</strong></span> <span class='ocrx_word' id='word_1_644' title='bbox 3290 4209 3720 4285; x_wconf 84' lang='lat' dir='ltr'><strong>sacerdotalibus</strong></span> 
     </span>
    </p>
   </div>
   <div class='ocr_carea' id='block_1_91' title="bbox 2141 4313 3717 4385">
    <p class='ocr_par' dir='ltr' id='par_1_91' title="bbox 2141 4313 3717 4385">
     <span class='ocr_line' id='line_1_91' title="bbox 2141 4313 3717 4385; baseline 0.005 -17"><span class='ocrx_word' id='word_1_645' title='bbox 2141 4313 2434 4384; x_wconf 87' lang='lat' dir='ltr'><strong>clangitur,</strong></span> <span class='ocrx_word' id='word_1_646' title='bbox 2459 4323 2515 4369; x_wconf 90' lang='lat' dir='ltr'><strong>et</strong></span> <span class='ocrx_word' id='word_1_647' title='bbox 2547 4313 2625 4369; x_wconf 87' lang='lat' dir='ltr'><strong>sic</strong></span> <span class='ocrx_word' id='word_1_648' title='bbox 2647 4314 2872 4369; x_wconf 89' lang='lat' dir='ltr'><strong>victoria</strong></span> <span class='ocrx_word' id='word_1_649' title='bbox 2903 4331 3008 4370; x_wconf 90' lang='lat' dir='ltr'><strong>non</strong></span> <span class='ocrx_word' id='word_1_650' title='bbox 3028 4314 3279 4385; x_wconf 77' lang='lat' dir='ltr'><strong>iamjure</strong></span> <span class='ocrx_word' id='word_1_651' title='bbox 3305 4318 3459 4385; x_wconf 88' lang='lat' dir='ltr'><strong>belli,</strong></span> <span class='ocrx_word' id='word_1_652' title='bbox 3487 4320 3581 4375; x_wconf 86' lang='lat' dir='ltr'><strong>sed</strong></span> <span class='ocrx_word' id='word_1_653' title='bbox 3611 4322 3717 4376; x_wconf 82' lang='lat' dir='ltr'><strong>vir-</strong></span> 
     </span>
    </p>
   </div>
   <div class='ocr_carea' id='block_1_92' title="bbox 2147 4406 3719 4477">
    <p class='ocr_par' dir='ltr' id='par_1_92' title="bbox 2147 4406 3719 4477">
     <span class='ocr_line' id='line_1_92' title="bbox 2147 4406 3719 4477; baseline 0.005 -17"><span class='ocrx_word' id='word_1_654' title='bbox 2147 4415 2260 4470; x_wconf 82' lang='lat' dir='ltr'><strong>tute</strong></span> <span class='ocrx_word' id='word_1_655' title='bbox 2284 4407 2462 4477; x_wconf 86' lang='lat' dir='ltr'><strong>potius</strong></span> <span class='ocrx_word' id='word_1_656' title='bbox 2486 4406 2808 4462; x_wconf 84' lang='lat' dir='ltr'><strong>sacramenti</strong></span> <span class='ocrx_word' id='word_1_657' title='bbox 2836 4407 2902 4461; x_wconf 90' lang='lat' dir='ltr'><strong>de</strong></span> <span class='ocrx_word' id='word_1_658' title='bbox 2931 4408 3202 4476; x_wconf 85' lang='lat' dir='ltr'><strong>superatis</strong></span> <span class='ocrx_word' id='word_1_659' title='bbox 3233 4408 3479 4468; x_wconf 86' lang='lat' dir='ltr'><strong>hostibus</strong></span> <span class='ocrx_word' id='word_1_660' title='bbox 3506 4412 3719 4468; x_wconf 82' lang='lat' dir='ltr'><strong>obtine-</strong></span> 
     </span>
    </p>
   </div>
   <div class='ocr_carea' id='block_1_93' title="bbox 463 4468 3719 4570">
    <p class='ocr_par' dir='ltr' id='par_1_93' title="bbox 463 4468 3719 4570">
     <span class='ocr_line' id='line_1_93' title="bbox 463 4468 3719 4570; baseline 0.001 -31"><span class='ocrx_word' id='word_1_661' title='bbox 463 4485 695 4541; x_wconf 72' lang='lat' dir='ltr'><strong>fideliter</strong></span> <span class='ocrx_word' id='word_1_662' title='bbox 738 4486 1000 4557; x_wconf 80' lang='lat' dir='ltr'><strong>erogavit.</strong></span> <span class='ocrx_word' id='word_1_663' title='bbox 1054 4485 1308 4556; x_wconf 80' lang='lat' dir='ltr'><strong>Magnum</strong></span> <span class='ocrx_word' id='word_1_664' title='bbox 1327 4487 1740 4552; x_wconf 85' lang='lat' dir='ltr'><strong>nuntium,nova</strong></span> <span class='ocrx_word' id='word_1_665' title='bbox 1779 4497 1835 4542; x_wconf 91' lang='lat' dir='ltr'><strong>et</strong></span> <span class='ocrx_word' id='word_1_666' title='bbox 1874 4487 2044 4543; x_wconf 82' lang='lat' dir='ltr'><strong>adtni-</strong></span> <span class='ocrx_word' id='word_1_667' title='bbox 2069 4468 2122 4529; x_wconf 80' lang='lat' dir='ltr'><strong>D</strong></span> <span class='ocrx_word' id='word_1_668' title='bbox 2148 4498 2270 4554; x_wconf 68' lang='grc' dir='ltr'><strong>ωιιῖ</strong></span> <span class='ocrx_word' id='word_1_669' title='bbox 2289 4497 2656 4555; x_wconf 60' lang='lat' dir='ltr'><strong>Delii-amenti</strong></span> <span class='ocrx_word' id='word_1_670' title='bbox 2687 4512 2822 4553; x_wconf 77' lang='lat' dir='ltr'><strong>sane</strong></span> <span class='ocrx_word' id='word_1_671' title='bbox 2846 4497 3124 4558; x_wconf 65' lang='lat' dir='ltr'><strong>viderem:</strong></span> <span class='ocrx_word' id='word_1_672' title='bbox 3149 4499 3381 4570; x_wconf 60' lang='lat' dir='ltr'><strong>ineptia,</strong></span> <span class='ocrx_word' id='word_1_673' title='bbox 3421 4501 3467 4556; x_wconf 66' lang='lat' dir='ltr'><strong>si</strong></span> <span class='ocrx_word' id='word_1_674' title='bbox 3495 4502 3719 4558; x_wconf 56' lang='lat' dir='ltr'><strong>evidens</strong></span> 
     </span>
    </p>
   </div>
   <div class='ocr_carea' id='block_1_94' title="bbox 462 4570 2044 4646">
    <p class='ocr_par' dir='ltr' id='par_1_94' title="bbox 462 4570 2044 4646">
     <span class='ocr_line' id='line_1_94' title="bbox 462 4570 2044 4646; baseline 0.001 -18"><span class='ocrx_word' id='word_1_675' title='bbox 462 4575 630 4629; x_wconf 84' lang='lat' dir='ltr'><strong>randa</strong></span> <span class='ocrx_word' id='word_1_676' title='bbox 671 4570 1045 4640; x_wconf 79' lang='lat' dir='ltr'><strong>relatio,ill.um</strong></span> <span class='ocrx_word' id='word_1_677' title='bbox 1083 4575 1400 4646; x_wconf 87' lang='lat' dir='ltr'><strong>promittere</strong></span> <span class='ocrx_word' id='word_1_678' title='bbox 1438 4574 1720 4633; x_wconf 86' lang='lat' dir='ltr'><strong>visibiliter</strong></span> <span class='ocrx_word' id='word_1_679' title='bbox 1755 4570 2044 4632; x_wconf 77' lang='lat' dir='ltr'><strong>ostenden-</strong></span> 
     </span>
    </p>
   </div>
   <div class='ocr_carea' id='block_1_95' title="bbox 467 4666 2044 4739">
    <p class='ocr_par' dir='ltr' id='par_1_95' title="bbox 467 4666 2044 4739">
     <span class='ocr_line' id='line_1_95' title="bbox 467 4666 2044 4739; baseline 0.003 -20"><span class='ocrx_word' id='word_1_680' title='bbox 467 4666 616 4732; x_wconf 90' lang='lat' dir='ltr'><strong>dum,</strong></span> <span class='ocrx_word' id='word_1_681' title='bbox 651 4682 816 4736; x_wconf 84' lang='lat' dir='ltr'><strong>quem</strong></span> <span class='ocrx_word' id='word_1_682' title='bbox 855 4673 934 4722; x_wconf 83' lang='lat' dir='ltr'><strong>tot</strong></span> <span class='ocrx_word' id='word_1_683' title='bbox 977 4666 1360 4737; x_wconf 80' lang='lat' dir='ltr'><strong>prophetarum</strong></span> <span class='ocrx_word' id='word_1_684' title='bbox 1387 4667 1604 4723; x_wconf 87' lang='lat' dir='ltr'><strong>oracula</strong></span> <span class='ocrx_word' id='word_1_685' title='bbox 1645 4667 2044 4739; x_wconf 78' lang='lat' dir='ltr'><strong>praecinuerant</strong></span> 
     </span>
    </p>
   </div>
   <div class='ocr_carea' id='block_1_96' title="bbox 461 4758 794 4814">
    <p class='ocr_par' dir='ltr' id='par_1_96' title="bbox 461 4758 794 4814">
     <span class='ocr_line' id='line_1_96' title="bbox 461 4758 794 4814; baseline 0.006 -2"><span class='ocrx_word' id='word_1_686' title='bbox 461 4758 794 4814; x_wconf 85' lang='lat' dir='ltr'><strong>adfuturum.</strong></span> 
     </span>
    </p>
   </div>
   <div class='ocr_carea' id='block_1_97' title="bbox 531 4873 2038 4946">
    <p class='ocr_par' dir='ltr' id='par_1_97' title="bbox 531 4873 2038 4946">
     <span class='ocr_line' id='line_1_97' title="bbox 531 4873 2038 4946; baseline 0.005 -20"><span class='ocrx_word' id='word_1_687' title='bbox 531 4873 707 4942; x_wconf 84' lang='lat' dir='ltr'><strong>Magni</strong></span> <span class='ocrx_word' id='word_1_688' title='bbox 762 4882 909 4929; x_wconf 91' lang='lat' dir='ltr'><strong>certe</strong></span> <span class='ocrx_word' id='word_1_689' title='bbox 955 4873 1203 4946; x_wconf 78' lang='lat' dir='ltr'><strong>mysterii</strong></span> <span class='ocrx_word' id='word_1_690' title='bbox 1251 4873 1464 4943; x_wconf 73' lang='lat' dir='ltr'><strong>baiulus</strong></span> <span class='ocrx_word' id='word_1_691' title='bbox 1523 4876 1775 4932; x_wconf 74' lang='lat' dir='ltr'><strong>Andreas</strong></span> <span class='ocrx_word' id='word_1_692' title='bbox 1827 4879 2038 4934; x_wconf 75' lang='lat' dir='ltr'><strong>exstitit</strong></span> 
     </span>
    </p>
   </div>
   <div class='ocr_carea' id='block_1_98' title="bbox 460 4961 2035 5034">
    <p class='ocr_par' dir='ltr' id='par_1_98' title="bbox 460 4961 2035 5034">
     <span class='ocr_line' id='line_1_98' title="bbox 460 4961 2035 5034; baseline 0.003 -18"><span class='ocrx_word' id='word_1_693' title='bbox 460 4961 638 5027; x_wconf 87' lang='lat' dir='ltr'><strong>fratri,</strong></span> <span class='ocrx_word' id='word_1_694' title='bbox 670 4963 763 5031; x_wconf 91' lang='lat' dir='ltr'><strong>qui</strong></span> <span class='ocrx_word' id='word_1_695' title='bbox 793 4962 1046 5017; x_wconf 90' lang='lat' dir='ltr'><strong>nimirum</strong></span> <span class='ocrx_word' id='word_1_696' title='bbox 1076 4977 1201 5018; x_wconf 87' lang='lat' dir='ltr'><strong>eum</strong></span> <span class='ocrx_word' id='word_1_697' title='bbox 1250 4977 1313 5018; x_wconf 86' lang='lat' dir='ltr'><strong>se</strong></span> <span class='ocrx_word' id='word_1_698' title='bbox 1347 4964 1618 5034; x_wconf 82' lang='lat' dir='ltr'><strong>reperisse</strong></span> <span class='ocrx_word' id='word_1_699' title='bbox 1657 4973 1886 5022; x_wconf 81' lang='lat' dir='ltr'><strong>testatus</strong></span> <span class='ocrx_word' id='word_1_700' title='bbox 1930 4977 2035 5034; x_wconf 87' lang='lat' dir='ltr'><strong>est,</strong></span> 
     </span>
    </p>
   </div>
   <div class='ocr_carea' id='block_1_99' title="bbox 459 5051 2040 5128">
    <p class='ocr_par' dir='ltr' id='par_1_99' title="bbox 459 5051 2040 5128">
     <span class='ocr_line' id='line_1_99' title="bbox 459 5051 2040 5128; baseline 0.004 -23"><span class='ocrx_word' id='word_1_701' title='bbox 459 5067 620 5121; x_wconf 85' lang='lat' dir='ltr'><strong>quem</strong></span> <span class='ocrx_word' id='word_1_702' title='bbox 666 5051 736 5106; x_wconf 83' lang='lat' dir='ltr'><strong>ab</strong></span> <span class='ocrx_word' id='word_1_703' title='bbox 771 5051 979 5123; x_wconf 80' lang='lat' dir='ltr'><strong>origine</strong></span> <span class='ocrx_word' id='word_1_704' title='bbox 1019 5053 1203 5108; x_wconf 88' lang='lat' dir='ltr'><strong>mundi</strong></span> <span class='ocrx_word' id='word_1_705' title='bbox 1249 5068 1439 5108; x_wconf 90' lang='lat' dir='ltr'><strong>omnes</strong></span> <span class='ocrx_word' id='word_1_706' title='bbox 1475 5054 1649 5108; x_wconf 82' lang='lat' dir='ltr'><strong>sancti</strong></span> <span class='ocrx_word' id='word_1_707' title='bbox 1679 5069 1801 5109; x_wconf 80' lang='lat' dir='ltr'><strong>cum</strong></span> <span class='ocrx_word' id='word_1_708' title='bbox 1842 5071 2040 5128; x_wconf 82' lang='lat' dir='ltr'><strong>magno</strong></span> 
     </span>
    </p>
   </div>
   <div class='ocr_carea' id='block_1_100' title="bbox 463 5143 2038 5217">
    <p class='ocr_par' dir='ltr' id='par_1_100' title="bbox 463 5143 2038 5217">
     <span class='ocr_line' id='line_1_100' title="bbox 463 5143 2038 5217; baseline 0.002 -18"><span class='ocrx_word' id='word_1_709' title='bbox 463 5143 734 5199; x_wconf 87' lang='lat' dir='ltr'><strong>desiderio</strong></span> <span class='ocrx_word' id='word_1_710' title='bbox 777 5143 1072 5213; x_wconf 71' lang='lat' dir='ltr'><strong>praestolati</strong></span> <span class='ocrx_word' id='word_1_711' title='bbox 1104 5153 1254 5210; x_wconf 89' lang='lat' dir='ltr'><strong>sunt,</strong></span> <span class='ocrx_word' id='word_1_712' title='bbox 1287 5155 1344 5198; x_wconf 89' lang='lat' dir='ltr'><strong>et</strong></span> <span class='ocrx_word' id='word_1_713' title='bbox 1385 5152 1562 5200; x_wconf 79' lang='lat' dir='ltr'><strong>tamen</strong></span> <span class='ocrx_word' id='word_1_714' title='bbox 1591 5145 1780 5209; x_wconf 30' lang='lat' dir='ltr'><strong>videre.</strong></span> <span class='ocrx_word' id='word_1_715' title='bbox 1802 5162 1908 5200; x_wconf 87' lang='lat' dir='ltr'><strong>non</strong></span> <span class='ocrx_word' id='word_1_716' title='bbox 1943 5163 2038 5217; x_wconf 83' lang='lat' dir='ltr'><strong>pe-</strong></span> 
     </span>
    </p>
   </div>
   <div class='ocr_carea' id='block_1_101' title="bbox 461 5231 2035 5305">
    <p class='ocr_par' dir='ltr' id='par_1_101' title="bbox 461 5231 2035 5305">
     <span class='ocr_line' id='line_1_101' title="bbox 461 5231 2035 5305; baseline 0.002 -17"><span class='ocrx_word' id='word_1_717' title='bbox 461 5240 697 5288; x_wconf 88' lang='lat' dir='ltr'><strong>tuerunt.</strong></span> <span class='ocrx_word' id='word_1_718' title='bbox 729 5231 846 5288; x_wconf 83' lang='lat' dir='ltr'><strong>Non</strong></span> <span class='ocrx_word' id='word_1_719' title='bbox 888 5234 990 5289; x_wconf 85' lang='lat' dir='ltr'><strong>hoc</strong></span> <span class='ocrx_word' id='word_1_720' title='bbox 1027 5235 1324 5303; x_wconf 77' lang='lat' dir='ltr'><strong>prmstitum</strong></span> <span class='ocrx_word' id='word_1_721' title='bbox 1365 5244 1450 5290; x_wconf 88' lang='lat' dir='ltr'><strong>est</strong></span> <span class='ocrx_word' id='word_1_722' title='bbox 1483 5236 1804 5305; x_wconf 68' lang='lat' dir='ltr'><strong>patriarchas</strong></span> <span class='ocrx_word' id='word_1_723' title='bbox 1847 5235 2035 5300; x_wconf 69' lang='lat' dir='ltr'><strong>Iacob,</strong></span> 
     </span>
    </p>
   </div>
   <div class='ocr_carea' id='block_1_102' title="bbox 459 5323 2038 5394">
    <p class='ocr_par' dir='ltr' id='par_1_102' title="bbox 459 5323 2038 5394">
     <span class='ocr_line' id='line_1_102' title="bbox 459 5323 2038 5394; baseline 0.003 -19"><span class='ocrx_word' id='word_1_724' title='bbox 459 5325 550 5392; x_wconf 86' lang='lat' dir='ltr'><strong>qui</strong></span> <span class='ocrx_word' id='word_1_725' title='bbox 594 5324 809 5380; x_wconf 83' lang='lat' dir='ltr'><strong>dicebat</strong></span> <span class='ocrx_word' id='word_1_726' title='bbox 839 5341 853 5378; x_wconf 90' lang='lat'><strong>:</strong></span> <span class='ocrx_word' id='word_1_727' title='bbox 894 5342 914 5376; x_wconf 67' lang='grc' dir='ltr'><em>ς</em></span> <span class='ocrx_word' id='word_1_728' title='bbox 949 5323 1202 5379; x_wconf 85' lang='lat' dir='ltr'><strong>Salutare</strong></span> <span class='ocrx_word' id='word_1_729' title='bbox 1229 5333 1376 5379; x_wconf 85' lang='lat' dir='ltr'><strong>tuum</strong></span> <span class='ocrx_word' id='word_1_730' title='bbox 1423 5327 1780 5394; x_wconf 80' lang='lat' dir='ltr'><strong>exspectabo,</strong></span> <span class='ocrx_word' id='word_1_731' title='bbox 1813 5327 2038 5381; x_wconf 87' lang='lat' dir='ltr'><strong>Domine</strong></span> 
     </span>
    </p>
   </div>
   <div class='ocr_carea' id='block_1_103' title="bbox 461 5408 2040 5485">
    <p class='ocr_par' dir='ltr' id='par_1_103' title="bbox 461 5408 2040 5485">
     <span class='ocr_line' id='line_1_103' title="bbox 461 5408 2040 5485; baseline 0.004 -22"><span class='ocrx_word' id='word_1_732' title='bbox 461 5408 616 5478; x_wconf 78' lang='lat' dir='ltr'><strong>(Gen.</strong></span> <span class='ocrx_word' id='word_1_733' title='bbox 644 5414 816 5485; x_wconf 80' lang='lat' dir='ltr'><strong>xux).</strong></span> <span class='ocrx_word' id='word_1_734' title='bbox 848 5432 867 5466; x_wconf 74' lang='grc' dir='ltr'><strong><em>ι</em></strong></span> <span class='ocrx_word' id='word_1_735' title='bbox 904 5413 1022 5467; x_wconf 80' lang='lat' dir='ltr'><strong>Non</strong></span> <span class='ocrx_word' id='word_1_736' title='bbox 1053 5413 1302 5479; x_wconf 75' lang='lat' dir='ltr'><strong>Abrahte,</strong></span> <span class='ocrx_word' id='word_1_737' title='bbox 1326 5414 1413 5469; x_wconf 90' lang='lat' dir='ltr'><strong>cui</strong></span> <span class='ocrx_word' id='word_1_738' title='bbox 1445 5415 1621 5469; x_wconf 83' lang='lat' dir='ltr'><strong>divina</strong></span> <span class='ocrx_word' id='word_1_739' title='bbox 1650 5417 1872 5485; x_wconf 87' lang='lat' dir='ltr'><strong>sponsio</strong></span> <span class='ocrx_word' id='word_1_740' title='bbox 1899 5415 2040 5470; x_wconf 89' lang='lat' dir='ltr'><strong>facta</strong></span> 
     </span>
    </p>
   </div>
   <div class='ocr_carea' id='block_1_104' title="bbox 2147 4588 3719 4662">
    <p class='ocr_par' dir='ltr' id='par_1_104' title="bbox 2147 4588 3719 4662">
     <span class='ocr_line' id='line_1_104' title="bbox 2147 4588 3719 4662; baseline 0.003 -17"><span class='ocrx_word' id='word_1_741' title='bbox 2147 4605 2255 4645; x_wconf 87' lang='lat' dir='ltr'><strong>non</strong></span> <span class='ocrx_word' id='word_1_742' title='bbox 2285 4589 2476 4644; x_wconf 88' lang='lat' dir='ltr'><strong>fuisset</strong></span> <span class='ocrx_word' id='word_1_743' title='bbox 2508 4588 2731 4644; x_wconf 87' lang='lat' dir='ltr'><strong>victoria</strong></span> <span class='ocrx_word' id='word_1_744' title='bbox 2762 4588 3072 4645; x_wconf 89' lang='lat' dir='ltr'><strong>subsecuta.</strong></span> <span class='ocrx_word' id='word_1_745' title='bbox 3101 4589 3208 4644; x_wconf 89' lang='lat' dir='ltr'><strong>Sed</strong></span> <span class='ocrx_word' id='word_1_746' title='bbox 3239 4605 3334 4660; x_wconf 88' lang='lat' dir='ltr'><strong>per</strong></span> <span class='ocrx_word' id='word_1_747' title='bbox 3361 4589 3578 4647; x_wconf 68' lang='lat' dir='ltr'><strong>Iericho</strong></span> <span class='ocrx_word' id='word_1_748' title='bbox 3599 4607 3719 4662; x_wconf 68' lang='lat' dir='ltr'><strong>qua</strong></span> 
     </span>
    </p>
   </div>
   <div class='ocr_carea' id='block_1_105' title="bbox 2146 4679 3716 4750">
    <p class='ocr_par' dir='ltr' id='par_1_105' title="bbox 2146 4679 3716 4750">
     <span class='ocr_line' id='line_1_105' title="bbox 2146 4679 3716 4750; baseline 0 -14"><span class='ocrx_word' id='word_1_749' title='bbox 2146 4681 2346 4736; x_wconf 91' lang='lat' dir='ltr'><strong>dicitur</strong></span> <span class='ocrx_word' id='word_1_750' title='bbox 2376 4680 2536 4744; x_wconf 79' lang='lat' dir='ltr'><strong>luna,</strong></span> <span class='ocrx_word' id='word_1_751' title='bbox 2579 4693 2685 4733; x_wconf 88' lang='lat' dir='ltr'><strong>non</strong></span> <span class='ocrx_word' id='word_1_752' title='bbox 2731 4679 3025 4748; x_wconf 80' lang='lat' dir='ltr'><strong>incongrue</strong></span> <span class='ocrx_word' id='word_1_753' title='bbox 3052 4679 3284 4735; x_wconf 87' lang='lat' dir='ltr'><strong>mundus</strong></span> <span class='ocrx_word' id='word_1_754' title='bbox 3323 4680 3596 4748; x_wconf 87' lang='lat' dir='ltr'><strong>innuitur,</strong></span> <span class='ocrx_word' id='word_1_755' title='bbox 3626 4681 3716 4750; x_wconf 84' lang='lat' dir='ltr'><strong>qui</strong></span> 
     </span>
    </p>
   </div>
   <div class='ocr_carea' id='block_1_106' title="bbox 2143 4771 3718 4844">
    <p class='ocr_par' dir='ltr' id='par_1_106' title="bbox 2143 4771 3718 4844">
     <span class='ocr_line' id='line_1_106' title="bbox 2143 4771 3718 4844; baseline 0.001 -16"><span class='ocrx_word' id='word_1_756' title='bbox 2143 4773 2225 4830; x_wconf 86' lang='lat' dir='ltr'><strong>sic</strong></span> <span class='ocrx_word' id='word_1_757' title='bbox 2242 4787 2338 4843; x_wconf 89' lang='lat' dir='ltr'><strong>per</strong></span> <span class='ocrx_word' id='word_1_758' title='bbox 2359 4771 2653 4827; x_wconf 83' lang='lat' dir='ltr'><strong>labentium</strong></span> <span class='ocrx_word' id='word_1_759' title='bbox 2686 4780 2958 4826; x_wconf 86' lang='lat' dir='ltr'><strong>momenta</strong></span> <span class='ocrx_word' id='word_1_760' title='bbox 2982 4780 3314 4841; x_wconf 82' lang='lat' dir='ltr'><strong>temporum,</strong></span> <span class='ocrx_word' id='word_1_761' title='bbox 3334 4783 3592 4843; x_wconf 83' lang='lat' dir='ltr'><strong>tanquam</strong></span> <span class='ocrx_word' id='word_1_762' title='bbox 3622 4789 3718 4844; x_wconf 89' lang='lat' dir='ltr'><strong>per</strong></span> 
     </span>
    </p>
   </div>
   <div class='ocr_carea' id='block_1_107' title="bbox 2143 4852 3721 4921">
    <p class='ocr_par' dir='ltr' id='par_1_107' title="bbox 2143 4852 3721 4921">
     <span class='ocr_line' id='line_1_107' title="bbox 2143 4852 3721 4921; baseline 0.001 -1"><span class='ocrx_word' id='word_1_763' title='bbox 2143 4874 2422 4920; x_wconf 83' lang='lat' dir='ltr'><strong>menstrua</strong></span> <span class='ocrx_word' id='word_1_764' title='bbox 2446 4852 2770 4918; x_wconf 82' lang='lat' dir='ltr'><strong>detrimenta</strong></span> <span class='ocrx_word' id='word_1_765' title='bbox 2794 4864 3001 4919; x_wconf 84' lang='lat' dir='ltr'><strong>finitur.</strong></span> <span class='ocrx_word' id='word_1_766' title='bbox 3027 4865 3167 4920; x_wconf 86' lang='lat' dir='ltr'><strong>Area</strong></span> <span class='ocrx_word' id='word_1_767' title='bbox 3191 4874 3370 4920; x_wconf 88' lang='lat' dir='ltr'><strong>autem</strong></span> <span class='ocrx_word' id='word_1_768' title='bbox 3391 4874 3579 4921; x_wconf 84' lang='lat' dir='ltr'><strong>sancta</strong></span> <span class='ocrx_word' id='word_1_769' title='bbox 3600 4873 3721 4921; x_wconf 85' lang='lat' dir='ltr'><strong>erat</strong></span> 
     </span>
    </p>
   </div>
   <div class='ocr_carea' id='block_1_108' title="bbox 2144 4955 3719 5028">
    <p class='ocr_par' dir='ltr' id='par_1_108' title="bbox 2144 4955 3719 5028">
     <span class='ocr_line' id='line_1_108' title="bbox 2144 4955 3719 5028; baseline 0.001 -15"><span class='ocrx_word' id='word_1_770' title='bbox 2144 4955 2383 5013; x_wconf 83' lang='lat' dir='ltr'><strong>Ecclesia</strong></span> <span class='ocrx_word' id='word_1_771' title='bbox 2403 4973 2428 5024; x_wconf 55' lang='grc' dir='ltr'>ι</span> <span class='ocrx_word' id='word_1_772' title='bbox 2445 4957 2588 5012; x_wconf 75' lang='lat' dir='ltr'><strong>tubae</strong></span> <span class='ocrx_word' id='word_1_773' title='bbox 2607 4971 2738 5012; x_wconf 89' lang='lat' dir='ltr'><strong>vero</strong></span> <span class='ocrx_word' id='word_1_774' title='bbox 2760 4955 2992 5026; x_wconf 84' lang='lat' dir='ltr'><strong>apostoli</strong></span> <span class='ocrx_word' id='word_1_775' title='bbox 3015 4966 3161 5022; x_wconf 86' lang='lat' dir='ltr'><strong>sunt,</strong></span> <span class='ocrx_word' id='word_1_776' title='bbox 3183 4957 3268 5012; x_wconf 79' lang='lat' dir='ltr'><strong>vel</strong></span> <span class='ocrx_word' id='word_1_777' title='bbox 3288 4958 3526 5028; x_wconf 86' lang='lat' dir='ltr'><strong>quinque</strong></span> <span class='ocrx_word' id='word_1_778' title='bbox 3546 4957 3719 5014; x_wconf 83' lang='lat' dir='ltr'><strong>sancti</strong></span> 
     </span>
    </p>
   </div>
   <div class='ocr_carea' id='block_1_109' title="bbox 2145 5049 3720 5119">
    <p class='ocr_par' dir='ltr' id='par_1_109' title="bbox 2145 5049 3720 5119">
     <span class='ocr_line' id='line_1_109' title="bbox 2145 5049 3720 5119; baseline 0.002 -14"><span class='ocrx_word' id='word_1_779' title='bbox 2145 5051 2394 5106; x_wconf 76' lang='lat' dir='ltr'><strong>doctores</strong></span> <span class='ocrx_word' id='word_1_780' title='bbox 2419 5049 2708 5117; x_wconf 79' lang='lat' dir='ltr'><strong>Ecclesiae,</strong></span> <span class='ocrx_word' id='word_1_781' title='bbox 2729 5065 2960 5119; x_wconf 90' lang='lat' dir='ltr'><strong>quorum</strong></span> <span class='ocrx_word' id='word_1_782' title='bbox 2982 5051 3234 5106; x_wconf 82' lang='lat' dir='ltr'><strong>videlicet</strong></span> <span class='ocrx_word' id='word_1_783' title='bbox 3262 5051 3720 5109; x_wconf 83' lang='lat' dir='ltr'><strong>admonitionibus</strong></span> 
     </span>
    </p>
   </div>
   <div class='ocr_carea' id='block_1_110' title="bbox 2144 5141 3721 5211">
    <p class='ocr_par' dir='ltr' id='par_1_110' title="bbox 2144 5141 3721 5211">
     <span class='ocr_line' id='line_1_110' title="bbox 2144 5141 3721 5211; baseline 0 -15"><span class='ocrx_word' id='word_1_784' title='bbox 2144 5141 2269 5196; x_wconf 89' lang='lat' dir='ltr'><strong>dum</strong></span> <span class='ocrx_word' id='word_1_785' title='bbox 2291 5155 2534 5211; x_wconf 83' lang='lat' dir='ltr'><strong>pugnare</strong></span> <span class='ocrx_word' id='word_1_786' title='bbox 2558 5155 2772 5211; x_wconf 86' lang='lat' dir='ltr'><strong>semper</strong></span> <span class='ocrx_word' id='word_1_787' title='bbox 2810 5151 3002 5197; x_wconf 82' lang='lat' dir='ltr'><strong>contra</strong></span> <span class='ocrx_word' id='word_1_788' title='bbox 3031 5143 3213 5197; x_wconf 80' lang='lat' dir='ltr'><strong>carnis</strong></span> <span class='ocrx_word' id='word_1_789' title='bbox 3240 5142 3522 5198; x_wconf 81' lang='lat' dir='ltr'><strong>illecebras</strong></span> <span class='ocrx_word' id='word_1_790' title='bbox 3547 5151 3601 5196; x_wconf 91' lang='lat' dir='ltr'><strong>et</strong></span> <span class='ocrx_word' id='word_1_791' title='bbox 3623 5158 3721 5196; x_wconf 84' lang='lat' dir='ltr'><strong>an-</strong></span> 
     </span>
    </p>
   </div>
   <div class='ocr_carea' id='block_1_111' title="bbox 2144 5232 3725 5303">
    <p class='ocr_par' dir='ltr' id='par_1_111' title="bbox 2144 5232 3725 5303">
     <span class='ocr_line' id='line_1_111' title="bbox 2144 5232 3725 5303; baseline -0.001 -14"><span class='ocrx_word' id='word_1_792' title='bbox 2144 5235 2276 5303; x_wconf 78' lang='lat' dir='ltr'><strong>tiqui</strong></span> <span class='ocrx_word' id='word_1_793' title='bbox 2301 5234 2475 5288; x_wconf 87' lang='lat' dir='ltr'><strong>hostis</strong></span> <span class='ocrx_word' id='word_1_794' title='bbox 2500 5232 2720 5287; x_wconf 74' lang='lat' dir='ltr'><strong>insidias</strong></span> <span class='ocrx_word' id='word_1_795' title='bbox 2743 5233 2950 5295; x_wconf 81' lang='lat' dir='ltr'><strong>nititur,</strong></span> <span class='ocrx_word' id='word_1_796' title='bbox 2986 5233 3131 5287; x_wconf 83' lang='lat' dir='ltr'><strong>velut</strong></span> <span class='ocrx_word' id='word_1_797' title='bbox 3151 5235 3216 5287; x_wconf 85' lang='lat' dir='ltr'><strong>ad</strong></span> <span class='ocrx_word' id='word_1_798' title='bbox 3245 5233 3527 5288; x_wconf 76' lang='lat' dir='ltr'><strong>conflictus</strong></span> <span class='ocrx_word' id='word_1_799' title='bbox 3546 5233 3725 5288; x_wconf 77' lang='lat' dir='ltr'><strong>aciem</strong></span> 
     </span>
    </p>
   </div>
   <div class='ocr_carea' id='block_1_112' title="bbox 2097 5324 3724 5394">
    <p class='ocr_par' dir='ltr' id='par_1_112' title="bbox 2097 5324 3724 5394">
     <span class='ocr_line' id='line_1_112' title="bbox 2097 5324 3724 5394; baseline -0.005 -10"><span class='ocrx_word' id='word_1_800' title='bbox 2097 5333 2105 5338; x_wconf 80' lang='grc'><strong>“</strong></span> <span class='ocrx_word' id='word_1_801' title='bbox 2143 5337 2199 5383; x_wconf 85' lang='lat' dir='ltr'><strong>et</strong></span> <span class='ocrx_word' id='word_1_802' title='bbox 2226 5325 2561 5382; x_wconf 86' lang='lat' dir='ltr'><strong>conserenda</strong></span> <span class='ocrx_word' id='word_1_803' title='bbox 2587 5325 2728 5380; x_wconf 84' lang='lat' dir='ltr'><strong>bella</strong></span> <span class='ocrx_word' id='word_1_804' title='bbox 2751 5325 3002 5380; x_wconf 76' lang='lat' dir='ltr'><strong>tubarum</strong></span> <span class='ocrx_word' id='word_1_805' title='bbox 3032 5325 3378 5394; x_wconf 81' lang='lat' dir='ltr'><strong>clangoribus</strong></span> <span class='ocrx_word' id='word_1_806' title='bbox 3396 5324 3724 5388; x_wconf 71' lang='lat' dir='ltr'><strong>incitamur;</strong></span> 
     </span>
    </p>
   </div>
   <div class='ocr_carea' id='block_1_113' title="bbox 2141 5413 3723 5488">
    <p class='ocr_par' dir='ltr' id='par_1_113' title="bbox 2141 5413 3723 5488">
     <span class='ocr_line' id='line_1_113' title="bbox 2141 5413 3723 5488; baseline -0.004 -16"><span class='ocrx_word' id='word_1_807' title='bbox 2141 5433 2262 5488; x_wconf 68' lang='lat' dir='ltr'><strong>quite.</strong></span> <span class='ocrx_word' id='word_1_808' title='bbox 2291 5416 2546 5472; x_wconf 87' lang='lat' dir='ltr'><strong>nimirum</strong></span> <span class='ocrx_word' id='word_1_809' title='bbox 2583 5416 2730 5471; x_wconf 69' lang='lat' dir='ltr'><strong>tubae</strong></span> <span class='ocrx_word' id='word_1_810' title='bbox 2759 5423 2968 5484; x_wconf 75' lang='lat' dir='ltr'><strong>septem</strong></span> <span class='ocrx_word' id='word_1_811' title='bbox 3009 5414 3181 5469; x_wconf 82' lang='lat' dir='ltr'><strong>fuisse</strong></span> <span class='ocrx_word' id='word_1_812' title='bbox 3206 5414 3514 5470; x_wconf 85' lang='lat' dir='ltr'><strong>referuntur</strong></span> <span class='ocrx_word' id='word_1_813' title='bbox 3533 5453 3549 5478; x_wconf 96' lang='lat'><strong>,</strong></span> <span class='ocrx_word' id='word_1_814' title='bbox 3588 5413 3723 5481; x_wconf 71' lang='lat' dir='ltr'><strong>quin.</strong></span> 
     </span>
    </p>
   </div>
   <div class='ocr_carea' id='block_1_114' title="bbox 461 5505 3719 5580">
    <p class='ocr_par' dir='ltr' id='par_1_114' title="bbox 461 5505 3719 5580">
     <span class='ocr_line' id='line_1_114' title="bbox 461 5505 3719 5580; baseline 0.002 -28"><span class='ocrx_word' id='word_1_815' title='bbox 461 5509 564 5565; x_wconf 88' lang='lat' dir='ltr'><strong>est,</strong></span> <span class='ocrx_word' id='word_1_816' title='bbox 598 5505 742 5571; x_wconf 89' lang='lat' dir='ltr'><strong>quod</strong></span> <span class='ocrx_word' id='word_1_817' title='bbox 781 5505 837 5559; x_wconf 91' lang='lat' dir='ltr'><strong>in</strong></span> <span class='ocrx_word' id='word_1_818' title='bbox 868 5505 1078 5560; x_wconf 89' lang='lat' dir='ltr'><strong>semine</strong></span> <span class='ocrx_word' id='word_1_819' title='bbox 1104 5519 1204 5560; x_wconf 82' lang='lat' dir='ltr'><strong>suo</strong></span> <span class='ocrx_word' id='word_1_820' title='bbox 1243 5505 1590 5560; x_wconf 79' lang='lat' dir='ltr'><strong>haereditaret</strong></span> <span class='ocrx_word' id='word_1_821' title='bbox 1619 5521 1809 5562; x_wconf 80' lang='lat' dir='ltr'><strong>omnes</strong></span> <span class='ocrx_word' id='word_1_822' title='bbox 1851 5516 2047 5576; x_wconf 78' lang='lat' dir='ltr'><strong>gentes</strong></span> <span class='ocrx_word' id='word_1_823' title='bbox 2144 5509 2527 5580; x_wconf 82' lang='lat' dir='ltr'><strong>praedicatores</strong></span> <span class='ocrx_word' id='word_1_824' title='bbox 2557 5507 2729 5564; x_wconf 83' lang='lat' dir='ltr'><strong>sancti</strong></span> <span class='ocrx_word' id='word_1_825' title='bbox 2759 5507 3092 5578; x_wconf 83' lang='lat' dir='ltr'><strong>septiformis</strong></span> <span class='ocrx_word' id='word_1_826' title='bbox 3116 5505 3356 5577; x_wconf 87' lang='lat' dir='ltr'><strong>Spiritus</strong></span> <span class='ocrx_word' id='word_1_827' title='bbox 3381 5507 3554 5578; x_wconf 85' lang='lat' dir='ltr'><strong>gratia</strong></span> <span class='ocrx_word' id='word_1_828' title='bbox 3587 5513 3719 5560; x_wconf 77' lang='lat' dir='ltr'><strong>siml:</strong></span> 
     </span>
    </p>
   </div>
   <div class='ocr_carea' id='block_1_115' title="bbox 463 5589 3725 5671">
    <p class='ocr_par' dir='ltr' id='par_1_115' title="bbox 463 5589 3725 5671">
     <span class='ocr_line' id='line_1_115' title="bbox 463 5589 3725 5671; baseline 0.003 -29"><span class='ocrx_word' id='word_1_829' title='bbox 463 5589 616 5655; x_wconf 73' lang='lat' dir='ltr'><strong>(Gen.</strong></span> <span class='ocrx_word' id='word_1_830' title='bbox 641 5596 799 5665; x_wconf 84' lang='lat' dir='ltr'><strong>xxn).</strong></span> <span class='ocrx_word' id='word_1_831' title='bbox 828 5596 873 5653; x_wconf 92' lang='grc' dir='ltr'>Ο</span> <span class='ocrx_word' id='word_1_832' title='bbox 908 5597 1094 5667; x_wconf 88' lang='lat' dir='ltr'><strong>quanti</strong></span> <span class='ocrx_word' id='word_1_833' title='bbox 1132 5597 1239 5652; x_wconf 90' lang='lat' dir='ltr'><strong>hoc</strong></span> <span class='ocrx_word' id='word_1_834' title='bbox 1277 5597 1440 5667; x_wconf 88' lang='lat' dir='ltr'><strong>pretii</strong></span> <span class='ocrx_word' id='word_1_835' title='bbox 1469 5597 1793 5652; x_wconf 66' lang='lat' dir='ltr'><strong>aestimasset</strong></span> <span class='ocrx_word' id='word_1_836' title='bbox 1817 5599 2046 5668; x_wconf 80' lang='lat' dir='ltr'><strong>insignis</strong></span> <span class='ocrx_word' id='word_1_837' title='bbox 2145 5602 2354 5671; x_wconf 86' lang='lat' dir='ltr'><strong>repleti.</strong></span> <span class='ocrx_word' id='word_1_838' title='bbox 2392 5601 2610 5670; x_wconf 89' lang='lat' dir='ltr'><strong>Septem</strong></span> <span class='ocrx_word' id='word_1_839' title='bbox 2657 5615 2873 5671; x_wconf 86' lang='lat' dir='ltr'><strong>quoque</strong></span> <span class='ocrx_word' id='word_1_840' title='bbox 2917 5599 3124 5655; x_wconf 88' lang='lat' dir='ltr'><strong>dierum</strong></span> <span class='ocrx_word' id='word_1_841' title='bbox 3156 5600 3527 5656; x_wconf 85' lang='lat' dir='ltr'><strong>vicissitudine</strong></span> <span class='ocrx_word' id='word_1_842' title='bbox 3551 5614 3725 5655; x_wconf 72' lang='lat' dir='ltr'><strong>omne</strong></span> 
     </span>
    </p>
   </div>
   <div class='ocr_carea' id='block_1_116' title="bbox 463 5680 3255 5766">
    <p class='ocr_par' dir='ltr' id='par_1_116' title="bbox 463 5680 3255 5766">
     <span class='ocr_line' id='line_1_116' title="bbox 463 5680 3255 5766; baseline 0.003 -25"><span class='ocrx_word' id='word_1_843' title='bbox 463 5680 554 5736; x_wconf 57' lang='lat' dir='ltr'><strong>ille</strong></span> <span class='ocrx_word' id='word_1_844' title='bbox 586 5689 846 5756; x_wconf 86' lang='lat' dir='ltr'><strong>propheta</strong></span> <span class='ocrx_word' id='word_1_845' title='bbox 887 5689 1078 5756; x_wconf 84' lang='lat' dir='ltr'><strong>isaias,</strong></span> <span class='ocrx_word' id='word_1_846' title='bbox 1107 5690 1151 5746; x_wconf 86' lang='lat' dir='ltr'><strong>si</strong></span> <span class='ocrx_word' id='word_1_847' title='bbox 1181 5689 1232 5747; x_wconf 88' lang='lat' dir='ltr'><strong>ei</strong></span> <span class='ocrx_word' id='word_1_848' title='bbox 1263 5689 1332 5747; x_wconf 81' lang='lat' dir='ltr'><strong>ad</strong></span> <span class='ocrx_word' id='word_1_849' title='bbox 1366 5689 1469 5746; x_wconf 82' lang='lat' dir='ltr'><strong>hoc</strong></span> <span class='ocrx_word' id='word_1_850' title='bbox 1503 5691 1869 5762; x_wconf 81' lang='lat' dir='ltr'><strong>spectaculum</strong></span> <span class='ocrx_word' id='word_1_851' title='bbox 1901 5694 2042 5765; x_wconf 79' lang='lat' dir='ltr'><strong>aspi-</strong></span> <span class='ocrx_word' id='word_1_852' title='bbox 2146 5703 2354 5766; x_wconf 73' lang='lat' dir='ltr'><strong>tempus</strong></span> <span class='ocrx_word' id='word_1_853' title='bbox 2377 5702 2576 5748; x_wconf 72' lang='lat' dir='ltr'><strong>nostra:</strong></span> <span class='ocrx_word' id='word_1_854' title='bbox 2603 5690 2944 5758; x_wconf 75' lang='lat' dir='ltr'><strong>mortalitatis</strong></span> <span class='ocrx_word' id='word_1_855' title='bbox 2973 5689 3255 5748; x_wconf 77' lang='lat' dir='ltr'><strong>evolvitur.</strong></span> 
     </span>
    </p>
   </div>
  </div>
