4178 6470
416 309 522 367 895

1869 316 2099 379 SERMO
2121 318 2276 380 LVII.
2379 353 2382 356 ~

3545 337 3650 393 8'26

491 420 688 478 [-rbem
717 433 845 491 ergo
879 418 1093 478 Jericho
1128 424 1437 482 sacerdotes
1460 440 1641 483 arcam
1667 423 1904 486 ferentes
1925 440 1980 486 et
2006 434 2054 491 Α
2083 445 2180 500 per
2195 428 2746 489 Psalmistamdicitur
2775 449 2790 490 t
2822 453 2841 488 ς
2869 433 2976 492 Pro
2993 437 3237 508 patribus
3261 442 3366 498 tuis
3388 446 3501 500 nati
3524 456 3651 502 sunt

413 517 726 588 clangentes
747 527 952 587 septem
977 520 1164 577 diebus
1203 523 1568 594 circumeunt,
1607 536 1660 583 et
1691 530 1831 584 muri
1864 527 1983 599 ejus
2083 519 2178 574 tibi
2200 520 2293 575 ﬁlii
2318 537 2332 588 3
2365 538 2386 574 ³
2417 521 2518 592 ἱρεί
2541 537 2672 579 sane
2706 527 2932 596 3905")“
2951 566 2968 594 ν
2996 530 3092 598 (ἰαί
3113 533 3180 586 ad
3208 534 3525 602 capiendam
3549 539 3650 591 Ιιιι-

411 625 509 680 per
549 623 690 664 arca
725 611 1067 678 prasentiam
1100 622 1158 668 et
1198 615 1448 671 tubarum
1483 617 1720 674 sonitum
1757 621 1978 688 cadunt,

409 697 534 767 quia
563 698 616 752 in
658 699 816 770 hujus
855 702 1100 757 mortalis
1130 704 1253 759 vita
1282 705 1534 774 decursu,
1575 707 1702 764 dum
1748 710 1980 766 circum-

408 789 620 856 quaque
643 802 743 857 per
767 789 955 846 orbem
987 800 1253 848 terrarum
1280 805 1468 850 sancta
1494 808 1773 865 movetur,
1807 811 1864 854 et
1892 801 1977 856 di-

407 876 880 946 lataturEcelesia,
909 897 1009 952 per
1021 893 1223 941 sanctae
1243 887 1642 955 pradicationis
1665 890 1976 949 instantiam

407 967 584 1022 omnis
611 968 737 1024 elati
783 972 967 1027 mundi
1003 975 1254 1043 superbia
1276 973 1565 1046 frangitur,
1590 986 1646 1034 et
1671 987 1868 1036 cuncta
1894 979 1976 1036 in.

405 1057 679 1116 fideiitatis
707 1060 980 1117 obstacula
1006 1064 1360 1123 subruuntur.

474 1149 536 1204 Et
571 1150 867 1204 notandum
903 1153 1044 1220 quod
1073 1155 1271 1210 armati
1307 1155 1506 1214 milites
1529 1172 1650 1214 cum
1680 1161 1973 1217 sacerdoti-

404 1237 506 1293 bus
529 1238 608 1293 ire
630 1238 888 1306 jubentur
924 1259 938 1293 :
970 1242 1249 1310 nimirum,
1276 1254 1338 1300 ut
1363 1255 1418 1302 et
1452 1247 1510 1314 ii,
1536 1248 1732 1317 quibus
1753 1265 1858 1306 non
1889 1261 1974 1307 est

404 1327 699 1397 injunctum
727 1331 1003 1400 promendi
1027 1332 1296 1404 clangoris
1329 1336 1583 1405 ofiicium,
1626 1353 1970 1411 nequaquam

402 1431 460 1470 se
493 1426 724 1473 remotos
751 1419 1050 1491 intelligant
1075 1437 1106 1476 a
1122 1427 1503 1495 congressione
1531 1427 1812 1495 bellorum,
1837 1447 1972 1501 qua-

403 1518 558 1564 tenus
585 1518 638 1563 et
664 1509 722 1576 ii,
755 1509 846 1580 qui
871 1526 978 1566 non
1005 1514 1332 1582 pradicant.
1362 1527 1552 1573 contra
1571 1519 1768 1574 occulti
1797 1521 1970 1578 hostis

403 1600 624 1654 insidias
653 1601 845 1654 armati
875 1602 1246 1670 nihilominus,
1271 1614 1326 1660 et
1347 1608 1723 1678 circumspecti
1753 1624 1970 1681 semper

401 1690 668 1746 incedant.
696 1690 865 1762 Hujus
887 1693 1066 1763 itaque
1085 1693 1211 1750 belli
1233 1696 1397 1751 duces
1417 1713 1482 1752 ac
1499 1699 1769 1768 principes
1789 1701 1963 1756 sancti

399 1775 623 1850 apostoli
653 1792 798 1850 sunt,
834 1785 926 1854 qui
963 1755 1145 1840 arcam
1172 1786 1394 1842 foederis
1419 1755 1807 1847 Jericltuniinis
1830 1808 1964 1850 tua.
1989 1755 2042 1816 Β

400 1872 578 1938 nibus,
623 1887 748 1926 cum
797 1873 1048 1930 tubarum
1087 1873 1342 1948 clangore
1377 1877 1799 1946 circumferunt;
1842 1881 1968 1951 quia

397 1980 494 2035 per
543 1964 706 2020 totius
759 1965 1266 2047 mundicircuium,
1313 1979 1514 2025 sancta
1563 1971 1969 2040 pradicationis

395 2053 570 2110 cilicio
592 2053 843 2110 Ecclesia
868 2067 1207 2115 sacramenta
1228 2058 1551 2116 diffundunt.
1584 2081 1602 2114 ι
1644 2061 1702 2116 In
1728 2077 1966 2129 omnem,

394 2143 558 2207 enim,
589 2149 788 2197 terram
831 2145 1001 2202 exivit
1030 2160 1196 2202 sonus
1219 2161 1430 2214 eorum,
1461 2159 1517 2206 et
1562 2150 1616 2206 in
1657 2151 1792 2206 fines
1817 2153 1966 2208 orbis

395 2241 554 2288 terra
581 2234 744 2290 verba
786 2250 971 2290 eorum
1020 2235 1192 2307 (Psal.
1237 2241 1412 2311 xvtn).
1447 2258 1466 2292 ›
1501 2241 1739 2298 Evolulis
1785 2252 1965 2299 autem

394 2337 487 2378 sex
530 2323 738 2389 diebus,
783 2325 1012 2394 septimo
1059 2327 1272 2383 tandem
1314 2328 1402 2384 die
1450 2343 1543 2386 rex
1597 2329 1815 2386 Jerlcho
1839 2346 1963 2386 cum

393 2411 539 2468 omni
565 2413 760 2484 populo
787 2414 962 2482 gladio
1003 2415 1301 2474 devorante
1339 2419 1708 2486 consumitur,
1751 2421 1877 2492 quia
1907 2422 1963 2476 in

392 2503 478 2558 die
512 2504 801 2560 novissimo
828 2503 1072 2562 diabolus
1095 2545 1111 2572 ,
1158 2508 1250 2578 qui
1284 2517 1367 2564 est
1396 2524 1492 2564 rex
1536 2512 1802 2581 superbia
1837 2528 1961 2568 cum

388 2594 640 2649 omnibus
658 2594 770 2649 suis
793 2596 1113 2665 sequacibus
1131 2636 1144 2663 ,
1172 2598 1326 2668 quasi
1355 2598 1590 2667 quodam
1612 2600 1808 2656 divina
1837 2615 1961 2656 sen-

391 2687 572 2742 tentia
617 2685 816 2756 gladio,
846 2688 1002 2742 morti
1048 2698 1318 2758 perpetua
1362 2691 1768 2746 condemnatur.
1807 2693 1960 2749 Tunc

393 2791 583 2848 nempe
630 2777 743 2843 flet,
791 2779 933 2848 quod
981 2795 1080 2850 per
1111 2781 1431 2852 Apostoium
1481 2781 1682 2837 dicitur
1714 2801 1728 2838 :
1763 2801 1782 2835 ε
1819 2782 1956 2850 Quia

389 2883 511 2924 cum
542 2870 885 2924 evacuavcrit
912 2885 1127 2926 omnem
1154 2871 1514 2942 principatum
1539 2882 1594 2928 et
1619 2887 1835 2928 omnem
1862 2889 1958 2943 po-

391 2969 636 3016 testatem
663 2972 719 3016 et
745 2962 999 3018 virtutem
1022 3002 1040 3028 ,
1080 2964 1370 3020 novissime
1397 2965 1612 3020 inimica
1645 2965 1957 3022 destruetur

387 3069 531 3108 mors
559 3053 614 3126 (Ι
653 3053 774 3108 Cor.
812 3054 920 3124 xv).
959 3073 978 3106 ι
1023 3053 1146 3110 Sola
1181 3064 1360 3111 autem
1397 3056 1586 3111 domus
1616 3057 1803 3112 Bahab
1849 3073 1958 3114 me-

387 3146 598 3200 retricis
624 3146 816 3210 evasit,
864 3160 1024 3215 quam
1053 3145 1305 3202 videlicet
1349 3147 1623 3202 funiculus
1666 3149 1955 3205 coccineus

387 3234 440 3287 in
467 3232 699 3288 fenestra
727 3234 1002 3289 discrevit.
1033 3234 1232 3289 Domus
1259 3245 1436 3290 autem
1464 3236 1551 3290 illa
1580 3238 1794 3293 unicam
1817 3253 1954 3308 pra-

386 3325 582 3395 figurat
607 3324 919 3389 Ecclesiam,
948 3339 1068 3394 qua
1096 3325 1379 3394 purificata
1425 3335 1509 3382 est
1533 3341 1566 3380 a
1623 3327 1955 3395 turpitudine

382 3415 780 3480 fornicationis,
809 3430 908 3486 per
934 3415 1229 3471 fenestram
1253 3415 1631 3482 confessionis,
1655 3416 1708 3470 in
1735 3417 1952 3488 sangui~

384 3507 470 3562 nis
519 3507 857 3562 remissione.
907 3506 1034 3562 Hac
1086 3506 1246 3577 plane
1280 3521 1310 3559 a
1351 3506 1620 3560 communi
1676 3507 1952 3576 pereuntis

383 3600 566 3656 mundi
593 3600 852 3654 liberatur
873 3599 1103 3664 excidio,
1129 3599 1253 3668 quia
1279 3597 1331 3652 in
1358 3597 1600 3653 fenestra
1623 3597 1815 3652 domus
1841 3613 1952 3650 sua

382 3697 691 3752 coccineum
721 3695 850 3765 ligat
881 3693 1199 3760 funiculum,
1228 3694 1354 3749 dum
1382 3689 1544 3764 30‘.
1570 3692 1624 3746 in
1649 3705 1745 3746 ore
1766 3706 1952 3760 corpo-

381 3788 458 3842 ris
498 3786 579 3841 sui
624 3794 844 3855 portare
875 3798 981 3839 non
1017 3783 1214 3839 desinit
1240 3782 1508 3853 passionis
1543 3780 1834 3835 Dominica
1859 3793 1948 3834 sa-

381 3885 734 3933 cramentum.
771 3889 790 3929 t
826 3873 999 3931 Corde
1017 3875 1162 3930 enim
1186 3874 1424 3930 creditur
1455 3873 1524 3927 ad
1543 3872 1830 3942 justitiam,
1852 3886 1948 3926 ore

382 3977 562 4024 autem
610 3967 879 4023 confessio
920 3963 982 4020 fit
1021 3967 1091 4021 ad
1132 3966 1360 4021 salutem
1390 3963 1569 4035 (Rom.
1613 3963 1692 4037 x).
1725 3983 1744 4016 ι
1777 3963 1948 4019 Porro

379 4072 563 4114 autem
581 4058 855 4113 funiculus
887 4057 978 4112 ille
1007 4056 1075 4111 ad
1103 4056 1321 4110 domum
1346 4061 1466 4108 erat
1491 4052 1710 4123 ligatus,
1741 4051 1834 4135 sed
1855 4066 1948 4106 ex-

379 4151 547 4208 terius
571 4148 997 4220 videbatur,quia
1023 4147 1316 4203 Dominica
1340 4146 1518 4202 crucis
1548 4145 1679 4201 fides
1701 4145 1755 4200 in
1785 4145 1948 4200 corde

377 4245 656 4309 retinetur,
681 4254 802 4313 qua
821 4241 934 4297 oris
953 4239 1295 4296 confessione
1322 4237 1680 4308 depromitur.
1701 4235 1946 4306 Reliquis

377 4336 589 4405 quidem
614 4333 1210 4405 pereuntibus,omnes,
1241 4330 1332 4400 qui
1360 4329 1414 4383 in
1443 4331 1600 4384 domo
1622 4327 1710 4381 illa
1741 4327 1944 4396 reperti

2080 625 2252 665 mana
2298 612 2563 682 superbia
2615 612 2829 672 Iericho
2895 625 3001 672 tam
3057 620 3253 687 valida,
3283 632 3397 692 tam.
3430 628 3648 683 robusta

2079 699 2332 756 fulminea
2367 703 2807 771 pradicationum
2828 723 3046 763 suorum
3071 707 3254 778 iacula
3273 723 3606 772 contorsere.

2147 790 2315 847 Unius
2333 791 2679 866 ejusdemque
2713 797 2968 854 Ecclesia
2987 808 3234 870 etpatres
3254 805 3648 873 quodammodo

2074 884 2324 940 videntur
2349 896 2404 941 et
2429 885 2546 952 filii,
2571 886 2664 941 filii
2700 888 2947 948 videlicet
2972 893 3402 960 patriarcharum
3432 906 3486 950 et
3525 912 3648 970 pro-

2072 973 2389 1042 phetarum;
2417 984 2600 1046 patres
2619 990 2748 1032 vero
2773 978 3210 1049 subsequentium
3235 986 3472 1038 omnium
3495 987 3647 1040 dein~

2072 1079 2199 1134 ceps
2223 1065 2538 1122 electorum.
2589 1065 2729 1123 Hinc
2769 1077 2854 1124 est
2881 1071 3022 1124 enim
3069 1074 3210 1141 quod
3255 1073 3419 1143 Moysi
3465 1075 3646 1131 divina

2072 1166 2202 1208 voce
2224 1155 2552 1225 praeipitur,
2611 1164 2672 1211 ut
2704 1165 2760 1213 et
2796 1157 2958 1212 bases
3000 1169 3286 1229 argenteas
3323 1162 3542 1226 fundat,
3589 1172 3644 1218 et

2072 1240 2281 1296 tabulas
2311 1243 2585 1299 inauratas
2613 1245 2846 1314 desuper
2873 1245 3046 1313 erigat
3074 1246 3269 1317 (Exod.
3300 1249 3468 1318 xxvi).
3503 1249 3645 1316 Quid

2071 1343 2250 1387 autem
2279 1349 2376 1404 per
2405 1335 2561 1391 bases
2585 1345 2889 1406 argenteas,
2933 1336 3037 1391 nisi
3085 1339 3467 1408 prepbetarum
3496 1339 3645 1394 vide-

2069 1429 2158 1477 tur
2177 1425 2310 1480 ordo
2335 1425 2557 1494 signari,
2585 1427 2677 1496 qui
2703 1426 2830 1480 dum
2864 1427 3024 1496 primi
3071 1427 3136 1481 de
3175 1439 3514 1483 sacramento
3541 1427 3644 1485 Ec-

2067 1511 2245 1567 clesia
2276 1523 2404 1568 sunt
2439 1513 2620 1582 locuti,
2649 1516 2804 1585 quasi
2834 1517 3093 1586 quasdam
3125 1516 3286 1572 bases
3328 1531 3424 1570 eos
3449 1516 3644 1586 aspici-

2067 1619 2188 1659 mus
2209 1621 2239 1658 a
2263 1605 2613 1662 fundamento
2641 1622 2968 1679 consurgere
2993 1618 3049 1663 et
3073 1607 3413 1680 superposita
3429 1607 3648 1664 fabrica

2066 1695 2303 1762 pondera
2333 1696 2634 1756 sustinere?

2138 1783 2275 1850 Quid
2304 1799 2432 1839 vero
2457 1800 2555 1854 per
2588 1787 2817 1855 tabulas,
2840 1788 2944 1844 nisi
2979 1792 3149 1846 sancti
3181 1792 3479 1862 figurantur
3505 1806 3645 1864 apo-1

2067 1874 2214 1939 stoli,
2251 1876 2341 1944 qui
2371 1885 2592 1930 extensa
2629 1891 2727 1946 per
2779 1880 3038 1934 mundum
3083 1883 3463 1950 pradicatione
3511 1895 3639 1940 sunt
3719 1923 3721 1926 ι
3811 1911 3820 1924 υ

2067 1963 2396 2034 amplissime
2424 1966 2666 2022 dilatati?
2689 1969 3065 2037 Apostolorum
3098 1976 3596 2048 namquedoctrina
3615 2017 3634 2042 ,

2066 2056 2219 2123 quasi
2262 2057 2581 2125 quibusdam
2623 2059 2844 2114 basihus
2875 2062 3199 2131 prophetica
3241 2067 3634 2134 pradicationis

2066 2146 2317 2200 innititur
2343 2162 2638 2218 eorumque
2680 2153 3003 2207 auctoritate
3047 2153 3112 2207 ad
3147 2163 3319 2210 status
3352 2159 3436 2210 sui
3471 2159 3635 2213 robur

2064 2236 2292 2291 firmiter
2321 2237 2600 2294 solidatur.
2629 2239 2782 2296 Unde
2807 2250 2862 2296 et
2886 2243 3184 2313 conjuncta
3209 2245 3350 2300 bina
3387 2249 3543 2302 bases
3575 2251 3629 2303 in

2064 2327 2288 2396 singulis
2335 2329 2530 2384 tabulis
2559 2342 2954 2400 supponuntur,
3004 2337 3128 2405 quia
3179 2337 3306 2391 dum
3355 2341 3632 2408 propheta

2063 2417 2236 2471 sancti
2269 2417 2323 2473 in
2350 2418 2529 2473 verbis
2548 2419 2663 2474 suis
2689 2421 2919 2477 invicem
2954 2423 3022 2478 de
3063 2424 3254 2480 futura
3295 2435 3420 2482 tunc
3450 2428 3637 2483 Eccle-

2061 2506 2156 2560 siae
2181 2517 2522 2563 sacramento
2546 2511 2900 2577 concordant,
2924 2522 2978 2566 et
2999 2514 3387 2583 subsequentes
3413 2525 3632 2585 aposto-

2059 2595 2140 2650 los
2187 2596 2517 2652 adiflcantes
2545 2599 2839 2677 aedificant;
2877 2610 3086 2656 etcum
3130 2617 3161 2657 a
3214 2605 3521 2674 semetipsis
3571 2607 3629 2660 in

2058 2686 2206 2742 nullo
2246 2687 2600 2756 dissentiunt,
2632 2689 2750 2744 illos
2780 2691 2834 2745 in
2880 2707 2938 2746 se
2989 2694 3259 2748 robustius
3287 2693 3472 2764 figunt.
3518 2695 3632 2751 Nec

2060 2775 2332 2832 immerito
2356 2777 2536 2844 bases,
2584 2780 2780 2849 quibus
2819 2782 3092 2850 propheta
3134 2783 3444 2853 signantur,
3475 2794 3536 2838 ut
3561 2799 3628 2839 ex

2059 2875 2284 2936 argento
2321 2867 2553 2923 debeant
2593 2869 2743 2922 fundi
2788 2870 3117 2938 pracipitur.
3163 2871 3384 2939 Argenti
3425 2874 3628 2944 quippe

2057 2956 2276 3013 claritas
2301 2973 2370 3014 ex
2395 2974 2496 3013 usu
2525 2967 2794 3024 servatur,
2825 2959 2940 3013 sine
2965 2975 3066 3013 usu
3098 2969 3277 3014 autem
3307 2961 3360 3015 in
3391 2961 3632 3032 nigredi-
3651 2963 3670 2979 ‘

2063 3063 2183 3103 nem
2208 3049 2452 3104 vertitur.
2478 3049 2866 3119 Prophetarum
2905 3064 3118 3119 quoque
3137 3051 3299 3116 dicta,
3339 3061 3633 3122 antequam

2061 3141 2354 3211 apostolica
2409 3141 2789 3211 praedicatione
2835 3140 3226 3205 clarescerent,
3275 3141 3398 3210 quia
3432 3143 3485 3201 in
3527 3158 3631 3196 usu

2055 3233 2350 3302 spiritualis
2377 3232 2740 3302 intelligentia
2762 3247 2866 3286 non
2891 3240 3065 3295 erant,
3096 3232 3220 3286 dum
3247 3232 3482 3300 conspici
3513 3247 3632 3302 pra

2049 3324 2386 3378 obscuritate
2413 3338 2520 3377 non
2555 3331 2828 3392 poterant,
2854 3323 3008 3390 quasi
3060 3324 3210 3392 nigra
3253 3324 3620 3387 remanebant,

2053 3422 2109 3467 at
2146 3422 2426 3481 postquam
2456 3413 2763 3480 apostolica
2793 3412 3194 3480 pradicationis
3222 3427 3412 3466 manus
3435 3414 3631 3467 vatici-

2053 3503 2138 3558 nia
2161 3503 2389 3558 obscura
2419 3502 2660 3566 detersit,
2707 3501 2965 3571 quidquid
3009 3501 3146 3554 lucis
3199 3501 3250 3554 in
3280 3501 3359 3554 eis
3389 3501 3616 3564 latebat,

2052 3593 2306 3649 inclaruit
2330 3607 2629 3662 sensusque
2651 3607 2840 3647 eorum
2869 3591 3124 3661 mysticos
3172 3591 3226 3644 in
3269 3607 3423 3646 usum
3452 3591 3628 3656 dedit,

2050 3682 2177 3751 quia
2206 3681 2369 3737 verba
2401 3680 2513 3749 jam
2541 3681 2700 3736 rebus
2731 3694 2852 3736 esse
2889 3680 3134 3749 exposita
3162 3680 3442 3748 perspicue
3488 3694 3634 3733 nun-

2052 3771 2227 3826 tiavit.
2252 3769 2380 3825 lure
2402 3771 2568 3840 igitur
2593 3770 2978 3840 pracipiuntur
3015 3769 3131 3823 fieri
3158 3778 3213 3823 et
3243 3770 3399 3824 bases
3430 3783 3630 3838 argen-

2050 3875 2150 3924 tea
2188 3875 2242 3920 et
2299 3865 2489 3921 tabula
2542 3865 2831 3930 deaurata,
2869 3865 2993 3934 quia
3037 3864 3291 3920 videlicet
3332 3863 3624 3933 apostolica

2046 3955 2208 4026 305
2259 3963 2524 4030 praecepta
2565 3955 2951 4024 prophetarum
3008 3953 3242 4010 oraculis
3292 3953 3448 4023 longe
3499 3960 3625 4007 sunt

2047 4046 2296 4102 clariora.

2070 4129 2073 4131 ’
2121 4136 2191 4192 Ut
2211 4151 2340 4206 ergo
2379 4135 2447 4190 ad
2477 4135 2752 4204 superiora
2785 4135 3090 4198 redeamus,
3121 4148 3227 4188 non
3257 4132 3630 4203 incongruum

2047 4238 2134 4285 est
2163 4229 2207 4284 si
2236 4237 2291 4284 et
2317 4243 2444 4283 arca
2467 4236 2522 4282 et
2548 4227 2738 4281 domus
2781 4226 3107 4291 meretricis,
3153 4239 3274 4293 qua
3320 4224 3636 4289 obsidetur,

2049 4333 2216 4378 unam
2244 4317 2597 4386 eamdemque
2640 4316 2945 4385 exprimere
2991 4315 3276 4369 videantur
3304 4313 3638 4377 Ecclesiam,

375 4402 519 4491 sunt,
539 4402 734 4481 mortis
754 4435 978 4480 evasere
1003 4421 1335 4493 periculum;
1363 4419 1490 4489 quia
1515 4418 1814 4472 sicutintra
1839 4417 1943 4472 Ee-
1970 4429 2030 4494 Β
2049 4424 2172 4465 cum
2216 4407 2453 4478 ejusdem
2486 4405 2762 4469 Ecclesiae,
2814 4405 2956 4460 sicut
3001 4405 3207 4459 dictum
3251 4411 3381 4494 est,
3408 4402 3634 4494 diversa.

374 4516 595 4572 elesiam
621 4528 811 4571 omnes
836 4513 1112 4570 salvantur
1133 4510 1312 4577 electi,
1341 4509 1415 4564 ita
1453 4517 1604 4564 extra
1649 4506 1944 4562 Ecclesiam

374 4621 533 4679 nemo
553 4606 752 4677 poterit
771 4605 949 4661 salvus
970 4601 1216 4658 inveniri.

446 4695 554 4751 Sed
587 4695 818 4751 fortasse
841 4693 1101 4764 quaeritur
1141 4690 1413 4762 quomodo
1436 4697 1492 4746 et
1517 4705 1665 4756 arca,
1704 4702 1824 4760 qua
1850 4703 1946 4742 ur-

372 4784 495 4838 bem
543 4781 871 4840 circumiens
914 4780 1216 4847 obsidebat,
1246 4787 1303 4836 et
1338 4781 1530 4835 domus
1570 4777 1784 4843 Bahab,
1828 4790 1948 4847 qua

372 4873 542 4942 ipsius
589 4872 860 4928 manibus
901 4869 1228 4936 inharebat,
1276 4876 1506 4937 utraque
1549 4867 1804 4922 nimirum
1860 4881 1950 4922 res

374 4979 538 5020 unam
565 4964 805 5035 designat
835 4962 1131 5018 Ecclesiam
1153 4997 1168 5025 ,
1213 4975 1336 5015 cum
1377 4973 1503 5015 arca
1529 4958 1776 5014 videlicet
1801 4957 1948 5013 obsi-

373 5053 499 5108 deat
523 5062 578 5108 et
610 5061 912 5123 expugnet;
937 5052 1126 5106 domus
1179 5058 1356 5102 autem
1395 5048 1641 5102 videatur
1678 5045 1948 5101 obsessa?

375 5142 483 5200 Sed
506 5143 624 5200 bac
652 5143 865 5214 questio
907 5140 1066 5196 facile
1108 5138 1360 5203 solvitur,
1386 5137 1432 5192 si
1461 5137 1516 5191 in
1555 5135 1814 5191 membris
1843 5133 1948 5189 Ec-

374 5234 576 5301 clesia,
603 5249 724 5305 qua
747 5234 819 5290 sit
838 5232 1150 5295 diversitas,
1182 5227 1452 5285 subtiliter
1477 5227 1806 5282 attendatur.
1837 5224 1942 5279 Ec-

372 5326 536 5381 clesia
565 5339 796 5394 namque
814 5330 1086 5394 expugnat
1127 5318 1444 5382 Ecclesiam,
1482 5332 1606 5372 cum
1632 5315 1944 5386 praedicato-

373 5429 483 5480 res,
513 5414 794 5485 magistri,
819 5422 876 5468 et
899 5409 1141 5482 discipuli
1176 5406 1521 5478 prasidentes
1537 5447 1559 5474 ,
1583 5414 1640 5460 et
1662 5405 1941 5473 obtempe-

371 5517 560 5564 rantes.
575 5521 643 5564 ex
670 5521 780 5562 uno
805 5505 1000 5563 divina
1018 5501 1442 5576 regenerationis
1463 5501 1610 5556 fonte
1627 5498 1940 5569 procedere,

373 5617 538 5657 unum
561 5601 792 5672 denique
833 5614 1026 5670 corpus
1050 5596 1304 5654 Ecclesia
1339 5604 1590 5664 tanquam
1631 5593 1841 5648 diversa
1863 5590 1944 5644 vi-

378 5695 604 5750 deantur
657 5695 901 5750 membra
926 5691 1219 5763 complere.
1265 5688 1362 5746 Cui
1408 5688 1660 5744 nimirum
1691 5683 1941 5742 Ecclesia

2051 4499 2161 4556 sint
2192 4499 2458 4562 membra,
2483 4498 2589 4551 alia
2612 4497 2862 4552 videlicet
2881 4510 2978 4566 per
2999 4505 3202 4550 sancta
3222 4492 3637 4562 praedicationis

2051 4591 2311 4646 ambitum
2339 4587 2660 4652 obsidentia,
2690 4587 2793 4642 alia
2817 4602 2846 4642 a
2873 4602 2985 4644 sua
3009 4585 3361 4648 infidelitatis,
3385 4583 3467 4638 vel
3494 4597 3632 4652 pra-

2049 4679 2237 4734 vitatis
2261 4677 2775 4744 munimine,salutis
2809 4677 3068 4732 doctrina
3097 4675 3293 4744 jaculis
3319 4673 3631 4736 obruenda.

2052 4769 2156 4824 alia
2173 4769 2286 4839 jam
2312 4767 2634 4832 domestica,
2656 4766 2762 4821 alia
2783 4767 2958 4822 adhuc
2981 4781 3078 4835 per
3103 4763 3440 4818 eversionem
3466 4760 3632 4830 pravi

2050 4860 2231 4930 operis
2253 4857 2617 4914 aliena.Hunc
2640 4858 2694 4912 in
2721 4857 3083 4912 testimonium
3111 4851 3407 4922 spiritualis
3431 4863 3635 4920 pugnas
3707 4899 3710 4902 .

2049 4947 2358 5006 conﬂictum
2387 4948 2555 5003 Isaias
2599 4945 2712 5015 jam
2756 4946 3099 5006 odoraverat,
3145 4955 3290 5004 cum,
3333 4947 3630 5009 postquam

2050 5039 2348 5097 Salvatoris
2378 5039 2669 5094 adventum
2715 5034 2997 5104 perspicue
3026 5031 3424 5102 descripsisset,
3451 5029 3633 5101 proti—

2047 5146 2150 5187 nus
2174 5131 2416 5187 addidit:
2445 5129 2550 5183 «Et
2571 5141 2666 5184 eor
2689 5123 2910 5195 Egypti
2933 5122 3170 5178 tabescet
3198 5123 3252 5177 in
3285 5123 3465 5178 medio
3478 5120 3627 5193 ejus,

2046 5231 2102 5278 et
2131 5235 2459 5278 concurrere
2489 5217 2684 5272 faciam
2714 5215 3000 5285 Egyptios
3023 5213 3287 5269 adversus
3311 5211 3626 5282 Egyptios,

2045 5319 2102 5366 et
2127 5311 2387 5383 pugnabit
2413 5309 2498 5363 vi-r
2519 5315 2712 5362 contra
2741 5304 2965 5360 fratrem
3012 5319 3194 5370 suum,
3222 5312 3278 5358 et
3311 5303 3396 5356 vir
3426 5308 3626 5356 contra.

2046 5404 2280 5459 amicum
2299 5414 2479 5465 suum,
2501 5407 2556 5453 et
2576 5396 2768 5452 civitas
2793 5396 3054 5452 adversus
3070 5395 3368 5457 civitatem,
3392 5406 3617 5462 regnum

2045 5496 2307 5551 adversus
2332 5496 2581 5561 regnum,
2617 5498 2673 5544 et
2696 5489 3038 5558 dirumpetur
3065 5486 3289 5556 spiritus
3315 5481 3530 5553 Egypti
3560 5481 3627 5536 in

2043 5585 2342 5643 visceribus
2363 5581 2480 5653 ejus
2507 5579 2642 5651 (lsa.
2684 5579 2820 5650 xIx).
2846 5597 2870 5634 ι

2111 5677 2245 5734 Cum
2271 5673 2438 5746 igitur
2465 5686 2562 5743 per
2603 5669 2913 5742 apostolica
2953 5666 3352 5741 praedicationis
3379 5664 3633 5722 obsidio-v
