4178 6438
546 319 648 405 est

1144 321 1201 377 S.
1243 318 1447 376 PETRI
1472 322 1757 378 DAMIANI
1790 322 1941 379 OPP.
1971 318 2150 378 PARS
2176 319 2319 379 SEU'
2353 318 2589 380 TOMUS
2624 320 2686 379 ll.
2718 352 2787 364 —
2822 320 3207 378 SERMONES.

3678 312 3782 370 828

549 448 695 498 nem,
726 432 920 487 fratres
948 430 1272 498 charissimi,
1310 434 1377 488 de
1414 433 1687 502 pereuntis
1711 431 1927 488 Jericho
1953 434 2121 488 simus
2149 437 2195 493 Α
2225 430 2502 485 hominum
2529 440 2727 501 pestes,
2759 430 2851 500 qui
2896 429 3494 500 dum'philosophorum
3514 436 3704 482 sectas
3732 428 3783 481 in

551 520 1010 575 mternecionibus
1037 520 1201 586 eruti,
1249 522 1359 575 imo
1401 522 1468 576 de
1502 521 1774 576 subversa
1804 521 2120 592 gentilitatis

552 613 760 667 excidio
779 612 1033 666 divinitus
1053 610 1284 675 liberati,
1301 626 1408 666 non
1431 626 1715 681 graventur
1729 612 1893 667 duces
1904 619 2124 665 nostros

552 703 825 769 subsequi,
866 716 973 769 quo
1016 701 1357 770 pracedunt;
1389 716 1494 755 non
1542 701 1799 757 videatur.
1835 716 2121 756 onerosum

551 794 809 862 quidquid
832 794 988 848 nobis
1022 807 1122 863 pro
1150 801 1334 848 nostra
1363 794 1536 848 salute
1563 794 1900 863 pracipiunt.

622 883 761 938 Ecce
808 883 949 939 beati
999 883 1225 952 apostoli
1268 883 1464 938 Petrus
1508 893 1564 939 et
1589 883 1834 939 Andreas
1863 885 1931 940 ad
1958 900 2124 940 unum

554 971 764 1030 Domini
798 972 1035 1041 jubentis
1081 972 1386 1041 imperium,
1437 989 1545 1029 nun
1590 973 1973 1030 dubitaverunt
2005 991 2124 1045 qua

551 1062 900 1132 possidebant
926 1070 1122 1116 cuncta
1145 1062 1468 1132 relinquere,
1494 1071 1555 1117 ut
1582 1064 1813 1120 terrenis
1838 1080 2123 1121 mereren-

554 1161 644 1206 tur
687 1151 927 1206 cmlestia
964 1159 1293 1221 permutare.
1337 1152 1624 1207 Dimittunt
1666 1164 1786 1222 qua
1814 1168 1926 1223 pra
1953 1155 2126 1209 oculis

553 1252 702 1307 sunt,
729 1251 787 1296 ut
818 1243 1105 1298 invisibilia
1151 1244 1291 1297 bona
1335 1244 1618 1312 recipiant.
1658 1242 1997 1313 Postponunt
2028 1245 2127 1298 ha-

552 1334 688 1399 bita,
732 1335 799 1387 ad
830 1343 1045 1404 sperata
1083 1334 1415 1404 pertingunt,
1448 1334 1514 1388 ad
1541 1350 1765 1405 regnum
1794 1349 1893 1405 per
1920 1335 2127 1405 suppli-

554 1424 697 1478 cium
728 1431 1031 1482 transeunt.
1061 1425 1127 1477 ad
1155 1432 1369 1476 atema
1395 1423 1519 1477 vita
1545 1425 1737 1493 gaudia
1764 1440 1860 1492 per
1884 1440 2125 1478 momen-

556 1521 773 1567 taneum
819 1512 997 1566 erucis
1037 1512 1331 1579 patibulum
1362 1513 1744 1581 provehuntnr.
1778 1511 1915 1566 Nihil
1942 1512 2042 1567 sibi
2069 1512 2121 1566 in

556 1603 984 1672 peregrinatione
1010 1610 1307 1664 reservant,
1330 1611 1386 1655 ut
1406 1603 1780 1671 pervenientes
1800 1603 1864 1655 ad
1892 1600 2126 1671 patriam

555 1689 735 1742 omnia
764 1687 921 1740 simul
949 1687 1240 1740 inveniant.
1278 1684 1429 1740 Unde
1465 1701 1588 1741 cum
1622 1686 1726 1741 illis
1752 1702 1848 1756 per
1873 1689 2125 1741 immuta-

2222 518 2521 573 Ecclesiam
2546 518 2727 574 conati
2757 527 2883 574 sunt
2924 520 3286 583 introducere,
3333 517 3470 571 iram
3514 516 3607 571 Dei
3655 528 3787 587 quot

2221 608 2508 662 dammodo
2547 623 2710 678 super
2738 616 2917 663 castra
2947 608 3112 663 lsrael
3156 608 3256 662 visi
3300 613 3429 661 sunt
3469 619 3785 676 provocare.

2223 697 2331 753 Sed
2362 698 2399 751 ii
2423 698 2600 753 obruti
2627 706 2753 753 sunt
2779 713 2900 752 cum
2943 698 3129 753 Achan
3170 696 3271 751 sub
3307 709 3501 750 acervo
3529 693 3789 763 lapidum

2221 786 2344 855 quia
2356 786 2599 856 oppressi
2612 796 2737 840 sunt
2751 785 3146 840 immanissima
3156 784 3403 853 pondere
3421 793 3800 852 peccatorum.

2292 874 2401 930 Nos
2427 884 2629 940 autem,
2676 874 2876 931 fratres
2902 874 3230 939 charissimi,
3281 873 3417 944 quia
3450 872 3789 942 philosophia

2221 974 2407 1020 nostra
2450 964 2703 1020 Christus
2747 975 2828 1020 est
2883 975 2936 1019 et
2986 964 3075 1019 ltie
3115 963 3426 1028 crucifixus,
3475 970 3638 1031 atque
3664 962 3799 1016 ideu'

2222 1055 2510 1127 magistros
2559 1056 2840 1121 habemus,
2895 1070 3001 1110 non
3031 1065 3297 1119 oratores,
3333 1055 3427 1109 sed
3473 1053 3789 1123 piscatores,

2223 1159 2328 1199 non
2361 1153 2606 1200 versutos
2630 1155 2684 1200 et
2710 1145 3043 1215 eloquentes,
3088 1147 3183 1203 sed
3209 1147 3367 1201 mites
3407 1160 3472 1200 ac
3498 1145 3797 1213 simplices,

2223 1234 2582 1303 despiciantus
2612 1234 2929 1303 sapientiam
2955 1250 3074 1303 qua
3094 1242 3291 1299 caecat;
3319 1243 3638 1303 appetamus
3660 1233 3795 1287 stulo

2225 1326 2395 1379 titiam
2439 1339 2560 1394 qua
2609 1327 2878 1382 discentes
2930 1327 3213 1382 illuminat.
3270 1345 3288 1378 ι
3331 1326 3487 1394 Quia'
3520 1327 3685 1393 enim,
3736 1337 3793 1380 ttt
3843 1310 3858 1323 ’

2221 1415 2517 1485 Apostolus
2538 1417 2635 1481 ait,
2670 1432 2774 1471 nutt
2804 1418 3057 1487 cognovit
3087 1417 3319 1471 mundus
3349 1432 3445 1486 per
3473 1417 3793 1484 sapientiam

2225 1509 2410 1573 Deum,
2463 1508 2665 1578 placuit
2697 1524 2794 1578 per
2840 1510 3121 1564 stultitiam
3170 1501 3565 1579 pradicationis
3615 1508 3794 1564 salvos

2224 1594 2405 1650 facere
2432 1596 2716 1651 credentes
2753 1595 2803 1666 (1
2835 1595 2957 1650 Cor.
2984 1596 3046 1665 ι).
3070 1615 3089 1648 ι

2296 1686 2598 1742 Teneamus
2636 1687 2799 1759 igitttr
2841 1689 2893 1741 in
2943 1703 3040 1741 sua
3095 1687 3331 1758 puritate
3386 1686 3710 1750 doctrinam,
3739 1695 3798 1741 et

556 1778 754 1831 tionem
787 1778 1025 1829 dextera
1052 1775 1261 1830 Excelsi
1294 1777 1397 1831 hoc
1426 1775 1623 1831 factum
1652 1786 1753 1841 est,
1784 1786 1843 1831 ut
1870 1777 1961 1847 qui
1996 1786 2124 1832 tunc
2153 1763 2198 1821 Β
2225 1784 2389 1831 recta
2413 1774 2538 1829 fidei
2565 1776 2916 1835 adhibeamus
2950 1777 3131 1846 operis
3152 1776 3472 1831 efficaciam.
3501 1776 3795 1830 Enatemus

556 1865 748 1934 abjecti
782 1865 1103 1919 videbantur
1148 1873 1201 1918 et
1230 1866 1482 1929 humiles,
1512 1881 1654 1920 nunc
1706 1866 2008 1920 animarum
2036 1865 2129 1933 ju-

555 1954 704 2008 dices
736 1963 791 2007 et
828 1953 1064 2008 caelestis
1103 1954 1214 2007 sint
1239 1955 1404 2007 curia
1433 1966 1731 2009 senatores.
1761 1953 1911 2008 Tune
1939 1954 2125 2008 vilium

554 2057 892 2110 possessores
919 2044 1138 2107 retium,
1169 2057 1313 2098 nunc
1351 2045 1403 2097 in
1435 2046 1618 2115 regnis
1651 2045 1962 2100 calestibus
1986 2046 2127 2100 obti-

556 2141 686 2186 nent
713 2134 899 2202 gluria
935 2134 1320 2203 principatum.
1371 2135 1437 2189 Et
1481 2151 1616 2204 quos
1644 2138 1696 2190 in
1750 2148 1894 2192 terra
1922 2140 2127 2207 positos

555 2222 669 2288 ipsa
705 2231 1053 2299 terrenarum
1083 2236 1265 2275 rerum
1321 2225 1475 2291 copia
1525 2226 1864 2291 destituerat,
1907 2240 2050 2281 nunc
2072 2236 2128 2281 et

557 2317 724 2369 totius
747 2318 897 2370 orbis
939 2317 1307 2370 monarchiam
1361 2325 1546 2369 tenent
1588 2325 1645 2370 et
1685 2318 1738 2369 in
1784 2317 1875 2369 illa
1921 2316 2126 2371 caelesti

557 2404 890 2459 Hierusalem
952 2404 1251 2473 judiciaria
1310 2407 1591 2476 potestatis
1640 2405 1789 2462 soliis
1816 2408 2126 2476 prasidcnt.

557 2497 765 2564 Quique
789 2497 1016 2551 extremi
1046 2512 1182 2566 pene
1224 2496 1437 2551 fuerant
1484 2497 1783 2560 hominum,
1817 2511 1957 2550 nunc
1999 2513 2129 2551 cnn-

557 2588 703 2640 cives
741 2596 865 2640 sunt
906 2598 959 2641 et
1005 2588 1293 2657 participes
1324 2586 1657 2654 angelorum.
1688 2582 1834 2639 Boni
1861 2587 2125 2656 siquidem

557 2678 797 2745 magistri
821 2685 875 2730 et
904 2678 1041 2747 grati
1089 2679 1511 2732 remuneratoris
1558 2680 1833 2733 adhaesere
1862 2679 2124 2749 vestigiis,

557 2770 646 2837 qui
693 2771 772 2822 eis
823 2786 1010 2822 aurum
1057 2785 1154 2838 pro
1200 2785 1379 2837 cano,
1431 2778 1623 2824 cuneta
1656 2786 1754 2840 pro
1805 2770 1996 2836 nihilo,
2028 2787 2126 2840 pro

559 2860 796 2912 tenebris
824 2861 1017 2924 lucem,
1042 2877 1137 2930 pro
1159 2863 1369 2916 somnio
1399 2864 1633 2917 reddidit
1661 2864 1964 2918 veritatem.
1994 2863 2127 2930 Qui-

558 2948 659 3000 bus
695 2948 946 3001 nimirum
994 2958 1047 3003 et
1100 2951 1149 3002 in
1198 2951 1336 3005 calo
1380 2952 1494 3021 ipse
1536 2954 1605 3007 sit
1650 2955 1953 3020 pramium,
1983 2964 2038 3006 et
2070 2954 2124 3007 in

561 3036 720 3088 terris
748 3049 960 3104 quoque
983 3038 1221 3091 omnium
1250 3038 1465 3105 subiicit
1495 3038 1617 3106 jura
1648 3056 1956 3108 regnorum.

2223 1865 2577 1935 procellosum
2628 1867 2909 1921 mundana
2960 1866 3383 1934 perturbationis
3432 1865 3670 1919 fluctum.
3713 1865 3796 1918 ln-

2224 1954 2364 2010 cludi
2399 1951 2562 2011 libeat
2589 1965 2859 2012 tantorum
2891 1957 3094 2011 retibus
3121 1956 3472 2026 piscatorum.
3501 1954 3793 2008 lncalescal

2224 2062 2321 2113 cur
2347 2056 2593 2104 nostrum
2629 2049 2696 2103 ad
2742 2057 2851 2102 tam
2897 2056 3159 2117 prompta
3185 2046 3522 2111 obedientia,
3556 2054 3663 2098 tam
3694 2045 3777 2099 ter-

2225 2136 2552 2190 ventissima
2576 2138 2878 2192 devotionis
2926 2137 3251 2207 exemplum,
3282 2144 3339 2190 et
3366 2136 3521 2205 quod-
3549 2134 3797 2188 ductores

2225 2232 2440 2280 nostros
2474 2227 2719 2281 novimus
2746 2236 2875 2282 tunc
2901 2226 3116 2292 fecisse,
3158 2227 3258 2295 ipsi
3286 2227 3447 2281 etiam
3474 2226 3653 2279 divina
3680 2226 3794 2294 Opi-

2229 2312 2432 2368 tulante
2454 2314 2762 2379 clementia,
2793 2316 3109 2371 studeamus
3147 2315 3391 2386 implere.
3438 2315 3577 2369 Ecce
3616 2315 3797 2369 beatos

2226 2400 2442 2467 fratres,
2473 2401 2690 2458 Petrum
2714 2403 2963 2458 videlicet
2988 2411 3043 2458 et
3063 2403 3355 2466 Andream,
3386 2417 3659 2472 nunquam
3678 2412 3792 2471 post

2227 2494 2632 2547 conversionem
2657 2494 2885 2563 legimus
2914 2493 3119 2548 carnali
3152 2494 3382 2563 quadam
3404 2493 3797 2548 necessitudine

2227 2581 2439 2638 sibimet
2478 2585 2709 2639 invicem
2759 2583 3081 2639 familiarius
3107 2584 3416 2650 adhaesisse,
3448 2600 3608 2653 quam
3636 2591 3797 2638 cate-

2228 2675 2321 2739 ris,
2371 2692 2476 2729 non
2509 2678 2711 2731 arctius
2757 2677 2901 2731 inter
2943 2692 3001 2731 se
3037 2686 3227 2732 mutuo
3248 2675 3647 2731 confaderatos
3667 2675 3799 2730 aﬂ'e-

2226 2750 2315 2817 esu
2342 2803 2357 2827 ,
2400 2779 2511 2817 non
2562 2765 2783 2835 easdem
2830 2763 3137 2832 provincias
3177 2764 3571 2833 pradicationis
3622 2765 3794 2835 gratia

2227 2856 2573 2919 COHSOI'lllOS,
2604 2865 2680 2919 et,
2710 2865 2770 2909 ut
2810 2856 2981 2925 magis
3009 2865 3252 2925 stupeas,
3280 2871 3385 2909 non
3414 2856 3639 2910 moleste
3674 2854 3805 2908 tulit,
3875 2893 3884 2902 .

2225 2947 2467 3001 Andreas
2493 2947 2634 3015 quod
2662 2948 2715 3001 in
2741 2945 2847 3001 ﬁde
2884 2947 3114 3014 primus,
3160 2944 3334 3001 factus
3373 2956 3455 3001 est
3478 2943 3684 2998 ordinis
3713 2943 3798 2997 di-

2228 3037 2432 3107 gnitate
2457 3036 2755 3101 secundus;
2782 3050 2884 3091 nec
2913 3036 3029 3089 zelo
3066 3035 3259 3091 ductus
3287 3044 3388 3102 est,
3416 3034 3556 3104 quod
3582 3033 3801 3098 Petrus,

632 3121 737 3178 Per
766 3125 906 3179 hanc
924 3140 1052 3194 ergo
1077 3126 1238 3189 viam,
1268 3095 1459 3181 fra-tres
1485 3095 1611 3191 mei,
1635 3095 1740 3196 qn;
1768 3143 1864 3181 nos
1892 3142 2125 3197 prmces-
2154 3095 2202 3158 ο
2229 3095 2324 3194 qui
2345 3126 2461 3194 ejus
2482 3127 2681 3181 ducatu
2700 3127 2970 3196 posterior
2991 3126 3243 3193 credidit,
3266 3127 3525 3195 cujusque
3545 3126 3617 3179 ad
3637 3123 3819 3178 fidens-

560 3223 702 3273 sere,
733 3224 1043 3280 sequamur,
1076 3212 1119 3266 si
1148 3212 1294 3278 illuc,
1335 3214 1425 3269 ubi
1457 3222 1602 3280 sunt,
1642 3216 1952 3285 pertingere
1980 3217 2131 3270 volu-

548 3298 699 3355 ἠως.
726 3301 854 3356 Post
878 3305 977 3359 hos
1005 3307 1184 3374 itaque
1210 3315 1352 3362 recta
1380 3308 1464 3361 via
1498 3309 1826 3378 gradientes,
1858 3311 1936 3364 sic
1968 3311 2131 3364 relin-

560 3406 787 3459 quamus
807 3392 1045 3461 Jericho,
1081 3411 1271 3450 eorum
1301 3398 1582 3452 obsidione
1612 3398 1947 3453 submersam
1981 3400 2131 3472 [sub-

557 3483 793 3556 versam]
846 3494 1005 3554 atque
1047 3488 1397 3554 destructam,
1439 3499 1497 3543 ut
1528 3505 1864 3559 nequaquam
1914 3492 1981 3545 de
2013 3491 2129 3559 ejus

560 3572 904 3628 anathemate
957 3575 1157 3645 aliquid
1214 3593 1559 3647 usurpemus.
1616 3578 1872 3634 Prohibet
1934 3595 2129 3650 nempe

557 3658 716 3715 Jesus
748 3662 836 3718 ille
868 3661 1034 3731 Nave,
1068 3681 1133 3719 ne
1183 3666 1250 3720 de
1296 3667 1641 3723 facultatibus
1682 3667 1898 3724 Jerirho
1934 3670 2127 3740 aliquis

559 3754 907 3821 concupiscat
949 3754 1085 3826 (Jos.
1135 3756 1230 3827 γι).
1263 3757 1421 3812 Vetat
1460 3770 1515 3812 et
1543 3769 1729 3813 noster
1751 3759 1929 3826 Jcsus,
1972 3766 2137 3818 verus

558 3841 742 3910 utique
769 3841 1034 3906 Salvator,
1060 3855 1117 3897 Ill.
1143 3862 1300 3901 nemo
1323 3862 1385 3901 ea
1412 3863 1530 3917 qua
1553 3850 1738 3904 mundi
1764 3863 1889 3904 sunt
1917 3851 2123 3921 diligat.

562 3950 581 3983 ε
613 3931 803 3998 Nolite,
821 3935 1009 4004 inquit,
1023 3937 1184 4007 306
1201 3940 1565 3995 tltesauriaare
1591 3942 1742 3996 vobis
1766 3945 2048 3998 thesauros
2068 3945 2121 3998 in

560 4031 702 4075 terra
740 4023 952 4091 (Matth.
982 4028 1076 4094 vt).
1101 4047 1125 4078 ι
1153 4027 1216 4080 Et
1246 4044 1340 4096 per
1360 4031 1657 4107 apostolum
1687 4048 1840 4085 suum
1868 4051 1881 4086 :
1910 4053 1928 4084 ε
1954 4033 2127 4089 Nolite

557 4110 777 4181 diligere
833 4116 1113 4181 mundum,
1151 4132 1324 4186 neque
1371 4135 1433 4173 ea
1492 4135 1611 4189 qua
1665 4121 1715 4175 in
1768 4123 1970 4178 mundo
2000 4133 2127 4178 sunt

560 4199 610 4267 (I
629 4200 913 4265 Juan.tt).t
933 4204 1047 4258 Non
1079 4222 1206 4275 ergo
1231 4209 1297 4261 ad
1326 4211 1627 4278 exemplum
1656 4211 1889 4267 infelicis
1915 4214 2122 4278 Achan,

557 4287 626 4341 de
643 4289 983 4345 anathemate
1003 4292 1215 4375 Jerieltu
1237 4296 1435 4363 aliquid
1456 4298 1832 4354 defraudemus
1846 4300 1981 4370 (los.
1999 4303 2123 4373 vn),

559 4386 618 4430 ut
643 4377 894 4432 videlicet
912 4382 1043 4434 nihil
1069 4397 1133 4435 ex
1158 4383 1430 4439 dissolutis
1458 4389 1738 4442 mundana
1756 4393 2122 4446 conversatio-

557 4469 642 4523 nis
696 4471 952 4534 moribus,
1007 4474 1742 4541 disciplinis'ecclesiasticis
1796 4482 2119 4537 inseramus.

556 4561 670 4615 Non
698 4563 1005 4619 auferamus
1032 4566 1271 4634 pallium,
1302 4577 1361 4622 ut
1403 4578 1523 4637 post
1572 4571 1939 4625 indumentum
1974 4573 2121 4638 ﬁdei,

553 4652 753 4706 cultum
805 4656 1278 4711 conversationum
1320 4661 1660 4715 sacnlaritnn
1696 4663 2007 4718 nullatenus
2035 4665 2120 4718 in-

553 4740 798 4797 duamns.
832 4743 945 4798 Non
973 4748 1181 4816 argenti
1213 4749 1395 4813 siclos,
1424 4759 1482 4802 ut
1506 4752 1595 4820 qtti
1618 4761 1878 4806 atcrnum
1910 4755 2121 4808 thesau-

553 4845 672 4886 nun
704 4832 754 4886 in
785 4835 923 4889 calo
951 4837 1308 4902 reconditnus,
1338 4840 1541 4893 nullam
1575 4843 1928 4910 temporalem
1957 4843 2130 4912 pecu-'

552 4922 697 4974 ni..m
735 4939 833 4992 per
874 4929 1216 4983 ambitionem
1267 4929 1319 4982 in
1356 4931 1577 4985 sudario
1619 4947 1964 5000 reponamus.
2002 4933 2116 4988 Non

552 5011 783 5083 denique
837 5018 1073 5083 regulam
1130 5037 1370 5087 auream,
1421 5030 1479 5077 ttt
1511 5023 1563 5077 in
1594 5023 1888 5079 Ecclesium
1916 5025 2115 5078 Christi

553 5095 669 5155 non
704 5114 957 5157 accurata
1002 5107 1405 5165 introducamus
1443 5111 1816 5166 hareticorum
1842 5111 2116 5181 dogmata,

553 5203 660 5243 non
715 5191 971 5245 trutinata
1025 5196 1463 5266 philosophorum
1522 5209 1677 5255 acute
1724 5200 2115 5269 disputantium

547 5278 752 5342 studia,
801 5280 884 5333 vel
918 5290 1196 5350 poetarum
1225 5284 1507 5341 elaborata
1550 5288 1828 5356 figmenta.
1868 5287 1995 5340 Hac
2034 5296 2120 5341 est

545 5367 692 5421 enim
718 5385 881 5425 aurea
912 5370 1001 5425 illa
1031 5372 1235 5442 regula.
1262 5373 1443 5428 Iimato
1473 5376 1723 5431 videlicet
1762 5386 1924 5445 atque
1952 5375 2118 5445 polito

549 5470 801 5515 sermone
828 5463 1053 5527 directa,
1079 5473 1133 5519 et
1161 5464 1308 5520 velut
1337 5481 1503 5521 aureo
1537 5466 1821 5524 luculenta
1850 5467 2117 5522 facundia

549 5544 725 5602 nitore
782 5554 993 5607 vestita.
1048 5553 1199 5610 llanc
1254 5565 1434 5610 autem
1485 5557 1722 5626 regulam
1778 5558 1939 5612 furati
1989 5568 2117 5613 sunt

547 5630 733 5704 Arrius,
779 5638 1014 5699 Marcion
1050 5655 1107 5700 et
1153 5646 1428 5719 Appelles,
1469 5645 1695 5717 aliaque
1738 5662 2113 5717 perversurum

2233 3215 2346 3284 ipse
2368 3217 2596 3283 pravius
2626 3216 2747 3281 fuit,
2772 3217 3044 3285 priuratns
3070 3227 3247 3271 tamen
3281 3217 3423 3271 inter
3452 3229 3640 3271 onmes
3663 3230 3798 3283 apo-

2230 3308 2396 3362 stolos
2433 3307 2555 3376 jura
2609 3308 2866 3377 suscepit.
2918 3307 3068 3361 llanc
3123 3321 3317 3377 nempe
3368 3305 3797 3361 mortiﬁcationis

2231 3395 2466 3465 regulam
2491 3396 2661 3451 oculis
2706 3396 2905 3450 nostris
2944 3411 3210 3465 supernus
3243 3398 3501 3465 magister
3527 3397 3793 3465 apposuit,

2230 3486 2370 3540 hanc
2395 3484 2550 3540 nobis
2592 3501 2735 3540 vera
2763 3484 3086 3539 humilitatis
3120 3500 3383 3549 normam,
3418 3500 3514 3553 per
3541 3498 3700 3552 quam
3732 3483 3797 3536 il-

2228 3576 2338 3629 lum
2369 3584 2514 3631 recta
2540 3578 2626 3630 via
2654 3591 3025 3644 sequeremur,
3045 3575 3312 3629 exhibuit.
3341 3573 3398 3628 lu
3424 3574 3532 3629 illis
3563 3589 3802 3643 namque

2228 3668 2417 3736 primis
2445 3666 2740 3735 discipulis,
2772 3682 2907 3735 quos
2931 3674 2988 3720 et
3028 3666 3212 3720 mundi
3261 3665 3513 3723 doctores
3538 3665 3807 3729 instituit,.

2227 3758 2466 3810 omnium
2510 3757 2768 3810 virtutum
2822 3756 3048 3809 formam
3099 3756 3375 3825 signanter
3416 3755 3686 3824 expressit
3737 3764 3801 3808 ut

2228 3863 2397 3918 usque
2424 3847 2493 3902 ad
2520 3847 3038 3902 consummationem
3064 3845 3243 3901 saeculi
3275 3846 3643 3915 unusquisque
3664 3845 3795 3898 rlth

2228 3937 2357 3991 lium
2388 3938 2455 3991 ad
2478 3952 2569 3991 eos
2598 3936 2917 3991 imitationis
2942 3935 3128 3990 oculos
3156 3934 3378 4005 dirigat,
3403 3944 3457 3989 et
3481 3950 3577 4003 per
3601 3950 3797 3990 eorum

2228 4032 2499 4087 tramitem
2541 4031 2868 4085 neutrolihet
2900 4029 3303 4084 exorbitaturus
3340 4028 3572 4091 incedat,
3602 4037 3801 4095 quate-r

2184 4146 2187 4149 η
2226 4140 2326 4178 nus
2357 4123 2581 4177 tenendo
2605 4123 2792 4177 vitales
2820 4120 3103 4176 afﬂuentia
3145 4120 3305 4190 307
3335 4119 3476 4179 rivos
3505 4120 3794 4188 pervenis—-

2227 4227 2346 4266 mus
2373 4214 2438 4265 ad
2467 4210 2692 4276 fontem,
2719 4210 2993 4279 sequendo
3023 4210 3220 4264 milites
3258 4216 3404 4263 recto
3436 4208 3632 4262 itinere
3660 4223 3786 4277 per-

2225 4301 2487 4355 ducantur
2538 4302 2604 4355 ad
2654 4316 2868 4370 regem,
2933 4299 3116 4355 Jesum
3178 4299 3449 4354 Christum
3506 4299 3789 4352 Dominum

2227 4400 2489 4456 nostrum,
2520 4392 2609 4459 qui
2657 4405 2777 4444 cum
2819 4389 2980 4444 Patre
3006 4400 3062 4445 et
3107 4389 3307 4459 Spiritu
3355 4396 3543 4445 sancto
3583 4388 3713 4443 vivit
3736 4396 3793 4442 et

2226 4490 2413 4550 regnat
2437 4494 2534 4549 per
2553 4479 2731 4534 omnia
2763 4477 2955 4534 sacula
2987 4477 3326 4532 saculorum.
3354 4477 3554 4532 Amen.

2482 4556 2493 4561 ’
2779 4570 3009 4626 ssnuu
3057 4570 3233 4625 LVHL

2373 4678 2431 4716 tt.
2467 4677 2534 4715 ns
2571 4677 2617 4716 s.
2654 4675 2860 4714 unum
2897 4674 3188 4715 arus'row.
3223 4659 3350 4731 (xxx
3378 4659 3630 4726 novena.)

2291 4752 2357 4805 Et
2402 4753 2641 4821 quietum
2687 4751 2948 4813 studium,
2993 4763 3046 4806 et
3088 4761 3352 4806 attentum
3394 4752 3686 4817 silentium,
3732 4763 3791 4809 et

2223 4852 2370 4897 tanta
2429 4844 2563 4896 tanti
2594 4844 2698 4896 viri
2736 4841 3003 4898 festivitas
3055 4854 3297 4909 monent,
3329 4845 3437 4899 imo
3463 4846 3789 4914 compellunt

2223 4934 2422 5004 aliquid
2445 4936 2625 4990 dicere
2648 4936 2715 4989 ad
2742 4937 3130 4991 ostendendam
3153 4936 3375 5006 gloriam
3404 4936 3641 5002 deitatis,
3670 4939 3786 5007 glo-

2224 5026 2357 5079 riam
2409 5026 2716 5095 apostolica
2764 5027 3058 5096 dignitatis,
3106 5027 3460 5082 confessionis
3509 5029 3787 5084 virtutem.

2194 5112 2422 5169 ‘Bemus
2446 5114 2670 5183 gloriam
2715 5116 2858 5170 laudi
2931 5116 3048 5185 ejus
3089 5116 3260 5186 (Paul.
3307 5116 3454 5188 ων),
3486 5133 3643 5186 quem
3672 5119 3815 5174 lau-.

2223 5204 2352 5258 dant
2377 5218 2565 5257 omnes
2584 5212 2792 5274 gentes,
2833 5206 2922 5275 qui
2964 5206 3241 5260 ministros
3286 5221 3412 5261 suos
3445 5214 3501 5260 et
3526 5205 3708 5267 laudat
3731 5214 3787 5262 et

2220 5293 2516 5349 laudabiles
2540 5294 2685 5349 facit.
2713 5295 2831 5365 Ipse
2856 5304 2956 5361 est,
2982 5296 3067 5350 cui
3102 5297 3361 5365 assistunt
3386 5297 3559 5368 angeli
3584 5298 3650 5351 ad
3689 5314 3785 5352 au-

2217 5383 2464 5437 diendam
2511 5398 2703 5439 vocem
2759 5400 3067 5440 sermonum
3117 5385 3233 5452 ejus
3288 5384 3459 5455 (Paul.
3507 5388 3634 5451 cn);
3690 5386 3782 5455 qui

2216 5471 2398 5526 stellas
2419 5480 2596 5535 vocat,
2621 5481 2676 5527 et
2697 5473 2883 5527 dicunt
2908 5489 2921 5526 :
2951 5472 3219 5527 Adsumus
3246 5473 3463 5543 (Barac.
3490 5474 3607 5542 tu);
3631 5472 3786 5540 cujus

2218 5578 2408 5618 manus
2431 5564 2674 5619 extendit
2713 5564 2913 5628 caios;
2956 5564 3049 5633 qui
3087 5563 3331 5617 fundavit
3376 5573 3571 5618 terram
3623 5578 3786 5632 super

2217 5651 2564 5709 stabilitatem
2612 5668 2767 5709 suam
2822 5651 2994 5724 (ι’δηι.
3024 5654 3163 5727 cut),
3208 5654 3298 5723 qui
3351 5655 3590 5723 graditur
3623 5669 3783 5724 super
