4178 6450
287 261 294 266 ⁷
323 295 429 358 829

1665 308 1898 368 ΒΞ]ιῖΜο
1936 313 2114 372 LVI".

3456 325 3564 378 859

324 421 518 472 liuctus
542 431 738 483 maris;
770 416 862 487 qui
893 415 1018 472 fecit
1046 418 1312 472 mirabilia
1338 418 1485 474 solus
1507 418 1680 491 (Psal.
1707 423 1887 492 Lxxt);
1922 431 1968 486 Α
1997 427 2204 481 deatur.
2235 425 2387 483 Unde
2417 441 2524 482 non
2554 428 2824 484 immerito
2871 431 2925 485 in
2969 431 3297 503 singularem
3315 442 3551 490 auctori-

321 506 377 559 iri
409 519 568 574 quem
595 504 905 559 desiderant
949 505 1122 575 angeli
1160 507 1491 577 prospicere.
1519 506 1639 577 Ipse
1665 519 1766 574 est,
1803 512 1895 579 qui

321 592 448 648 fecit
492 594 692 658 omnia,
737 601 793 647 et
827 593 881 646 in
929 594 1178 648 omnibus
1221 609 1340 664 qua:
1388 594 1534 658 fecit,
1566 612 1896 667 quaecunque

323 685 506 740 voluit.
558 685 696 739 Huic
744 685 968 748 servire,
1020 700 1246 754 regnare
1289 696 1401 754 est;
1431 688 1520 756 qui
1551 689 1772 744 servivit
1795 704 1894 759 pro

320 773 488 828 nobis"
524 775 624 828 sub
662 773 796 828 dura
847 783 902 828 et
941 775 1092 843 gravi
1145 776 1488 840 necessitate,
1517 785 1574 830 et
1602 792 1892 847 purpuram

320 879 432 918 suae
472 863 775 918 divinitatis
802 863 980 917 cilicio
1010 871 1208 918 nostrze
1232 865 1578 921 mortalitatis
1618 867 1892 935 operiens,

317 967 518 1022 pauper
585 961 641 1006 et
693 953 973 1007 mendicus
1003 953 1149 1007 venit
1196 953 1574 1022 in’regionem
1627 964 1888 1011 nostram.

318 1041 566 1111 Nunquid
611 1057 719 1095 non
769 1042 924 1097 ludus
967 1043 1120 1097 vobis
1173 1043 1404 1109 videtur,
1453 1043 1888 1114 Judaai,pagani,

316 1131 577 1195 hmretici,
600 1140 656 1185 et
677 1132 854 1186 onmis
877 1131 964 1185 illa
981 1132 1448 1197 subsannantium,
1470 1132 1579 1186 imo
1609 1134 1890 1190 insanien-

318 1223 451 1276 tium
483 1223 658 1286 turba,
692 1237 811 1276 cum
859 1222 1108 1288 dicimus,
1135 1221 1330 1276 Filium
1370 1222 1462 1276 Dei
1491 1237 1734 1286 carnem,
1763 1239 1890 1278 cru-

316 1327 454 1374 cem,
484 1322 732 1376 mortem,
778 1311 960 1367 clavos
999 1322 1054 1367 et
1097 1313 1340 1368 lanceam
1385 1313 1681 1368 tolerasse?
1706 1313 1890 1370 Ludus

315 1401 558 1470 profecto
587 1409 691 1466 est,
719 1401 861 1455 unde
894 1401 974 1456 sic
1006 1402 1164 1456 nobis
1206 1401 1423 1466 luditur,
1475 1411 1534 1458 ut
1574 1401 1726 1456 vobis
1767 1401 1890 1456 illu-

316 1491 495 1546 datur.

389 1581 588 1636 Unicus
617 1580 705 1635 ille
743 1579 970 1650 Sapiens
1017 1580 1173 1651 lmjus
1217 1583 1462 1653 mystcrii
1508 1598 1614 1639 non
1665 1583 1888 1654 ignarus

315 1669 498 1724 ludum
547 1671 706 1726 istum
753 1673 981 1742 eleganti
1026 1687 1276 1730 sermone
1311 1674 1567 1743 prtelusit.
1601 1677 1883 1731 «Delecta-

1999 515 2126 569 tatis
2154 530 2332 570 arcem
2365 528 2614 587 suscepta
2663 528 2769 584 est,
2806 536 2969 588 quam
2998 523 3090 590 qui
3143 523 3391 577 viderunt
3421 527 3562 580 scri-

1995 615 2221 674 pserunt
2266 608 2383 662 orbi
2425 618 2480 662 et
2528 610 2759 664 ministri
2819 611 2971 667 fuere
3023 616 3307 669 sermonis.
3339 617 3569 673 Vocatio

1993 695 2128 764 ejus,
2158 697 2265 751 vita
2293 708 2346 752 et
2371 701 2552 768 passio
2575 704 2788 770 cognita
2816 713 2940 758 sunt
2964 705 3136 768 vobis,
3166 715 3220 760 et
3247 722 3408 773 nunc,
3431 708 3566 776 quid

1991 795 2238 854 superest
2273 796 2386 842 uta
2430 804 2516 844 me
2537 790 2764 859 amplius
2793 794 3150 861 exspectetis?
3179 794 3560 850 Verumtamen

1991 881 2174 928 monet
2219 889 2305 928 me
2346 876 2508 932 lectio
2549 881 2861 948 apostolica,
2891 889 2949 934 ut
2973 881 3360 952 aliquantisper
3400 884 3466 938 de
3493 899 3556 939 ea

1989 974 2182 1019 vestrae
2210 969 2524 1024 reverentiae
2573 971 2960 1041 colloquamur.
3008 973 3099 1027 Ait
3137 973 3281 1028 enim
3305 991 3320 1030 :
3348 974 3558 1028 «Corde

1988 1057 2230 1110 creditur
2254 1059 2320 1113 ad
2339 1058 2627 1127 justitiam,
2655 1078 2750 1118 ore
2774 1073 2952 1118 autem
2993 1064 3262 1120 confessio
3293 1067 3353 1120 ﬁt
3377 1067 3445 1120 ad
3470 1081 3562 1120 sa-

1988 1142 2151 1198 lutem
2176 1147 2447 1218 (Rom.x).
2481 1169 2500 1201 ›
2529 1149 2667 1207 Dicit
2691 1153 2832 1207 enim
2857 1152 3135 1224 Scriptura
3163 1174 3174 1209 :
3209 1176 3226 1206 ι
3250 1156 3438 1211 Omnis
3463 1158 3556 1226 qui

1986 1235 2162 1288 credit
2202 1236 2253 1290 in
2283 1237 2461 1304 illum;
2495 1255 2600 1293 non
2629 1240 3351 1316 confundetur(lsa.xxvm).
3383 1265 3402 1297 ι
3427 1242 3566 1300 Tria

1987 1332 2260 1390 ponuntur
2289 1325 2396 1390 hic,
2424 1336 2480 1379 et
2515 1331 2675 1382 corde
2700 1331 2923 1385 credere
2965 1333 3033 1386 ad
3066 1331 3350 1400 justitiam,
3383 1343 3439 1388 et
3460 1350 3557 1390 ore

1986 1413 2229 1468 confiteri
2279 1417 2346 1469 ad
2375 1417 2624 1484 salutem,
2656 1429 2712 1474 et
2753 1420 2806 1474 in
2859 1421 3008 1475 illum
3034 1424 3278 1491 credere,
3307 1426 3361 1478 in
3393 1439 3555 1494 quem

1985 1503 2074 1570 qui
2106 1504 2398 1560 crediderit
2438 1522 2543 1560 non
2571 1507 2952 1563 confundetur.
2988 1509 3171 1564 Solum
3201 1527 3296 1566 cor
3322 1512 3558 1568 hominis

1985 1607 2154 1660 capax
2199 1601 2283 1647 est
2313 1595 2537 1650 rationis
2559 1606 2614 1650 et
2637 1598 2982 1666 susceplibile
3025 1601 3404 1669 mysteriorum
3434 1600 3552 1661 Dei.

1983 1680 2125 1747 quod
2156 1692 2439 1752 purgatum
2479 1692 2640 1754 atque
2665 1685 2890 1752 politum
2921 1687 3090 1755 ipsam
3117 1687 3412 1742 divinitatis
3432 1687 3557 1742 sub-

313 1761 432 1826 bar,
480 1763 672 1832 inquit,
715 1778 811 1832 per
839 1764 1076 1832 singulos
1102 1764 1237 1830 dies,
1283 1765 1476 1822 ludens
1517 1782 1700 1822 coram
1732 1783 1796 1823 eo
1827 1768 1882 1822 in
1913 1765 1959 1824 Β
1985 1769 2260 1834 stantiam,
2285 1772 2386 1826 etsi
2409 1788 2514 1826 non
2538 1774 3329 1843 comprehendit,apprehendit
3357 1785 3554 1831 tamen.

313 1851 794 1906 orbem‘terrarum
845 1852 1028 1924 (Prov.
1060 1852 1202 1924 vui).
1226 1874 1244 1906 ι
1281 1854 1436 1910 Lusit
1479 1858 1676 1926 quippe
1701 1873 1882 1912 coram

313 1939 446 2002 Deo,
475 1955 598 1994 cum
629 1955 844 1995 carnem
876 1957 944 1996 ex
989 1941 1106 2010 ejus
1151 1952 1423 2013 prtecepto
1463 1947 1715 2014 suscepit,
1745 1955 1801 2001 et
1830 1947 1884 2000 in

311 2029 495 2082 orbem
519 2037 802 2094 terrarum,
832 2030 958 2100 quia
987 2031 1054 2085 ad
1077 2033 1499 2103 redemptionem
1525 2035 1674 2090 orbis
1705 2045 1884 2091 terra-

310 2131 447 2181 rum,
479 2118 773 2174 delectatus
800 2134 898 2189 per
920 2121 1160 2193 singulos
1188 2124 1324 2191 dies,
1357 2126 1412 2180 in
1458 2127 1685 2198 singulis
1727 2143 1884 2199 apos-

309 2206 436 2260 tolis
460 2205 802 2275 jucundatus,
829 2211 953 2264 dum
986 2211 1076 2266 ιιιιί
1113 2214 1336 2269 tradidit
1365 2229 1590 2289 regnum
1621 2217 1880 2273 cmlorum

309 2295 524 2365 (Matth.
547 2298 680 2370 xvi),
703 2300 856 2354 alteri
878 2301 944 2356 de
963 2310 1180 2372 pectore
1198 2319 1297 2359 suo
1321 2305 1726 2363 reclinatorium
1754 2307 1884 2364 fecit

308 2382 489 2453 (Joan.
519 2386 659 2457 xm).
693 2405 711 2439 ι
733 2388 799 2441 Ει
825 2389 1029 2444 deliciae
1070 2407 1204 2446 mere
1250 2408 1371 2448 esse
1399 2409 1521 2449 cum
1548 2397 1675 2451 ﬁliis
1710 2397 1881 2451 homi-

309 2490 435 2528 num
458 2474 638 2546 (Prov.
669 2479 810 2550 vni).
831 2497 850 2531 ι
879 2479 1140 2535 Putabam
1169 2495 1288 2549 ego,
1314 2483 1541 2540 Domine
1561 2484 1711 2553 Jesu,
1737 2488 1878 2556 quod

307 2564 510 2621 deliciae
536 2574 638 2622 tuae
665 2579 846 2624 essent
871 2586 977 2626 non
997 2587 1129 2626 .cum
1153 2561 1605 2639 ﬁliis-hominum.
1631 2578 1726 2632 sed
1753 2593 1877 2632 cum

305 2656 486 2711 choris
532 2657 861 2729 angelorum,
907 2660 997 2716 ubi
1029 2662 1328 2719 divinitatis
1358 2665 1528 2736 gloria
1579 2668 1790 2723 thronis
1822 2677 1878 2722 et

309 2747 666 2814 potestatibus
702 2749 1072 2819 admirandus,
1107 2755 1444 2823 superiorum
1487 2757 1670 2813 oculos
1697 2773 1878 2814 rever-

303 2834 461 2890 beras
488 2845 822 2892 naturarum.
867 2839 942 2895 lbi
970 2841 1145 2898 lucem
1197 2844 1409 2902 habitas
1453 2848 1874 2904 inaccessibilem

303 2921 357 2990 (I
413 2923 548 2979 Tim.
585 2927 681 2997 vi),
727 2938 782 2982 et
826 2923 1287 2988 circumstantia’m
1338 2935 1758 2992 clarissimorum
1797 2939 1878 2992 lu-

304 3013 508 3069 minum
556 3017 630 3072 tui
671 3017 892 3075 luminis
919 3021 1129 3092 obtegis
1171 3024 1470 3094 majestate.
1505 3026 1612 3083 Sed
1633 3029 1730 3095 illa
1762 3031 1872 3085 cle-

303 3105 633 3161 mentissima
665 3117 752 3163 tua
785 3111 958 3178 pietas
994 3120 1050 3167 et
1076 3113 1381 3184 benignitas
1425 3119 1696 3175 adoranda
1747 3122 1878 3175 deli-
1903 3106 1948 3166 Ο

301 3194 416 3250 eias
444 3212 570 3252 suas
589 3199 714 3254 dicit
746 3215 867 3256 esse
899 3217 1020 3257 cum
1046 3204 1170 3259 ﬁliis
1199 3207 1610 3265 hominuszti
1637 3223 1762 3267 sunt
1781 3213 1874 3268 ﬁlii

301 3282 598 3352 hominum,
623 3289 713 3358 qui
736 3304 1088 3359 speraverunt
1113 3297 1212 3351 sub
1241 3299 1657 3371 tegmine,(Psal.
1683 3304 1871 3373 xxxv),

299 3387 436 3440 quos
458 3375 664 3445 elegisti
693 3379 758 3434 de
788 3379 960 3449 plebe,
988 3391 1221 3452 quorum
1247 3385 1421 3441 lavisti
1463 3391 1644 3458 pedes,
1682 3392 1875 3458 quibus

301 3471 450 3517 tuum
499 3465 763 3536 Spiritum
820 3469 1080 3540 infudisti,
1139 3474 1231 3542 qui
1285 3475 1442 3531 ﬁdem
1501 3479 1574 3530 tui
1638 3481 1874 3536 nominis

299 3552 575 3624 quadrigis
599 3557 921 3628 evangelicis
944 3575 1042 3631 per
1076 3563 1260 3619 orbem
1291 3566 1649 3633 quadriﬁdam
1685 3578 1870 3640 porta-

300 3652 514 3700 verunt.

366 3732 501 3791 Nota
531 3745 710 3794 tamen
738 3741 882 3811 quod
929 3743 1061 3799 dicit
1108 3760 1215 3800 non
1245 3761 1368 3802 cum
1409 3747 1741 3816 hominibus,
1775 3751 1870 3808 sed

297 3836 420 3877 cum
447 3824 570 3881 ﬁliis
618 3827 915 3889 hominum.
960 3832 1072 3902 Ego
1099 3843 1229 3904 puto
1265 3836 1512 3894 homines
1539 3840 1606 3894 ad
1634 3850 1867 3896 veterem

299 3912 591 3980 hominem,
613 3915 752 3974 ﬁlios
771 3934 899 3975 vero
914 3921 1192 3977 hominum
1214 3926 1282 3980 ad
1304 3925 1472 3982 filium
1495 3929 1728 3984 hominis
1748 3945 1869 3999 per-

295 3999 488 4067 tinere,
507 4001 659 4071 juxta
689 4021 852 4075 quam
880 4009 1290 4081 intelligentiam
1316 4030 1448 4084 puer
1476 4017 1758 4073 citharista
1789 4019 1868 4074 sic

294 4086 504 4144 intonat
529 4107 543 4142 :
574 4109 594 4142 ι
617 4092 748 4160 Quis
791 4105 874 4150 est
899 4099 1062 4170 homo
1089 4101 1233 4170 quod
1278 4117 1486 4158 memor
1513 4120 1572 4159 es
1599 4104 1738 4173 ejus,
1770 4116 1865 4163 aut

294 4177 435 4270 illius
463 4181 718 4249 hominis,
747 4187 998 4255 quoniam
1033 4190 1221 4248 visitas
1269 4195 1432 4249 eum?
1459 4195 1631 4266 (Psal.
1661 4202 1805 4270 vm.)
1836 4220 1856 4254 ι

291 4265 543 4338 Videsne,
574 4275 698 4342 quia
724 4274 892 4330 Deum
931 4279 1164 4336 hominis
1189 4297 1310 4338 esse
1339 4300 1656 4355 memorem,
1691 4265 1862 4346 ﬁlium

290 4371 420 4414 vero
447 4359 683 4418 heminis
709 4365 874 4436 308
910 4383 970 4423 se
993 4370 1276 4427 conﬁrmat
1299 4374 1554 4431 visitare?
1579 4377 1864 4434 Praesumi-

291 4462 410 4504 mus
433 4457 487 4504 et
513 4453 862 4522 suspiramus,
909 4459 1035 4528 quia
1063 4459 1227 4518 faciet
1252 4465 1408 4520 nobis
1438 4468 1860 4526 misericordiam
1889 4442 1940 4502 Β

290 4553 444 4595 suam
496 4537 551 4597 in
601 4556 891 4614 conspectu
937 4549 1171 4606 ﬁliorum
1217 4553 1518 4624 hominum,
1548 4559 1594 4613 si
1645 4561 1860 4616 interim

287 4639 532 4702 protegat
555 4648 654 4690 nos
673 4636 726 4691 in
749 4638 1064 4697 abscondito
1086 4657 1198 4700 suae
1217 4644 1375 4702 faciei
1399 4663 1430 4702 a
1451 4651 1863 4709 conturbatione

287 4719 563 4776 hominum
596 4723 768 4796 (Psal.
796 4730 949 4802 xxx).

357 4809 612 4882 Magister
634 4825 690 4870 et
716 4816 976 4876 Dominus
1004 4832 1226 4891 .noster,
1280 4826 1434 4898 cujus
1485 4831 1672 4887 schola
1696 4843 1778 4890 est
1804 4832 1856 4890 in

287 4903 526 4960 terriset
556 4909 809 4964 cathedra
835 4921 920 4966 est
949 4914 1002 4968 in
1024 4917 1188 4983 caelo,
1214 4933 1282 4972 ex
1319 4920 1402 4976 bis
1430 4925 1682 4980 omnibus
1723 4942 1860 4997 quos

285 4991 470 5088 elegit,
500 4995 662 5088 elegit
686 5009 740 5054 et
759 5003 1002 5074 pralegit
1038 5005 1309 5062 Andream
1357 5015 1677 5082 apostolum,
1709 4991 1861 5088 cujus

287 5082 702 5155 solemnitatem,
743 5099 801 5145 et
829 5092 1072 5161 vocibus,
1109 5104 1166 5151 et
1197 5096 1448 5155 cordibus
1475 5082 1857 5163 inelamamus:

284 5175 524 5234 Odulcis
551 5183 828 5251 apostolus
875 5193 929 5240 et
973 5187 1244 5256 primitiva
1283 5192 1495 5248 voeatio
1541 5194 1855 5265 Salvatoris,

282 5267 374 5336 qui
399 5268 452 5322 in
474 5269 654 5338 ipsum
686 5275 1042 5342 apostolicum
1082 5279 1306 5334 chorum
1333 5283 1466 5338 tanti
1491 5286 1761 5354 prioratus
1783 5291 1858 5344 in-

283 5354 514 5424 signitur
539 5357 786 5430 fastigio!
815 5362 932 5419 Non
959 5366 1282 5438 subterfugit
1309 5384 1408 5425 nos
1432 5373 1558 5441 quia
1589 5377 1855 5444 quodam-

283 5447 444 5502 modo
474 5451 798 5508 tenerrimus
817 5462 902 5509 est
924 5464 978 5510 et
1007 5457 1214 5512 dulcior
1237 5459 1289 5513 in
1316 5461 1569 5517 cordibus
1594 5463 1849 5533 ﬁdelium,

281 5535 435 5606 cujus
466 5541 648 5610 passio
701 5551 848 5599 tanta
905 5547 1126 5616 spiritus
1179 5548 1462 5608 devotione
1511 5554 1754 5622 distillat,
1793 5570 1851 5612 ut

282 5641 490 5689 mentes
522 5635 856 5693 audientium
882 5638 1042 5709 adipe
1077 5651 1134 5696 et
1168 5641 1490 5713 pinguedine
1530 5645 1740 5717 replere
1769 5648 1848 5704 vi-

1985 1855 2094 1910 Cor
2118 1859 2279 1912 estin
2309 1869 2551 1928 pectore,
2578 1862 2756 1915 anima
2791 1863 2841 1916 in
2883 1863 3065 1926 corde,
3099 1879 3252 1919 mens
3274 1865 3328 1918 in
3351 1867 3553 1930 anima,

1987 1946 2118 2001 ﬁdes
2146 1947 2198 2001 in
2230 1957 2425 2015 mente,
2473 1949 2719 2006 Christus
2775 1953 2826 2005 in
2859 1952 2983 2016 ﬁde,
3031 1963 3084 2006 et
3127 1954 3230 2007 hoc
3277 1969 3397 2009 esse
3425 1965 3554 2024 puto

1984 2036 2123 2103 quod
2147 2035 2277 2091 dicit
2299 2037 2586 2106 Apostolus
2609 2057 2621 2092 :
2647 2059 2664 2090 ι
2695 2039 2948 2095 Habitare
2976 2040 3248 2096 Christum
3272 2056 3372 2111 per
3391 2043 3552 2098 ﬁdem

1983 2123 2037 2178 in
2071 2124 2322 2182 cordibus
2345 2127 2540 2181 vestris
2569 2128 2785 2198 (Ephes.
2810 2129 2916 2196 ιιι).
2953 2149 2971 2182 ι

2051 2212 2164 2269 Hoc
2189 2215 2351 2286 igitur
2379 2217 2432 2270 in
2457 2219 2879 2273 meracissimam
2909 2220 3200 2290 eliquatum
3247 2231 3330 2276 est
3349 2223 3554 2292 purita-

1982 2311 2124 2371 tem,
2180 2321 2301 2360 cum
2353 2309 2533 2362 omnia
2585 2312 2843 2381 mysteria
2897 2292 3222 2368 Christian/te
3267 2315 3392 2370 ﬁdei
3449 2315 3554 2370 ﬁde

1981 2395 2243 2467 principis
2269 2397 2612 2465 inconcussa,
2641 2401 2813 2458 nihilo
2844 2402 2937 2457 tibi
2967 2405 3356 2460 dubitationem
3385 2407 3547 2475 parit,

1979 2484 2102 2540 licet
2141 2501 2244 2541 non
2304 2487 2489 2542 videas
2528 2490 2812 2544 rationem.
2874 2491 3001 2546 Haec
3049 2503 3134 2547 est
3181 2503 3551 2550 consummata

1931 2575 2202 2645 \justitia,
2229 2576 2466 2644 perfecta
2490 2579 2711 2644 veritas,
2742 2590 2796 2636 et
2821 2597 2946 2635 vera
2973 2582 3253 2650 perfectio,
3293 2585 3337 2638 si
3371 2593 3550 2639 tamen

1976 2665 2088 2720 oris
2111 2665 2377 2721 confessio
2401 2669 2785 2738 subsequatur.
2827 2670 2990 2726 Fides
3018 2673 3164 2726 enim
3211 2674 3393 2728 cordis
3433 2675 3550 2728 sine

1976 2753 2081 2808 ﬁde
2103 2756 2233 2822 oris,
2262 2768 2354 2810 aut
2378 2757 2524 2812 nulla
2543 2766 2645 2822 est,
2676 2769 2769 2813 aut
2795 2774 2981 2828 parva,
3002 2759 3280 2815 Salvatore
3305 2761 3545 2816 dicente:

1981 2861 2000 2894 ι
2027 2843 2126 2909 Qui
2159 2860 2242 2898 me
2288 2845 2569 2900 erubuerit
2615 2857 2670 2902 et
2706 2863 2856 2903 meos
2885 2863 3188 2913 sermones,
3216 2849 3356 2903 hunc
3378 2849 3549 2904 Filius

1974 2932 2209 2987 hominis
2259 2937 2542 2990 erubescet
2591 2950 2775 2990 coram
2825 2937 3029 3004 angelis
3076 2937 3169 2990 Dei
3218 2936 3368 3008 (Luc.
3400 2938 3543 3009 n).:

1974 3023 2042 3077 Et
2067 3027 2324 3093 propheta
2350 3039 2366 3080 :
2398 3045 2416 3077 ι
2438 3027 2606 3082 Periit
2633 3027 2788 3094 ﬁdes,
2821 3029 2998 3084 ablata
3029 3040 3112 3083 est
3141 3029 3208 3084 de
3237 3044 3331 3084 ore
3361 3045 3548 3085 eorum

1980 3113 2115 3183 (Jer.
2141 3117 2260 3183 vn).
2287 3133 2306 3166 ι
2353 3115 2469 3170 Νοιι
2501 3116 2640 3170 dixit
2685 3117 2750 3172 de
2797 3117 2984 3183 corde,
3015 3117 3109 3172 sed
3159 3118 3224 3173 de
3274 3133 3390 3183 ore,
3420 3119 3548 3187 quia

1976 3207 2110 3261 nihil
2142 3208 2283 3263 valet
2307 3207 2440 3264 ﬁdes
2469 3209 2669 3274 cordis,
2699 3209 2816 3264 sine
2840 3209 2945 3264 ﬁde
2968 3209 3103 3274 oris,
3127 3224 3228 3264 nec
3257 3209 3388 3265 ﬁdes
3413 3210 3545 3278 oris,

1975 3296 2092 3350 sine
2122 3295 2226 3350 ﬁde
2247 3297 2450 3361 cordis,
2490 3313 2613 3352 cum
2643 3298 2746 3351 ista
2768 3296 3060 3364 justitiam,
3097 3299 3187 3353 illa
3217 3300 3382 3354 donet
3405 3299 3551 3354 salu-

1977 3392 2107 3448 tem,
2134 3387 2259 3454 quia
2289 3387 2436 3442 salus
2463 3402 2494 3441 a
2517 3388 2752 3457 justitia,
2781 3387 2866 3442 vel
2893 3387 3104 3456 justitia
3129 3404 3158 3441 a
3192 3389 3364 3444 salute
3392 3404 3547 3460 sepa-

1974 3474 2083 3527 rari
2109 3489 2213 3528 non
2241 3484 2488 3544 possunt.
2512 3476 2684 3531 Crede
2710 3492 2839 3546 ergo
2875 3485 2930 3532 et
2954 3478 3235 3544 conﬁtere,
3267 3479 3545 3533 nihilomi-

1972 3577 2075 3618 nus
2089 3563 2358 3619 conﬁtere
2386 3575 2441 3620 et
2467 3568 2648 3634 crede,
2691 3567 2819 3638 quia
2846 3567 2978 3624 ﬁdes
3006 3569 3072 3623 ad
3091 3569 3379 3640 justitiam,
3407 3586 3545 3626 con-

1975 3653 2138 3710 fessio
2161 3655 2220 3710 ﬁt
2245 3656 2314 3711 ad
2337 3657 2590 3712 salutem.

2042 3745 2241 3800 Verum
2268 3748 2520 3815 quoniam
2557 3747 2608 3802 in
2635 3747 2751 3804 haec
2773 3749 3086 3806 devenimus
3105 3751 3220 3806 loca
3251 3760 3306 3806 et
3328 3755 3547 3810 occasio

1970 3835 2326 3893 confessionis
2371 3854 2431 3893 se
2458 3839 2673 3905 obtulit,
2717 3842 3049 3898 reddendum
3096 3858 3241 3898 nunc
3285 3853 3369 3898 est
3397 3846 3545 3914 quod

1969 3927 2096 3983 alibi
2127 3931 2499 3998 promisimus,
2545 3940 2823 4002 totumque
2853 3935 3234 4004 proferendum
3284 3937 3427 4006 quod
3475 3939 3543 3992 de

1969 4020 2306 4076 confessione
2347 4024 2630 4078 sentimus.
2667 4024 2939 4080 Patientes
2969 4036 3149 4082 autem
3194 4037 3386 4094 estote,
3415 4036 3468 4084 et
3495 4028 3543 4084 si

1967 4110 2107 4167 forte
2135 4114 2438 4182 protensius
2472 4131 2776 4172 sermonem
2810 4119 3124 4185 extendero,
3149 4135 3245 4174 vos
3273 4121 3542 4176 attendite

1968 4201 2036 4258 iis
2065 4218 2184 4273 qua:
2217 4204 2490 4272 dicuntur,
2518 4207 2642 4275 quia
2685 4215 2880 4262 vestrae
2909 4207 3263 4277 proferuntur
3293 4210 3540 4265 utilitati.

1967 4292 2067 4350 .Via
2094 4293 2238 4347 enim
2263 4299 2365 4359 est,
2395 4294 2510 4348 sine
2536 4309 2644 4364 qua
2674 4311 2831 4352 nemo
2851 4296 3000 4352 venit
3023 4298 3089 4352 ad
3110 4297 3351 4365 Patrem,
3381 4316 3543 4370 quam

1967 4383 2056 4453 qui
2103 4383 2359 4452 perdidit,
2395 4385 2627 4454 perdidit
2677 4385 2867 4440 Deum.
2893 4383 3028 4440 Cum
3054 4386 3222 4456 igitur
3273 4390 3341 4443 de
3389 4391 3544 4446 vitio-

1966 4486 2083 4525 rum
2115 4471 2310 4542 abysso
2355 4473 2596 4542 disponis
2643 4489 2946 4544 emergere,
2983 4475 3050 4530 ad
3081 4474 3232 4530 illum
3273 4479 3545 4547 praecipue

1961 4561 2125 4632 309
2150 4563 2223 4616 sit
2251 4562 2514 4632 refugium
2545 4572 2727 4630 tuum,
2765 4565 2854 4620 cui
2892 4566 3071 4621 anima
3108 4576 3195 4621 tua
3231 4568 3520 4623 commissa

1962 4662 2078 4720 est,
2104 4669 2266 4724 quem
2308 4655 2734 4723 imposuit'Deus
2762 4672 2927 4727 super
2950 4665 3111 4727 caput
3141 4667 3312 4712 tuum.
3345 4656 3456 4712 Nec
3487 4666 3540 4713 te

1961 4755 2178 4802 moveat
2214 4747 2259 4802 si
2295 4747 2584 4803 illiteratus
2622 4751 2727 4817 sit,
2760 4750 2848 4807 vel
2875 4751 3200 4806 indiscretus
3221 4791 3235 4815 ,
3269 4751 3396 4821 quia
3425 4751 3532 4809 hoc

1962 4838 2136 4907 ipsum
2187 4838 2399 4908 signum
2440 4839 2762 4895 humilitatis
2795 4850 2877 4895 est
2913 4855 3032 4909 qua:
3064 4849 3288 4908 generat
3324 4839 3537 4896 confes-

1961 4929 2189 4984 sionem.
2223 4929 2492 4984 Memento
2519 4932 2645 5000 quia
2674 4946 2780 4984 non
2809 4939 2894 4985 est
2924 4937 3161 4998 potestas
3182 4970 3196 4995 ,
3227 4930 3330 4986 nisi
3362 4946 3391 4986 a
3424 4932 3536 4988 Deo

1961 5018 1981 5088 (
2007 5017 2161 5072 Rom.
2191 5035 2289 5074 xm
2317 5020 2356 5090 ).
2388 5038 2406 5071 ι
2437 5019 2612 5091 Super
2635 5019 2979 5084 cathedram,
3011 5019 3215 5088 inquit,
3246 5019 3416 5092 Moysi
3443 5037 3532 5078 se-

1962 5109 2156 5166 derunt
2194 5110 2400 5168 Scriba:
2435 5122 2492 5168 et
2523 5110 2782 5166 Pharisaei
2821 5110 2842 5180 (
2867 5109 3060 5164 Matth.
3085 5125 3221 5166 mu
3245 5110 3286 5184 ).
3318 5131 3337 5164 ι
3371 5111 3439 5166 Et
3475 5121 3532 5167 ιιι

1960 5203 2180 5257 attende
2211 5219 2317 5258 non
2351 5202 2418 5258 ad
2447 5203 2724 5258 sedentem
2749 5239 2768 5265 ,
2797 5201 2892 5276 sed
2923 5201 3102 5257 sedem
3129 5218 3144 5268 ;
3176 5201 3491 5257 cathedram
3511 5241 3530 5268 ,

1958 5306 2064 5346 non
2104 5307 2410 5361 personam.
2449 5291 2601 5359 Quod
2639 5291 2684 5346 si
2723 5291 2895 5358 forte,
2933 5291 3016 5347 vel
3055 5291 3272 5347 licentia
3310 5292 3428 5362 ejus
3459 5291 3530 5346 ad

1957 5381 2123 5435 alium
2173 5382 2268 5437 tibi
2319 5380 2505 5448 fugere
2557 5381 2928 5451 permittatur,
2966 5389 3019 5435 tu
3057 5391 3234 5436 tamen
3279 5381 3428 5450 prius
3474 5380 3528 5435 ei

1956 5471 2163 5526 reveles
2197 5472 2271 5526 tui
2301 5471 2484 5527 cordis
2512 5487 2802 5540 arcanum,
2827 5473 2952 5542 quia
2990 5488 3096 5527 non
3134 5482 3219 5527 est
3243 5472 3401 5542 plena
3431 5485 3524 5526 sa-

1953 5561 2076 5627 lus,
2107 5562 2151 5616 si
2183 5561 2274 5616 ille
2310 5561 2544 5642 fugitur,
2579 5573 2674 5618 aut
2708 5563 3090 5628 contemnitur,
3127 5562 3213 5617 cui
3249 5562 3529 5618 adhzerere

1951 5661 2008 5707 et
2033 5667 2192 5743 quem
2223 5654 2496 5710 honorare
2525 5653 2811 5712 debueras.
2841 5653 2996 5724 Quod
3021 5655 3066 5713 si
3097 5655 3274 5712 minus
3303 5654 3527 5730 tlbi_sul~
