4178 6466
592 305 686 361 831

1191 301 1249 355 S.
1288 297 1492 355 PETRI
1529 300 1814 355 DAMIANI
1852 300 2001 357 OPP.
2040 302 2219 358 PARS
2268 301 2670 361 SEU‘TOMUS
2705 303 2768 358 ῐῐ.
2800 334 2869 345 —-
2899 300 3283 359 SERMONES.
3368 295 3378 301 ’

3718 300 3835 355 εὸῗ.

592 414 782 467 ﬁciens
811 413 1019 466 videtur
1054 407 1170 477 eius
1204 408 1524 473 instructio;
1563 417 1711 477 patet
1747 408 1816 462 ad
1851 396 2155 462 libertatem
2184 419 2230 473 Α
2260 412 2453 467 anima:
2480 422 2603 476 tute,
2625 427 2744 480 quae
2762 412 2996 466 custodit
3021 410 3274 464 Dominus
3300 409 3353 462 in
3370 386 3544 479 justis.
3574 427 3592 457 ι
3626 406 3831 472 Unum,
3858 402 3864 407 ’

590 520 677 558 via
701 545 715 568 ,
747 515 806 558 nt
835 518 1018 558 coram
1058 501 1164 555 alio
1201 500 1438 556 litterato
1465 510 1629 569 atque
1656 500 1893 555 discreto
1919 498 2161 555 eil'undas

592 609 687 648 eor
719 604 867 647 tuum
885 630 900 655 ,
936 599 1212 647 reservato
1240 589 1315 645 illi
1343 589 1627 660 privilegio
1654 604 1782 655 suo,
1810 588 1898 643 cui
1928 597 1983 643 tu
2016 596 2161 643 tuam

595 686 833 737 animum
864 679 1279 736 commendasti.

663 771 775 826 Nec
824 771 923 827 tibi
967 770 1297 835 blandiaris,
1342 768 1388 824 si
1438 768 1676 838 graviter
1709 767 1957 838 peccanti
1994 766 2164 820 levior

592 864 909 932 pmniteutia
930 903 945 927 ,
973 862 1060 917 vel
1088 877 1118 914 a
1148 861 1423 916 nesciente
1442 899 1458 924 ,
1486 859 1571 912 vel
1608 875 1638 912 a
1672 855 2050 914 dissimulante
2079 856 2165 911 di-

597 963 778 1017 catur,
827 967 951 1007 cum
996 952 1050 1005 in
1081 950 1407 1021 purgatoriis
1436 948 1648 1020 ignibus
1677 947 2064 1018 perliciendum
2091 945 2164 1000 sit

591 1043 852 1115 quidquid
883 1042 971 1097 hic
998 1042 1177 1096 minus
1208 1039 1434 1103 feceris,
1464 1039 1591 1108 quia
1623 1037 1813 1108 dignos
1835 1036 2165 1107 paenitentiae

591 1132 801 1187 fructus
827 1132 1021 1201 quierit
1042 1130 1375 1186 Altissimus.
1406 1130 1559 1184 Licet
1586 1137 1768 1184 autem
1794 1142 1905 1183 non
1925 1128 2164 1182 evaseris

590 1240 786 1279 manus
824 1223 918 1277 Dei
950 1221 1218 1282 viventis,
1257 1220 1350 1290 qui
1389 1220 1483 1275 tibi
1523 1219 1679 1288 plene
1716 1232 1824 1272 non
1859 1216 2162 1280 consuluit,

594 1315 686 1368 tibi
721 1324 901 1368 tamen
932 1313 1070 1366 ratio
1108 1312 1366 1381 magistra
1405 1309 1688 1379 pru‘sidet,
1729 1322 1849 1376 quas
1889 1316 1939 1361 te
1976 1307 2165 1361 doceat

593 1414 800 1458 tantum
848 1419 879 1457 a
928 1402 1092 1457 licitis
1138 1401 1413 1455 abstinere
1462 1409 1724 1468 quantum
1767 1408 1817 1451 te
1856 1395 2166 1451 memineris

594 1494 783 1548 illicita
812 1502 1173 1562 perpetrasse.

668 1585 714 1637 Α
766 1581 1032 1637 vestibulo
1084 1580 1250 1650 igitur
1301 1577 1460 1646 hujus
1515 1576 1901 1632 sacratissima:
1948 1573 2165 1628 virtutis

590 1686 781 1726 omnes
816 1671 938 1725 illos
971 1669 1309 1724 excludimus
1345 1684 1482 1738 quos
1519 1669 1587 1722 ad
1637 1664 2030 1721 confessionem
2081 1662 2164 1717 vel

2263 502 2459 571 inquit,
2502 517 2571 557 ex
2621 501 2708 557 his
2758 517 2864 558 non
2895 499 3403 570 eonterctur(Paal.
3434 503 3650 568 sumi).
3681 516 3700 550 ι
3727 498 3833 553 Est

2260 606 2441 648 autem
2469 594 2766 649 notandum
2805 593 2948 662 quod
2975 594 3088 647 haec
3125 592 3232 646 duo
3272 591 3347 646 ita
3377 590 3475 646 sibi
3499 589 3568 645 ad
3594 589 3837 644 invicem

2254 684 2549 751 cotijuncta
2598 693 2728 739 sunt
2768 694 2825 739 ut
2871 697 3199 754 cognoscere
3223 682 3345 752 quis
3372 696 3475 736 non
3500 680 3691 751 possit,
3719 679 3837 735 nisi:

2260 775 2559 846 pteniteat,
2584 784 2642 831 et
2685 775 2947 847 prenitere
2984 790 3095 830 non
3133 775 3335 844 possit,
3368 774 3471 829 nisi
3523 788 3583 830 se
3630 788 3829 846 cogno-

2262 875 2399 922 seat.
3291 912 3297 917 .

2332 958 2427 1014 Sic
2452 970 2582 1030 ergo
2621 959 2717 1014 tibi
2745 957 3014 1029 cognitus,
3040 967 3099 1012 et
3144 958 3194 1010 in
3245 965 3299 1011 te
3326 957 3622 1026 pmnitens,
3641 963 3823 1011 mus.

2260 1049 2379 1105 vola
2416 1050 2484 1105 ad
2517 1050 2738 1106 tertium
2768 1051 3026 1121 gradum,
3065 1048 3306 1103 dolorem
3340 1047 3588 1102 videlicet
3614 1044 3839 1109 cordis,

2263 1147 2319 1194 et
2356 1138 2468 1208 jam
2506 1140 2744 1209 plantata
2788 1141 2892 1196 erit
2921 1140 3130 1211 justitia
3173 1138 3502 1208 plantatione
3542 1136 3627 1192 illa
3667 1142 3851 1204 quam

2262 1229 2527 1299 plantavit
2551 1229 2714 1283 Pater
2744 1240 2866 1284 tuus
2891 1227 3149 1284 aclestis.
3177 1228 3307 1282 Doie
3337 1227 3496 1296 igitur
3523 1226 3645 1294 quia
3667 1224 3845 1279 Crea-

2266 1325 2437 1373 torem
2462 1316 2764 1384 oil‘endisti,
2798 1318 2953 1388 cujus
2978 1319 3148 1389 legem
3176 1317 3416 1373 coelestia
3445 1327 3500 1370 ct
3522 1314 3831 1377 terrestria,

2263 1416 2460 1478 praeter
2488 1416 2559 1472 te,
2596 1407 2862 1464 indefessa
2883 1408 3117 1465 statione
3143 1414 3488 1469 conservant,
3515 1413 3573 1460 et
3600 1405 3655 1457 in
3683 1413 3832 1457 tanta

2265 1494 2538 1565 republica
2564 1497 2657 1552 Dei
2685 1507 2739 1551 tu
2769 1497 2916 1553 solus
2944 1498 3260 1568 peregrinus
3280 1511 3369 1563 es,
3400 1504 3455 1549 et
3475 1493 3836 1563 imperatorim

2265 1584 2565 1655 majestatis
2589 1587 2808 1642 decreta
2838 1602 2945 1643 non
2986 1602 3166 1644 curas.
3203 1585 3405 1657 Surgat
3445 1595 3502 1640 et
3526 1585 3705 1639 acrior
3741 1584 3839 1638 do-

2264 1673 2365 1740 lor,
2391 1676 2536 1744 quod
2577 1685 2726 1731 tuum
2751 1676 3063 1731 Creatorem
3091 1687 3146 1730 et
3171 1676 3387 1730 Patrem
3428 1673 3716 1729 ollianderis
3739 1712 3753 1735 ,
3782 1680 3842 1727 et

592 1764 754 1817 timor
789 1762 961 1831 cogit.
1000 1761 1126 1829 (lilia
1154 1766 1364 1814 extorta
1395 1756 1660 1813 confessio
1689 1772 1792 1810 υοη
1828 1763 1913 1810 est
1946 1754 2163 1809 εοηΐθε-
2196 1735 2243 1795 θ
2266 1735 2682 1830 illum-Patrem,
2730 1764 2824 1835 qui
2875 1764 2971 1819 tibi
3015 1764 3290 1819 ministrat
3331 1763 3567 1817 siderum
3612 1775 3837 1825 cursus,

590 1856 672 1911 sio
690 1897 705 1921 ,
729 1852 1096 1910 sed'confusio
1115 1892 1129 1918 ,
1155 1853 1242 1906 vel
1268 1851 1496 1907 aliorum
1522 1849 1797 1905 accusatio
1823 1849 1986 1904 trahit
2003 1888 2018 1914 ,
2045 1863 2167 1919 quae

482 1984 495 1995 κ
597 1961 706 2001 non
746 1954 831 2000 est
866 1942 1164 2009 confessio,
1206 1942 1300 1999 sed
1338 1943 1602 2009 offensio;
1643 1942 1729 1997 vel
1766 1941 1853 1996 sui
1889 1939 2169 1996 excusatio

589 2037 763 2102 ducit,
812 2050 932 2107 quae
977 2050 1083 2091 non
1131 2044 1217 2090 est
1260 2033 1532 2090 confessio
1557 2075 1573 2100 ,
1625 2034 1721 2089 sed
1760 2031 2042 2098 defensio;
2081 2031 2168 2086 vel

591 2128 772 2182 inanis
801 2124 1066 2194 iactantia
1106 2125 1279 2192 rapit,
1319 2138 1441 2193 qtae
1475 2138 1583 2177 non
1619 2131 1702 2178 est
1736 2122 2037 2187 confessio,
2073 2119 2170 2175 sed

591 2216 804 2282 illusio,
836 2225 892 2271 et
917 2216 963 2271 si
993 2229 1113 2286 qua:
1149 2215 1268 2269 alia:
1303 2222 1487 2283 pestes
1524 2222 1683 2280 sunt,
1722 2224 1843 2280 qua:
1880 2211 2168 2265 obumbra-

492 2294 498 2300 ’
596 2306 735 2362 torio
773 2306 1039 2359 velamine
1080 2302 1214 2359 tanti
1252 2303 1583 2359 sacramenti
1621 2301 1878 2357 simulant
1912 2301 2171 2356 sanctita-

595 2404 723 2451 tem.
756 2394 863 2449 Cor
890 2395 945 2449 in
977 2394 1268 2464 semetipso
1284 2384 1350 2448 'et
1378 2408 1442 2449 ex
1474 2391 1765 2462 semetipso
1792 2389 2084 2446 contritum
2115 2399 2172 2445 et

594 2486 938 2543 humiliatum
969 2487 1036 2541 ad
1062 2487 1224 2557 hujus
1251 2483 1642 2557 purificationis
1670 2492 1851 2554 potest
1877 2481 2171 2538 ascendere

594 2577 909 2648 puritatem.
939 2576 1234 2633 Ostendam
1269 2576 1363 2631 tibi
1390 2591 1556 2631 unum
1578 2575 1850 2645 justorum
1871 2572 2203 2645 justissime‘

595 2664 964 2720 conﬁtentem.
1011 2663 1220 2732 Quieris
1258 2665 1508 2734 quisnam
1543 2664 1661 2718 sit?
1707 2659 1916 2717 Psaltes
1952 2660 2168 2717 Domini

595 2763 715 2810 est:
747 2773 767 2807 ι
796 2753 952 2820 Dixi,
986 2755 1199 2823 inquit:
1238 2753 1551 2809 Conﬁtebor
1589 2755 1873 2809 adversum
1909 2768 1996 2809 nze
2029 2750 2172 2823 inju-

599 2844 800 2900 stitiam
832 2860 1005 2907 meam
1039 2844 1265 2900 Domino
1294 2844 1483 2915 (Paul.
1517 2860 1647 2900 xxxi
1690 2845 1728 2918 ).
1761 2863 1781 2898 ι

676 2950 696 2984 ι
733 2930 886 2999 Dixi,
920 2953 938 2986 ι
976 2933 1080 2988 hoc
1115 2943 1228 3000 est,
1268 2934 1320 2989 in
1360 2936 1522 2989 corde
1560 2950 1681 2990 meo
1717 2934 2009 3006 proposui,
2061 2949 2171 2989 non

600 3036 854 3091 coactus,
897 3041 1069 3096 neque
1094 3027 1402 3100 compulsus
1422 3069 1436 3095 ,
1469 3029 1562 3084 sed
1594 3037 1943 3099 spontaneus.
1976 3048 1996 3081 ‹
2028 3027 2172 3097 inju-

596 3115 802 3171 stitiam
830 3131 1004 3171 meam
1025 3159 1039 3182 ,
1063 3137 1082 3170 ι
1107 3120 1212 3185 ait,
1242 3134 1346 3174 non
1373 3120 1603 3175 alienam
1620 3160 1633 3185 ,
1659 3137 1677 3171 ι
1700 3119 1983 3175 adversum
2012 3133 2121 3185 me,
2146 3138 2166 3172 ι

601 3221 692 3262 me
728 3222 961 3280 arguens
989 3218 1044 3263 et
1071 3224 1353 3266 accusans.
1388 3209 1549 3266 Vides
1579 3213 1703 3282 quia
1744 3227 1848 3266 non
1877 3212 2069 3269 timore
2097 3212 2174 3266 al-

608 3301 807 3366 terius,
837 3299 919 3355 vel
949 3300 1014 3355 ad
1045 3302 1206 3356 alium
1235 3302 1593 3357 accusandum
1617 3291 1640 3369 ,i
1665 3302 1748 3357 vel
1777 3304 2172 3359 exsensandum

606 3395 841 3464 seipsum
862 3435 877 3459 ,
904 3402 1125 3449 sanctus
1150 3394 1360 3461 Domini
1388 3396 1677 3449 confitetur
1692 3396 1718 3449 ?
1739 3392 1844 3451 Pro
1870 3393 2173 3464 hujusmodl

597 3484 945 3542 confessione
970 3485 1214 3540 remittes
1243 3496 1295 3541 tu
1313 3529 1328 3552 ,
1359 3485 1612 3551 Domine,
1643 3487 1969 3557 impietatem
1993 3487 2175 3545 cordis

597 3573 744 3638 mei,
794 3574 1005 3644 peccati
1060 3574 1286 3631 scilicet.
1337 3574 1437 3641 Et,
1468 3595 1486 3626 ι
1517 3591 1614 3646 pro
1666 3578 1767 3632 hac
1804 3575 1980 3633 ambit
2017 3579 2085 3633 ad
2120 3588 2174 3635 te

594 3663 774 3717 omnis
803 3673 1023 3718 sanctus
1056 3664 1109 3719 in
1152 3673 1391 3735 tempore
1416 3674 1734 3736 opportuno.
1766 3666 1975 3738 (lbid.).
2012 3684 2030 3718 ι
2059 3664 2175 3723 Hoc

597 3752 836 3822 primum
877 3754 931 3807 in
969 3754 1132 3809 corde
1171 3755 1441 3826 germinat
1471 3757 1539 3810 ad
1563 3753 1861 3826 justitiam,
1895 3766 2080 3828 postea
2118 3758 2171 3814 in

595 3857 699 3896 ore
731 3845 970 3899 nascitur
992 3846 1058 3899 ad
1083 3842 1332 3901 salutem.

672 3932 887 3989 Primus
925 3932 1040 4002 ejus
1076 3936 1278 4007 gradus
1311 3945 1395 3992 est
1431 3936 1667 4009 cognitio
1698 3939 1924 4009 peccati.
1955 3938 2175 3996 initium

594 4019 823 4085 salutis,
857 4020 934 4075 ait
969 4022 1221 4092 quidam,
1260 4025 1450 4080 notitia
1484 4026 1709 4097 peccati.
1749 4027 1805 4082 in
1847 4026 1949 4084 hae
1986 4028 2173 4100 cogni-

597 4109 751 4164 tione
778 4109 1067 4167 videndum
1093 4123 1175 4169 est
1204 4114 1333 4184 quid
1359 4116 1535 4187 egeris
1552 4160 1566 4182 ,
1597 4119 2175 4187 quantis-contumeliis

598 4196 852 4254 olfeceris
884 4215 1079 4272 corpus
1119 4213 1301 4273 tuum,
1342 4207 1624 4263 ambulans
1664 4207 1716 4262 in
1753 4208 2005 4278 passione
2033 4207 2175 4266 desi~

599 4287 744 4339 derii
784 4289 924 4342 sicut
960 4300 1012 4344 et
1052 4300 1273 4360 gentes,
1312 4306 1432 4364 quae
1471 4297 1722 4366 ignorant
1757 4301 1960 4365 Deum,
1997 4302 2174 4370 possi-

2199 3078 2247 3141 C

2265 1850 2649 1910 fecunditatem
2687 1863 2872 1929 terra},
2897 1853 3169 1909 fructuum
3224 1852 3546 1907 ubertatem.
3601 1851 3847 1906 Accedat

2266 1949 2323 1996 et
2346 1943 2680 1998 aecerrimus
2710 1942 2885 2009 dolor,
2914 1943 3005 2012 qui
3034 1951 3374 2012 pertranseat
3403 1942 3638 1995 animam
3666 1950 3842 2003 tuam,

2266 2032 2411 2103 quod
2450 2040 2658 2087 tantum
2690 2032 3094 2086 benefactorcm
3123 2031 3546 2099 contempseris,
3569 2030 3659 2099 qui
3689 2027 3847 2084 dolo-

2267 2138 2383 2179 rem
2431 2123 2610 2178 crucis
2658 2122 2947 2186 sustinuit,
2995 2136 3063 2175 ne
3109 2121 3324 2176 dolores
3366 2121 3558 2174 inferni
3612 2118 3852 2188 amplius

2267 2214 2584 2269 sustineres.
2638 2211 2731 2268 Sic
2781 2212 2947 2282 igitur
2991 2211 3044 2264 in
3099 2211 3340 2264 interiori
3376 2210 3593 2265 homine
3627 2209 3844 2279 justitia

2268 2304 2634 2377 germinante,
2658 2302 2908 2357 surculus
2932 2310 3181 2372 erumpat
3200 2301 3254 2355 in
3277 2301 3545 2366 arborem,
3574 2309 3629 2356 et
3657 2299 3843 2369 loqua-

2226 2405 2358 2471 __tur
2378 2395 2560 2465 lingua
2590 2394 2735 2463 quod
2754 2393 2980 2449 scientia
3005 2392 3345 2463 loquebatur.

2339 2484 2579 2551 Quartus
2622 2485 2803 2553 itaque
2846 2484 3047 2554 gradus
3081 2492 3166 2537 est
3216 2480 3483 2537 confessio
3526 2481 3661 2536 oris.
3715 2477 3845 2537 llaec

2266 2592 2402 2649 pure
2454 2577 2700 2633 facienda
2730 2584 2836 2642 est,
2880 2575 3009 2646 quia
3050 2588 3158 2629 non
3205 2583 3290 2631 est
3332 2588 3460 2643 pars
3497 2581 3843 2643 peccatorum

2269 2666 2495 2723 dicenda
2529 2675 2584 2721 et
2614 2666 2783 2720 altera
2815 2665 3097 2721 retinenda
3118 2704 3135 2730 ,
3160 2679 3334 2734 neque
3361 2663 3496 2718 levia
3536 2662 3845 2719 confitenda

2268 2767 2324 2812 et
2353 2757 2539 2827 gravia
2584 2755 2858 2812 diﬁitenda
2882 2796 2898 2821 ,
2924 2770 3027 2812 nec
3075 2754 3214 2810 alter
3243 2754 3582 2809 accusandus
3628 2762 3683 2808 et
3727 2752 3844 2823 ipse

2269 2847 2632 2913 excusandus,
2656 2845 2751 2900 sed
2783 2859 2912 2910 cum
2936 2843 3089 2916 justo
3111 2843 3398 2898 dicendum
3427 2860 3440 2897 :
3478 2860 3497 2894 ι
3531 2841 3645 2898 Non
3675 2842 3846 2897 decli-

2271 2953 2368 2994 nes
2393 2949 2489 2993 cor
2511 2950 2694 2992 meum
2725 2936 2778 2990 in
2824 2934 2988 2990 verba
3036 2933 3255 2989 malitias
3299 2934 3365 2988 ad
3394 2933 3730 3001 excusandas
3756 2946 3850 2987 exc

2275 3027 2585 3082 cusationes
2613 3024 2666 3079 in
2701 3024 2940 3095 peccatis
2968 3021 3149 3097 (Ptol.
3172 3021 3318 3093 CXL).
3347 3039 3366 3073 ι
3402 3020 3529 3077 limo
3544 3022 3690 3077 enim
3718 3031 3847 3075 sunt

2274 3117 2441 3174 verba
2481 3118 2703 3173 malitiae
2740 3126 2798 3172 et
2840 3115 3023 3186 gravis
3074 3114 3456 3183 malitiae,qua
3504 3113 3718 3184 gravior
3761 3113 3847 3168 vel

2275 3211 2426 3283 pejor
2454 3225 2572 3267 esse
2596 3211 2687 3264 vis
2714 3209 2905 3280 possit.
2933 3206 3311 3263 Confitendum
3335 3216 3439 3270 est,
3465 3215 3521 3261 et
3548 3206 3843 3270 humiliter,

2277 3314 2336 3361 ut
2358 3304 2499 3360 idem
2526 3302 2596 3360 sit
2628 3304 2684 3358 in
2712 3303 2874 3358 corde
2893 3302 3039 3372 quod
3065 3301 3281 3357 sonabit
3306 3300 3360 3354 in
3384 3311 3496 3354 ore.
3529 3299 3667 3354 Sunt
3700 3298 3844 3353 enim

2273 3398 2540 3464 nonnulli,
2571 3397 2663 3468 qui
2688 3409 2913 3450 narrare
2940 3394 2996 3449 in
3025 3391 3454 3448 confessionibus
3487 3386 3658 3444 solent
3679 3387 3846 3458 ,‘qua:

2272 3489 2360 3544 vel
2384 3501 2613 3558 arguere
2636 3485 2983 3551 litteratoria,
3013 3483 3099 3539 vel
3124 3484 3343 3539 sortitor
3374 3480 3691 3553 gladiatorio
3720 3493 3844 3549 ges-

2276 3596 2395 3639 sere
2424 3578 2708 3646 eonilictu,
2759 3580 2897 3650 proh
2943 3577 3128 3633 dolor!
3178 3576 3281 3633 sub
3329 3575 3647 3631 humilitatis
3685 3572 3848 3643 pallio

2276 3675 2585 3745 superbiam
2656 3673 2971 3727 inducentes
2998 3680 3052 3727 et
3095 3679 3347 3741 putantes
3374 3684 3435 3724 se
3476 3683 3637 3738 posse
3676 3668 3847 3721 vitare

2275 3766 2460 3820 oculos
2486 3762 2684 3834 iudicis
2711 3772 2907 3819 cuncta
2930 3762 3222 3817 cernentis.
3244 3758 3431 3814 Nonne
3455 3759 3669 3827 utrique
3693 3770 3846 3828 reges

2275 3852 2437 3921 Saul,
2470 3866 2525 3909 et
2571 3851 2741 3907 David
2789 3851 3061 3921 redarguti
3092 3864 3124 3903 a
3164 3848 3443 3920 prophetis
3487 3844 3741 3901 Samuele
3792 3851 3849 3898 et

2275 3943 2483 4002 Nathan
2513 3944 2764 3999 dixerunt
2792 3961 2808 3996 :
2843 3960 2863 3993 ‹
2899 3938 3145 3997 Peccavi.
3180 3957 3203 3992 ι
3236 3940 3304 3994 Et
3327 3947 3504 3994 tamen
3535 3937 3661 3992 Sani
3697 3936 3850 3991 audio

2251 4035 2391 4089 xvit:
2423 4048 2445 4085 ‹
2479 4028 2779 4087 Transtulit
2823 4044 3050 4101 regnum
3094 4028 3354 4084 Dominus
3401 4042 3432 4081 a
3479 4035 3558 4092 te,
3597 4035 3655 4080 et
3697 4025 3851 4079 dabit

2275 4123 2407 4182 illud
2432 4125 2624 4180 aemulo
2648 4133 2736 4178 tuo
2766 4120 2815 4195 (1
2842 4123 2969 4191 Reg.
2998 4122 3122 4190 xv);
3155 4138 3175 4174 ι
3211 4132 3267 4175 et
3292 4118 3458 4174 David
3487 4136 3501 4172 ι
3535 4135 3555 4168 ‹
3589 4115 3851 4171 Τι’τιηεωο

2277 4211 2645 4271 iit’Dominus
2674 4221 2954 4283 peccatum
2982 4219 3133 4266 tuum
3169 4222 3198 4264 a
3233 4221 3313 4275 te,
3339 4214 3394 4263 et
3422 4222 3527 4262 non
3560 4203 3850 4262 morieris?

2278 4302 2363 4377 (1!
2396 4302 2527 4376 Reg.
2560 4305 2681 4375 χιι).
2714 4322 2734 4357 ι
2761 4302 2899 4370 Quid
2926 4309 3028 4368 est,
3060 4299 3165 4357 nisi
3186 4299 3311 4371 quia
3333 4299 3474 4370 quod
3507 4296 3638 4354 Sani
3661 4296 3850 4353 habuit

596 4377 1057 4481 duasduas-tuum
1192 4383 1622 4481 immunditiam
1659 4385 1866 4481 vilitate
1889 4429 1904 4453 ,
1954 4403 2062 4443 non
2115 4389 2169 4444 in
2203 4422 2251 4481 ο
2276 4399 2332 4453 in
2356 4412 2469 4461 ore,
2514 4412 2621 4453 non
2663 4396 2766 4451 ﬁnit
2806 4397 2860 4450 in
2889 4393 3078 4460 corde;
3112 4402 3167 4447 et
3191 4390 3501 4454 humilitas,
3526 4402 3644 4460 qua:
3669 4387 3723 4444 in
3750 4398 3848 4443 ore

598 4465 1033 4523 sanctificatione
1061 4477 1117 4524 et
1148 4471 1353 4527 honore
1381 4472 1401 4544 (
1426 4471 1457 4526 Ι
1488 4473 1640 4528 Thes.
1671 4490 1723 4529 tv
1744 4476 1785 4547 ).
1816 4474 2175 4534 Consideran-

593 4558 731 4609 dum
769 4559 931 4612 etiam
973 4561 1100 4628 quid
1140 4564 1433 4631 merueris,
1477 4564 1653 4635 ignem
1690 4550 1942 4623 videlicet
1980 4569 2170 4636 illum,

596 4649 697 4719 qui
724 4660 946 4721 paratus
974 4661 1058 4708 est
1083 4652 1298 4710 diabolo
1324 4663 1377 4710 et
1400 4658 1607 4728 angelis
1632 4657 1745 4728 ejus
1772 4659 1988 4733 (Matth.
2013 4660 2172 4734 'xxv),

598 4749 662 4794 et
696 4741 882 4796 omnia
920 4756 1201 4811 prunarum
1241 4758 1470 4815 genera,
1504 4763 1625 4818 quae
1655 4749 1707 4803 in
1739 4748 1845 4806 illis
1873 4748 2176 4820 poenalibus

597 4832 735 4887 locis
779 4835 1125 4892 cumulantur
1166 4845 1222 4892 et
1265 4848 1536 4895 crescunt.
1590 4838 1987 4912 inspiciendum
2038 4858 2170 4899 vero

596 4920 728 4990 quid
756 4924 918 4996 310
946 4927 1226 4997 amiseris,
1268 4929 1405 4986 bona
1442 4931 1691 4987 videlicet
1726 4932 1812 4988 illa
1838 4949 1957 5004 quae
1982 4934 2170 4991 oculus

597 5028 708 5071 no'n
748 5017 901 5072 vidit.

672 5104 877 5160 Horum
904 5106 1063 5178 igitur
1084 5111 1322 5166 omnium
1357 5110 1789 5168 consideratione
1827 5113 2170 5183 perterritus,

600 5199 778 5253 transi
805 5199 870 5254 ad
900 5202 1291 5271 paenitentiam.
1333 5203 1602 5259 Ptnniteat
1635 5212 1709 5269 te,
1736 5204 1828 5273 qui
1862 5210 1941 5258 tot
1966 5212 2020 5259 et
2048 5212 2171 5259 tan.

597 5289 671 5343 tis
692 5284 908 5358 flagitiis
934 5289 1206 5346 involutus
1232 5291 1287 5345 in
1320 5290 1434 5348 luto
1462 5291 1611 5348 faecis
1632 5302 1687 5348 et
1712 5294 1944 5349 miseria:
1968 5293 2172 5349 diutius

595 5378 836 5447 jacuisti.
862 5380 1239 5437 Paenitentiam
1267 5395 1394 5453 age,
1419 5398 1615 5453 corpus
1636 5392 1923 5440 conterens
1950 5392 2006 5439 et
2038 5384 2174 5438 furi-

599 5473 783 5529 bundo
809 5474 988 5529 carnis
1013 5471 1180 5528 asello
1205 5472 1259 5527 in
1282 5471 1675 5531 incentivorum
1715 5478 1921 5530 semina
1968 5486 2171 5545 praesa.

601 5563 767 5616 menti
804 5562 1112 5633 pmnitcnda
1159 5563 1391 5635 amplius
1417 5578 1521 5618 non
1561 5564 1835 5628 admittas,
1867 5578 1936 5620 ne
1973 5564 2168 5618 vulnus

596 5651 807 5707 vulneri
891 5652 1205 5725 frequenter
1278 5653 1619 5726 ingeminans
1680 5655 1989 5725 Confringas
2045 5667 2166 5710 ossa

2276 4486 2446 4544 David
2487 4486 2729 4552 exstitit,
2762 4487 2814 4541 in
2845 4487 3007 4541 corde
3042 4480 3205 4537 etiam
3245 4478 3505 4536 radiavit?

2345 4578 2640 4633 Dicendum
2684 4582 2768 4630 est
2811 4581 2865 4629 et
2903 4573 3134 4627 fideliter
3180 4578 3242 4625 ut
3310 4568 3364 4624 in
3426 4566 3530 4623 ﬂde
3592 4564 3850 4622 Ecclesia

2276 4669 2462 4724 credat
2487 4664 2588 4721 sibi
2613 4673 2834 4735 peccata
2862 4662 3089 4727 dimitti,
3116 4661 3241 4731 quia
3267 4661 3402 4716 Cain
3449 4669 3501 4714 et
3528 4656 3693 4712 ludas
3712 4666 3848 4726 puro

2275 4770 2331 4816 et
2375 4758 2648 4814 humiliter
2683 4756 2912 4811 confessi
2938 4764 3082 4819 sunt,
3107 4754 3201 4809 sed
3225 4766 3562 4824 nequaquam
3594 4748 3847 4813 ﬁdeliter,

2276 4864 2400 4905 nam
2448 4848 2586 4903 alter
2618 4860 2803 4903 eorum
2859 4847 3152 4915 desperans
3199 4845 3266 4900 ad
3313 4843 3562 4913 laqueum
3606 4841 3850 4896 cucurrit

2276 4935 2491 5012 (Matth.
2521 4935 2707 5007 xxvii),
2738 4935 2875 4989 alter
2917 4933 3047 4988 illud
3095 4933 3300 5003 grande
3348 4930 3522 4987 scelus
3561 4928 3844 4984 evomuit:

2279 5045 2301 5078 ι
2339 5025 2506 5094 Major
2548 5033 2633 5079 est
2659 5024 2915 5093 iniquitas
2945 5035 3093 5087 mea,
3121 5034 3282 5090 quam
3310 5025 3368 5073 ut
3391 5020 3603 5074 veniam
3635 5027 3850 5071 merear

2274 5113 2431 5184 (Gen.
2457 5116 2552 5182 tv).
2586 5131 2606 5166 ι
2629 5112 2892 5176 Mentiris,
2913 5112 3071 5174 latro,
3095 5112 3219 5180 quia
3244 5108 3416 5180 major
3441 5117 3526 5164 est
3544 5108 3725 5178 pietas
3747 5104 3845 5161 Dei

2275 5220 2440 5275 quam
2472 5204 2677 5274 quaevis
2716 5203 3005 5272 iniquitas,
3044 5202 3202 5273 311
3246 5202 3374 5271 quia
3401 5214 3419 5251 t
3471 5199 3848 5253 miserationes

2275 5293 2394 5363 ejus
2421 5306 2584 5362 super
2608 5293 2791 5347 omnia
2814 5304 2978 5362 Opera
3009 5290 3125 5359 ejus
3147 5288 3320 5359 (Paul.
3344 5287 3547 5358 exuv).
3582 5305 3602 5339 l

2344 5383 2602 5452 Sequimr
2627 5383 2851 5452 quintus
2877 5382 3074 5452 gradus
3091 5423 3107 5447 ,
3153 5381 3447 5435 maceratio
3475 5377 3682 5442 carnis,
3723 5388 3846 5446 qua:

2266 5472 2487 5544 jejuniis
2511 5481 2567 5528 et
2590 5472 2787 5544 vigiliis
2810 5472 3135 5527 attenuanda
3159 5476 3245 5526 est
3265 5512 3279 5533 ,
3310 5483 3376 5524 ne
3400 5482 3534 5523 nova
3566 5466 3845 5538 prurigine

2271 5563 2339 5616 ad
2373 5559 2742 5631 voluptuosam
2770 5559 2978 5615 revolet
3003 5559 3345 5629 pravitatem.
3373 5555 3497 5612 inec
3537 5564 3720 5609 autem
3762 5554 3839 5607 fa-

2271 5652 2460 5709 cienda
2489 5661 2576 5708 est
2607 5667 2730 5708 cum
2770 5650 3016 5717 licentia,
3044 5651 3170 5721 quia
3205 5650 3347 5721 quod
3382 5648 3497 5704 sine
3525 5642 3741 5702 licentia
3782 5646 3843 5700 lit
