4178 6446
361 386 466 444 835

1622 393 1856 450 εΕιιιιο
1895 396 2070 451 LVIII.

3488 415 3594 468 83h

363 515 514 557 vana
559 500 746 571 gloriae
772 501 1143 570 deputabitur,
1172 518 1275 558 non
1323 507 1590 572 mercedi;
1617 507 1848 571 occulte,
1878 518 1936 560 ut
1963 517 2008 570 Λ
2041 511 2286 566 homines
2337 528 2668 570 reveremur.
2703 535 2721 568 ι
2752 515 2876 572 Ilzcc
2921 528 3004 574 est
3049 519 3294 576 confusio
3338 526 3608 585 addutens

338 654 342 655 ί
367 615 387 647 ι
421 595 624 649 nesciat
651 595 872 650 sinislra
907 603 992 649 tua
1015 597 1146 664 quid
1175 595 1336 650 faciat
1357 598 1579 652 dextera
1604 609 1693 651 tua
1717 597 1934 666 (Matth.

329 722 333 726 -
361 690 459 755 νι),
489 705 507 737 ι
541 686 795 748 discrete,
836 696 1054 755 propter
1082 689 1409 741 debilitatem
1441 689 1686 758 corporis
1714 698 1768 741 et
1798 687 1937 740 mul—

357 780 591 835 timodas
639 778 1004 833 inﬁrmitates.
1051 779 1344 849 Plerosque
1391 783 1533 835 enim
1594 783 1828 837 vidimus
1879 783 1934 836 in

360 867 629 936 principio
653 867 1025 921 conversionis
1057 869 1130 921 ita
1159 871 1500 924 discretionis
1527 869 1808 939 infregisse
1849 886 1934 925 re-

359 957 550 1026 pagula
581 967 639 1010 ut
660 956 879 1010 laudum
910 957 1240 1012 solemnibus
1272 959 1535 1013 inhabiles
1561 959 1931 1024 redderentur,

359 1059 414 1102 et
443 1053 700 1117 apparatu
729 1047 980 1118 deinceps
1000 1047 1217 1103 lautiori
1241 1049 1506 1105 diuturnis
1542 1049 1706 1104 foveri
1732 1059 1934 1119 tempo-

357 1139 509 1192 ribus
533 1137 858 1206 indigerent.

421 1225 548 1280 Jam
581 1226 657 1280 sic
690 1225 1022 1280 illuminatus
1050 1226 1306 1294 procedat
1335 1227 1401 1281 ad
1443 1226 1689 1292 sextum,
1727 1228 1820 1297 qui
1850 1237 1934 1283 est

355 1314 628 1370 correctio
653 1313 854 1382 operis.
882 1312 1111 1370 Prohibe
1136 1330 1267 1385 ergo
1291 1315 1526 1385 linguam
1562 1326 1706 1370 tuam
1737 1333 1764 1370 a
1790 1317 1931 1371 malo

357 1404 528 1476 (Psal.
557 1403 775 1470 χχχιιι),
797 1414 1022 1472 operare
1042 1403 1182 1472 quod
1209 1405 1408 1458 bonum
1439 1413 1544 1468 est,
1571 1413 1626 1459 et
1654 1404 1931 1458 sensuales

343 1501 534 1548 -motus
560 1500 678 1547 tuos
705 1492 1048 1548 continentiae
1076 1492 1243 1548 frenis
1268 1493 1498 1555 infrena,
1522 1501 1578 1548 et
1599 1494 1677 1548 sic
1699 1494 1803 1548 erit
1824 1508 1926 1563 pax

293 1581 308 1588 “
357 1585 410 1639 in
436 1595 578 1638 terra
607 1583 790 1639 carnis
821 1591 944 1637 tute.
969 1584 1148 1652 Atque
1173 1574 1465 1654 malos‘pro
1490 1599 1740 1655 persona,
1765 1600 1925 1653 quam

356 1675 544 1741 habes,
566 1683 620 1730 et
646 1684 697 1730 te
721 1683 1005 1745 praesente,
1021 1674 1287 1742 justitiam
1317 1692 1422 1732 non
1454 1679 1601 1732 sinas
1621 1677 1853 1747 sepeliri.

426 1764 560 1820 Veni
589 1763 657 1818 ad
685 1765 971 1833 septimum
996 1765 1220 1834 gradum
1240 1805 1253 1827 ,
1287 1765 1378 1834 qui
1409 1775 1493 1822 est
1523 1767 1922 1835 perseverantia

2037 608 2314 666 peccatum
2354 600 2373 671 (
2402 601 2563 655 Ecclt'.
2588 619 2641 656 iv
2660 602 2703 673 ).
2733 623 2752 655 ι
2788 604 3132 674 Opponamus
3167 623 3298 679 ergo
3336 613 3384 666 ei
3421 617 3602 669 cousi-

2033 688 2366 744 derationem
2425 694 2687 758 rationis,
2738 697 3095 750 reverentiam
3147 698 3408 757 intuentis
3463 705 3599 770 Dei,

2031 779 2490 846 comparationem
2531 783 2752 848 majoris
2789 784 3141 842 confusionis.
3183 789 3254 843 Ut
3290 791 3432 845 enim
3468 808 3601 848 con-

2033 865 2287 920 fiteamur
2323 868 2463 922 ratio
2502 881 2715 936 monet,
2758 872 2897 927 Deus
2934 875 3075 944 cogit
3111 876 3203 945 qui
3240 878 3425 945 videt;
3454 890 3510 938 et
3546 882 3596 936 si

2030 955 2407 1012 confundimur
2453 960 2540 1015 hic
2587 962 2804 1027 dicere,
2855 967 2982 1033 quid
3031 965 3135 1019 erit
3184 967 3236 1021 in
3277 969 3365 1022 illa
3405 987 3602 1042 magna

2029 1045 2376 1112 confusione,
2417 1050 2506 1104 ubi
2547 1053 2726 1105 omnia
2766 1055 3016 1109 omnibus
3061 1058 3366 1125 patebunt?
3412 1059 3601 1119 Timor

2017 1144 2210 1189 autem
2264 1137 2550 1209 plerosque
2601 1143 2897 1212 opprimit,
2956 1161 3023 1198 ne
3079 1150 3228 1216 gravi
3282 1153 3600 1220 paenitentia

2027 1223 2394 1292 percellantur
2425 1235 2478 1280 et
2515 1227 2754 1295 perferre
2793 1247 2897 1285 non
2937 1235 3159 1301 possint.
3193 1236 3331 1290 Vere
3361 1259 3378 1290 ι
3407 1241 3496 1310 qui
3532 1245 3601 1296 ti-

2029 1321 2141 1399 met
2168 1314 2418 1382 pruinam
2439 1356 2452 1380 ,
2487 1317 2655 1370 irruet
2687 1334 2848 1388 super
2877 1338 2998 1375 eum
3030 1324 3118 1376 nix
3152 1324 3289 1394 (Job
3324 1345 3371 1382 VI
3398 1331 3438 1399 ).
3475 1350 3496 1382 ι

2099 1398 2201 1453 Hic
2237 1401 2685 1458 considerandum
2725 1421 2883 1474 quam
2914 1411 3090 1476 gravis
3117 1412 3187 1465 sit
3211 1427 3368 1482 paena
3398 1398 3601 1485 gehen-

2027 1503 2142 1553 nae,
2195 1504 2356 1557 quam
2409 1491 2599 1561 longa,
2655 1509 2815 1563 quam
2845 1496 3197 1554 infructuosa.
3247 1503 3289 1556 E
3321 1507 3598 1562 contrario

2026 1586 2210 1633 autem
2258 1581 2578 1649 pcenitentia
2630 1598 2898 1652 praesens,
2948 1587 3114 1658 levis,
3168 1593 3348 1648 brevis
3385 1603 3440 1648 et
3477 1595 3596 1650 fru-

2026 1678 2234 1725 ctuosa.
2279 1670 2415 1741 Spes
2451 1683 2628 1738 auteni
2669 1676 2868 1732 multos
2911 1679 3125 1746 obruit,
3165 1684 3256 1751 qui
3296 1685 3420 1739 dum
3463 1687 3598 1743 bona

2025 1762 2312 1829 praesentia
2364 1763 2616 1831 cupiunt,
2667 1767 2877 1834 aperire
2923 1770 3283 1828 conscientias
3328 1789 3457 1831 snas
3502 1792 3600 1832 no-

353 1854 635 1917 bonitatis,
662 1859 719 1907 et
743 1853 796 1908 in
825 1854 928 1908 hoc
953 1854 1184 1924 septimo
1203 1854 1416 1909 vocabit
1439 1863 1489 1909 te
1519 1854 1778 1909 Dominus
1803 1870 1924 1909 cum
1952 1839 2000 1900 Β
2026 1849 2174 1913 lunt,
2215 1866 2316 1916 ne,
2355 1853 2402 1906 si
2438 1853 2625 1922 quales
2660 1864 2784 1910 sunt
2820 1858 3124 1915 hominibus
3163 1877 3489 1932 appareant,
3528 1870 3597 1923 ad

354 1947 537 2018 lloyse
577 1947 644 2001 de
688 1946 863 2002 medio
895 1946 1142 2017 caliginis
1165 1946 1364 2018 (Exod.
1390 1948 1560 2018 xxiv),
1587 1958 1642 2002 et
1667 1949 1719 2003 in
1753 1949 1924 2018 ipsam

355 2039 648 2092 divinitatis
669 2039 1020 2092 substantiam
1045 2039 1330 2094 interiores
1353 2040 1538 2094 oculos
1561 2039 1769 2110 infiges.
1791 2039 1928 2094 Per-

355 2129 709 2183 severantiam
745 2141 924 2183 autem
954 2128 1157 2183 faciunt
1199 2131 1530 2199 exspectatio
1557 2130 1920 2200 praemiorum,

354 2231 632 2286 pinnarum
678 2217 1019 2281 recordatio,
1066 2217 1320 2286 primitiae
1365 2217 1587 2286 spiritus
1630 2225 1686 2272 et
1725 2218 1924 2273 donum

354 2304 600 2370 calcate,
634 2305 702 2360 de
743 2305 938 2375 quibus
978 2304 1749 2379 quuitur-ApostoluMHebr.
1806 2309 1880 2377 vn)
1906 2347 1922 2372 ,

355 2395 497 2464 quod
534 2410 632 2450 nec
655 2407 910 2466 expertus
939 2397 1185 2466 ignorat,
1241 2413 1343 2452 nec
1383 2397 1691 2466 inexpertus
1729 2396 1926 2450 intelli-

353 2487 448 2556 git.
476 2487 713 2541 Stultitia
756 2497 838 2542 est
864 2489 1010 2542 enim
1046 2489 1121 2542 illi
1164 2488 1212 2558 (1
1247 2488 1369 2542 Cor.
1396 2488 1495 2558 ιι),
1523 2496 1578 2543 et
1603 2502 1708 2542 non
1739 2496 1922 2556 potest

359 2574 674 2644 intelligere,
698 2576 789 2644 qui
820 2576 1172 2644 spiritualiter
1191 2578 1594 2631 examinantur.

421 2662 617 2717 Audite
643 2672 698 2717 et
719 2663 955 2717 breviter
983 2679 1139 2733 quem
1168 2673 1416 2734 oporteat
1441 2665 1680 2720 ordinari
1711 2665 1778 2719 ad
1809 2665 1919 2720 dis-

353 2752 716 2819 pensationem
762 2753 1044 2808 ministerii
1099 2755 1288 2823 hujus;
1350 2761 1561 2824 Oportet
1609 2754 1755 2808 enim
1809 2769 1918 2808 non

354 2839 530 2893 minus
553 2839 844 2895 litteratum
868 2856 1028 2911 quam
1056 2842 1384 2912 religiosum,
1417 2851 1476 2896 ut
1498 2841 1672 2897 zelum
1702 2843 1794 2896 Dei
1823 2843 1919 2896 ha-

352 2927 494 2991 beat,
522 2936 576 2981 et
603 2929 896 2983 secundum
917 2931 1222 2996 scientiam,
1256 2946 1379 2986 cum
1409 2930 1702 2986 indiscreta
1730 2932 1921 3003 religio

354 3019 523 3088 magis
563 3021 753 3074 obesse
808 3020 979 3076 soleat
1039 3036 1200 3090 quam
1263 3025 1540 3092 prodesse.
1593 3023 1916 3079 Litteratum

353 3117 528 3165 autem
577 3111 697 3166 ideo
731 3119 790 3164 ut
843 3111 982 3166 sciat
1027 3111 1170 3180 quod
1225 3111 1501 3184 injungat,
1549 3113 1635 3168 cui
1694 3123 1913 3184 parcat,

352 3198 564 3267 quando
599 3215 824 3269 parcere
853 3202 1074 3266 debeat,
1099 3217 1260 3272 quam
1285 3203 1706 3259 consolationem
1737 3205 1914 3278 profe-

353 3295 437 3340 rat
464 3287 530 3341 de
558 3286 873 3357 Scripturis.
900 3289 1228 3360 Religiosum
1248 3305 1408 3356 vero,
1438 3291 1640 3347 idcirco
1669 3301 1729 3345 ut
1751 3307 1916 3361 puras

352 3390 544 3432 manus
583 3375 723 3432 levet
748 3376 814 3431 ad
845 3377 1010 3434 Deum
1040 3387 1094 3431 et
1120 3392 1219 3449 pro
1246 3379 1621 3448 peccatoribus
1651 3378 1914 3435 liduciali-

353 3475 434 3522 ter
462 3466 784 3522 intercedat.
812 3467 1002 3524 Videat
1023 3479 1202 3523 autem
1251 3485 1320 3524 ne
1343 3484 1580 3539 unquam
1603 3470 1669 3524 de
1689 3470 1774 3526 bis
1794 3484 1918 3538 quae

350 3559 450 3614 sub
485 3559 762 3630 signaculo
807 3561 1159 3616 confessionis
1194 3562 1428 3632 accepit,
1475 3562 1710 3632 aliquam
1751 3562 1916 3617 faciat

352 3649 698 3715 mentionem,
738 3649 821 3704 vel
869 3650 1028 3706 alicui
1060 3649 1298 3721 loquenti
1343 3653 1666 3706 consentiat.
1715 3651 1917 3707 Caveat

348 3739 513 3794 etiam
542 3754 610 3795 ne
629 3739 852 3795 vilescat
880 3741 934 3796 in
960 3750 1249 3813 conspectu
1279 3740 1395 3809 ejus
1419 3743 1511 3812 qui
1541 3745 1588 3797 ei
1618 3759 1770 3798 suam
1793 3743 1915 3798 vili-

351 3838 517 3885 tatem
541 3831 799 3896 ostendit,
848 3847 948 3887 nec
977 3833 1048 3890 sit
1083 3841 1391 3900 suspectus,
1418 3845 1520 3886 nec
1542 3831 1610 3886 de
1637 3833 1914 3907 praeterita

349 3921 587 3976 futuram
623 3922 790 3977 vitam
827 3924 1059 3978 mstimet
1095 3924 1415 3993 peccatoris.

415 4010 566 4076 Quod
601 4010 647 4064 si
678 4009 900 4066 fortuito
926 4012 992 4066 de
1021 4013 1104 4067 his
1128 4027 1247 4082 quae
1279 4013 1334 4066 in
1365 4010 1704 4078 confessione
1733 4027 1916 4067 susceo

348 4099 426 4168 pit
465 4113 628 4153 causa
664 4114 850 4155 coram
895 4115 960 4156 eo
999 4099 1158 4156 fuerit
1197 4100 1485 4165 ventilata,
1519 4115 1623 4154 non
1657 4109 1910 4170 tanquam

347 4187 598 4244 conscius
619 4188 671 4242 in
692 4197 898 4257 partem
926 4189 1184 4255 declinet,
1217 4191 1313 4245 sed
1347 4191 1500 4258 quasi
1532 4191 1746 4244 nescius
1765 4189 1910 4258 judi-

348 4276 573 4333 ciarium
597 4278 840 4340 ordinem
869 4280 1144 4350 permittat
1167 4295 1475 4335 excurrere.
1501 4279 1706 4335 Habeat
1730 4292 1914 4335 autem

350 4367 402 4421 in
445 4367 720 4423 voluntate
746 4370 982 4440 compati
1019 4379 1076 4426 et
1115 4386 1239 4428 eum
1282 4371 1552 4436 liberare,
1601 4380 1659 4426 et
1707 4373 1914 4426 nitatur

347 4455 551 4526 aliquid
593 4457 879 4514 detrahere
921 4460 1246 4525 severitati,
1304 4461 1523 4516 imitans
1573 4460 1909 4516 dulcedinem

349 4545 557 4600 Domini
601 4545 738 4612 mei,
781 4546 850 4602 de
896 4562 1002 4616 quo
1043 4547 1184 4604 dicit,
1235 4557 1456 4604 sanctus
1503 4565 1517 4603 :

347 4631 520 4690 fecisti
539 4632 801 4702 judicium
822 4651 1024 4702 meum,
1051 4646 1108 4694 et
1131 4652 1348 4694 causam
1378 4653 1551 4694 meam
1575 4637 1858 4709 (Psal.tx).
1887 4656 1908 4690 ι

347 4721 478 4788 Sed,
516 4726 652 4794 proh
681 4725 863 4782 dolor!
900 4727 1228 4796 temporibus
1251 4728 1454 4784 nostris
1483 4741 1577 4796 per
1603 4727 1914 4782 universum

345 4815 1004 4886 mundumpestilentialis
1021 4819 1239 4874 morbus
1261 4819 1522 4884 excrevit,
1545 4829 1604 4876 ut
1621 4818 1916 4890 praeferan-

347 4911 434 4958 tur
456 4905 716 4962 Ecclesiis
741 4921 879 4978 quos
905 4923 1007 4964 nec
1031 4909 1258 4969 scientia
1287 4924 1386 4968 nec
1407 4910 1522 4966 vita
1544 4911 1908 4977 commendat,

345 5011 444 5052 ceu
463 4997 628 5053 duces
645 5013 931 5066 caecorum,
955 5008 1011 5056 et
1032 5001 1378 5071 praecipitati.
1393 5010 1452 5059 et
1473 5003 1527 5059 in
1549 5003 1912 5073 praecipitium

344 5087 718 5154 perducentes.

410 5177 729 5236 Audivimus
757 5179 824 5236 de
860 5179 1185 5247 conﬁtente,
1215 5180 1282 5241 de
1316 5178 1710 5237 confessionem
1741 5183 1908 5238 susci-

338 5269 551 5344 piente,
602 5272 886 5328 audiamus
934 5289 1082 5329 nunc
1123 5289 1242 5342 quae
1286 5282 1412 5331 sunt
1454 5289 1574 5344 qua:
1617 5275 1914 5344 impediant

345 5358 762 5416 confessionem.
800 5361 1074 5432 Quantum
1109 5363 1362 5433 colligere
1387 5378 1608 5433 possum
1631 5404 1648 5429 ,
1676 5374 1910 5435 quatuor

344 5448 613 5520 praecipue
645 5463 970 5518 occurrunt,
1009 5452 1201 5522 pudor,
1239 5453 1419 5514 timor.
1469 5453 1632 5523 312
1687 5467 1812 5522 spes
1854 5463 1914 5511 et

345 5537 672 5606 desperatio.
709 5539 853 5596 Nihil
889 5542 1083 5599 fortius
1119 5545 1186 5599 ad
1223 5546 1637 5614 expugnandum
1676 5547 1909 5615 gratiam

346 5623 436 5677 Dei
469 5641 628 5693 quam
662 5629 820 5683 timor
849 5629 1116 5686 humanus
1140 5672 1155 5696 ,
1187 5633 1312 5701 quia
1339 5673 1356 5696 ,
1386 5632 1515 5690 dum
1545 5633 1910 5690 erubescimus

346 5711 587 5768 confiteri
643 5731 761 5785 qua:
817 5718 1188 5774 commisimus
1213 5760 1229 5784 ,
1292 5721 1460 5778 Deum
1510 5720 1688 5793 minus
1744 5734 1905 5792 qmm

1573 4566 1593 4602 ς
1646 4547 1909 4614 Quoniam
1937 4521 1994 4585 1)

2028 1938 2176 1992 nulla
2204 1942 2488 2008 praesentis
2505 1940 2638 1996 ‘vita:
2665 1944 2803 1998 bona
2842 1950 3227 2005 conscendant.
3267 1952 3472 2020 Quibus
3511 1957 3595 2011 in-

2027 2026 2351 2082 culcandum
2381 2033 2613 2100 estquia
2650 2034 2790 2089 bona
2829 2035 2986 2104 hujus
3023 2042 3200 2095 saeculi
3239 2059 3403 2112 parva
3443 2056 3597 2114 sunt,

2029 2117 2235 2173 incerta
2263 2128 2317 2174 et
2346 2131 2720 2180 momentanca
2743 2167 2758 2187 ,
2790 2135 2844 2181 et
2873 2127 2964 2184 illa
2996 2130 3139 2186 illius
3165 2134 3289 2188 vitae
3318 2139 3548 2191 maxima
3575 2179 3589 2200 ,

2025 2208 2330 2264 certissima
2360 2220 2414 2266 et
2439 2222 2660 2267 aeterna.
2699 2215 2968 2272 Plurimos
3004 2221 3306 2290 desperatio
3344 2225 3598 2283 interficit

2026 2302 2118 2369 qui
2149 2303 2251 2358 hoc
2278 2304 2451 2358 solum
2481 2316 2762 2372 metuunt,
2795 2324 2862 2362 ne
2901 2312 3109 2379 possint
3143 2315 3420 2372 continere
3449 2335 3462 2372 :
3492 2320 3598 2375 Ve-

2028 2407 2145 2446 rum
2182 2409 2418 2464 namque
2455 2407 2539 2450 est
2583 2398 2709 2466 quia
2747 2417 2764 2449 ι
2818 2409 3094 2469 peccator,
3131 2419 3253 2458 cum
3293 2409 3500 2462 venerit
3541 2410 3594 2464 in

2023 2485 2345 2554 profundum
2377 2489 2670 2556 malorum,
2701 2497 3000 2549 contemnit
3025 2494 3394 2567 (Prov.xvnt).
3414 2497 3596 2553 illanc

2022 2573 2274 2630 obterere
2313 2577 2568 2634 debemus
2595 2579 2778 2650 vigore
2807 2582 3193 2650 confessionis,
3219 2587 3391 2654 gratia
3419 2589 3595 2641 Immi-

2021 2662 2188 2719 litatis
2211 2672 2261 2719 et
2291 2667 2668 2736 compassione
2693 2667 2839 2724 illius
2873 2671 2958 2724 cui
2997 2672 3271 2741 aperimus
3310 2677 3594 2732 conscien-

2021 2753 2150 2807 tiam
2179 2761 2440 2809 nostram.

2091 2865 2378 2922 Sciendum
2429 2877 2610 2926 autem
2664 2872 2790 2942 quia
2848 2873 2951 2928 alia
3002 2883 3087 2930 est
3123 2876 3433 2939 confessno,
3473 2893 3594 2946 qua:

2017 2965 2297 3028 peccatum
2336 2949 2583 3030 plangit;
2622 2962 2756 3028 alia,
2787 2979 2907 3035 qua“:
2944 2965 3156 3020 Iaudem
3186 2968 3353 3022 canit.
3391 2971 3591 3024 Bonum

2021 3048 2213 3101 anima:
2249 3061 2624 3105 ornamentum
2662 3053 3122 3125 confessio,_qua:
3159 3067 3215 3114 et
3249 3069 3593 3130 peccatorth

1942 3183 1992 3248 Ω
2020 3145 2211 3208 purgat
2238 3147 2293 3192 et
2315 3137 2519 3208 justum
2551 3142 2728 3196 reddit
2758 3145 3148 3216 purgatiorem.

2094 3249 2351 3320 Sequitur
2376 3269 2394 3306 :
2424 3271 2442 3302 ι
2472 3253 2572 3318 Qui
2609 3256 2902 3313 crediderit
2937 3259 2992 3312 in
3031 3258 3180 3314 illum
3219 3276 3321 3313 non
3361 3262 3592 3318 confun-

2018 3341 2192 3394 detur.
2221 3361 2237 3391 ι
2263 3342 2496 3397 Credere
2521 3344 2652 3414 Deo,
2674 3357 2757 3399 est
2778 3347 2958 3402 verbis
2984 3348 3100 3416 ejus
3126 3350 3280 3402 fidem
3310 3353 3592 3409 adhibere.

2017 3429 2252 3510 Credere
2303 3432 2500 3498 Deum,
2552 3443 2637 3487 est
2683 3436 2926 3490 confiteri
2978 3437 3172 3506 ubique
3227 3439 3392 3494 Deum
3443 3455 3589 3498 esse.

2016 3521 2253 3577 Credere
2288 3524 2344 3578 in
2383 3523 2583 3592 Deum,
2615 3534 2700 3582 est
2733 3540 2946 3582 omnem
2972 3541 3120 3596 spem
3151 3543 3301 3582 suam
3341 3531 3394 3584 in
3435 3531 3582 3588 illum

2015 3615 2269 3684 dirigere.
2309 3618 2474 3672 Deum
2511 3627 2569 3674 et
2607 3620 2715 3673 Deo
2761 3621 2988 3675 credunt
3035 3622 3337 3687 daemones,
3386 3623 3478 3677 sed
3531 3625 3589 3679 in

2017 3705 2166 3760 illum
2194 3722 2300 3761 non
2329 3708 2590 3775 credunt,
2617 3709 2670 3762 in
2695 3724 2856 3779 quem
2883 3711 2971 3780 qui
3002 3711 3289 3766 crediderit
3319 3727 3422 3766 non
3451 3727 3586 3768 cocto

2018 3794 2287 3862 fundetur,
2317 3799 2440 3868 quia
2469 3814 2618 3869 spem
2645 3814 2795 3854 suam
2825 3815 2930 3854 non
2957 3809 3162 3869 ponunt
3195 3801 3246 3857 in
3279 3801 3446 3856 illum.

2084 3909 2222 3964 Ecce
2247 3919 2506 3979 quantum
2534 3911 2714 3980 potui,
2769 3912 2868 3965 etsi
2901 3926 3004 3966 non
3030 3921 3292 3980 quantum
3319 3913 3494 3979 volui,
3521 3914 3588 3968 de

2015 3998 2369 4054 confessionis
2405 3999 2634 4056 disserui
2674 4010 3038 4056 sacramento.
3081 4001 3186 4057 Sed
3217 4004 3344 4073 quia
3375 4018 3586 4059 sermo-

2014 4107 2136 4146 nem
2167 4091 2218 4145 in
2250 4090 2466 4159 longum
2494 4091 2881 4160 protraximus,
2912 4089 3071 4146 finem
3099 4091 3350 4162 loquendi
3379 4095 3586 4163 pariter

2014 4185 2316 4240 audiamus.
2368 4185 2467 4239 Det
2511 4185 2671 4241 nobis
2715 4187 2878 4242 corde
2923 4188 3148 4248 credere
3185 4190 3250 4242 ad
3283 4188 3581 4257 justitiam,

2013 4289 2107 4329 ore
2144 4275 2388 4332 conﬁteri
2427 4275 2494 4330 ad
2534 4276 2762 4331 salutem
2795 4276 3002 4347 (Rom.
3045 4293 3078 4332 x
3102 4278 3144 4348 ),
3183 4287 3237 4331 et
3275 4280 3329 4332 in
3366 4294 3426 4333 se
3462 4295 3590 4334 ere-

2014 4363 2161 4429 dcre,
2214 4378 2444 4434 sponsus
2507 4364 2792 4430 Ecclesiae,
2857 4365 3022 4420 Filius
3091 4366 3304 4432 Maria},
3361 4369 3453 4440 qui
3505 4376 3592 4426 est

2015 4453 2155 4510 Deus
2185 4455 2504 4510 benedictus
2535 4455 2587 4510 in
2619 4456 2832 4510 saecula.
2864 4455 3059 4511 Amen.

2563 4673 3018 4740 DECEMBER.

2010 4793 2120 4858 VI.
2321 4794 2532 4858 Sermo
2558 4794 2632 4856 de
2656 4795 2720 4859 S.
2749 4797 3014 4858 Nicolao
3043 4798 3328 4880 episcopo
3361 4803 3416 4855 et
3446 4814 3583 4857 con-

2086 4896 2337 4976 fossore.

2009 4995 2245 5057 XXIV.
2319 4994 2527 5055 Sermo
2571 4995 2637 5056 in
2686 4993 2916 5072 Vfgilt’a
2944 4992 3186 5055 Natalia
3217 4981 3492 5056 D'omt'nt.

2009 5095 2215 5156 XXV.
2323 5095 2532 5154 Sermo
2557 5094 2622 5152 in
2642 5091 2984 5153 Nativitatc
3009 5092 3281 5154 Domini.

2093 5191 2300 5252 Sermo
2330 5191 2494 5251 alius
2522 5191 2592 5249 de
2623 5187 2844 5249 eadem.

2016 5293 2249 5358 XXVI.
2319 5291 2524 5352 Sermo
2584 5289 2656 5350 de
2721 5291 2787 5351 S.
2842 5289 3145 5370 Stephano
3211 5298 3576 5374 protomar-

2082 5399 2251 5472 atyre.

2011 5494 2171 5566 313
2197 5491 2458 5552 XXVII.
2502 5491 2712 5551 Sermo
2739 5490 2777 5552 I
2809 5491 2880 5552 de
2913 5493 2979 5553 S.
3018 5493 3257 5552 Joanne
3286 5491 3572 5569 apostolo

2091 5595 2145 5649 et
2179 5588 2570 5668 evangelista.

2085 5689 2297 5750 Sermo
2326 5690 2409 5770 ,ΙΙ
2439 5688 2510 5750 de
2543 5690 2765 5751 eodem.
