4178 6470
1146 366 1206 421 S.
1245 366 1448 422 PETRI
1487 365 1766 420 DAMIANI
1806 365 1956 421 ΟΡΡ.
1986 364 2165 422 PARS
2206 364 2339 421 SEU
2380 363 2614 420 TOMUS
2650 363 2713 418 ll.
2753 392 2821 403 —
2848 363 3232 421 SERMONES.

3683 361 3789 422 8'56

557 485 745 549 XXX
867 482 1076 542 Sermo
1130 479 1201 538 de
1231 479 1298 540 S.
1330 477 1711 538 Barbatio-no
1765 475 2122 554 presbytero
2153 485 2201 542 Α
2226 475 2570 540 liberantem,
2617 475 2852 546 virgines
2903 475 3173 546 virginum
3212 476 3488 532 infamiam
3527 479 3792 532 redimen-

637 589 689 638 ει
720 580 1086 659 confcssorc.
1472 627 1480 638 .

557 680 802 743 XX‘X].
871 679 1084 738 Sermo
1113 673 1186 734 de
1229 675 1298 736 S.
1330 672 1631 734 Columba
1656 673 1820 750 cirg.
1859 679 1914 732 et
1938 681 2124 733 mort.

1102 812 1385 869 SERMON
1440 811 1574 866 LIX.

625 927 695 967 DE
724 925 771 964 S.
809 922 1308 966 NICOLAOEPISCDPO
1352 921 1577 961 IYBENSI
1613 921 1682 959 ΕΤ
1709 920 2055 961 ςοΝεεδεοιυ-ῖ.

1154 1005 1173 1069 (
1202 1012 1253 1051 vr
1293 995 1543 1065 ascen.)

629 1111 882 1166 Nicolaus
932 1109 1040 1164 iste
1088 1123 1262 1174 meus,
1307 1107 1418 1161 imo
1465 1117 1518 1162 et
1565 1115 1774 1171 vester,
1811 1105 2015 1161 electus
2061 1106 2130 1160 ab

560 1210 740 1265 utero,
780 1209 1000 1254 sanctus
1021 1213 1050 1250 a
1084 1195 1579 1267 puero,-juvenum
1607 1197 1800 1266 gloria,
1833 1196 2130 1248 reverentia

561 1303 775 1352 senum,
804 1286 1144 1341 sacerdotum
1173 1285 1366 1349 honor,
1390 1283 1646 1353 splendor
1664 1282 2135 1351 pontificum,con-

561 1389 784 1434 ventum
833 1386 1075 1432 vestrum
1126 1390 1222 1430 sua
1272 1373 1512 1428 laetificat
1554 1372 1868 1427 festivitate.
1906 1372 2005 1426 llic
2049 1381 2135 1427 est

562 1468 838 1532 Nicolaus,
861 1466 1013 1535 cujus
1037 1462 1295 1518 miracula
1329 1477 1427 1530 per
1465 1469 1632 1516 totam
1677 1462 1860 1515 mundi
1888 1461 2130 1515 latitudi-

567 1573 694 1612 nem
724 1555 1118 1618 diﬂ'unduntur,
1146 1568 1305 1622 quem
1349 1553 1532 1607 laudat
1576 1553 1725 1606 orbis
1763 1560 1921 1606 teme
1962 1560 2018 1606 et
2041 1552 2132 1620 qui

564 1649 811 1704 habitant
834 1647 890 1700 in
915 1661 1000 1700 eo.
1019 1644 1122 1700 Tot
1146 1645 1288 1698 enim
1305 1652 1360 1700 et
1391 1653 1540 1698 tanta
1568 1644 1827 1698 miracula
1855 1643 2134 1698 cumulan-

567 1748 674 1804 tur,
707 1746 764 1792 ut
793 1751 984 1791 omnes
1011 1736 1374 1790 litteratorum
1405 1736 1630 1805 argutia:
1662 1736 1748 1789 vix
1799 1735 1866 1789 ad
1895 1735 2133 1789 scriben-

2229 579 2356 633 tem,
2397 583 2554 623 senes
2596 567 2742 623 senis
2779 567 3015 636 inopiam
3056 568 3422 622 miserantem.
3464 566 3697 621 Juvenes
3737 575 3791 622 et
3827 577 3830 580 '

2225 656 2481 726 virgines,
2511 670 2669 710 senes
2701 670 2825 710 cum
2867 653 3170 722 junioribus
3202 655 3423 710 laudant
3464 670 3658 709 nomen
3688 654 3794 708 Do-

2226 744 2356 800 mini
2384 742 2544 809 hujus
2572 741 2744 813 (Psal.
2778 741 3018 812 chvm).

2295 834 2408 888 Sed
2435 848 2578 886 nunc
2591 842 2727 904 post
2747 843 2899 886 actus
2924 832 3040 900 ejus
3064 830 3373 887 Graecorum
3397 831 3595 901 linguis
3611 829 3791 886 excel-

2228 924 2461 979 le:itibus
2512 925 2796 992 insigniter
2845 924 3168 990 diﬂ'amatos,
3215 926 3342 994 quid
3389 925 3584 978 audeat
3617 936 3795 978 sermo

2228 1013 2584 1084 pauperculus
2637 1013 2952 1067 balbutire?
3003 1014 3386 1069 Verumtamen
3467 1029 3536 1068 ne
3608 1013 3796 1066 videar

2228 1105 2597 1159 excusatorias
2646 1103 3124 1172 tergiversationes
3171 1105 3448 1168 inducere,
3484 1117 3704 1158 recurro
3728 1105 3797 1164 ad

2228 1193 2592 1262 evangelicam
2607 1192 2927 1258 lectionem;
2953 1202 3008 1247 et
3035 1194 3178 1262 quod
3194 1201 3259 1248 de
3285 1193 3559 1248 communi
3587 1193 3794 1262 accepi,

2228 1283 2446 1354 profero
2490 1283 2544 1335 in
2588 1297 2896 1336 commune.
2933 1283 3024 1336 Ait
3066 1283 3252 1337 enim:
3301 1301 3320 1334 ι
3359 1282 3531 1338 llotno
3581 1283 3798 1352 quidam

2231 1373 2426 1428 nobilis
2475 1372 2610 1427 abiit
2641 1372 2692 1426 in
2741 1373 3014 1443 regionem
3047 1373 3410 1442 longinquam,
3441 1383 3499 1429 ct
3529 1375 3604 1428 ait
3629 1374 3802 1429 servis

2232 1463 2384 1520 suis:
2428 1461 2809 1531 Negotiamini.
2843 1464 2968 1517 dum
2998 1465 3154 1518 venio
3182 1463 3333 1534 (Luc.
3363 1465 3502 1536 xix).
3539 1485 3560 1519 ι
3598 1466 3802 1522 Secure

2233 1553 2566 1623 negotiabor,
2605 1553 2953 1623 prtecipiente
2997 1552 3222 1608 Domino
3265 1569 3406 1618 meo,
3451 1571 3558 1610 non
3601 1555 3803 1611 timebo

2232 1643 2575 1698 Psalmistam
2605 1641 2873 1695 dicentem
2902 1659 2916 1694 :
2948 1660 2968 1692 ι
2997 1641 3133 1706 Quia
3164 1657 3268 1696 non
3309 1644 3533 1712 cognovi
3565 1644 3804 1714 negotia-

2235 1737 2459 1798 tionem,
2500 1734 2734 1788 introibo
2771 1732 2826 1787 in
2867 1733 3135 1802 potentias
3158 1734 3364 1788 Domini
3407 1734 3577 1805 (Psal.
3600 1735 3748 1804 ιη).
3778 1754 3796 1784 ο

565 1827 691 1880 dum
716 1823 999 1888 sulliciant,
1023 1840 1122 1878 nos
1145 1825 1211 1877 ad
1234 1826 1539 1893 legendum.
1570 1824 1637 1877 Et
1657 1824 1785 1878 licet
1805 1824 2131 1878 scholarium
2163 1809 2208 1868 Β
2236 1825 2352 1880 Νοη
2382 1825 2526 1879 enim
2550 1838 2772 1893 parvum
2799 1822 2931 1876 mihi
2962 1822 3171 1876 ﬁduciae
3199 1823 3364 1876 robur
3384 1833 3630 1892 praestat,
3657 1823 3804 1891 quod

564 1930 824 1970 numerus
852 1914 1044 1968 incude
1073 1913 1341 1968 rhetorica
1363 1913 1462 1967 sub
1491 1912 1840 1980 Quintiliani,
1873 1912 1959 1967 vel
1987 1912 2136 1967 Cice-

565 2005 717 2059 ronis
743 2003 949 2058 malleis
986 2004 1332 2058 tenuissimas
1365 2003 1671 2057 orationum
1701 2002 1928 2056 laminas
1948 2011 2138 2057 exten-

564 2093 679 2156 dat,
719 2099 940 2159 superat
970 2097 1147 2143 tamen
1178 2089 1347 2159 gloria
1393 2089 1718 2145 confessdris
1753 2105 1958 2154 vocem,
1981 2105 2137 2143 men-

569 2188 713 2244 tem,
765 2179 999 2249 linguam
1048 2188 1108 2232 et
1179 2178 1584 2232 conscientiam.
1612 2177 1968 2232 Crebrescunt
1994 2178 2136 2232 enim

569 2267 814 2340 quotidie
860 2267 1148 2332 mirabilia,
1180 2282 1278 2321 nec
1323 2269 1616 2336 requiescit
1662 2265 1902 2335 Spiritus
1949 2267 2044 2320 Dei
2071 2266 2140 2320 ad

568 2359 884 2414 memoriam
915 2357 1102 2412 militis
1128 2357 1210 2412 sui
1235 2372 1328 2412 sua
1369 2357 1686 2412 continuare
1707 2355 1988 2411 miracula.
2016 2354 2141 2409 Glo-

568 2448 811 2504 riﬁcatur
862 2447 915 2501 in
976 2446 1135 2510 mari,
1184 2445 1436 2500 laudatur
1484 2447 1538 2499 in
1585 2453 1753 2511 terra,
1809 2447 1861 2499 in
1891 2448 2140 2504 omnibus

567 2536 825 2609 periculis
853 2535 1156 2590 invocatur.
1182 2535 1422 2606 Denique
1452 2554 1470 2586 ι
1507 2535 1610 2602 Qui
1635 2536 1972 2592 descendunt
1992 2552 2143 2594 mare

567 2630 622 2684 in
671 2628 898 2683 navibus
939 2625 1204 2683 facientes
1251 2610 1618 2698 operationem
1665 2627 1722 2682 in
1757 2627 1914 2697 aquis
1938 2629 2140 2694 multis,

567 2718 672 2789 ipsi
718 2719 971 2774 viderunt
1020 2732 1187 2788 Opera
1233 2717 1480 2784 Domini,
1518 2726 1573 2772 et
1617 2717 1881 2772 mirabilia
1924 2716 2042 2786 ejus
2085 2719 2140 2774 in

566 2807 833 2878 profundo
882 2806 1034 2879 (Psal
1061 2810 1194 2879 ενι).
1229 2828 1247 2862 ι
1296 2808 1402 2879 Ipsi
1431 2809 1682 2864 viderunt
1711 2822 1874 2878 opera
1905 2807 2138 2875 Domini,

569 2907 623 2953 et
656 2898 860 2953 Nicolai
897 2915 996 2968 per
1027 2901 1194 2954 Deum
1226 2899 1486 2955 miracula
1519 2899 1572 2954 in
1601 2900 1890 2969 profundo.

640 2985 828 3042 Nonne
858 2995 980 3057 post
1007 2989 1322 3042 memoriam
1347 2988 1598 3058 virginis,
1631 2997 1740 3042 tam
1770 2990 1940 3044 dulcis
1971 3001 2141 3060 pietas

570 3078 655 3130 vel
683 3079 769 3144 pia
801 3078 1029 3132 dulcedo
1070 3079 1122 3131 in
1165 3079 1418 3133 cordibus
1460 3080 1694 3134 ﬁdelium
1737 3080 2054 3136 obversatur
2081 3091 2142 3136 ut

571 3171 628 3224 in
656 3170 742 3223 die
794 3169 1157 3224 tribulationis
1177 3169 1380 3224 Nicolai
1419 3185 1612 3224 nomen
1661 3180 1907 3226 teneatur
1935 3173 1990 3227 in
2023 3187 2139 3239 ore,
2167 3143 2212 3207 Ο

574 3261 879 3329 requiescat
921 3261 973 3313 in
1008 3261 1194 3316 corde?
1228 3259 1285 3316 Si
1323 3262 1726 3316 coruscationes
1769 3261 2040 3332 fulgurant
2088 3271 2144 3317 et

571 3352 824 3422 procellis
852 3352 1235 3408 detonantibus
1268 3368 1300 3406 a
1334 3353 1582 3422 supernis
1615 3353 1849 3408 vindicta
1877 3353 2141 3424 procedit,

571 3443 824 3499 Nicolaus
874 3445 926 3498 in
977 3453 1266 3514 patronum
1293 3446 1614 3514 assumitur,
1636 3445 1887 3501 Nicolaus
1915 3447 2144 3501 dulciter

572 3534 912 3590 inclamatur.
945 3533 1000 3588 Si
1028 3542 1318 3604 tempestas
1342 3535 1570 3590 smviens
1589 3544 1645 3589 et
1671 3525 1958 3591 crudelitas
1980 3537 2144 3590 maris

575 3625 948 3694 navigantibus
991 3633 1218 3680 mortem
1261 3625 1555 3688 intentant,
1599 3625 1854 3681 Nicolaus
1897 3625 2146 3682 flebiliter

572 3727 851 3780 exoratur,
877 3725 935 3771 ut
956 3717 1174 3782 audiat;
1199 3717 1514 3788 suppliciter
1535 3717 1838 3782 invocatur,
1857 3726 1913 3770 ut
1937 3718 2140 3783 veniat;

574 3817 635 3862 ut
669 3817 820 3862 eruat
851 3847 866 3872 ,
907 3808 1331 3863 misericorditer
1384 3807 1730 3862 acclamatur.
1763 3805 1820 3861 Si
1871 3807 2148 3876 pulsamur

576 3899 964 3962 incommodis,
1033 3898 1116 3952 vel
1175 3897 1511 3952 oll‘endiculis
1564 3898 1905 3964 indolemus,
1961 3899 2147 3952 statim

579 4000 822 4044 sanctum
879 4005 1071 4044 nomen
1107 3989 1320 4058 prosilit
1373 3989 1427 4042 in
1469 4005 1530 4044 os
1580 3999 1846 4055 nostrum,
1897 3988 2148 4044 Nicolaus

581 4079 962 4148 ingeminatur,
1000 4079 1361 4148 patrocinium
1399 4079 1661 4149 quaeritur
1699 4079 1925 4136 Nicolai.

649 4170 727 4223 Ne
770 4169 972 4239 putetis
1012 4161 1314 4223 autem‘me
1340 4152 1913 4239 declamatorie/loqui,
1943 4169 2024 4224 vel
2060 4185 2150 4224 ve-

584 4268 796 4312 nustate
839 4259 1109 4312 rhetorica
1155 4261 1442 4313 verborum
1484 4274 1741 4328 aggerare
1786 4259 2148 4328 splendorem,

584 4364 705 4403 cum
737 4357 880 4401 totus
905 4347 1134 4400 mundus
1168 4346 1428 4400 beneficia
1458 4347 1654 4401 sentiat
1680 4346 2026 4410 confessoris,
2052 4365 2152 4403 nec

2237 1916 2325 1972 ille
2353 1928 2595 1969 summus
2632 1912 2928 1982 imperator
2953 1910 3127 1965 factus
3156 1919 3241 1966 est
3285 1913 3586 1980 negotiator
3623 1925 3803 1975 meus,

2235 2014 2292 2060 et
2319 2005 2591 2073 negotium
2632 2015 2811 2055 meum
2862 2001 2980 2054 sine
3002 1999 3112 2053 otio
3153 1999 3283 2069 egit,
3319 2000 3555 2068 quandiu
3604 1999 3706 2054 fuit
3749 1999 3805 2052 in

2238 2094 2423 2158 terris,
2464 2101 2520 2146 et
2547 2091 2907 2166 pretiosarum
2954 2089 3216 2145 mercium
3261 2087 3559 2142 sarcinulas
3585 2098 3807 2158 portans

2237 2183 2306 2238 ad
2343 2182 2581 2246 Patrem,
2626 2180 2726 2250 ipsi
2773 2180 2943 2234 vultui
2991 2179 3108 2243 Dei,
3151 2187 3205 2234 et
3249 2177 3376 2248 quid
3401 2177 3534 2233 emit
3575 2185 3632 2232 et
3678 2177 3806 2245 quid

2239 2273 2490 2338 redemit,
2523 2281 2577 2327 et
2599 2273 2740 2327 unde
2779 2271 3090 2336 redemerit,
3139 2270 3394 2325 OStendit.
3440 2269 3518 2322 Tu
3563 2284 3691 2339 ergo
3718 2269 3806 2322 illo

2239 2366 2516 2436 negotioso
2589 2365 2797 2424 otiosus
2843 2378 2965 2418 esse
3015 2362 3300 2432 disponis?
3352 2361 3444 2416 illo
3505 2361 3806 2427 laborante,

2239 2455 2563 2526 quiescere?
2595 2455 2715 2523 lpsc
2754 2455 2898 2508 venit
2929 2454 3190 2524 negotiari
3221 2453 3274 2507 in
3300 2454 3570 2523 regionem
3593 2451 3806 2522 longiu-

2239 2563 2420 2620 quam,
2450 2557 2505 2601 et
2531 2555 2588 2602 tu
2635 2546 2702 2600 ad
2750 2545 2998 2615 regiones
3047 2545 3323 2614 proximas
3357 2543 3637 2597 ambulare
3682 2558 3809 2596 con-

2242 2639 2438 2691 temnis
2463 2636 2486 2688 ?
2511 2635 2817 2705 Aggredere
2845 2643 2898 2687 ct
2945 2633 3228 2703 ingredere
3259 2632 3530 2702 regionem
3573 2630 3808 2686 dissimi-

2239 2726 2504 2791 litudinis,
2550 2724 2801 2780 videlicet
2854 2726 3112 2778 mundum
3145 2725 3328 2786 istum,
3377 2731 3433 2778 et
3483 2723 3603 2776 vide
3647 2737 3807 2790 quam

2237 2817 2547 2886 frequentes
2576 2815 2646 2870 ibi
2672 2813 2945 2877 nundinas,
2986 2820 3201 2882 quantae
3227 2813 3529 2882 germinent
3555 2821 3610 2866 et
3631 2827 3810 2880 reger-

2239 2909 2446 2962 minent
2496 2905 2798 2965 vanitates,
2873 2917 3096 2972 prorsus
3149 2903 3602 2958 dissimilitudinis
3681 2903 3807 2971 quia

2243 2997 2519 3068 regionem
2572 2993 2962 3058 similitudinis,
3013 2993 3102 3047 ubi
3149 2993 3216 3048 ad
3266 2993 3668 3047 similitudinem
3713 2993 3808 3046 Dei

2242 3088 2370 3142 facti
2420 3102 2518 3141 nos
2564 3084 2802 3149 fuimus,
2847 3082 3095 3138 amisisse
3142 3097 3238 3138 nos
3291 3092 3518 3138 constat.
3561 3082 3810 3151 Nunquid

2243 3196 2348 3235 non
2370 3193 2560 3248 magna
2584 3176 2987 3241 dissimilitudo,
3015 3175 3082 3230 de
3130 3177 3380 3244 paradiso
3423 3177 3490 3229 ad
3520 3175 3806 3238 infernum,

2241 3274 2308 3329 de
2341 3269 2533 3340 angelo
2553 3269 2622 3324 ad
2645 3267 2950 3338 jumentum
2970 3307 2985 3331 ,
3020 3267 3088 3320 ad
3112 3266 3380 3322 diabolum
3409 3269 3474 3322 de
3499 3267 3640 3322 Deo?
3670 3267 3811 3322 Vade
3858 3330 3862 3332 ,

2241 3378 2372 3432 ergo
2419 3373 2517 3430 per
2543 3357 2788 3414 forenses
2826 3356 3087 3412 tumultus
3114 3365 3170 3411 et
3206 3357 3294 3412 hic
3336 3359 3673 3413 decertantes
3706 3359 3813 3410 cir-

2243 3450 2534 3519 cumspice.
2583 3449 2854 3516 Quantum
2895 3463 3024 3501 vero
3069 3447 3284 3518 colligo,
3335 3447 3388 3501 in
3436 3448 3606 3502 tribus
3633 3448 3812 3501 causis

2244 3549 2393 3594 natat
2436 3541 2614 3595 omnis
2662 3539 2934 3593 voluntas.
2981 3538 3084 3592 Alii
3113 3539 3334 3603 divitiis,
3367 3539 3454 3592 alii
3497 3539 3812 3606 honoribus,

2243 3631 2333 3685 alii
2369 3630 2553 3701 gloriae
2592 3629 2917 3684 innituntur.

2313 3719 2501 3774 Curris
2545 3720 2610 3773 ad
2670 3719 2912 3783 lndiam,
2974 3717 3307 3787 AEthiopiam
3351 3718 3614 3783 circuis,‘
3643 3719 3812 3772 maria

2245 3808 2445 3862 transis
2469 3815 2525 3862 et
2554 3807 2717 3860 alium
2757 3809 2943 3872 orbem
2998 3806 3093 3862 tibi
3139 3807 3318 3875 aperis
3375 3806 3698 3877 navigando.
3753 3816 3816 3860 ut

2247 3899 2459 3955 divitias
2501 3912 2795 3968 congreges
2822 3937 2838 3963 ,
2895 3898 3038 3968 fugis
3079 3899 3342 3967 patriam,
3377 3898 3595 3969 ignoras
3643 3899 3812 3964 ﬁlios,

2245 3991 2520 4046 divelleris
2565 3991 2633 4045 ab
2679 4005 2888 4053 uxore,
2959 3998 3017 4043 et
3058 3990 3299 4044 omnium
3357 3989 3815 4045 necessitudinum

2247 4083 2446 4139 oblitus
2475 4084 2672 4154 quaeris
2703 4092 2759 4136 ιιι
2786 4083 3059 4152 acquiras,
3089 4083 3325 4152 acquiris
3357 4091 3418 4136 ut
3450 4097 3663 4152 pereas,
3689 4096 3815 4151 per-

2249 4173 2332 4228 dis
2383 4183 2442 4228 ut
2488 4173 2690 4238 doleas,
2721 4173 3056 4228 thesaurizas
3101 4183 3156 4227 ct
3187 4174 3404 4242 ignoras
3441 4173 3528 4227 cui
3570 4173 3814 4227 dictum:

2254 4283 2274 4316 ι
2327 4263 2450 4318 Filii
2493 4263 2794 4329 hominum,
2847 4278 3126 4332 usquequo
3177 4265 3327 4334 gravi
3373 4265 3565 4327 corde,
3607 4264 3819 4333 utquid

2249 4355 2469 4428 diligitis
2500 4358 2817 4422 vanitatem,
2839 4366 2892 4412 et
2919 4359 3160 4427 quaeritis
3187 4360 3562 4414 mendacium?
3595 4380 3616 4413 ι
3643 4358 3815 4429 (Psal.

585 4438 659 4492 sit
688 4437 778 4505 qui
809 4451 867 4490 se
894 4435 1191 4489 abscondat
1222 4436 1290 4490 ab
1324 4450 1510 4490 amore
1533 4434 1666 4504 ejus.
1699 4434 1756 4490 In
1783 4438 2148 4493 testimonium
2179 4477 2224 4537 Β
2251 4449 2348 4518 ιν,)
2401 4448 2468 4503 Et
2507 4449 2608 4504 hoc
2650 4449 2865 4517 quidem
2910 4464 3007 4519 pro
3046 4449 3266 4504 divitiis,
3317 4450 3455 4504 Audi
3497 4459 3550 4504 ει
3582 4450 3821 4506 breviter

584 4537 711 4582 sunt
759 4526 1214 4597 peregrinationes
1268 4527 1336 4582 ad
1381 4525 1630 4582 sanctum
1679 4527 1822 4584 illius
1872 4544 2068 4600 corpus
2117 4548 2147 4586 a

586 4617 780 4671 finibus
824 4626 982 4670 terra:
1010 4622 1298 4685 susceptae,
1338 4624 1396 4669 ut
1439 4613 1719 4670 videantur
1747 4632 1866 4686 qua:
1897 4633 1993 4688 per
2025 4633 2147 4673 eum

586 4707 720 4759 fiunt
773 4704 1056 4760 mirabilia.
1091 4703 1206 4757 Non
1235 4704 1406 4759 solum
1453 4714 1632 4760 autem
1662 4705 2008 4772 Christianis,
2055 4709 2149 4762 sed

583 4806 640 4850 et
667 4795 890 4866 paganis
937 4796 991 4849 in
1040 4802 1247 4849 tantam
1293 4797 1650 4851 reverentiam
1697 4797 1868 4852 sancti
1917 4797 2149 4851 nominis

586 4888 853 4943 advolavit
888 4889 1180 4943 auctoritas
1226 4896 1285 4942 ιιι
1316 4889 1565 4944 certatim
1613 4888 1885 4944 conﬂuant
1927 4889 1997 4943 ad
2035 4888 2152 4942 lau-

588 4978 819 5031 dandum
839 4985 894 5030 et
918 4977 1324 5046 gloriﬁcandum
1351 4992 1544 5033 nomen
1573 4985 1816 5031 sanctum
1844 4975 1980 5046 ejus.
2009 4978 2156 5032 Prte-

587 5071 745 5138 cipue
790 5070 1129 5123 sacerdotum
1176 5077 1232 5122 et
1277 5069 1598 5124 clericorum
1629 5069 1784 5124 turba
1813 5078 1958 5123 tanta
1988 5070 2152 5125 devo-

589 5158 907 5212 tioue‘circa
937 5158 1140 5211 cultum
1165 5157 1281 5228 ejus
1310 5157 1542 5213 alIicitur
1569 5165 1628 5211 ut
1661 5157 1716 5212 in
1744 5165 1856 5212 toto
1886 5166 2151 5212 terrarum

587 5251 721 5305 orbe
749 5248 1075 5320 quicunque,
1105 5249 1460 5318 undecunque
1479 5247 1642 5320 314
1665 5263 1724 5303 se
1745 5248 2066 5303 contradant
2085 5250 2154 5304 ad

589 5342 991 5410 obsequendum
1041 5349 1204 5394 tantae
1249 5339 1599 5394 solemnitati.
1656 5340 1930 5396 Laetamur
1976 5341 2152 5409 pueri,

585 5433 811 5504 juvenes
841 5431 1198 5501 gratulantur,
1223 5442 1490 5485 ornantur
1518 5432 1754 5502 virgines
1773 5472 1789 5498 ,
1819 5447 1975 5487 senes
2005 5431 2157 5486 exhi-

593 5523 836 5575 larantur
862 5531 916 5576 et
955 5523 1131 5577 omnis
1166 5530 1298 5575 aetas
1336 5532 1690 5591 personanter
1735 5523 1940 5576 alludit.
1975 5522 2154 5578 Unus-

594 5611 820 5681 quisque
847 5625 1025 5668 autem
1073 5615 1235 5669 habet
1276 5615 1554 5668 materiam
1591 5615 1927 5684 gaudiorum;
1957 5627 2017 5669 ut
2046 5615 2158 5670 lau-

595 5697 722 5753 dent
769 5703 918 5770 pueri
967 5719 1191 5774 puerum
1232 5703 1593 5776 jejunantem,
1635 5705 1863 5774 juvenes
1901 5707 2154 5777 juvenem

2256 4540 2323 4594 de
2349 4539 2683 4593 honoribus:
2717 4537 2917 4591 Ducem
2961 4548 3011 4592 te
3044 4540 3465 4604 constituerunt,
3505 4547 3559 4593 et
3586 4541 3708 4594 data
3735 4549 3820 4593 est

2257 4631 2352 4686 tibi
2385 4630 2614 4684 facultas
2639 4641 2696 4683 ut
2729 4629 2895 4683 miser
2937 4631 3033 4695 sis,
3065 4639 3120 4685 et
3140 4631 3368 4699 amplius
3409 4647 3512 4685 non
3552 4631 3819 4700 quiescas.

2256 4721 2572 4775 Cumulatur
2594 4721 2820 4774 materia
2849 4721 3290 4790 sollicitudinum,
3317 4735 3372 4778 et
3395 4724 3536 4778 inter
3555 4739 3822 4784 aerumnas

2256 4827 2353 4867 cor
2379 4811 2552 4878 ipsum
2599 4810 2910 4876 exedentes,
2956 4826 3181 4868 necesse
3219 4823 3304 4868 est
3350 4815 3555 4868 vultum
3599 4814 3823 4868 induere

2257 4903 2594 4973 gaudiorum.
2627 4901 2881 4973 Nunquid
2903 4903 2959 4958 in
2990 4905 3196 4960 honore
3225 4908 3345 4961 sine
3373 4906 3576 4973 dolore,
3607 4908 3657 4961 in
3685 4923 3826 4976 pra:-

2256 4991 2458 5047 latione
2481 4993 2597 5046 sine
2614 4991 2978 5059 tribulatione,
3006 4994 3058 5048 in
3091 4994 3422 5052 sublimitate
3442 4997 3562 5050 sine
3583 4997 3822 5050 vanitate

2257 5097 2381 5136 esse
2407 5083 2528 5151 quis
2571 5082 2796 5150 potest?
2833 5083 3036 5149 Miseri,
3067 5083 3219 5153 juxta
3245 5086 3646 5157 philosophum,
3678 5101 3824 5140 mer-

2258 5174 2444 5229 cedem
2493 5175 2836 5230 miseriarum
2903 5191 3185 5242 amamus,
3246 5178 3389 5248 ipsas
3455 5193 3820 5234 exsecramur.

2259 5265 2464 5335 Regum
2493 5266 2645 5321 nobis
2679 5267 2891 5324 animos
2939 5269 3244 5336 induimus,
3288 5280 3344 5326 et
3382 5271 3639 5340 quidquid
3671 5270 3825 5325 nobis

2258 5368 2325 5408 ex
2353 5354 2628 5410 voluntate
2651 5372 2757 5412 non
2787 5357 3094 5427 respondet,
3121 5359 3304 5413 statim
3327 5368 3518 5415 evocat
3543 5374 3682 5425 eam,
3724 5375 3828 5414 nec

2260 5446 2566 5499 communis
2605 5447 2936 5515 recogitatur
2991 5449 3342 5514 humanitas,
3407 5458 3462 5504 et
3517 5459 3694 5503 tamen
3742 5458 3828 5504 est

2263 5533 2460 5586 vermis
2510 5535 2798 5600 arroden‘s,
2830 5535 2990 5604 315
3041 5535 3134 5604 qui
3183 5539 3571 5592 conscientiam
3626 5538 3829 5608 jugiter

2261 5630 2510 5689 torqueat
2536 5640 2550 5676 :
2582 5623 2742 5678 timor
2766 5626 3020 5693 potentiae
3047 5627 3364 5696 superioris.

2329 5711 2454 5768 Haec
2481 5721 2561 5769 est
2579 5712 2878 5782 justissima
2913 5713 3024 5782 lex,
3053 5724 3113 5769 ut
3157 5715 3236 5771 sic
3260 5719 3409 5772 vivas
3437 5730 3560 5773 cum
3585 5714 3827 5772 inferiori
