4178 6454
384 320 488 375 837
560 348 571 355 ι
1764 346 2010 407 ειςῐιιιο
2024 348 2167 411 LIX.

3549 438 3651 459 ιτυυ

379 438 839 506 quoniadmodum
883 450 1219 517 superiorem
1235 456 1328 513 vis
1346 458 1538 516 vivere
1558 470 1767 520 tecum.
1818 466 1957 522 Audi
1990 468 2035 525 A
2064 470 2207 527 circa
2240 487 2466 536 mortem
2498 484 2906 561 panituerunt,
2948 502 3327 568 paenitentiam
3356 509 3522 588 313
3543 524 3651 575 ιιοῂ

379 539 433 584 Bt
907 543 1107 588 ﬂllfprig
1156 546 1382 588 alni-iam
1447 554 1697 588 nmnghnn
1747 557 1961 588 :nu:.l:.n
2069 565 2334 588 Α,.-.1ρ.,..,μ
2401 575 2412 586 ι
2476 577 2508 588 ι.
2588 581 2600 588 .

2337 531 2340 532 ν
2368 531 2465 536 ί--τ-
2499 531 2870 554 rwm-uv-um
2889 535 2906 561 ν
2951 531 3327 568 pwuuuuualn
3356 531 3522 588 διδ
3543 531 3651 575 non

370 539 433 584 ιρι
456 531 525 586 de
564 531 760 601 gloria.
803 536 859 592 Si
907 543 1107 610 quaeris
1155 546 1412 616 gloriam,
1447 554 1698 612 omnibus
1747 557 1961 614 invidiae
2067 565 2366 637 explentes,
2399 575 2602 649 indigni
2628 592 2693 637 ut
2720 588 2904 653 statim
2942 594 3249 666 gaudeant,
3282 617 3384 659 nec
3412 608 3560 679 digni
3591 623 3653 668 υι

375 624 585 679 semina
614 627 913 679 Dmbttisli-
940 633 1163 679 Inﬂatum
1182 654 1243 679 ne
1318 650 1368 679 nl
1396 646 1743 679 “mtto-n.4,.
1767 650 1959 679 mm...
2066 671 2209 679 ---μ
2334 678 2341 679 ,
2408 666 2423 679 .
2653 673 2665 679 _

2137 624 2153 636 '
2326 624 2366 637 "
2399 624 2507 631 ””““”“’
2549 624 2602 635 ’⁸⁸
2634 624 2693 637 “"
2720 624 2904 653 ⁰¹¹⁶¹⁵ῌ¹Ι
2979 624 3216 652 ιιιιυυίιηι
3282 624 3384 659 ηερ
3450 624 3464 661 ι

375 624 585 680 semina
614 627 914 696 praebuisti.
940 633 1163 693 inﬂatus
1182 654 1244 694 es
1275 680 1291 704 ,
1318 650 1373 696 et
1396 646 1744 702 ventilatorio
1766 650 1960 719 spiritu
2063 671 2280 729 semper
2325 624 2554 725 ardeannt
2575 711 2592 738 ,
2648 673 2768 732 loca
2838 624 3149 754 [nugatoria
3201 624 3560 767 sortiunttluilg'".l

375 713 566 767 Plenus
589 716 965 767 diSl’llﬂlMl‘iR-
1005 730 1368 767 Προν-Ξιιιρηιῖἷα
1384 740 1519 767 alant
1557 744 1608 767 In
1638 747 1939 767 ειν-...ιηο-η.
2067 746 2255 767 ..μειμη
2321 752 2350 767 ι-
2457 757 2492 767 ι.

1796 713 1810 719 “
2183 713 2267 729 I"
2327 713 2554 725 “""'"-
2652 713 2768 732 ινυα
2877 713 2928 735 ul
2976 713 3149 742 illUl'lil
3201 713 3293 747 50"
3378 713 3409 749 Π
3594 713 3605 717 ⁷

372 713 566 784 plenus
589 716 966 790 disrumperis,
1005 730 1369 785 necattendis
1384 740 1522 802 quot
1556 744 1608 789 te
1637 747 1957 806 sequantur,
2061 746 2261 815 quibus
2316 713 2678 830 flagellaniur,
2720 767 2814 820 sed
2838 713 2971 825 lno:
2993 775 3060 829 ad
3113 713 3642 857 insipig‘zagré

372 806 468 857 sed
507 816 641 857 auot
710 810 1040 857 nrmcedant-
1116 814 1605 857 Ωηηαιηηηοηηι...
1653 841 1840 857 Amm...
1889 829 1956 857 ,Α
2160 856 2167 857 ,
2222 852 2235 857 -
2535 851 2553 857 -

2079 806 2093 815 ’
2388 806 2647 825 ον’-νη·ν-σ
2720 806 2814 820 υνιι
2855 806 2961 825 ΙΙυΙΙ
2993 806 3060 829 (lu
3113 806 3136 831 Ιξ

371 806 468 860 sed
507 816 641 876 quot
710 810 1040 880 praecedant.
1116 814 1605 888 Conglomerantur
1652 841 1841 882 omnes
1888 829 1956 884 ad
2054 848 2121 892 ut
2149 846 2347 900 extorti
2375 806 2775 935 transferantur
2796 862 2863 916 ad
2892 878 3136 935 regnum,

371 897 758 935 rlnlralanndnm
790 901 885 935 ΙῖΙιῖ
942 900 1015 935 an"
1039 906 1465 935 n‘nln.l:--_.l._-_
1501 915 1700 935 as--_,“
1912 930 1923 935 -
2128 930 2159 935 _

2254 897 2257 898 ⁷
2284 897 2287 898 ⁷
2313 897 2346 900 ““
2379 897 2761 914 """"""""“l
2796 897 2862 916 αυ
2894 897 2907 917 Ι
2990 897 3136 924 ΙΙυΙΙΙ.

368 897 759 975 detrahendum
790 901 909 969 tibi,
942 900 1015 958 ad'
1039 906 1468 967 maledicendum
1501 915 1712 987 linguas
1731 930 1951 987 acuunt,
2125 930 2230 989 Pro
2279 937 2386 1006 his,
2438 945 2530 1013 qui
2577 946 2630 1002 in
2654 931 2813 1006 Accelo
2863 897 3011 1023 sum,
3040 975 3146 1016 non
3179 971 3468 1038 orandum,
3511 975 3639 1044 quia

368 996 422 1041 et
449 987 832 1044 argutissimas
858 1006 918 1044 es
965 993 1012 1044 si
1040 996 1125 1044 vel
1162 997 1400 1044 linmmm
1455 1005 1780 1044 unimanum
1813 1010 1952 1044 ςηυε-
2056 1034 2146 1044 μ-
2550 1034 2563 1044 .

2208 987 2220 989 ⁷
2279 987 2386 1006 ’⁷⁸⁷⁷
2480 987 2529 999 “··
2578 987 2813 1006 ""“W'V
2863 987 3011 1023 δίκην
3040 987 3146 1016 uuu
3179 987 3443 1025 orandum
3549 987 3639 1032 nia

367 996 422 1041 et
449 987 832 1059 argutissimas
858 1006 918 1047 es
965 993 1012 1048 si
1040 996 1125 1051 vel
1162 997 1426 1072 linguam,
1455 1005 1539 1061 vel
1556 1022 1780 1064 manum
1813 1010 1953 1066 invi-
2045 1034 2165 1086 eos,
2222 1041 2326 1081 ηοη
2375 987 2475 1100 pr;
2514 1034 2614 1103 eis,
2653 1053 2816 1098 amre
2859 1044 3141 1106 debemus.
3182 1052 3290 1110 Pro
3321 1058 3424 1126 his,
3452 987 3547 1131 in:
3582 1063 3639 1121 in

367 1075 557 1131 dorum
596 1081 777 1131 possis
828 1082 1077 1131 evadere-
1132 1087 1273 1131 Rom
1328 1094 1470 1131 ιιηιιρ
1514 1095 1779 1131 “manu...
1821 1115 1949 1131 MM
2052 1113 2137 1131 εξ..

2098 1075 2103 1076 γ
2130 1075 2164 1086 ε,
2223 1075 2325 1081 -'v--
2375 1075 2472 1100 ,νιν
2515 1075 2614 1103 vso,
2653 1075 2816 1098 υιαιῠ

364 1075 557 1132 dorum
596 1081 777 1149 possis
828 1082 1078 1140 evadere.
1132 1087 1274 1145 Ecce
1328 1094 1470 1149 unde
1514 1095 1790 1180 gloriosus
1821 1115 1950 1158 esse
2051 1113 2266 1174 inferno
2334 1133 2495 1191 sunt,
2543 1134 2934 1205 suspendenda:
2995 1153 3122 1198 sunt
3175 1161 3396 1216 preces,
3442 1155 3639 1223 quibus

364 1167 619 1223 volebas.
674 1169 941 1223 inglorius
980 1188 1102 1223 esse
1147 1181 1487 1223 t'mwinnaric
1547 1184 1760 1223 mnu“...
1800 1191 1943 1223 ....:..
2341 1220 2350 1223 -
2443 1217 2454 1223 .
2555 1219 2566 1223 _
2685 1220 2697 1223 -

364 1261 750 1319 inexorabilitts
776 1269 1126 1337 persequitur
1165 1273 1454 1331 multitudo
1482 1292 1645 1349 quam
1678 1280 1825 1337 illum
1850 1285 1942 1354 qui

360 1352 465 1407 sibi
515 1354 883 1413 multitudinis
932 1370 1154 1432 arrogat
1196 1365 1581 1438 principatum.
1637 1370 1813 1444 longe
1856 1352 1943 1432 his

360 1441 532 1498 tribus
559 1445 858 1513 potentiam
907 1457 963 1502 et
1003 1451 1360 1523 voluptatem,
1388 1472 1509 1526 qua:
1554 1467 1608 1514 et
1635 1441 1771 1531 ἰρεεί
1791 1464 1939 1520 tenui

354 1540 411 1586 et
459 1534 766 1602 perfusorio
814 1539 1014 1623 gaudio
1068 1544 1395 1614 rapiuntur,
1442 1557 1499 1605 et
1543 1549 1752 1609 videbis
1808 1557 1935 1625 quia

352 1624 508 1693 copia
536 1640 742 1697 pauper
767 1637 873 1694 est,
905 1629 1085 1686 honor
1105 1634 1348 1704 humilis,
1376 1639 1498 1695 vilis
1525 1642 1721 1712 gratia,
1752 1624 1936 1715 poten-

352 1715 426 1769 tia
459 1716 671 1784 debilis,
712 1728 768 1774 et
796 1719 1068 1778 laboriosa
1113 1725 1381 1798 voluptas,
1424 1740 1504 1795 ut,
1525 1733 1682 1801 juxta
1701 1734 1931 1805 Aposto-

351 1803 482 1872 lum,
514 1820 730 1863 omnem
759 1810 1087 1868 intellectum
1120 1815 1173 1870 in
1200 1816 1401 1875 Christi
1426 1822 1746 1894 obsequium
1787 1829 1922 1884 redi-
1960 1823 2004 1883 Β

347 1908 537 1965 gamus
563 1898 651 1970 (Il
680 1900 804 1955 Cor.
829 1904 912 1975 κ).
945 1906 1143 1976 Relege
1181 1911 1479 1969 maximum
1522 1915 1670 1972 illum
1709 1918 1930 1976 Latino-

341 2171 545 2237 omnia,
600 2174 727 2243 quia
778 2178 960 2233 omnia
1000 2187 1425 2253 contemnenda,
1457 2197 1515 2244 et
1565 2190 1632 2246 de
1677 2192 1764 2250 his
1808 2209 1927 2251 om-

339 2260 502 2331 nibus
529 2261 615 2318 l‘ac
642 2266 916 2322 sarcinam
949 2280 1114 2337 tuam,
1147 2274 1520 2349 contemptum
1552 2283 1757 2340 mundi.

407 2353 645 2411 Decursa
666 2352 798 2416 vero
832 2361 935 2417 hac
973 2366 1219 2436 regione,
1247 2378 1303 2424 et
1329 2372 1475 2441 quod
1521 2375 1813 2444 pretiosius
1837 2388 1923 2435 est

337 2424 463 2498 inde
516 2447 748 2515 sublato,
792 2452 961 2508 transi
1009 2424 1079 2510 ad
1122 2424 1440 2529 secundam,
1485 2424 1607 2533 quae
1649 2476 1736 2522 est
1761 2484 1921 2539 para-

334 2535 486 2591 disus
535 2537 861 2598 claustralis.
917 2542 1058 2625 Vere
1108 2547 1405 2607 claustrum
1470 2563 1555 2609 est
1606 2535 1913 2625 paradisus.

334 2624 435 2682 Hic
456 2638 616 2722 prata
644 2632 872 2689 virentia
894 2620 1323 2708 scripturarum,
1346 2620 1716 2714 praeterﬂuens
1740 2649 1915 2722 lacry-

336 2704 546 2772 maer
592 2721 916 2790 undositas,
958 2704 1122 2796 quam
1163 2731 1231 2786 de
1270 2704 1580 2802 purissimis
1627 2704 1912 2799 all‘ectibus

332 2819 488 2860 amor
516 2807 605 2864 ille
642 2811 888 2877 ctelestis
915 2817 1137 2887 eliquat.
1182 2820 1284 2877 Hic
1330 2833 1458 2880 sunt
1521 2828 1748 2885 arbores
1784 2846 1909 2887 ere-

328 2896 583 2954 ctissimaa
623 2901 808 2958 choris
858 2915 1195 2977 sanctorum,
1229 2913 1485 2985 nullaque
1508 2928 1627 2982 est,
1651 2934 1770 2988 quae
1802 2938 1906 2978 non

325 2987 489 3043 multa
524 2989 729 3048 fructus
754 2997 985 3065 gaudeat
1017 3001 1294 3057 ubertate.
1338 3005 1463 3061 llaec
1489 3016 1574 3062 est
1610 2987 1701 3064 illa
1731 3013 1905 3069 subli-

322 3079 426 3134 mis
455 3095 660 3148 mensa,
714 3085 771 3139 in
814 3101 924 3156 qua
964 3088 1110 3146 Deus
1155 3101 1242 3148 est
1289 3107 1345 3150 et
1396 3098 1587 3155 cibans
1631 3111 1688 3156 et
1724 3103 1899 3170 cibus,

319 3185 612 3228 munerans
657 3184 714 3230 et
742 3191 959 3247 munus,
991 3179 1226 3240 oll'erens
1267 3194 1323 3241 et
1373 3186 1638 3257 oblatum,
1670 3195 1896 3250 conviva

317 3269 375 3314 et
396 3263 729 3319 convivium.
760 3265 859 3323 llic
882 3280 1119 3341 aggesta:
1164 3284 1294 3331 sunt
1322 3275 1724 3349 Omnipoteotis
1760 3286 1897 3340 divi-

318 3349 426 3414 tiae,
454 3350 545 3407 bic
570 3353 748 3411 refusa
775 3366 862 3413 est
885 3359 1059 3431 gloria
1087 3366 1425 3435 angelorum.
1450 3370 1688 3430 Putasne
1719 3376 1896 3433 nullas

316 3439 407 3495 hic
427 3455 553 3498 esse
584 3447 876 3515 nundinas,
908 3461 966 3507 et
986 3453 1146 3509 otiari
1181 3456 1304 3511 illos
1326 3460 1419 3528 qui
1453 3462 1704 3519 habitant
1734 3467 1896 3522 unius

314 3534 483 3590 moris
529 3536 582 3591 in
631 3538 1029 3614 domo?(Psal.
1062 3549 1256 3613 va-n.)
1302 3549 1502 3609 Videas
1538 3554 1684 3611 hunc
1722 3559 1895 3614 sacris

312 3624 634 3685 lectionibus
678 3631 1050 3692 intendentem
1076 3678 1092 3705 ,
1134 3639 1290 3697 illum
1348 3643 1750 3704 incumbentem
1771 3665 1896 3706 ora-

312 3715 599 3808 tiouibus,_
629 3721 773 3779 hunc
827 3740 927 3795 pro
966 3728 1081 3784 suis
1129 3733 1445 3791 excessibus
1473 3735 1890 3808 lacrymantem,

304 3803 461 3860 illum
501 3807 556 3862 in
590 3799 689 3866 Dei
727 3811 984 3872 laudibus
1023 3820 1421 3891 exsultantem,
1478 3799 1623 3884 hunc
1660 3799 1893 3901 vigilan;

309 3903 441 3962 tem,
480 3896 862 3970 jejunantem,
909 3917 965 3962 et
997 3908 1149 3965 illum
1198 3911 1375 3969 oﬂicio
1402 3915 1620 3985 pietatis
1668 3896 1769 3976 sibi
1824 3924 1892 3978 ad

303 3985 538 4043 invicem
626 3990 888 4051 invidere.
940 3996 1111 4056 Nocte
1139 4017 1477 4077 consurgunt
1522 4011 1589 4065 ad
1625 4013 1890 4070 conﬁten-

305 4078 490 4136 tedum
571 4081 712 4151 Deo;
743 4100 990 4158 vespere,
1039 4107 1199 4150 mane
1225 4105 1283 4151 et
1308 4098 1546 4155 meridie
1582 4113 1806 4159 narrant
1833 4116 1889 4161 et

300 4172 627 4228 annuntiant
655 4174 867 4233 laudem
899 4181 1037 4251 ejus,
1058 4191 1124 4239 et
1154 4186 1334 4242 omnis
1369 4187 1582 4245 illorum
1624 4194 1885 4252 sedulitas

299 4260 353 4316 in
402 4263 589 4321 orbem
638 4266 807 4325 divini
848 4281 1061 4331 rotatur
1107 4277 1375 4349 obsequii.
1422 4281 1594 4339 Curre
1628 4300 1759 4357 ergo
1785 4303 1885 4358 per

297 4369 509 4426 omnes,
531 4375 691 4417 curre
717 4379 816 4436 per
841 4368 1106 4440 singulos,
1134 4382 1191 4428 et
1221 4376 1289 4431 de
1320 4378 1589 4436 universis
1617 4391 1672 4438 et
1694 4384 1881 4457 singu-

295 4445 364 4503 lis
388 4447 473 4506 fac
496 4454 768 4511 sarcinam
794 4466 961 4528 tuam,
982 4463 1220 4520 formam
1242 4469 1480 4526 vivendi.

367 4537 576 4596 Relicto
606 4558 736 4616 ergo
784 4550 986 4605 mundo
1032 4561 1089 4607 et
1137 4557 1296 4612 modo
1341 4558 1554 4617 vivendi
1599 4575 1870 4636 suscepto,

295 4631 464 4687 transi
495 4633 563 4688 ad
595 4637 833 4707 tertiam,
857 4656 978 4711 quas
1005 4655 1091 4702 est
1119 4649 1271 4721 regio
1300 4653 1650 4723 expiationis.
1683 4659 1738 4714 lu
1758 4631 1874 4718 hac

217 4754 228 4761 .
293 4719 515 4789 regione
542 4724 807 4798 benignus
832 4728 994 4788 Pater
1013 4719 1292 4795 examinat
1327 4719 1468 4800 ﬁlios
1506 4747 1870 4820 rubiginosos,

289 4812 432 4869 sicut
481 4819 829 4878 examinatur
897 4839 1210 4901 argentum;
1264 4838 1414 4894 ducit
1463 4857 1562 4910 per
1597 4812 1783 4923 ignem
1815 4857 1872 4906 et

288 5011 372 5053 na:
398 5009 525 5056 sunt
544 5002 919 5067 distinctiones
958 5012 1224 5085 locorum,
1255 5036 1390 5090 quos
1419 5039 1518 5093 pro
1553 5027 1870 5090 diversitate

286 5090 602 5149 meritorum
654 5097 850 5156 animat
898 5104 1216 5162 sortiuntur.
1269 5109 1349 5166 Ad
1394 5090 1590 5173 coelum
1632 5134 1867 5192 namque

284 5179 469 5235 statim
517 5183 757 5251 evolant,
810 5191 904 5260 qui
947 5191 1222 5251 domicilio
1270 5204 1515 5272 corporis
1566 5209 1648 5262 usi
1697 5179 1875 5280 sunt

286 5275 542 5340 tanquam
603 5289 857 5347 carcere,
894 5283 989 5353 qui
1036 5284 1350 5345 defaecatam
1392 5307 1691 5368 puramque
1736 5275 1863 5360 sub;

283 5364 535 5419 stantiam
555 5368 841 5442 utriusque
863 5375 1104 5433 hominis
1126 5393 1505 5442 servaverunt.
1527 5364 1858 5454 Econtrario

281 5450 374 5519 qui
421 5451 670 5513 fecerunt
715 5477 888 5534 usque
931 5468 999 5523 ad
1041 5480 1271 5529 mortem
1298 5516 1313 5542 ,
1361 5492 1482 5548 qua:
1529 5482 1688 5555 digna
1734 5450 1860 5546 sunt

278 5551 475 5610 morte,
517 5546 651 5606 locis
696 5555 1085 5624 gehennalibus
1124 5564 1242 5620 sine
1290 5546 1661 5631 misericordia
1692 5581 1861 5651 depu-

281 5638 482 5690 tantur.
537 5639 639 5708 Qui
700 5660 832 5733 vero
884 5659 1134 5710 neutrum
1194 5669 1360 5727 sunt,
1392 5664 1485 5720 sed
1539 5679 1664 5726 sunt
1715 5638 1859 5732 inter

278 5735 590 5803 utrumque,
639 5737 732 5807 qui
774 5742 1022 5800 mort‘alia
1055 5748 1855 5835 quidenrcommiserunt,'scd

2041 1204 2233 1262 clausa
2272 1220 2355 1266 est
2384 1204 2769 1278 misericordia:
2801 1225 2966 1295 janua
2998 1243 3054 1287 et
3084 1204 3250 1292 totius
3292 1204 3416 1310 spes
3448 1204 3636 1299 inter-

2040 1294 2196 1351 elusa
2244 1301 2458 1360 salutis.
2510 1308 2617 1365 Pro
2660 1311 2768 1370 illis
2808 1294 3027 1376 tantum
3079 1294 3409 1397 vigilandum
3454 1345 3539 1391 est
3577 1337 3633 1394 in

2040 1392 2406 1463 orationibus,
2454 1402 2884 1465 subveniendum
2923 1392 3193 1474 sacriﬁcio
3219 1422 3503 1494 singulari,
3535 1436 3631 1499 qui

2041 1481 2175 1539 locis
2224 1491 2595 1561 purgabilibus
2645 1502 3034 1571 emundantur,
3081 1517 3141 1563 ut
3169 1481 3437 1585 benignus
3465 1481 3631 1576 Daier

2036 1576 2414 1644 paenitentiam
2481 1600 2669 1643 eorum
2760 1592 2816 1648 in
2863 1576 3343 1672 satisfactionem:
3382 1610 3632 1671 ~satisfa-

2033 1665 2269 1724 ctionem
2335 1673 2388 1727 in
2441 1675 2892 1746 gloriﬁcationcm
2955 1689 3066 1745 cito
3112 1665 3414 1754 convertat.
3459 1701 3630 1762 Curre

2035 1757 2230 1816 iterum
2277 1780 2378 1835 per
2426 1767 2561 1826 istos
2609 1773 2808 1831 intuitu
2841 1780 3083 1850 pictatis,
3121 1795 3175 1841 et
3228 1787 3317 1845 fac
3352 1795 3624 1851 sarcinam

2037 1858 2216 1918 tuam,
2268 1853 2521 1914 aﬂ'cctum
2571 1867 2953 1947 compatiendi.

2102 1942 2307 2011 Quarta
2358 1952 2527 2021 regio,
2573 1965 2656 2010 est
2687 1942 3225 2036 regio‘geliennalis,
3260 1976 3410 2046 regio
3458 1980 3618 2049 dura,

2028 2034 2180 2104 regio
2208 2038 2633 2109 extimescenda,
2669 2056 2816 2105 terra
2844 2053 3175 2126 alllictionis,
3210 2034 3354 2118 terra
3393 2068 3620 2127 oblivio-

2032 2125 2136 2189 nis,
2197 2137 2346 2184 terra
2402 2132 2787 2205 miseriarum,
2845 2151 2988 2200 terra
3052 2152 3415 2220 tenebrarum,
3471 2166 3615 2217 terra

2024 2220 2260 2276 turbinis
2299 2235 2354 2278 et
2417 2226 2681 2298 caliginis,
2730 2242 2873 2290 terra
2918 2239 3311 2301 malcdictiouis
3359 2256 3415 2302 et
3463 2240 3614 2306 mor;

2026 2311 2119 2375 tis,
2175 2313 2227 2366 in
2272 2329 2379 2384 qua
2419 2319 2604 2376 nullus
2655 2324 2807 2392 ordo,
2871 2330 2967 2383 sed
3021 2334 3381 2404 sempiternus
3422 2340 3617 2399 horror

2020 2403 2312 2461 inhabitat.
2370 2408 2539 2466 Totus
2590 2422 2763 2472 tremo
2815 2431 2979 2491 atque
3031 2403 3230 2481 horreo
3286 2433 3352 2485 ad
3404 2448 3613 2490 memo-

2018 2496 2158 2550 riam
2224 2498 2467 2569 regionis
2531 2502 2730 2572 istius,
2795 2519 2852 2564 et
2906 2526 3165 2570 concussa
3232 2529 3360 2574 sunt
3429 2526 3610 2579 omnia

2016 2600 2138 2638 ossa
2170 2603 2308 2643 mea.
2340 2590 2451 2646 lllic
2478 2602 2561 2648 est
2603 2595 2764 2666 ignis,
2803 2601 2897 2670 qui
2938 2620 3043 2658 non
3082 2610 3449 2678 succenditur,
3486 2629 3609 2669 ver-

2013 2678 2117 2731 mis
2162 2680 2251 2748 qui
2300 2697 2405 2737 non
2457 2685 2691 2741 moritur
2743 2689 3087 2762 (lsai.1.xvt),
3151 2697 3324 2770 frigus
3378 2702 3605 2758 horren-

2012 2766 2162 2822 dum.
2216 2769 2292 2826 lbi
2342 2772 2484 2830 fetor
2514 2777 2872 2838 intolerabilis
2920 2787 3186 2854 exoritur,
3229 2766 3602 2860 percutientcs

2011 2857 2190 2913 mallei
2223 2874 2480 2918 resonant
2505 2864 2864 2937 incessanter,
2897 2873 3102 2932 obfusa;
3136 2883 3372 2937 tenebrae
3410 2901 3601 2941 cumu-

2010 2947 2175 3005 latius
2203 2952 2575 3031 indensantur.
2606 2961 2717 3017 lllic
2747 2966 2992 3023 confusio
3019 2982 3390 3043 peccatorum,
3419 2980 3594 3035 horri-

2008 3037 2132 3093 bilis
2162 3028 2331 3099 facies
2371 3046 2709 3118 daemonum,
2742 3053 3202 3116 inextricabilium
3249 3065 3595 3125 vinculorum

2008 3126 2206 3185 fertilis
2264 3132 2571 3203 multitudo.
2626 3139 2702 3195 lbi
2771 3141 2927 3200 ﬂetus
2981 3155 3036 3200 et
3091 3150 3296 3207 stridor
3351 3155 3593 3213 dentium

2006 3219 2222 3291 (Matth.
2279 3242 2411 3295 xm;
2450 3229 2583 3285 Luc.
2618 3234 2781 3306 xiii),
2812 3238 3065 3307 planctus
3120 3256 3175 3299 et
3223 3249 3477 3317 gemitus,
3539 3260 3596 3308 et

1998 3310 2319 3370 alternantia
2382 3320 2524 3375 mala
2572 3322 2768 3392 impios
2824 3329 2943 3384 sine
2999 3310 3589 3408 pietate'discerpunt.

1997 3401 2141 3459 Nihil
2179 3405 2258 3461 sic
2294 3410 2438 3465 valet
2464 3412 2532 3467 ad
2573 3417 2952 3487 exstirpandas
2982 3424 3319 3495 voluptatum
3347 3401 3587 3498 radices,

1996 3509 2159 3564 quam
2208 3498 2435 3556 istorum
2499 3508 2762 3563 memoria
2816 3521 2869 3565 et
2921 3516 3226 3574 recordatio
3301 3520 3584 3577 vulnerum

1994 3585 2205 3642 Domini
2260 3592 2389 3655 mei,
2444 3595 2537 3664 qui
2586 3599 2738 3654 stetit
2788 3610 2918 3657 ante
2958 3602 3220 3675 iudicem,
3272 3611 3363 3681 qui
3399 3612 3585 3681 alapas

1995 3678 2226 3747 accepit,
2257 3680 2348 3749 qui
2375 3681 2677 3754 ﬂagellatus
2715 3698 2817 3755 est,
2842 3693 2931 3762 qui
2957 3678 3394 3771 conspulusiqui
3421 3678 3583 3760 coro-

1994 3774 2156 3831 natus
2185 3770 2377 3839 Spinis,
2417 3775 2509 3844 qui
2539 3777 2785 3849 colaphis
2833 3797 3023 3851 caesus,
3053 3787 3144 3857 qui
3187 3803 3484 3860 suspensus
3523 3794 3578 3848 in

1991 3858 2159 3931 ligno,
2192 3864 2277 3918 cui
2335 3868 2595 3936 pendenti
2632 3872 2949 3931 insultatum
2978 3887 3080 3944 est,
3117 3882 3208 3950 qui
3239 3858 3483 3942 mortuus
3525 3888 3578 3943 in

1990 3965 2168 4014 cruce,
2232 3955 2324 4024 qui
2382 3956 2567 4015 lancea
2629 3978 2952 4033 percussus,
3005 3971 3097 4040 qui
3150 3974 3429 4043 sepultus,
3483 3979 3576 4047 qui

1989 4046 2450 4118 resurrexit,‘qui
2494 4054 2740 4109 ascendit
2790 4057 2857 4111 ad
2902 4060 3103 4128 coelos,
3149 4064 3239 4133 qui
3294 4065 3426 4122 fecit
3474 4084 3575 4125 nos

1987 4145 2211 4200 regnum
2240 4143 2297 4189 et
2340 4140 2656 4198 sacerdotes
2694 4143 2805 4200 Deo
2841 4156 2898 4201 et
2919 4147 3089 4205 Patri.
3136 4151 3306 4209 Curre
3350 4171 3448 4226 per
3474 4158 3575 4216 has

1984 4223 2371 4283 tumultuantes
2406 4232 2697 4301 nundinas,
2730 4245 2791 4291 ut
2814 4238 3005 4296 vivens
3047 4223 3434 4303 descendas-in
3483 4251 3571 4306 in-

1980 4312 2222 4384 fernum,
2253 4330 2309 4375 et
2351 4319 2438 4378 fac
2466 4326 2738 4382 sarcinam
2772 4339 2948 4400 tuam,
2979 4335 3161 4390 odium
3192 4341 3426 4408 peccati.

2048 4406 2246 4475 Quinta
2302 4414 2454 4483 regio
2483 4425 2567 4472 est
2615 4422 2901 4488 paradisus
2950 4406 3374 4501 supercrelestis,
3421 4436 3573 4507 regio
3646 4458 3659 4471 ι

1905 4533 1956 4593 D
1979 4497 2141 4554 beata
2166 4512 2222 4556 et
2247 4503 2502 4574 gloriosa,
2556 4509 2716 4578 plena
2745 4513 3042 4586 voluptatis
3076 4529 3132 4575 et
3168 4497 3567 4593 glorimvsuavi-

1983 4590 2109 4646 tatis
2131 4601 2188 4647 et
2216 4595 2435 4663 laetitiae,
2467 4601 2658 4670 gratiae
2684 4612 2737 4659 et
2768 4605 3142 4679 benignitatis.
3176 4590 3252 4668 lbi
3292 4617 3504 4685 requies
3533 4633 3564 4672 a

1979 4678 2184 4745 labore,
2236 4681 2551 4753 jucunditas
2582 4692 2649 4749 de
2677 4678 2941 4765 novitate,
2985 4701 3053 4756 de
3076 4678 3384 4761 aeternitate
3402 4721 3561 4764 secu-

1978 4772 2132 4828 ritas.
2154 4773 2231 4831 Ibi
2271 4785 2354 4833 est
2379 4779 2574 4839 civitas
2594 4783 2762 4859 Regis
2794 4791 2994 4874 magni,
3028 4792 3179 4862 cujus
3208 4787 3564 4864 platcze‘con-

1976 4862 2160 4922 stratae
2200 4877 2329 4925 sunt
2355 4886 2491 4929 auro
2535 4878 2846 4947 purissimo,
2893 4862 3014 4951 quae
3061 4862 3348 4941 fecundata
3376 4897 3461 4944 est
3502 4890 3557 4945 in

1975 4956 2267 5027 sapphiris,
2285 4960 2339 5015 in
2361 4976 2467 5033 qua
2485 4962 2715 5037 jaspidis
2725 4973 3124 5041 propugnacula
3140 4978 3555 5050 praevirescunt,

1970 5055 2023 5101 et
2051 5062 2151 5118 per
2197 5051 2444 5111 ordinem
2485 5057 2692 5128 lapides
2722 5060 3142 5146 ginsternuntur.
3175 5067 3310 5126 Nam
3349 5072 3555 5146 lapides

1967 5136 2194 5205 pretiosi
2237 5156 2430 5199 omnes
2473 5146 2612 5200 muri
2645 5143 2763 5216 ejus
2795 5149 2979 5221 (Apoc.
3031 5156 3170 5228 xxi).
3219 5159 3333 5216 lllic
3366 5136 3554 5222 omnes

1965 5225 2173 5296 vivunt,
2230 5232 2410 5290 nullus
2463 5238 2727 5305 moritur;
2757 5253 2950 5300 omnes
2998 5225 3275 5307 exsultant
3316 5252 3371 5308 in
3420 5269 3552 5312 voce

1965 5316 2362 5377 exsultationis.
2388 5323 2689 5382 lntraverat
2713 5327 2882 5389 David
2911 5334 2965 5390 in
3003 5342 3370 5398 sanctuarium
3409 5344 3544 5417 ejus,

1961 5418 2018 5465 et
2041 5422 2222 5469 mente
2255 5429 2567 5474 excesserat
2622 5420 2754 5490 Deo,
2800 5442 2903 5483 nec
2941 5437 3121 5488 tamen
3161 5434 3363 5506 aliquid
3401 5438 3547 5502 aliud

1959 5503 2134 5573 potuit
2161 5514 2457 5575 asportare.
2491 5511 2620 5579 nisi,
2650 5517 2776 5584 quia
2810 5537 2829 5570 ‹
2871 5518 3104 5591 gloriosa
3135 5503 3279 5581 dicta
3306 5538 3429 5586 sunt
3479 5531 3546 5586 de

1959 5593 2232 5656 te,civitas
2251 5594 2345 5652 Dei
2379 5596 2552 5670 (Psal.
2581 5608 2839 5679 Lxxxvi);
2872 5630 2890 5661 ι
2918 5621 2974 5667 et
3003 5613 3162 5670 illud:
3192 5635 3212 5669 ι
3248 5618 3419 5688 Beati,
3449 5624 3542 5695 qui

1959 5682 2207 5741 habitant
2229 5689 2281 5743 in
2308 5690 2470 5749 domo
2500 5706 2612 5764 tua,
2641 5697 2888 5779 Domine,
2918 5705 2970 5761 in
2999 5709 3194 5766 saecula
3222 5682 3541 5779 saeculorum

1959 5775 2256 5838 laudabunt
2288 5793 2337 5840 te
2367 5784 2539 5857 (Psal.
2573 5778 2862 5863 manu)»
2894 5797 3089 5858 Nescio
3114 5804 3245 5874 quid
3282 5775 3538 5882 magnum
