4178 6474
586 347 693 406 839

1223 343 1283 400 8.
1325 343 1531 399 PETRI
1559 343 1840 399 DAMIANI
1878 342 2030 402 OPP.
2060 344 2240 401 PARS
2278 340 2410 399 SEU
2441 340 2677 396 TOMUS
2706 336 2769 394 ll.
2809 366 2879 380 —
2907 333 3292 393 SERMONES.

3754 333 3862 393 840

593 460 951 534 promittitur,
1004 458 1192 514 videre
1250 456 1422 513 Deum
1455 465 1512 514 et
1563 456 1807 512 laudare.
1863 475 1884 508 ι
1933 456 2174 512 ιωιοιιιε
2201 463 2252 534 Α
2276 467 2438 523 quam
2467 451 2522 506 in
2551 450 2732 522 lingua
2764 464 2886 505 mea
2911 447 3083 520 (Psal.
3108 446 3367 519 xxxvm).
3392 467 3412 504 ι
3451 449 3648 505 Verum
3667 450 3755 506 ille
3780 453 3863 508 vir

594 532 716 608 sum
749 568 769 602 ι
794 559 963 618 etego
989 565 1008 599 ‹
1032 547 1086 602 in
1110 548 1214 611 his,
1242 562 1365 618 quae
1384 547 1528 603 dicta
1559 556 1685 602 sunt
1715 546 1867 612 mihi,
1893 547 1946 602 in
1962 547 2181 602 donmm
2199 532 2217 548 ’

595 638 809 696 Domini
855 638 1053 693 ibimus
1083 635 1259 707 (Psal.
1285 640 1457 706 cxxi).
1498 655 1517 688 ι
1547 635 1668 692 Jam
1704 646 1913 693 stamus
1943 637 1998 691 in
2029 637 2182 693 atriis

594 727 958 793 Hierusalem,
983 727 1096 798 jam
1124 743 1153 780 e
1179 727 1447 782 vestibulo
1475 742 1686 798 magna:
1711 727 1953 782 civitatis
1983 728 2180 797 gaudia

593 804 948 872 somniamus.
994 815 1168 871 Curre
1226 817 1390 889 igitur
1452 825 1510 871 et
1546 817 1710 887 317
1761 831 1858 888 per
1903 818 2181 889 regionem

593 910 778 971 istam,
805 914 860 962 et
887 905 974 962 fac
1001 907 1295 971 sarcinam,
1325 920 1566 963 amorem
1595 907 1715 960 Dei.

667 1017 688 1050 ‹
718 997 1080 1069 Negotiamini
1105 1012 1236 1068 ergo
1255 997 1426 1052 donec
1447 999 1631 1052 veniat
1654 999 1820 1053 homo
1848 998 1936 1053 ille
1959 997 2178 1064 nobilis,

592 1087 686 1156 qui
713 1087 844 1141 abiit
865 1088 918 1142 in
949 1086 1307 1156 longinquam
1337 1088 1614 1157 regionem
1645 1088 1892 1158 accipere
1951 1089 2051 1144 sibi
2091 1103 2181 1144 re-

592 1193 756 1250 gnum
775 1187 828 1232 et
841 1177 1036 1232 reverti
1052 1176 1205 1249 (Luc.
1221 1176 1360 1244 xix).
1382 1197 1400 1230 ι
1419 1177 1742 1233 Revertetur
1769 1179 1946 1249 plane,
1977 1189 2031 1236 et
2054 1188 2182 1236 tunc

592 1283 716 1322 cum
756 1265 938 1322 usuris
965 1267 1145 1334 exiget
1190 1267 1480 1338 pecuniam
1529 1282 1695 1337 quam
1749 1268 2178 1324 tradiditnobis.

592 1356 739 1412 Nihil
791 1356 992 1428 perdit,
1051 1355 1185 1411 nihil
1233 1356 1614 1422 obliviscitur,
1671 1357 1806 1412 nihil
1857 1357 2178 1427 impunitum

593 1448 870 1518 relinquit.
936 1445 1315 1516 Supplicemus
1378 1448 1544 1520 igitur
1597 1447 1896 1504 confessori
1953 1456 2012 1502 ut
2069 1449 2170 1504 Re.

593 1538 862 1610 demptori
893 1546 1104 1604 nostro,
1131 1538 1308 1594 amico
1355 1552 1478 1601 suo,
1507 1551 1607 1607 pro
1645 1537 1806 1593 nobis
1856 1537 2014 1594 hodie
2049 1553 2178 1608 sup-

593 1627 799 1700 plicare
820 1627 1096 1701 dignetur,
1127 1628 1219 1702 qui
1243 1636 1329 1686 est
1355 1627 1500 1684 Deus
1532 1628 1849 1686 benedictus
1879 1629 1934 1684 in
1958 1628 2174 1686 saecula.

592 1719 785 1774 Amen.

1323 1805 1440 1866 LX.

656 1914 681 1938 ‘
717 1931 946 1971 nouma
985 1932 1037 1972 ια
1077 1932 1275 1972 victus
1309 1933 1537 1974 manus
1562 1932 1770 1974 DOMINI.
1801 1917 2121 1990 (unum)

669 2006 908 2062 Tandem
947 2009 1015 2064 de
1059 2011 1199 2066 mari
1245 2011 1314 2066 ad
1361 2019 1618 2080 portum,
1670 2011 1736 2066 de
1792 2009 2060 2080 promisso
2106 2009 2176 2066 ad

591 2099 892 2169 prmmium,
945 2099 1013 2154 de
1048 2100 1238 2157 labore
1279 2100 1348 2155 ad
1395 2099 1660 2170 requiem,
1701 2100 1769 2156 de
1799 2102 2177 2170 desperatione

591 2187 658 2240 ad
684 2201 859 2258 spem,
887 2187 954 2242 de
975 2189 1061 2243 via
1109 2190 1176 2244 ad
1202 2188 1436 2258 patriam
1471 2189 1838 2256 pervenimus.
1869 2189 2178 2260 Scripserat

591 2276 806 2346 quidem
828 2279 983 2332 nobis
1004 2276 1381 2347 frequentibus
1394 2276 1639 2347 epistolis
1664 2297 1683 2329 ι
1709 2277 1954 2336 calamus
1983 2281 2176 2338 scribae

589 2366 846 2424 velociter
879 2367 1172 2423 scribentis
1208 2365 1381 2437 (Psal.
1425 2367 1596 2438 κων),
1645 2387 1664 2421 ι
1698 2368 1990 2440 Exspecta,
2019 2385 2178 2427 reex-

589 2469 805 2527 specta;
866 2458 960 2513 sed
1010 2471 1110 2510 nos
1134 2495 1152 2522 ,
1187 2457 1331 2526 quod
1381 2458 1727 2531 subjungitur
1750 2500 1766 2527 ,
1812 2461 1994 2516 dicere
2025 2471 2177 2532 pote.

589 2563 774 2604 ramus
816 2564 832 2601 :
896 2567 914 2598 ‹
961 2545 1232 2602 Modicum
1288 2547 1397 2614 ibi,
1470 2557 1526 2605 et
1583 2551 1853 2608 modicum
1905 2552 1978 2608 ibi
2015 2552 2173 2624 (Ira.

590 2638 801 2708 xxvm).
835 2655 854 2688 ›
900 2634 1316 2693 Praecurrerant
1363 2654 1617 2696 cursores
1653 2643 2016 2712 promissione
2043 2643 2178 2700 divi=

591 2743 710 2796 tes,
761 2728 857 2784 sed
907 2728 1244 2787 exhibitione
1297 2733 1653 2802 pauperrimi.
1719 2735 1944 2793 Dicebat
1989 2735 2171 2794 alius:

592 2843 612 2874 ε
656 2821 895 2880 Viriliter
936 2837 1059 2893 age,
1089 2833 1146 2880 et
1172 2823 1516 2882 confortetur
1547 2841 1644 2882 cor
1687 2835 1864 2891 tuum,
1886 2836 1942 2883 et
1967 2828 2174 2888 sustine

588 2912 871 2968 Dominum
900 2910 1073 2983 (Psal.
1121 2914 1301 2984 xxvu);
1342 2933 1362 2966 ι
1406 2915 1545 2972 alter
1582 2931 1712 2972 vero
1760 2935 1774 2971 :
1823 2935 1843 2968 ι
1877 2915 1935 2972 Si
1965 2932 2172 2976 moram

587 3002 796 3068 fecerit,
809 3011 1064 3073 exspecta
1076 3006 1361 3074 eum,quia
1375 3006 1600 3064 veniens
1613 3009 1792 3065 veniet
1809 3009 2037 3078 (Hebae.
2052 3011 2135 3082 ιι).
2149 3029 2169 3065 ι

586 3093 713 3148 Pari
738 3094 963 3150 consilio
991 3096 1241 3151 exierant
1273 3097 1342 3155 de
1390 3099 1702 3154 sanctuario
1737 3099 1854 3165 Dei,
1904 3101 2040 3157 nihil
2079 3117 2172 3160 se~

583 3199 728 3244 cum,
771 3183 877 3239 nisi
912 3185 1330 3255 promissionum
1374 3187 1778 3244 multitudinem
1810 3199 2169 3260 reportantes.

587 3273 742 3330 Unde
778 3284 832 3330 et
885 3277 1170 3333 citharista
1212 3288 1400 3334 noster
1447 3280 1562 3351 jam
1616 3282 2013 3339 dormitaverat
2059 3301 2173 3356 pm

587 3369 769 3433 taedio,
810 3379 866 3424 et
897 3370 949 3424 in
979 3371 1152 3440 ipsum
1179 3372 1350 3426 Deum
1393 3373 1574 3428 tacitis
1607 3373 2026 3444 obligationibus
2069 3377 2172 3449 [al-

583 3454 965 3531 legationibus]
989 3468 1160 3514 totam
1195 3461 1410 3532 culpam
1462 3463 1636 3519 modis
1683 3463 1953 3522 flebilibus
1999 3468 2173 3522 intor-

583 3551 803 3618 quebat.
847 3570 863 3602 ι
891 3550 970 3605 Tu
1016 3566 1165 3618 vero,
1219 3552 1410 3623 inquit,
1462 3554 1710 3624 repulisti
1753 3565 1812 3610 et.
1855 3557 2170 3628 despexisti,

583 3641 841 3696 distulisti
873 3643 1150 3697 Christum
1184 3651 1335 3699 tuum
1379 3643 1554 3716 (Psal.
1588 3648 1908 3718 Lxxxvul).a
1952 3649 2028 3705 De
2069 3649 2172 3707 lle-

586 3733 682 3788 bili
706 3749 925 3804 quoque
953 3734 1018 3789 ad
1049 3735 1520 3806 intemperativum
1562 3752 1858 3794 conversus
1885 3747 1991 3804 est,
2041 3757 2171 3797 exa-

581 3824 791 3892 gitante
843 3824 1203 3893 impatientia,
1233 3841 1354 3895 quae
1403 3835 1580 3882 mater
1602 3835 1688 3882 est
1716 3829 2065 3898 impudentiae
2112 3839 2171 3888 et

581 3913 960 3970 frontositatis.
1014 3934 1032 3966 ι
1063 3915 1165 3983 Qui
1198 3916 1376 3981 sedes,
1425 3917 1620 3987 inquit,
1663 3933 1827 3988 super
1861 3922 2168 3988 cherubim,

582 4003 936 4060 manifestare
989 4003 1163 4074 (Psal.
1219 4005 1429 4074 una).
1467 4025 1486 4058 ι
1516 4005 1587 4062 Ut
1620 4009 1748 4078 quid
1786 4010 1971 4064 tandiu
1996 4011 2170 4068 domi-

584 4096 784 4149 natrici
842 4096 1043 4162 sedens
1094 4096 1147 4150 in
1201 4097 1480 4162 cathedra,
1544 4097 2069 4156 circumvolantibus
2111 4112 2170 4158 et

581 4186 907 4242 vallantibus
937 4161 1166 4259 angelis,
1195 4204 1303 4244 non
1347 4190 1576 4259 respicis
1615 4206 1780 4262 super
1806 4192 1947 4249 filios
1992 4193 2168 4250 homi-

583 4290 730 4338 num,
788 4292 923 4345 quos
973 4279 1253 4332 absorbuit
1297 4287 1352 4334 et
1394 4279 1675 4338 absorbuit
1726 4283 2021 4352 iniquitas,
2071 4302 2170 4356 per

580 4365 752 4420 Adam
778 4365 993 4434 quidem
1021 4369 1343 4435 commissa,
1374 4372 1467 4426 sed
1496 4386 1525 4424 a
1561 4381 1612 4428 te
1640 4375 1926 4442 permissa.
1963 4376 2164 4434 Memo-

581 4470 707 4510 rare
759 4472 879 4524 quze
929 4457 1002 4512 sit
1050 4473 1168 4513 mea
1223 4460 1547 4528 substantia,
1589 4463 1656 4516 ad
1695 4473 1799 4520 tua:
1846 4467 2240 4559 substantia”

579 4545 990 4608 similitudinem
1038 4547 1326 4615 fabricata,
1357 4552 1482 4622 quia
1523 4555 1625 4609 etsi
1650 4555 1831 4612 omnis
1877 4555 2040 4614 homo
2081 4559 2164 4616 vi-

579 4651 714 4691 vens
739 4645 822 4691 est
850 4637 1084 4702 vanitas,
1119 4638 1173 4693 in
1205 4639 1437 4712 imagine
1462 4651 1644 4700 tamen
1673 4654 1759 4699 tua
1790 4649 2165 4716 pertransiens

579 4722 752 4796 (Psal.
799 4727 1048 4798 xxxvut),
1086 4728 1297 4784 vanitas
1343 4745 1466 4786 esse
1518 4747 1625 4786 non
1675 4742 1875 4804 potest.
1907 4735 2162 4808 Nunquid

579 4817 650 4871 ita
705 4832 842 4872 vane
896 4819 1228 4876 constituisti
1282 4835 1472 4878 omnes
1520 4823 1658 4878 filios
1705 4825 2030 4894 hominum,
2091 4828 2160 4883 de

577 4905 772 4974 quibus
799 4908 936 4964 dicis
968 4927 980 4962 :
1027 4929 1044 4962 ι
1079 4909 1138 4964 Et
1169 4911 1376 4966 deliciae
1414 4927 1548 4967 meae
1575 4928 1697 4968 cum
1727 4913 1852 4969 filiis
1875 4916 2156 4972 hominum

575 4995 762 5068 (Prov.
821 4999 962 5070 vui),
994 5021 1012 5053 ›
1057 5010 1116 5056 ut
1162 5017 1256 5058 eos
1287 5005 1537 5058 verberet
1581 5013 1636 5059 et
1672 5006 1982 5062 diverberet
2037 5019 2158 5065 arte

576 5085 999 5157 malignissimus
1040 5089 1127 5144 ille
1155 5091 1434 5162 deceptor,
1490 5091 1583 5161 qui
1630 5093 1902 5162 decipere,
1951 5095 2053 5151 nisi
2099 5105 2160 5154 te

575 5180 962 5247 permittente.
1015 5196 1122 5236 non
1169 5182 1378 5250 potuit?
1431 5181 1636 5237 lnclina
1683 5183 1852 5238 cmlos
1902 5192 2056 5250 tuos,
2103 5195 2160 5242 et

573 5267 860 5332 descende,
893 5277 947 5321 et
977 5269 1095 5322 illus
1121 5270 1500 5325 misericordes
1529 5271 1716 5326 oculos
1747 5272 1960 5327 miseris
2009 5273 2156 5330 infle-

573 5366 659 5409 cte
686 5357 1056 5426 precantibus,
1093 5373 1192 5412 nec
1223 5359 1412 5413 saltem
1453 5359 1842 5432 inperpetuum
1867 5361 2146 5418 oblivisca-

576 5461 655 5498 Πὸ
706 5461 826 5501 ηοξ.

649 5535 772 5591 Haec
805 5538 1022 5606 quidem
1053 5539 1174 5604 iste,
1201 5538 1294 5593 sed
1323 5539 1611 5610 gemitibus
1659 5548 1716 5595 et
1760 5540 2017 5618 aerumnis
2074 5543 2154 5596 in-

579 5637 752 5681 tortus
796 5639 958 5684 tautae
995 5632 1432 5702 praesumptionis
1477 5634 1800 5688 sententiam
1845 5633 2148 5703 abjurabat.

580 5734 598 5766 ι
630 5714 768 5782 Dixi,
796 5719 970 5787 inquit
997 5738 1009 5772 :
1047 5721 1361 5778 Custodiam
1393 5723 1508 5777 vias
1539 5738 1716 5788 meas,
1752 5734 1809 5777 ut
1839 5740 1942 5780 non
1980 5724 2149 5780 delin-

2284 540 2498 606 nobilis,
2527 548 2580 593 et
2608 537 2863 610 profundi
2893 538 3162 594 sermonis
3207 537 3512 595 urbanitate
3538 539 3860 610 praelucldus

2281 629 2592 686 aﬂectuosis
2618 629 2936 684 excessibus
2965 628 3300 684 iucalescens
3333 645 3345 683 :
3399 645 3418 681 ι
3450 628 3678 699 Propter
3708 631 3861 697 Sion,

2282 719 2480 789 inquit,
2532 733 2639 773 non
2705 717 2923 784 tacebo,
2977 725 3034 772 et
3088 727 3308 788 propter
3363 718 3703 776 Hierusalem
3754 736 3863 777 non

2279 812 2555 880 quiescam
2587 810 2759 866 donec
2794 810 3106 880 egrediatur
3145 819 3203 865 ut
3231 809 3483 880 splendor
3521 809 3703 879 justus
3746 813 3862 885 ejus

2280 901 2417 973 (lsa.
2448 903 2604 972 LXII).
2650 920 2670 957 ›
2708 901 2948 966 Utinam,
3003 902 3103 964 ait,
3157 901 3528 971 disrumperes
3582 903 3770 969 cmlos,
3807 912 3860 959 et

2280 993 2668 1050 descenderes!
2712 993 2851 1064 (Isa.
2895 993 3040 1063 sxw)
3079 1003 3137 1048 et
3171 992 3276 1048 alia
3303 993 3494 1059 multa,
3541 1008 3661 1062 qua:
3706 993 3859 1050 fasti-

2281 1084 2428 1139 diosa
2451 1083 2740 1152 prolixitas
2764 1091 2914 1139 vetat
2939 1083 3200 1140 inserere.
3229 1082 3329 1139 Hic
3353 1083 3516 1140 etiam
3549 1086 3863 1141 morosioris

2279 1180 2468 1248 gratiae
2508 1178 2903 1250 longinquitate
2936 1193 3256 1250 suspensus,
3295 1186 3353 1234 et
3383 1177 3551 1248 318
3587 1177 3864 1234 nimietate

2280 1268 2825 1336 doloris.excedens,
2878 1270 3226 1339 impatienter
3287 1269 3544 1334 oblatrat,
3612 1268 3796 1324 dicens
3845 1281 3864 1322 :

2286 1377 2304 1410 ι
2341 1359 2478 1414 Ecce
2503 1367 2718 1424 gentes,
2745 1357 2900 1426 quasi
2952 1372 3058 1412 non
3105 1358 3237 1424 sint,
3267 1357 3350 1412 sic
3375 1367 3506 1413 sunt
3537 1373 3720 1415 coram
3748 1372 3816 1426 eo
3846 1373 3863 1414 ι

2279 1446 2432 1514 quasi
2464 1445 2708 1509 nihllum,
2735 1454 2792 1501 et
2813 1447 2979 1502 inane
3005 1454 3266 1516 reputatae
3293 1455 3422 1503 sunt
3450 1447 3501 1503 ei
3536 1446 3672 1518 (Ira.
3695 1447 3809 1520 ιι).
3837 1465 3862 1504 s

2277 1532 2540 1591 Jeremias
2585 1533 2641 1589 in
2689 1549 2875 1592 vocem
2923 1531 3336 1606 gratulabunda
3385 1537 3559 1594 laudis
3607 1537 3866 1596 adverbio

2277 1626 2684 1683 demonstrante
2732 1643 3142 1699 prorumpens:
3188 1606 3218 1684 ἶ
3241 1630 3412 1697 Ecce,
3460 1631 3654 1702 inquit,
3702 1630 3865 1688 faciet

2279 1717 2540 1774 Dominus
2569 1733 2771 1774 novum
2799 1734 2961 1791 super
2987 1729 3212 1786 terram,
3243 1729 3299 1776 et
3327 1721 3524 1778 mulier
3561 1723 3860 1778 circumda-

2202 1812 2249 1872 Β
2279 1805 2357 1860 bit
2379 1805 2554 1862 virum
2585 1807 2722 1877 (Jer.
2771 1809 2980 1878 xxxn).i
3013 1807 3122 1866 Sed
3167 1818 3349 1866 tamen
3399 1812 3692 1881 repentina
3737 1811 3852 1866 sub

2278 1896 2549 1954 versionis
2591 1897 2849 1969 lacrymis
2899 1900 3178 1967 edocetur,
3236 1909 3298 1956 ut
3363 1903 3516 1970 prius
3564 1901 3863 1958 tamentam

2275 1987 2576 2057 suscipiens
2627 2002 2791 2057 quam
2842 1989 3130 2046 adventum
3158 2031 3178 2056 ,
3233 1991 3451 2060 penitus
3512 1991 3863 2047 conticescat.

2275 2079 2482 2135 Danieli
2509 2080 2710 2138 dicitur
2749 2097 2764 2137 :
2805 2099 2825 2133 ι
2859 2081 3008 2138 Visio
3039 2091 3124 2137 est
3160 2082 3214 2136 in
3241 2081 3378 2147 dies,
3417 2090 3474 2137 et
3515 2083 3571 2137 in
3618 2093 3864 2151 tempora

2275 2175 2435 2244 longa
2486 2174 2652 2246 (Dan.
2724 2175 2815 2247 ι).
2845 2195 2865 2230 ι
2911 2175 2979 2232 Et
3026 2175 3280 2232 Ezechiel
3333 2176 3499 2232 tantis
3545 2174 3865 2246 caliginibua

2277 2263 2574 2320 involvitur
2603 2273 2664 2318 ut
2688 2264 2780 2318 vix
2815 2264 3060 2336 dignosci
3105 2265 3279 2334 possit
3325 2264 3469 2321 unde
3511 2263 3720 2329 veniat,
3768 2273 3866 2320 aut

2275 2367 2385 2424 quo
2406 2354 2594 2409 vadat.
2641 2354 2884 2422 Denique
2931 2355 3110 2410 omnis
3149 2354 3239 2410 ille
3267 2352 3602 2424 prophetalis
3628 2368 3863 2410 conven-

2276 2454 2364 2501 tus
2408 2445 2566 2514 longa
2630 2445 2898 2503 tardantis
2950 2445 3140 2516 gratia:
3192 2445 3509 2501 morositate
3555 2451 3815 2514 pertaesus
3842 2483 3859 2509 .

2275 2550 2422 2593 nunc
2451 2537 2713 2606 regendo,
2740 2551 2884 2592 nunc
2910 2537 3310 2604 conquerendo,
3332 2536 3510 2592 variat
3535 2537 3859 2602 orationem,

2273 2633 2330 2679 et
2354 2625 2675 2696 plerumque
2722 2624 3067 2682 sermonibus
3124 2625 3423 2682 exorativis
3467 2625 3861 2695 indignatorios

2278 2715 2636 2772 intermiscet.
2675 2713 2785 2772 Nos
2831 2729 3046 2784 quoque
3075 2714 3232 2778 satis,
3281 2714 3528 2785 satisque
3567 2730 3665 2772 eos
3706 2713 3862 2768 audi-

2273 2805 2478 2870 vimus,
2523 2814 2579 2860 et
2609 2806 2770 2861 nobis
2801 2805 2853 2860 in
2883 2804 3159 2860 fastidium
3188 2805 3516 2876 releguntur.
3547 2804 3666 2860 Jam
3693 2805 3862 2875 fugiat

2277 2895 2490 2968 Moyses
2531 2897 2728 2968 (Exod.
2773 2900 2884 2968 γι),
2939 2897 3301 2966 impcditioris
3353 2899 3618 2968 siquidem
3666 2898 3863 2968 lingtm

2274 2987 2449 3046 factus
2494 2998 2581 3046 est
2612 2989 2767 3046 nobis
2807 3005 2823 3043 :
2855 2987 3008 3046 Isaia:
3045 2988 3186 3044 labia
3233 2991 3509 3047 immunda
3545 2999 3669 3046 sunt
3716 2988 3858 3060 (In.

2273 3081 2387 3153 vt);
2427 3080 2694 3139 Jeremias
2719 3082 2896 3138 nescit
2922 3080 3092 3152 loqui,
3133 3081 3264 3151 quia
3311 3096 3446 3151 puer
3489 3091 3572 3138 cst
3609 3080 3743 3152 (Jer.
3771 3083 3856 3152 1);

2197 3143 2245 3209 θ
2274 3143 2526 3230 Eaechiel
2574 3173 2781 3244 polluto
2825 3187 2965 3244 pane
2992 3143 3250 3229 vesci-tur
3297 3143 3516 3245 ('Esecli.
3544 3143 3649 3245 1v)‘;
3691 3143 3862 3231 Oseas

2272 3264 2627 3322 fornicariam
2677 3276 2733 3320 et
2779 3265 3080 3320 adulteram
3112 3265 3264 3322 ducit
3313 3279 3537 3321 uxorem
3587 3263 3734 3335 (Ose.
3770 3265 3858 3336 1);

2273 3357 2463 3414 Daniel
2489 3373 2588 3429 per
2613 3357 2879 3412 visionem
2907 3357 3146 3428 graviter
3169 3356 3474 3412 infirmatur
3516 3357 3686 3428 (Dan:
3708 3358 3856 3427 vui).

2275 3447 2482 3506 Omnes
2525 3449 2808 3520 prophetas
2853 3447 3099 3517 elingues
3139 3455 3267 3503 sunt
3292 3456 3348 3503 et
3398 3447 3551 3502 muti.
3604 3445 3724 3502 Jam
3766 3447 3856 3503 lae.

2271 3537 2399 3603 tari,
2425 3545 2481 3595 et
2504 3536 2779 3593 exsultare
2808 3549 2916 3594 noa
2943 3550 3254 3612 possumus,
3286 3536 3391 3592 nisi
3430 3537 3710 3593 osculetur
3755 3553 3856 3595 nos

2269 3627 2458 3683 osculo
2486 3627 2599 3684 oris
2625 3629 2709 3684 sui
2735 3643 2753 3693 ;
2801 3626 2973 3684 auditi
3021 3635 3080 3682 et
3107 3627 3346 3684 exauditi
3373 3627 3528 3684 estis.
3559 3629 3727 3683 Adest
3759 3629 3860 3684 be-

2269 3721 2508 3792 nignitas
2532 3729 2586 3774 et
2609 3720 2920 3778 humanitas
2943 3718 3241 3775 Salvatoris
3266 3721 3439 3776 nostri
3471 3721 3562 3777 Dei
3592 3721 3720 3792 (Tit.
3743 3721 3854 3790 ut),

2269 3827 2390 3881 qua:
2415 3811 2500 3868 vel
2526 3810 2757 3878 diﬂ‘erri,
2795 3810 2882 3866 vel
2931 3810 3136 3866 auferri
3177 3825 3299 3876 non
3347 3812 3586 3882 patiatur
3621 3811 3857 3882 amplius

2269 3915 2514 3959 amorem
2546 3902 2942 3972 languentium.

2338 3993 2476 4061 Quid
2496 3993 2639 4050 enim
2662 3993 2922 4049 audistis?
2945 4011 2966 4044 ι
2997 3991 3446 4056 Sanctificamini,
3474 3991 3565 4047 lilii
3591 3991 3773 4053 Israel,
3797 4000 3856 4048 et

2267 4095 2441 4142 estote
2461 4087 2660 4157 parati,
2682 4086 2811 4156 quia
2839 4085 3079 4142 crastina
3106 4084 3196 4142 die
3214 4083 3509 4140 descendet
3526 4083 3803 4140 Dominus.
3827 4103 3847 4137 ι

2266 4176 2561 4234 Residuum
2608 4177 2714 4232 diei
2770 4175 2930 4246 hujus
2975 4185 3030 4230 et
3092 4181 3498 4247 superventurte
3544 4172 3722 4228 noctis
3761 4175 3851 4228 vix

2267 4271 2551 4327 medianda
2611 4270 2924 4340 progressio
2963 4268 3226 4324 dirimunt
3260 4281 3360 4321 nos
3398 4280 3428 4322 a
3465 4264 3614 4320 vultu
3645 4266 3850 4334 gloriae,

2265 4375 2295 4412 a
2328 4377 2500 4431 puero
2526 4361 2656 4426 Deo,
2689 4375 2718 4412 a
2750 4359 3040 4429 puerperio
3072 4357 3355 4427 singulari.
3385 4355 3624 4422 Currite,
3646 4355 3856 4410 celeres

2265 4455 2434 4518 horae,
2472 4461 2542 4506 et,
2570 4452 2830 4522 rapidiori
2878 4466 3040 4521 passu
3094 4449 3346 4505 conlicite
3395 4455 3568 4503 metas
3616 4455 3850 4511 vestras,

2267 4554 2326 4600 ut
2356 4546 2519 4600 liceat
2545 4545 2732 4600 videre
2756 4544 2952 4600 Filium
2991 4545 3085 4599 Dei
3117 4543 3425 4614 vagientem
3464 4541 3518 4596 in
3565 4542 3738 4603 cunis,
3789 4550 3848 4594 et

2267 4635 2543 4692 salvatrici
2591 4635 2860 4690 nativitati
2906 4635 3302 4705 qualiacunque
3329 4634 3586 4701 obsequia
3634 4647 3849 4702 praepa-

2264 4740 2410 4781 rare.
2436 4723 2612 4778 Credo
2665 4739 2761 4779 vos
2811 4739 2932 4780 esse
2965 4725 3104 4781 filios
3151 4723 3316 4780 Israel
3361 4724 3730 4780 sanctilicatoa
3780 4724 3852 4776 ab

2262 4815 2411 4870 omni
2439 4814 2850 4884 inquinamento
2880 4800 3068 4871 carnis
3137 4825 3190 4872 et
3220 4817 3461 4885 spiritus,
3504 4825 3726 4883 paratos
3778 4816 3847 4869 ad

2264 4903 2374 4959 diei
2397 4905 2651 4959 crastina:
2679 4917 3048 4971 sacramenta,
3079 4917 3137 4962 et
3162 4907 3396 4962 sollicita
3435 4906 3744 4969 devotione,
3791 4913 3852 4960 et

2199 5009 2202 5012 '
2265 4995 2459 5051 devota
2488 4995 2873 5051 sollicitudine.
2901 4996 3042 5065 Quid
3072 4997 3214 5052 enim
3242 4996 3386 5052 aliud
3418 4997 3502 5052 his
3533 4996 3702 5052 sacris
3731 4995 3847 5050 die-

2263 5085 2364 5142 bus
2400 5085 2517 5155 ejus
2543 5086 2798 5141 adventui
2845 5087 3110 5143 dedicatis
3135 5087 3364 5156 egistis?

2335 5173 2456 5229 Vidi
2485 5191 2585 5246 ego
2622 5191 2780 5232 senes
2825 5178 3120 5232 senectutis
3158 5177 3357 5232 oblitos
3411 5183 3596 5231 astare
3644 5175 3850 5247 vigiliis

2265 5269 2436 5325 sacris
2459 5269 2689 5340 juvenili
2713 5270 3018 5336 alacritate,
3049 5279 3106 5326 et
3144 5269 3372 5338 juvenes
3410 5268 3697 5337 juventute
3758 5283 3850 5323 sc-

2263 5359 2410 5430 pulta
2427 5360 2584 5415 senili
2604 5360 2870 5431 gravitate
2892 5360 3211 5417 reverentiae
3236 5360 3536 5416 divinitatis
3559 5361 3843 5414 assistere.

2264 5451 2426 5506 Plena
2455 5461 2610 5506 erant
2636 5451 2888 5506 subsellia
2914 5451 3325 5506 continentibus
3355 5458 3414 5505 et
3451 5457 3720 5505 concentu
3748 5463 3848 5516 pa-

2261 5540 2350 5594 rili
2396 5555 2560 5595 voces
2581 5540 2636 5594 in
2661 5540 2983 5596 sublimibus
3031 5538 3385 5607 resultabant,
3421 5548 3480 5592 ut
3509 5538 3655 5592 felici
3697 5537 3842 5592 invi-

2261 5632 2347 5686 dia
2374 5646 2469 5685 vos
2498 5646 2774 5686 cernerem
2801 5631 3035 5700 jubilare
3063 5633 3173 5686 Dco
3202 5632 3254 5686 in
3285 5647 3418 5685 voce
3439 5629 3840 5687 exsultationis.

2260 5721 2522 5776 Psalteria
2557 5729 2708 5777 erant
2742 5737 2852 5790 pra:
2882 5723 3151 5788 manibus,
3201 5722 3396 5792 psalmi
3449 5739 3500 5776 ιη
3551 5720 3728 5788 labiis,
3783 5711 3838 5766 in
