4178 6446
378 270 476 326 8H

1791 266 2021 325 SEEMO
2050 267 2188 322 LX.-

3522 276 3625 332 812

370 386 530 442 corde
566 385 808 452 devotio;
865 385 1258 444 solemnitatem
1301 386 1464 442 animi
1506 386 1817 441 indicabant
1865 385 1947 438 hi-
1978 379 2242 441 Atiferos
2310 379 2511 435 imbres
2595 381 2827 437 infusius
2901 382 3301 438 administrari.
3365 383 3626 446 Occursat

368 477 555 531 laritas
586 477 785 540 vultus,
831 478 1096 533 discnrsio
1121 477 1381 548 corporis,
1409 478 1589 547 operis
1613 476 1943 531 sollicitudo.

369 568 581 638 Inspexi
611 567 923 623 sacerdotes
965 568 1316 639 vigilantibus
1365 569 1537 623 oculis
1583 568 1788 637 primos
1836 566 1943 621 diei

365 668 515 711 ortus
561 657 835 711 subtiliter
884 658 1157 726 indagare,
1230 656 1720 711 sacramentalibus
1796 656 1945 709 indui

365 749 724 817 vestimentis,
760 747 984 802 introire
1021 749 1087 802 ad
1117 748 1288 807 altare
1319 748 1412 802 Dei
1444 749 1507 801 ad
1532 748 1945 802 sacrificandum

364 826 561 909 corpus
584 847 639 894 et
667 839 982 909 sanguinem
1004 837 1399 908 Redemptoris.
1429 838 1547 892 Vidi
1576 837 1944 892 assistentium

374 930 606 993 turbam,
629 927 971 983 ministeriali
1000 929 1287 985 devotione
1316 942 1459 983 nunc
1481 927 1696 982 ﬂectere
1747 940 1942 995 genua,

366 1033 509 1073 nunc
544 1016 779 1072 osculari
830 1031 1043 1082 manus,
1094 1025 1150 1071 et
1200 1017 1267 1073 ad
1318 1016 1699 1085 imperantium
1757 1023 1943 1069 nutum

365 1115 499 1162 nutu
564 1107 726 1163 citius
787 1106 1032 1161 obedire.
1082 1105 1186 1161 Sed
1233 1113 1289 1159 et
1342 1104 1539 1175 pueros
1591 1105 1797 1175 aspexi,
1850 1103 1943 1174 qui

365 1197 614 1254 nesciunt
642 1197 773 1268 quid
797 1199 869 1253 sit
898 1197 1040 1252 inter
1076 1197 1357 1252 dexteram
1401 1205 1456 1252 et
1488 1197 1787 1255 sinistram,
1839 1196 1942 1250 sibi

367 1288 432 1344 ad
478 1288 712 1343 invicem
777 1286 1035 1357 psalteria
1099 1287 1340 1343 invidere
1397 1296 1452 1341 et
1517 1288 1803 1357 deportare
1875 1287 1944 1341 ad

364 1380 588 1437 lectulos
616 1395 766 1443 suos,
795 1378 965 1434 furari
994 1394 1240 1434 somnum
1282 1380 1350 1434 ab
1404 1379 1574 1434 oculis
1622 1379 1736 1434 suis
1784 1387 1838 1433 et
1886 1378 1937 1432 in

366 1470 563 1526 lectulo
615 1487 713 1526 suo
761 1485 860 1542 per
906 1480 1095 1533 noctes
1147 1483 1391 1541 qnterere
1455 1485 1614 1541 quem
1642 1536 1657 1545 ἡ
1689 1467 1941 1539 diligebat

364 1562 543 1617 anima
616 1578 826 1618 eorum.
877 1563 1044 1637 319
1089 1563 1243 1631 Quod
1292 1564 1420 1619 licet
1471 1572 1660 1619 contra
1714 1576 1933 1617 consue-

363 1651 603 1706 tudinem
640 1664 1026 1723 prtesumptum
1079 1654 1168 1713 sit,
1222 1668 1329 1707 non
1387 1663 1564 1707 tamen
1622 1662 1809 1706 contra
1845 1654 1940 1707 dc-

364 1741 663 1797 votionem.

433 1831 666 1899 Fateor,
718 1833 861 1889 inter
911 1833 1028 1890 haec
1079 1834 1260 1891 omnia
1315 1832 1618 1903 cogitabam
1671 1853 1683 1886 :
1742 1831 1936 1888 Castra

362 1923 460 1980 Del
494 1933 635 1981 'sunt
681 1925 828 1992 inec;
884 1912 1055 1981 «Non
1100 1934 1184 1981 est
1236 1926 1326 1980 hic
1381 1926 1544 1986 aliud,
1593 1925 1697 1978 nisi
1744 1926 1936 1979 domus

366 2011 460 2067 Dei
486 2021 543 2068 et
584 2022 740 2083 porta
780 2013 903 2068 coeli
938 2010 1090 2084 (Gen.
1131 2014 1345 2085 xxvtu).
1374 2032 1391 2064 ι
1451 2013 1671 2076 Vellem,
1719 2012 1935 2075 nollem,

360 2112 544 2161 vestra
575 2106 857 2161 devotione
888 2107 1158 2169 trahebar,
1208 2115 1265 2161 et
1313 2106 1463 2160 vobis
1518 2104 1936 2176 negotiantibus,

361 2194 518 2250 otiari
571 2211 677 2249 non
728 2205 994 2266 poteram.
1042 2195 1320 2266 Sequebar
1364 2211 1478 2257 vos,
1526 2195 1616 2249 sed
1675 2211 1705 2249 a
1758 2194 1937 2265 longe,

360 2284 445 2339 vel
491 2285 750 2340 aberrans
798 2301 829 2341 a
858 2287 965 2350 via,
997 2285 1083 2341 vel
1138 2286 1448 2340 claudicans
1486 2300 1516 2339 a
1543 2286 1752 2340 semitis
1781 2288 1938 2351 meis,

361 2373 552 2445 lugens
577 2382 634 2429 et
682 2375 1058 2440 contristatus,
1112 2376 1239 2445 quia
1268 2390 1375 2429 non
1426 2384 1671 2445 poteram
1725 2391 1970 2445 aequare-

374 2476 676 2520 currentes.
703 2465 859 2521 Novit
891 2466 1158 2530 ille‘nnus,
1188 2483 1311 2521 cum
1342 2482 1449 2536 quo
1475 2481 1582 2520 uno
1607 2483 1772 2522 unum
1820 2484 1942 2524 esse

364 2556 503 2625 σαιρί
554 2557 605 2610 in
659 2556 908 2621 Domino,
952 2573 1115 2627 quam
1157 2557 1527 2627 frequentibus
1565 2559 1801 2627 querelis
1840 2559 1941 2611 im-

346 2646 615 2717 pleverim
648 2660 806 2703 aures
843 2636 980 2718 ejus,
1032 2639 1175 2718 quod
1221 2664 1318 2703 vos
1365 2648 1416 2702 in
1470 2649 1694 2703 meridie
1744 2650 1939 2702 essetis

362 2749 483 2789 cum
535 2749 747 2804 sponso,
798 2747 853 2790 et
897 2752 997 2804 ego
1038 2738 1091 2791 in
1139 2745 1446 2805 vespertino
1474 2737 1673 2806 frigore
1702 2752 1938 2795 commo-

358 2838 529 2878 rarer.
582 2824 699 2889 Eia,
730 2824 949 2895 fratres,
983 2824 1027 2880 si
1058 2825 1253 2895 aliquis
1293 2828 1469 2879 adlmc
1513 2826 1706 2879 iutluus
1745 2827 1941 2881 humor

361 2914 427 2969 de
459 2913 680 2972 ﬂumine
722 2916 1074 2972 mortalitatis
1122 2916 1283 2988 hujus
1330 2927 1539 2973 vestras
1584 2910 1993 2987 circumrorati

363 3002 696 3069 affectiones,
730 3008 943 3077 tergite,
967 3017 1023 3061 et
1058 3009 1222 3078 tegite
1262 3008 1409 3062 illum
1441 3011 1599 3066 niveo
1641 3010 1940 3067 confessio-
1970 2990 1989 3056 ξ

2048 473 2287 542 aspectui
2320 476 2517 529 mentis
2538 476 2680 545 quod
2710 476 2841 529 vidit
2872 485 2925 530 et
2950 476 3174 540 audivit,
3199 478 3342 546 quod
3374 478 3621 537 odoravit

2046 572 2099 617 et
2125 565 2383 634 gustavit,
2416 566 2559 635 quod
2594 565 2832 634 palpavit
2861 575 2916 620 et
2950 567 3144 636 tetigit,
3198 576 3253 621 ct
3305 568 3623 640 plerumque

2044 654 2187 720 quod
2212 654 2443 722 simplici
2474 653 2628 707 oculo
2654 654 2985 722 aspeximus,
3016 655 3318 724 versipellis
3339 668 3623 714 contortor

2045 740 2111 792 ad
2133 734 2516 795 oﬂ‘endiculum
2549 749 2825 811 retorquet
2869 750 2925 795 et
2967 743 3298 797 scandalum.
3350 744 3626 817 Fingitsi-

2046 831 2398 897 militudines,
2460 833 2718 902 imagines
2764 833 2962 903 pingit,
3018 834 3227 888 colores
3269 846 3436 903 aptat,
3477 846 3533 891 et
3568 839 3623 894 in

2044 921 2281 976 thalamo
2331 924 2527 979 mentis
2563 925 2815 978 universa
2859 925 3149 988 convolvit,
3200 925 3244 979 si
3305 925 3445 981 forte
3488 933 3623 983 con-

2044 1026 2259 1065 sensum
2287 1013 2466 1069 eliciat
2494 1022 2546 1068 et
2576 1014 2780 1067 inliciat
2816 1013 3089 1069 aﬂectum.
3131 1013 3301 1071 Offert
3332 1017 3614 1074 horribilia

2044 1103 2112 1156 de
2139 1103 2439 1169 divinitate,
2491 1105 2750 1160 terribilia
2782 1106 2847 1161 de
2888 1105 3012 1171 lide,
3059 1106 3329 1162 mirabilia
3386 1109 3453 1165 de
3502 1110 3623 1168 lidei

2044 1194 2400 1261 institutione,
2425 1204 2478 1251 et
2506 1197 2557 1251 in
2585 1196 2791 1251 alveolo
2828 1198 3023 1252 mentis
3051 1198 3395 1255 veneniferas
3434 1199 3629 1274 ingerit

2043 1284 2309 1354 potiones,
2341 1300 2478 1355 quas
2516 1286 2595 1340 vel
2631 1287 2684 1340 in
2715 1288 3055 1343 confessione
3085 1303 3336 1343 evomere
3375 1299 3623 1361 peccator

2041 1384 2302 1431 oneratus
2324 1378 2600 1434 exhorret.
2631 1378 2787 1432 Venit
2818 1380 2869 1431 in
2895 1381 3213 1444 oratorium,
3246 1380 3622 1438 dormitorium
3716 1366 3722 1373 ’

2042 1475 2301 1536 occupat,
2352 1468 2547 1523 insidet
2597 1468 2906 1531 rcfectorio,
2949 1470 3145 1524 circuit
3179 1470 3495 1538 clausmim,
3534 1489 3623 1529 re-

2039 1555 2167 1610 visit
2192 1555 2453 1623 ofﬁcinas,
2500 1558 2702 1611 nullam
2741 1559 3104 1627 praetermittit
3146 1571 3318 1615 artem
3369 1566 3621 1630 nocendi,

2040 1645 2134 1699 sed
2185 1647 2384 1715 ubique
2413 1662 2524 1702 sua:
2552 1648 2863 1702 calliditatis
2900 1650 3143 1719 assignat
3191 1654 3452 1721 argutias,
3490 1663 3544 1709 et
3572 1655 3626 1709 in

1968 1729 2012 1787 Β
2042 1734 2209 1788 choro
2238 1735 2455 1804 quidem
2487 1737 2625 1789 inter
2651 1739 2914 1790 orandum
2935 1748 2991 1791 et
3019 1738 3354 1807 psallendum
3385 1751 3619 1796 mentem

2041 1823 2306 1890 pertrahit
2352 1825 2405 1876 in
2442 1823 2689 1888 diversa,
2737 1826 3129 1893 prrcteritorum
3176 1830 3624 1884 rememoratione

2040 1910 2331 1980 puritatem
2364 1913 2671 1968 intellectus
2699 1913 2993 1969 involvens.

2114 2001 2168 2055 In
2208 2012 2329 2058 toro
2356 2004 2711 2061 multiformes
2752 2006 2990 2062 libidinis
3017 2023 3208 2064 sensus
3248 2011 3489 2077 involvit,
3531 2013 3614 2067 in-

2040 2091 2244 2148 sidians
2269 2095 2542 2150 solitudini
2584 2106 2808 2162 nostrae,
2840 2108 2893 2152 et
2941 2099 3060 2154 telis
3106 2100 3419 2157 fortioribus
3457 2103 3623 2176 3'20

2042 2199 2376 2255 oppugnans,
2407 2188 2612 2243 utinam
2645 2203 2748 2242 non
2779 2200 3083 2260 expugnet,
3118 2202 3339 2263 pungat,
3375 2209 3480 2247 non
3506 2196 3623 2248 vul-

2042 2279 2229 2332 neret!
2263 2277 2322 2333 in
2349 2277 2636 2334 refectorio
2675 2291 2855 2336 autem
2893 2285 3074 2354 gulam
3124 2286 3291 2340 allicit
3321 2289 3387 2341 ad
3436 2288 3625 2341 viden-

2042 2369 2167 2421 (lnm
2196 2384 2317 2437 quae
2362 2368 2725 2440 perferantur,
2779 2381 2834 2426 et
2888 2374 3089 2443 ingenti
3135 2377 3393 2431 aviditate
3438 2387 3629 2433 onerat

2042 2457 2332 2512 distentum
2374 2469 2635 2525 ventrem,
2669 2471 2727 2515 ut
2758 2462 2968 2529 majore
2996 2474 3156 2533 opera
3193 2467 3259 2519 ad
3291 2470 3617 2537 egerendum

2041 2555 2197 2614 egeat
2233 2562 2393 2616 quam
2438 2551 2506 2603 ad
2560 2551 2931 2621 ingerendum.
2980 2552 3036 2606 in
3074 2555 3311 2610 claustro
3342 2556 3511 2611 libros
3546 2575 3629 2612 rc-

2040 2636 2190 2689 vellit
2220 2652 2249 2691 a
2280 2639 2546 2700 manibus,
2596 2643 2911 2694 memoriam
2951 2653 3157 2697 resecat
3188 2644 3618 2715 Scripturarnm,

2040 2735 2095 2781 et
2128 2743 2272 2782 nunc
2301 2731 2366 2783 de
2390 2729 2480 2811 illo
2510 2731 2581 2784 ad
2619 2731 2778 2785 istum
2808 2748 2931 2786 cum
2978 2735 3148 2804 signis
3196 2745 3250 2789 et
3284 2736 3617 2793 scurrilitalc

2042 2822 2377 2874 transvertit.
2417 2820 2521 2875 Per
2561 2821 2897 2878 ollicinarum
2936 2827 3335 2897 multitudinem
3390 2838 3441 2883 te
3490 2830 3626 2885 facit

2038 2922 2330 2964 excurrere
2354 2918 2411 2965 et
2450 2912 2769 2980 vagabundo
2798 2930 2856 2968 se
2882 2917 3135 2971 Comitem
3156 2918 3311 2981 ‘fac‘it,
3346 2920 3515 2976 donec
3544 2930 3628 2976 ta-

2038 3000 2370 3056 citurnitatis
2398 3003 2618 3066 ostium,
2646 3013 2736 3059 aut
2763 3007 2994 3075 aperiat,
3024 3016 3117 3060 aut
3142 3006 3464 3079 confringat'.
3482 3011 3623 3080 Quid

359 3095 446 3151 nis
470 3096 692 3160 amictu,
733 3107 788 3152 ει
813 3096 1053 3152 calceata
1092 3112 1189 3154 νοε
1224 3098 1279 3152 in
1319 3100 1715 3168 praeparatione
1755 3101 1933 3156 Evam.
1963 3103 2012 3172 ε
2041 3090 2229 3160 plura?
2266 3092 2321 3145 ln
2351 3094 2518 3147 choro
2543 3095 2905 3160 devotionem,
2950 3099 3002 3151 in
3032 3107 3147 3152 toro
3193 3101 3522 3165 castitatem,
3569 3102 3623 3158 in

360 3182 483 3253 geiii
537 3185 687 3254 pacis
732 3183 959 3265 .(Ephes.
1007 3183 1122 3255 vr),
1165 3195 1227 3241 ut
1272 3186 1390 3241 sitis
1441 3188 1508 3243 de
1558 3190 1754 3261 quibus
1808 3191 1941 3246 dicit

359 3281 580 3330 sanctus
630 3288 645 3327 :
697 3292 716 3327 ι
753 3275 809 3330 1η
846 3272 1069 3330 flumine
1116 3277 1528 3346 pertransibunt
1571 3280 1706 3347 pede
1762 3278 1936 3349 (Psal.

360 3365 506 3436 va).
537 3383 557 3418 ι
592 3364 731 3434 Quid
771 3374 949 3422 autem
997 3376 1120 3436 post
1154 3366 1318 3423 hac?
1359 3385 1378 3418 ι
1405 3366 1482 3423 ibi
1532 3367 1835 3424 iactabimur
1884 3369 1936 3422 in

360 3456 497 3526 ipso.
534 3476 553 3508 ι
598 3456 672 3510 De
718 3454 939 3511 flumine
987 3457 1119 3520 hoc,
1177 3459 1287 3513 imo
1334 3459 1401 3512 de
1446 3456 1757 3513 fluminibus
1819 3459 1939 3514 istis

358 3544 527 3600 Isaias
574 3546 837 3615 propheta
896 3546 959 3600 in‘
1013 3547 1293 3601 nocturnis
1344 3546 1666 3602 lectionilms
1733 3547 1938 3619 largius

359 3634 673 3706 disputavit.
723 3653 742 3688 ι
803 3635 1106 3701 Percutiet,
1154 3636 1357 3706 inquit,
1409 3637 1667 3693 Dominus
1715 3636 1936 3692 ﬂuvium

358 3725 574 3799 ..εἰσγριί
601 3726 655 3781 in
681 3734 885 3796 septem
908 3726 1148 3791 rivis,ita
1170 3740 1230 3782 ut
1248 3736 1526 3782 transeant
1550 3742 1646 3797 per
1677 3742 1800 3782 eum
1828 3728 1939 3782 cal-

359 3817 498 3872 ceati
549 3816 687 3889 (lca.
726 3819 826 3889 xt).
862 3836 882 3868 ι
919 3815 1051 3872 Volo
1086 3817 1155 3873 de
1183 3817 1426 3874 fluvio'et
1450 3819 1621 3873 ruinis
1648 3819 1767 3889 ejus
1806 3834 1939 3889 pau-

362 3906 529 3977 lisper
576 3906 908 3963 confabulari
983 3907 1263 3964 vobiscum
1289 3949 1306 3971 ,
1359 3912 1628 3979 quomodo
1680 3921 1737 3965 et
1805 3927 1938 3981 qna-

362 3995 485 4054 liter
530 3997 926 4066 percutiuntur,
976 4004 1032 4051 et
1083 3996 1213 4067 quid
1257 4001 1329 4053 sit
1378 3999 1609 4053 transire
1670 4015 1768 4069 per
1811 4015 1936 4054 eum

360 4085 648 4142 calceatos.

429 4177 535 4233 Per
559 4176 849 4249 Egyptum
881 4178 1181 4256 figuraliter
1204 4179 1435 4250 exprimi
1461 4179 1719 4235 mundum
1747 4180 1933 4244 istum,

361 4266 663 4324 divinorum
714 4268 1051 4340 eloquiorum
1104 4281 1438 4328 scrutatores
1496 4270 1796 4333 afﬁrmant,
1841 4275 1932 4343 qui

359 4362 568 4433 positus
608 4370 694 4418 est
737 4361 790 4417 in
835 4362 1090 4435 maligno,
1138 4364 1228 4433 qui
1276 4363 1516 4427 tenebris
1564 4373 1619 4418 et
1659 4365 1931 4421 confusio-

2045 3180 2332 3236 refectorio
2396 3184 2749 3252 parcitatem,
2795 3186 2847 3240 in
2897 3187 3137 3243 claustro
3186 3188 3505 3257 lectionem,
3567 3191 3622 3247 in

2040 3272 2267 3329 oﬂicjnis
2332 3275 2529 3330 silentii
2576 3277 2831 3332 virtutem
2878 3281 3092 3334 virtutis
3144 3276 3391 3338 inimicus
3430 3284 3629 3339 exstir-

2038 3372 2149 3432 pat.
2205 3361 2315 3417 Nec
2368 3363 2567 3420 suﬂiclt
2618 3381 2673 3420 tn
2722 3366 2996 3437 vigilando
3050 3371 3342 3427 subtilibus
3403 3373 3626 3443 spiculis

2040 3451 2220 3505 cordis
2284 3453 2564 3507 terebrare
2619 3456 2868 3519 muralia,
2912 3457 3006 3511 sed
3059 3458 3378 3515 dormiendo
3431 3463 3620 3532 singu-

2040 3542 2138 3596 lari
2191 3557 2251 3599 se
2303 3553 2484 3599 versat
2515 3585 2530 3608 ,
2579 3554 2636 3599 et
2685 3555 2932 3602 reversat
2965 3549 3206 3616 astutia;
3247 3566 3368 3621 quze
3428 3553 3623 3609 melius

2037 3641 2230 3688 vestras
2269 3635 2614 3690 conscientiae
2643 3651 2803 3706 quam
2826 3639 2952 3709 styli
2999 3641 3236 3695 scientiae
3273 3641 3618 3714 derelinquo.

2108 3726 2217 3781 Sed
2276 3736 2332 3783 et
2386 3728 2454 3783 ad
2503 3729 2676 3784 altare
2730 3731 2943 3786 Domini
3002 3734 3263 3788 virtutum
3319 3747 3623 3805 sequuntur

2036 3832 2133 3874 vos
2161 3819 2385 3888 spiritus
2412 3820 2525 3883 isti,
2565 3822 2619 3875 in
2650 3820 2794 3891 ipsos
2823 3825 3022 3880 mentis
3069 3827 3255 3881 oculos
3278 3828 3584 3885 involantcs
3604 3872 3620 3893 ,

2037 3917 2094 3963 et
2137 3910 2227 3963 vix
2270 3910 2471 3980 aliqua,
2511 3912 2595 3967 vel
2634 3916 2910 3967 nascentis
2951 3914 3044 3970 Dei
3094 3918 3175 3970 vel
3226 3921 3509 3987 pendentis
3565 3920 3620 3975 in

2037 4013 2222 4065 cruce,
2260 4010 2488 4071 possunt
2518 4004 2778 4057 memoria
2807 4004 3103 4059 deturbari.
3136 3988 3359 4077 Magnus
3390 4009 3479 4063 ille
3524 4024 3622 4080 pa-

2037 4090 2276 4145 triarcha
2303 4093 2389 4145 vix
2420 4092 2666 4149 volucres
2687 4093 2992 4165 hujusmodi
3027 4111 3057 4150 a
3080 4098 3192 4153 suis
3222 4097 3503 4154 sacrificiis
3525 4103 3621 4156 ab-

2036 4185 2235 4253 igebat.
2267 4185 2374 4241 Nos
2402 4187 2530 4257 quid
2563 4202 2772 4253 sumus,
2819 4189 2912 4258 qui
2964 4188 3153 4257 fugare
3198 4194 3621 4260 praesumimus?

2035 4274 2166 4343 Quis
2212 4277 2266 4331 in
2312 4278 2413 4332 hoc
2460 4270 2594 4341 rivo,
2628 4277 2711 4333 vel
2759 4295 3019 4345 mersum,
3053 4280 3136 4333 vel
3178 4268 3518 4337 submersum
3559 4298 3620 4339 se

2034 4381 2154 4422 esse
2184 4367 2500 4437 negaverit?
2525 4368 2735 4423 Videris
2775 4385 2937 4439 quam
2985 4369 3232 4423 turbidus
3278 4382 3508 4436 torrens,
3566 4383 3623 4428 et

359 4454 518 4511 nibus
544 4464 629 4511 est
653 4454 910 4525 repletus.
952 4455 1182 4512 Flumen
1224 4454 1401 4512 fluxus
1447 4456 1666 4510 humani
1717 4449 2011 4527 generisD
2038 4457 2226 4511 limosa
2280 4456 2620 4527 regurgitans
2667 4460 3007 4523 annositate,
3052 4461 3141 4528 qui
3191 4460 3304 4523 vix,
3364 4472 3617 4515 autnuu-

359 4554 463 4613 est,
518 4546 611 4618 qui
661 4547 731 4603 de,
771 4547 962 4619 primis
1010 4548 1322 4618 parentibus
1375 4547 1573 4603 infelici
1626 4564 1758 4603 vena
1808 4564 1933 4619 pro-

359 4651 636 4708 rumpens,
690 4637 1049 4708 impetuosum
1080 4647 1377 4695 torrentem
1425 4653 1523 4709 per
1554 4647 1719 4693 totam
1750 4641 1931 4693 mundi

358 4728 696 4783 latitudinem
749 4728 1098 4799 instagnavit,
1147 4731 1238 4800 qui
1285 4729 1338 4783 in
1368 4737 1572 4799 septem
1604 4731 1935 4791 torrentibus

358 4817 655 4886 derivatos,
685 4818 852 4893 valles
891 4828 948 4873 et
996 4820 1317 4889 campestria
1368 4819 1631 4889 profunda
1683 4819 1936 4887 voragine

361 4909 701 4979 supersedit,
752 4910 884 4979 ipsis
944 4924 1159 4979 quoque
1192 4911 1482 4963 .montium
1558 4910 1933 4965 cacuminibus

359 5001 604 5055 eamdem
659 4999 987 5055 refusionem
1017 4999 1313 5062 intentans,
1368 5001 1509 5052 unde
1555 5013 1696 5053 unus
1742 4999 1810 5054 de
1858 4998 1936 5054 al-

360 5091 588 5146 tioribus
634 5091 874 5145 elamat:
919 5108 937 5141 ι
968 5089 1264 5145 Torrentes
1310 5089 1612 5158 iniquitatis
1640 5089 1934 5143 conturba-

358 5191 554 5236 verunt
607 5196 694 5237 me
724 5182 897 5252 (Paul.
926 5182 1094 5248 xvu);
1130 5201 1147 5232 ι
1198 5190 1253 5234 et
1285 5200 1297 5234 :
1353 5198 1371 5230 ι
1402 5180 1748 5235 intraverunt
1781 5197 1934 5252 aqua:

358 5284 530 5339 usque
558 5268 624 5325 ad
661 5271 895 5325 animam
951 5280 1123 5325 meam
1151 5268 1321 5340 (Ρεαι.
1357 5270 1564 5339 LXVIII).
1593 5282 1610 5320 ι

429 5361 642 5417 Primus
678 5363 834 5429 hujus
882 5361 1119 5417 ﬂuminis
1164 5361 1329 5423 rivus,
1374 5370 1455 5414 est
1491 5360 1745 5431 cogitatio
1769 5360 1934 5427 mala,

357 5450 507 5508 riVus
553 5456 857 5517 exundans,
906 5464 960 5509 et
1003 5448 1091 5523 qui
1141 5453 1302 5508 nullis
1329 5451 1574 5508 obicibus
1623 5454 1932 5523 repellatur.

359 5543 531 5600 liabet
579 5544 1299 5617 frequentiam'pluviarum,
1344 5542 1610 5598 fenestras
1650 5559 1939 5613 corporeo—

361 5626 479 5693 rtim
513 5620 792 5702 sensuum,
823 5639 914 5709 qui
947 5638 995 5693 ei
1025 5637 1093 5692 de
1136 5638 1425 5692 mundanis
1457 5636 1745 5691 cataractis
1793 5651 1936 5690 mor-

792 5754 1063 5812 ΡΑτιιοιη
1128 5748 1392 5812 CXLIV.

2034 4561 2195 4615 quam
2236 4547 2302 4600 ad
2332 4548 2435 4600 hoc
2458 4547 2674 4599 ducitur
2708 4554 2768 4599 ut
2809 4551 3022 4615 penitus
3088 4550 3414 4603 exsiccetur.
3498 4549 3613 4605 Non

2034 4645 2166 4707 puto
2210 4638 2353 4705 quod
2383 4635 2489 4700 ille,
2514 4636 2605 4704 qui
2638 4636 2835 4691 clausit
2856 4639 3050 4693 coelum
3073 4640 3317 4692 oratione
3345 4636 3460 4705 (III
3486 4638 3612 4709 Reg.

2036 4731 2192 4799 xvn),
2222 4728 2478 4782 clauserit
2523 4730 2759 4782 animum
2791 4744 2822 4783 a
2850 4731 3195 4797 cogitatione,
3230 4739 3285 4781 nt
3314 4729 3524 4785 facilius
3546 4733 3618 4786 sit

2038 4821 2233 4875 malum
2269 4821 2524 4875 obserare
2552 4834 2713 4889 quam
2743 4822 3001 4874 animum.

2111 4915 2391 4970 Secundus
2437 4917 2585 4969 rivus
2649 4924 2732 4970 est
2780 4913 2979 4966 locutio
3024 4926 3297 4981 perversa.
3351 4911 3613 4986 Linguam

2037 5008 2219 5065 nullus
2276 5009 2557 5064 hominum
2625 5010 2846 5072 domare
2892 5016 3098 5076 potest,
3148 5008 3221 5061 ait
3278 5010 3555 5079 apostolus
3599 5030 3613 5064 :

2037 5100 2342 5155 membrum
2381 5099 2699 5168 inquietum,
2756 5097 3057 5151 membrum
3090 5097 3448 5163 mortiferum,
3483 5101 3618 5155 faci-

2038 5197 2106 5252 lis
2136 5197 2201 5250 ad
2230 5195 2578 5269 loquendum,
2609 5193 2674 5246 ad
2721 5191 3122 5260 obsequendum
3171 5192 3463 5259 proclivior
3499 5192 3590 5245 (la

2040 5287 2154 5342 tab.
2188 5287 2291 5357 ιιι).
2317 5285 2383 5340 Ει
2409 5282 2703 5339 notandum
2728 5283 2869 5353 quod
2902 5283 3143 5337 nascitur
3167 5284 3301 5336 alter
3320 5299 3397 5337 ex}
3420 5283 3612 5348 altero,

2041 5396 2165 5435 cum
2218 5377 2371 5433 mala:
2428 5375 2738 5445 cogitationi
2780 5390 2959 5445 pravre
3013 5375 3299 5428 locutionis
3333 5376 3495 5444 janua
3550 5378 3621 5429 sit

2043 5480 2248 5542 aperta.
2291 5470 2356 5523 Et
2391 5464 2470 5523 est
2503 5467 2747 5531 verbum,
2778 5464 2918 5520 aliud
2952 5465 3163 5527 falsum,
3202 5466 3341 5520 unde
3369 5466 3567 5520 dicitur
3602 5487 3613 5519 .-

2048 5584 2066 5616 ι
2104 5562 2305 5617 Perdes
2356 5574 2545 5614 omnes
2616 5558 2707 5629 qui
2748 5559 3041 5628 loquuntur
3072 5557 3408 5610 mendacium
3443 5557 3616 5622 (Psul.

2041 5657 2129 5727 v);
2168 5675 2187 5707 ι
2242 5653 2382 5709 aliud
2413 5668 2629 5717 vanum,
2690 5650 2755 5705 de
2801 5667 2906 5722 quo
2950 5648 3211 5720 scriptum
3250 5656 3335 5703 est
3372 5663 3387 5704 :
3434 5642 3620 5703 «Vana

3203 5739 3281 5800 27
