4178 6438
585 298 699 356 8&3

1217 293 1274 346 S.
1305 291 1505 347 PETRI
1541 291 1822 346 DAMIANI
1849 289 1995 345 UPP.
2034 287 2214 344 PARS
2255 284 2384 342 SEU
2431 286 2665 343 'l'OMUS
2701 286 2762 342 11.
2797 318 2863 328 ———
2901 287 3289 344 SEllMONES.

3759 295 3865 349 8N

597 409 764 468 ιπυιί
804 413 931 463 sunt
955 404 1325 474 unusquisque
1359 405 1427 459 ad
1458 405 1762 474 proximum
1792 419 1949 459 suum
1998 401 2175 480 (Paul.
2207 411 2250 467 Α
2281 401 2472 467 ccelos,
2504 402 2550 457 si
2589 416 2695 456 non
2719 399 3000 456 descendit
3035 403 3100 455 ad
3137 419 3253 467 vos,
3284 413 3338 456 et
3386 405 3604 473 projicit
3657 406 3710 462 in
3741 426 3870 480 pro-

589 500 709 570 ll);
742 518 762 552 ι
800 495 944 552 aliud
969 492 1313 560 maledicum,
1361 496 1428 550 de
1467 510 1574 565 quo
1619 495 1907 566 Apostolus
1932 495 2123 552 scribit
2155 512 2168 548 :

591 612 609 644 ι
649 590 833 660 Neque
851 587 1097 644 maledici
1143 601 1367 655 regnum
1414 588 1509 642 Dei
1562 589 1912 656 possidebunt
1956 589 2008 659 (1
2048 590 2170 643 Cor.

588 680 705 746 vr);
746 695 763 726 ι
817 677 959 730 aliud
1017 676 1367 745 impndiemn,
1415 677 1480 731 de
1526 693 1633 745 quo
1657 679 1799 733 idem
1856 695 1869 732 :
1921 698 1939 730 ι
1973 679 2170 749 Turpis

585 785 768 824 sermo
789 772 856 825 de
873 785 970 824 ore
993 779 1175 824 vestro
1190 785 1294 823 non
1321 768 1576 838 procedat
1601 768 1817 839 (Epltes.
1847 768 1920 838 Iv)
1939 785 1954 834 ;
1975 789 1993 820 ι
2024 768 2170 823 aliud

583 863 1011 924 excusatorium,
1040 862 1182 915 unde
1222 859 1510 914 Psalmista
1543 877 1558 913 :
1604 878 1622 910 ‹
1651 858 1766 913 Νοη
1806 858 2045 914 declines
2073 873 2171 913 cor

583 970 762 1009 tueum
805 957 859 1009 in
909 953 1072 1009 verba
1109 953 1346 1016 malitiae,
1390 952 1457 1005 ad
1492 951 1834 1006 excusandas
1861 950 2171 1004 excusatio-

583 1060 682 1100 nes
729 1047 782 1098 in
831 1045 1068 1114 peccatis
1114 1041 1286 1114 (Psal.
1322 1042 1489 1109 exc):
1533 1061 1550 1093 ι
1594 1041 1740 1094 aliud
1788 1041 2068 1104 dolosum,
2105 1042 2172 1095 de

583 1153 692 1207 quo
733 1136 1043 1206 Pmpheta:
1081 1155 1098 1186 ι
1129 1135 1412 1204 Disperdat
1450 1135 1708 1188 Dominus
1733 1135 1984 1188 universa
2027 1134 2166 1188 labia

581 1228 770 1282 dolosa
819 1226 992 1297 (t’sal.
1044 1230 1157 1295 xu);
1195 1244 1212 1275 ι
1278 1225 1422 1278 aliud
1463 1226 1719 1290 otiosum,
1765 1224 1833 1279 de
1873 1239 1982 1293 quo
2025 1223 2166 1276 idem

582 1302 841 1374 Dominus
883 1339 897 1373 :
945 1338 963 1370 ι
1004 1319 1079 1374 De
1131 1319 1277 1372 omni
1331 1319 1497 1374 verbo
1577 1321 1753 1374 otioso
1813 1320 1956 1388 quod
2001 1318 2166 1374 locuti

579 1407 784 1462 fuerint
813 1409 1079 1473 homines,
1113 1409 1342 1461 reddent
1387 1408 1650 1463 rationem
1675 1410 1740 1463 de
1769 1424 1836 1463 eo
1879 1409 1931 1462 in
1960 1408 2047 1462 die
2081 1409 2163 1477 ju-

577 1498 703 1551 dieii
739 1497 958 1567 (Matth.
1002 1496 1141 1563 xu):
1180 1515 1198 1547 ›
1259 1507 1314 1551 et
1363 1497 1409 1551 si
1459 1513 1580 1566 qua:
1627 1496 1732 1552 alia
1787 1483 1913 1552 Sunt
1960 1512 2162 1568 genera

578 1588 746 1656 pestis
803 1587 982 1656 hujus,
1033 1600 1155 1656 quae
1193 1600 1291 1640 nos
1341 1585 1490 1640 brevi
1539 1585 1680 1640 saltu
1735 1585 2008 1640 transilire
2053 1599 2160 1663 non

576 1693 882 1746 possumus.

2280 495 2506 550 fundum
2540 493 2709 550 maris
2737 493 2918 550 onmia
2949 505 3171 564 peccata
3192 505 3393 550 vestra.
3428 497 3559 564 Quis
3593 501 3739 556 enim
3779 513 3868 560 est

2276 589 2367 657 qui
2401 586 2560 657 huius
2585 588 2732 644 tertii
2770 587 2928 642 rivnli
2965 603 3073 642 non
3124 588 3196 643 sit
3249 602 3460 644 mersus
3490 600 3547 646 et
3591 607 3869 654 remersus

2278 679 2572 733 instantia?

2347 769 2585 837 Quartus
2609 771 2757 825 rivus
2780 778 2868 826 est
2885 769 3127 825 defensio
3148 780 3516 841 peccatorum.
3551 773 3606 830 In
3632 776 3866 834 veritate

2275 861 2397 916 dico
2430 863 2581 917 vobis
2618 863 2744 932 quia
2773 862 2904 916 nihil
2941 862 3020 916 sic
3046 873 3335 931 exasperat
3380 865 3513 918 iram
3565 867 3866 924 divinitatis

2274 969 2437 1022 quam
2483 954 2781 1024 iniquitatis
2825 953 3086 1007 defensio.
3131 952 3314 1022 Equo
3363 957 3507 1010 enim
3565 960 3865 1016 certamine

2274 1058 2374 1096 nos
2399 1041 2740 1096 decertamns
2767 1057 2887 1096 cum
2921 1043 3170 1106 Domino,
3201 1058 3325 1098 cum
3352 1046 3692 1102 defendimus
3717 1051 3862 1120 quod

2272 1133 2405 1195 odit,
2449 1147 2572 1187 cum
2605 1134 2760 1187 nobis
2815 1133 2992 1201 placet
3039 1133 3184 1201 quod
3231 1133 3476 1203 displicet
3509 1136 3606 1190 illi.
3670 1139 3858 1210 Magna

2272 1222 2469 1290 quippe
2514 1219 2816 1275 differentia
2853 1231 2938 1276 est
2971 1223 3116 1277 inter
3155 1224 3447 1291 superbum
3502 1237 3558 1280 et
3602 1229 3857 1285 humilem

2271 1320 2636 1378 peccatorem,
2679 1327 2800 1366 eum
2833 1312 2982 1366 illum
3027 1313 3311 1381 despiciat,
3369 1315 3512 1371 hunc
3563 1321 3857 1388 respiciat:

2270 1403 2395 1472 quia
2427 1422 2445 1454 ι
2489 1402 2715 1456 humilia
2765 1404 3005 1472 reSpicit,
3055 1415 3111 1458 et
3149 1405 3255 1458 alta
3317 1422 3344 1458 a
3389 1406 3544 1476 longe
3579 1413 3861 1479 cognoscit

2269 1492 2442 1562 (Psal.
2466 1494 2734 1562 cxxxvn).
2770 1511 2788 1545 ι
2835 1493 3062 1558 Quando
3104 1497 3283 1550 sanari
3329 1507 3531 1565 potent
3571 1501 3660 1566 qui
3688 1504 3860 1558 medi-

2269 1597 2391 1637 cum
2419 1583 2648 1653 spernit,
2680 1584 2999 1639 medicinam
3026 1587 3309 1642 conculcat
3345 1598 3401 1643 et
3427 1590 3698 1646 infirmam
3729 1597 3858 1648 sub-

2267 1673 2521 1728 stantiam
2537 1675 2935 1730 contrariornm
2959 1677 3264 1745 receptione
3291 1681 3698 1736 snecendit?’l‘u
3717 1684 3853 1738 dicis

654 1767 889 1830 'l‘ertins,
925 1774 1012 1820 est
1053 1766 1196 1820 actio
1247 1778 1436 1834 prava.
1493 1763 1621 1819 Post
1669 1764 2072 1834 cogitationem,
2111 1773 2167 1820 et
2195 1759 2239 1817 Β
2269 1762 2469 1816 malum
2497 1763 2718 1826 bonum,
2747 1779 2996 1818 amarum
3037 1766 3212 1830 dulce,
3248 1770 3503 1825 tenebras
3547 1771 3742 1838 lucem,
3798 1785 3854 1830 et

574 1857 900 1913 locutionem
943 1857 1159 1911 venitur
1205 1859 1272 1910 ad
1327 1869 1514 1924 cpera,
1570 1855 1790 1926 quando
1840 1856 2162 1912 exhibemus

575 1948 816 2002 membra
846 1956 1031 2001 nostra
1058 1959 1210 2000 arma
1237 1944 1538 2014 iniquitatis
1567 1953 1810 2012 peccato,
1863 1955 1919 2000 et
1971 1953 2161 1999 contu-

571 2039 746 2093 meliis
775 2036 1037 2092 allicimus
1061 2050 1291 2105 corpora
1331 2045 1537 2089 nostra.
1566 2033 1717 2100 Quid'
1750 2033 1898 2088 enim
1946 2034 2160 2104 turpius

570 2141 732 2198 quam
766 2126 1008 2180 membra
1042 2124 1245 2180 Christi
1272 2124 1535 2192 sanguine
1579 2131 1900 2178 consecrata
1943 2133 2001 2178 et
2025 2139 2158 2178 con-

571 2217 783 2288 sepulta
809 2217 860 2272 ei
891 2217 946 2271 in
975 2216 1298 2285 baptismate
1327 2214 1628 2268 libidinosis
1659 2214 1946 2269 ardoribus
1973 2228 2158 2268 macu-

572 2313 710 2374 lare,
743 2325 843 2366 nec
878 2310 1159 2364 attendere
1209 2311 1568 2363 reverentiam
1600 2308 1880 2376 praesentis
1910 2307 2026 2373 Dei,
2060 2309 2159 2362 mi-

573 2403 755 2458 nantis
819 2414 1061 2473 ptenam,
1110 2400 1339 2471 glariam
1414 2400 1829 2469 promittentis?
1886 2401 2044 2456 Absit
2099 2409 2160 2455 ιιι

572 2492 768 2562 aliquis
827 2501 1065 2547 vestrum
1102 2491 1230 2546 huic
1261 2491 1406 2546 idolo
1448 2493 1849 2554 substernatur,
1899 2501 1958 2545 ut
1990 2491 2156 2546 lilium

577 2581 812 2654 Virginis
853 2582 906 2636 in
939 2581 1165 2636 Veneris
1203 2579 1400 2650 templo
1438 2579 1720 2649 suscipiat,
1750 2588 1809 2634 ut
1851 2595 2033 2635 arcam
2063 2581 2156 2635 Dei

564 2676 723 2745 juxta
745 2676 926 2746 Dagon
957 2673 1206 2741 collucet,
1238 2687 1306 2728 ne
1333 2673 1569 2729 nutritus
1598 2673 1652 2727 in
1679 2673 1887 2728 croceis
1914 2681 2156 2729 stercora

564 2767 725 2839 ³21
765 2766 1170 2836 ⁰⁰¹¹¹Ρ¹θ⁰ι³ῑυ¹⁹ο
1221 2765 1360 2833 Qnid
1409 2765 1572 2821 Petro
1615 2781 1737 2820 cum
1801 2765 1989 2835 mago?
2017 2765 2156 2832 Quid

509 2865 515 2870 '
572 2857 792 2911 Christo
822 2872 945 2911 cum
993 2856 1368 2911 Antichristo?
1405 2855 1544 2924 Quid
1578 2856 1775 2928 virgini
1817 2866 1874 2912 et
1909 2856 2156 2913 libidini?

568 2949 710 3018 Quid
753 2949 973 3021 puritati
1049 2961 1106 3006 et
1170 2950 1513 3020 itnpuritati?
1561 2949 1716 3004 Absit
1764 2959 1822 3004 ttt
1867 2949 2155 3019 quisquam

567 3053 809 3098 vestrum
866 3042 1110 3097 ambulet
1153 3042 1207 3096 in
1262 3042 1513 3112 passione
1558 3041 1814 3096 desiderii
1843 3080 1859 3106 ,
1911 3041 2050 3095 sicut
2098 3050 2156 3096 et

2262 1850 2314 1906 in
2346 1850 2660 1907 Creatorem
2692 1854 2932 1909 refundis
2961 1853 3208 1922 injurias,
3254 1867 3314 1911 ut
3360 1861 3504 1928 quod
3552 1860 3858 1920 laudaverit

2262 1946 2636 2015 tu'vitupercs,
2675 1945 2819 2015 quod
2848 1947 3235 2016 vituperaverit
3261 1959 3314 2003 tu
3355 1949 3562 2007 laudes.
3607 1954 3723 2009 Non
3769 1967 3857 2013 est

2259 2035 2361 2090 hoc
2397 2036 2670 2107 palpativa
2701 2035 3132 2092 dissimulatione
3181 2041 3495 2107 tacendum,
3545 2059 3668 2098 cum
3697 2047 3854 2102 vide—
3889 2030 3896 2037 ’

2259 2126 2361 2181 rim
2411 2128 2673 2197 quosdam
2709 2137 2949 2184 vestrum
2995 2129 3158 2184 tantis
3207 2132 3557 2200 impatientia:
3606 2137 3848 2194 stimulis

2258 2217 2451 2285 agitari
2478 2227 2538 2272 ut
2567 2218 2632 2272 ad
2665 2219 2868 2287 primas
2909 2220 3268 2287 correptionis
3318 2235 3479 2276 voces
3529 2237 3637 2280 non
3674 2225 3849 2282 solum

2257 2310 2684 2374 excusationem,
2729 2310 2823 2364 sed
2878 2310 3248 2365 defensionem
3299 2313 3614 2381 exhibeant,
3661 2327 3716 2372 et
3743 2320 3848 2374 nisi

2257 2392 2623 2466 disciplinaris
2643 2397 2795 2468 vigor
2815 2398 3136 2464 obviaverit,
3171 2401 3238 2456 ad
3266 2402 3529 2458 tumultus
3570 2414 3625 2459 et
3667 2404 3846 2478 iurgia

2257 2485 2554 2554 prosilitur.
2599 2485 2723 2542 Haec
2757 2497 2842 2542 est
2880 2488 3128 2558 impietas
3165 2491 3403 2546 maxima
3431 2493 3482 2547 in
3513 2492 3678 2548 Deum
3719 2496 3848 2566 (Job

2270 2592 2430 2633 xxuv
2457 2575 2710 2631 delictum
2737 2577 3052 2642 maximum,
3079 2593 3199 2646 qua:
3213 2580 3299 2633 vir
3319 2580 3544 2651 simplex
3560 2593 3613 2638 et
3643 2596 3845 2653 rectus,

2257 2674 2312 2718 et
2359 2681 2493 2734 puer
2538 2665 2750 2722 Domini
2779 2682 2989 2721 summa
3016 2668 3497 2740 circutnspeetiOne
3517 2673 3748 2733 devitat.

2331 2756 2800 2828 Elegantissimam
2828 2773 2990 2826 super
3023 2760 3105 2814 his
3131 2761 3594 2830 comparationem
3637 2765 3846 2821 inducit

2257 2851 2541 2919 propheta.
2565 2867 2727 2919 quam
2752 2853 2819 2905 de
2849 2852 3094 2906 sacrario
3125 2855 3296 2909 sancti
3325 2853 3565 2925 Spiritus
3597 2867 3842 2927 asporta-

2259 2942 2376 2997 vit:
2426 2960 2444 2993 ι
2497 2942 2614 3004 lbi,
2669 2940 2879 3012 inquit,
2937 2942 3127 2998 habuit
3168 2942 3380 3000 foveam
3446 2948 3654 3003 ericius
3701 2948 3840 3020 (Ita.

2260 3032 2471 3102 xxxrv).
2493 3051 2511 3084 ι
2546 3033 2708 3102 322
2733 3033 2946 3089 Ericius
2989 3034 3032 3088 si
3063 3035 3390 3104 apprehendi
3413 3052 3472 3093 se
3506 3040 3727 3104 sentiat,
3757 3043 3844 3096 vel

564 3143 779 3205 gentes,
813 3147 934 3202 qum
976 3133 1227 3204 ignorant
1273 3131 1463 3196 Deum,
1500 3131 1591 3201 qui
1618 3146 1815 3201 corpus
1836 3130 2035 3186 Christi
2063 3139 2157 3185 aut
2179 3118 2227 3183 C
2259 3125 2519 3196 contingi,
2549 3126 2622 3179 ita
2660 3125 3060 3181 confertissima
3101 3129 3420 3197 spinositate
3449 3131 3708 3187 densatus
3753 3143 3843 3188 est

567 3223 927 3287 consecratis,
959 3231 1054 3276 aut
1083 3221 1285 3276 Christi
1331 3221 1544 3291 corpori
1595 3219 1944 3283 ministratis,
1993 3219 2151 3274 electi

565 3316 774 3372 servire
798 3313 1133 3385 imperatori,
1163 3321 1220 3366 ut
1245 3327 1368 3368 cum
1393 3313 1719 3382 imperatore
1748 3309 2002 3373 sedcatis,
2027 3324 2149 3364 cum

565 3405 771 3466 sederit
795 3406 847 3458 in
879 3403 1006 3459 sede
1036 3402 1340 3472 maiestatis
1363 3417 1502 3458 suae.
1539 3404 1654 3469 Qua
1707 3400 1906 3465 fronte,
1957 3402 2152 3470 quibus

561 3500 738 3555 oculis
790 3501 1001 3554 videret
1047 3514 1166 3564 nos,
1215 3497 1427 3551 viveret
1473 3495 1796 3555 nobiscum,
1844 3491 1934 3560 qui
1990 3491 2152 3544 tantis

563 3595 708 3646 inter
760 3605 860 3646 nos
897 3587 1346 3644 obscrenitatibns
1374 3580 1714 3638 deservit-et?
1763 3577 1880 3644 Qua
1947 3590 2148 3642 mente,

561 3701 669 3756 qua
713 3683 1049 3739 conscientia
1105 3679 1393 3734 accederet
1441 3676 1513 3729 ad
1564 3672 1766 3727 Sancta
1815 3678 2146 3733 sanctorum,

561 3776 851 3830 immolare
904 3774 1164 3829 Sanctum
1225 3778 1576 3828 sanctorum,
1627 3763 1782 3834 cujus
1831 3761 1971 3815 fama
2021 3777 2150 3816 con-

563 3867 909 3937 temptibilis,
966 3866 1075 3920 vita
1134 3863 1421 3925 notabilis,
1468 3872 1650 3914 sermo
1711 3851 2151 3925 reprehensibilis

561 3960 854 4012 haberetur
875 3957 897 4010 ’ἔ

635 4049 741 4104 Sed
764 4051 809 4102 si
855 4049 1012 4112 forte,
1035 4047 1336 4102 humanum
1370 4043 1564 4112 loquor
1590 4045 1811 4109 pmpter
1853 4033 2144 4088 infirmita-

563 4151 670 4193 tem
715 4139 897 4194 carnis
942 4150 1160 4201 nostrae,
1198 4136 1394 4206 aliquis
1427 4142 1673 4188 nostrum
1723 4129 1827 4182 tale
1859 4127 2059 4195 aliquid
2094 4128 2146 4180 in

562 4226 813 4281 cubiculo
849 4225 1192 4280 conscientiae
1239 4222 1601 4291 eomplicavit,
1634 4217 1866 4288 duplicet
1901 4215 2026 4268 illud
2052 4231 2148 4284 per

561 4317 954 4374 confessionem
992 4327 1048 4369 ct
1082 4314 1478 4384 paenitentiam,
1509 4320 1564 4364 et
1589 4324 1691 4379 ego
1716 4309 1765 4362 ei
1815 4308 1882 4361 de
1928 4305 2146 4359 miseri-

561 4409 748 4464 cordia
776 4407 1046 4461 nascentis
1069 4405 1220 4474 pueri
1250 4401 1567 4472 repromitto
1591 4399 1739 4468 quia,
1777 4396 1825 4452 si
1864 4395 2144 4451 confessus

560 4501 724 4554 fuerit
751 4507 807 4553 et
851 4466 1183 4566 ptenituerit,
1223 4503 1475 4548 nascetur
1503 4493 1556 4546 in
1605 4505 1670 4545 eo
1707 4489 1804 4563 lux
1851 4487 2054 4553 mundi,
2086 4497 2144 4541 ut
2173 4466 2221 4524 Ῑ)

560 4590 780 4644 dimotis
820 4587 1102 4642 fallacibus
1148 4584 1384 4639 tenebris
1431 4582 1772 4653 splendorem
1821 4595 1963 4634 verae
2006 4579 2143 4634 lucis

557 4682 809 4750 accipiat.
849 4678 1128 4746 Quomodo
1163 4677 1307 4730 enim
1355 4673 1571 4728 miseris
1623 4671 1991 4727 misericordia
2041 4673 2142 4726 hac

559 4782 718 4826 nocte
749 4771 1054 4842 negabitur,
1086 4770 1140 4823 in
1174 4785 1279 4838 qua
1312 4764 1737 4820 misericorditer
1772 4763 2015 4816 nascitur
2041 4761 2142 4815 mi-

555 4863 792 4917 sericors
810 4870 866 4916 et
895 4861 1180 4915 miseratur
1210 4854 1499 4910 Dominus?
1525 4853 1689 4907 Adest
1715 4851 1857 4905 Dens
1878 4861 1934 4905 et
1952 4851 2134 4914 homo,

558 4961 734 5005 mater
757 4959 812 5004 et
839 4951 1010 5019 virgo,
1041 4964 1170 5003 caro
1211 4955 1266 5000 et
1305 4944 1556 5002 Verbum,
1590 4942 1677 4994 lux
1714 4952 1770 4994 et
1804 4940 2138 5002 illuminans,

557 5045 733 5098 bonus
757 5053 814 5096 et
861 5042 1092 5104 bonitas,
1150 5036 1518 5094 misericordia
1554 5044 1608 5088 et
1641 5033 1862 5093 veritas,
1914 5028 2138 5083 fecunda

556 5133 864 5202 virginitas,
883 5131 1158 5201 virginalis
1173 5129 1496 5192 fecunditas,
1523 5131 1722 5180 aeterna
1749 5121 1980 5183 novitas,
2001 5135 2137 5173 nova

558 5227 874 5288 aeternitas,
932 5224 1112 5278 divina
1170 5221 1521 5283 humanitas,
1581 5218 1812 5271 humana
1867 5213 2138 5274 divinitas,

559 5315 777 5369 humilis
822 5311 1148 5373 sublimitas,
1180 5319 1235 5363 et
1280 5309 1332 5362 in
1366 5309 1449 5361 his
1477 5306 1726 5359 omnibus
1770 5299 2138 5355 misericordia

558 5407 873 5461 fabricatur.
927 5403 1186 5459 Cohibete
1231 5399 1397 5470 igitur
1425 5397 1795 5452 extollentiam
1836 5395 1905 5448 ab
1943 5391 2136 5456 oculis,

559 5498 937 5565 loquacitatem
990 5514 1020 5552 a
1080 5495 1303 5565 lingua,
1355 5490 1728 5546 crudelitatem
1784 5504 1813 5540 a
1867 5483 2136 5548 manibus,

557 5586 887 5656 Voluptatem
917 5603 947 5641 a
987 5586 1203 5651 lumbis,
1243 5582 1403 5654 pedes
1428 5583 1495 5635 ab
1529 5581 1723 5634 itinere
1751 5594 1857 5632 non
1889 5577 2037 5637 tritu,
2083 5584 2139 5628 et

560 5677 738 5730 venite
769 5688 825 5732 et
854 5678 1061 5748 arguite
1103 5691 1248 5742 eum,
1298 5675 1343 5730 si
1386 5688 1492 5728 non
1525 5671 1626 5726 hac
1667 5677 1822 5723 noete
1851 5665 2137 5734 disrumpit

2255 3226 2314 3270 ut
2355 3215 2590 3286 undique
2623 3217 3125 3286 compunctionibns
3176 3229 3233 3274 et
3287 3220 3490 3277 aculeis
3540 3224 3838 3290 vestiatur;

2253 3321 2376 3361 cum
2408 3322 2536 3360 vero
2557 3321 2616 3361 se
2650 3306 2993 3361 solitudinem
3024 3309 3276 3379 adeptum
3318 3321 3488 3381 putat,
3517 3323 3678 3384 caput
3705 3329 3837 3383 ape-

2254 3397 2345 3461 rit,
2370 3397 2544 3450 exerit
2575 3397 2737 3465 pedes
2765 3408 2818 3451 et
2851 3397 3235 3476 viviﬁcatorilos
3257 3411 3439 3456 motus
3476 3401 3631 3472 plana
3659 3404 3839 3459 deam-

2251 3486 2526 3542 bulatione
2554 3490 2910 3542 demonstrat.
2959 3487 3016 3541 Si
3049 3489 3172 3558 quis
3215 3494 3610 3560 supervenerit,
3651 3495 3834 3549 statim

2251 3579 2536 3632 celerrima
2569 3578 2858 3633 velocitate
2889 3587 3050 3648 caput
3078 3594 3199 3633 cum
3229 3581 3456 3649 pedibus
3496 3585 3564 3636 ad
3605 3584 3837 3640 interius

2251 3669 2624 3723 absconditum
2651 3678 2978 3739 reportatur,
3010 3671 3137 3724 utsi
3185 3671 3334 3725 illum
3367 3683 3549 3728 tenere
3575 3674 3834 3741 volueris,
3879 3683 3886 3690 '

2251 3760 2399 3827 prius
2427 3759 2608 3814 videas
2643 3760 2964 3829 sanguinem
3011 3771 3160 3814 tuum
3200 3777 3370 3831 quam
3409 3778 3606 3832 corpus
3651 3781 3831 3822 suum.

2251 3850 2343 3903 Sic
2372 3858 2427 3903 et
2453 3851 2752 3919 peccatoris
2779 3862 2941 3920 caput
2967 3866 3089 3905 cum
3136 3853 3385 3921 pedibus,
3437 3855 3668 3912 intentio
3707 3875 3831 3912 cum

2249 3941 2483 4004 actione,
2531 3957 2561 3995 a
2604 3951 2890 4010 pastorum
2940 3941 3300 3999 sollicitudine
3347 3957 3744 4016 prospectatur,
3773 3959 3829 4004 et

2250 4032 2391 4100 quod
2420 4033 2532 4086 fere
2560 4032 2805 4086 omnium
2855 4033 3194 4100 peccantium
3225 4035 3414 4089 vitium
3449 4045 3553 4101 est,
3602 4053 3724 4092 cum
3762 4039 3833 4094 ab

2249 4123 2497 4177 omnibus
2524 4123 2792 4188 videatur,
2831 4139 2862 4176 ιι
2899 4124 3113 4179 nemine
3155 4124 3393 4180 aestimat.
3439 4141 3499 4181 se
3529 4126 3718 4181 videri.
3769 4127 3831 4185 Si

2249 4213 2436 4266 vitium
2487 4228 2733 4268 resecare
2779 4214 3031 4280 studeas,
3087 4223 3144 4268 et
3197 4213 3511 4269 intentionis
3559 4216 3831 4286 ingressus

2247 4319 2370 4357 cum
2397 4303 2624 4358 actionis
2715 4305 3050 4374 egressibus,
3082 4305 3398 4361 correctivis
3441 4306 3691 4361 manibus
3741 4308 3828 4362 de-

2245 4397 2600 4464 prehendere,
2633 4395 2814 4449 statim
2843 4393 3121 4449 Ciceronis
3167 4386 3478 4464 eloquentia
3515 4405 3825 4461 renovatur,

2244 4499 2536 4540 excusatur
2580 4493 2635 4538 et
2665 4484 2970 4539 defenditur
2999 4484 3142 4552 quod
3173 4484 3418 4554 Opponis,
3465 4487 3740 4540 accusaris
3770 4497 3828 4540 et

2243 4576 2531 4632 ollenderis
2555 4575 2644 4644 qui
2668 4574 2943 4643 proponis.
2973 4574 3275 4644 Interrogat
3311 4578 3376 4630 de
3402 4574 3539 4639 loco,
3589 4577 3653 4631 de
3695 4586 3824 4631 tem-

2244 4682 2395 4736 pore,
2439 4666 2656 4734 quando
2702 4664 2901 4719 factum
2949 4663 3141 4728 fuerit,
3189 4677 3246 4720 et
3296 4682 3468 4722 novus
3512 4668 3826 4724 dialecticus

2241 4767 2427 4812 exerta
2489 4756 2670 4826 lingua
2735 4757 3071 4826 prorumpit,
3146 4757 3198 4811 in
3270 4758 3505 4813 medium
3575 4769 3826 4826 parentes

2244 4847 2490 4911 advocat,
2519 4845 2946 4914 patrocinatores
2970 4847 3164 4916 qurerit
3194 4888 3209 4913 ,
3251 4848 3463 4916 gravari
3490 4863 3549 4903 se
3571 4848 3782 4916 judicat
3802 4889 3821 4915 ,
3875 4887 3880 4890 -

2242 4936 2446 4990 indicat
2489 4951 2548 4990 sc
2601 4951 2942 4989 recessurum
2983 4937 3252 5006 malleque
3314 4939 3447 4992 tnori
3495 4955 3656 5008 quam
3711 4939 3823 5009 pati

2243 5025 2416 5090 talia,
2469 5034 2524 5078 et
2581 5039 2701 5093 quae
2751 5023 2928 5078 vidisti
2974 5041 3215 5094 negans,
3258 5034 3312 5078 et
3366 5041 3487 5095 quas
3534 5043 3639 5080 non
3689 5027 3824 5083 vidit

2243 5114 2297 5168 in
2341 5124 2392 5168 te
2429 5113 2675 5168 convicia
2703 5124 3040 5182 retorquens.
3075 5114 3165 5168 Sic
3189 5116 3399 5183 spinam
3431 5115 3599 5169 sentis
3626 5123 3680 5168 et
3707 5115 3821 5168 cul-

2241 5222 2363 5276 pam
2396 5204 2598 5273 perdis,
2630 5203 2811 5256 odium
2844 5204 3096 5269 incurris,
3141 5219 3240 5258 nec
3276 5204 3524 5272 eorrigis,
3568 5213 3623 5258 et
3659 5220 3819 5272 quem

2243 5305 2412 5349 totum
2443 5303 2626 5347 tenere
2678 5295 2928 5363 putabas,
2970 5303 3140 5348 totum
3191 5295 3413 5349 amittis.
3455 5292 3614 5348 Vides
3657 5310 3818 5362 quam

2241 5384 2521 5455 multiplici
2565 5384 2942 5441 cumulositate
2987 5385 3134 5440 rivus
3177 5385 3279 5441 iste
3320 5385 3466 5440 omni
3515 5385 3720 5440 homini
3765 5393 3819 5439 et

2241 5476 2474 5531 maxime
2494 5487 2682 5530 nostro
2709 5477 2882 5529 ordini
2913 5489 2972 5531 se
3002 5474 3251 5531 infundit.

2308 5565 2541 5633 Quintus
2565 5573 2649 5620 est
2689 5565 2978 5621 exsultatio
3023 5567 3076 5618 in
3105 5567 3360 5634 peccatis.
3407 5565 3452 5621 0
3502 5565 3814 5622 detestanda

2239 5659 2425 5714 lzctitia
2451 5668 2505 5712 et
2526 5658 2579 5711 in
2600 5657 2914 5726 sempiterni
2945 5657 3147 5713 doloris
3174 5658 3447 5713 tristitiam
3463 5658 3813 5724 demutanda,
