4178 6464
385 439 492 498 845

388 646 723 702 troeinantes
748 651 801 698 et
827 641 1117 697 facinorosi
1142 642 1345 712 quique
1373 658 1496 697 cum
1529 650 1776 697 votorum
1801 640 1972 711 pleni-

387 735 626 791 tudinem
673 741 1200 802 assequuntur,_non
1243 747 1303 786 se
1346 733 1569 801 capiunt
1615 747 1724 800 pra:
1753 731 1970 801 gaudio,

385 828 462 887 ita
492 827 652 883 etiam
703 835 759 879 ut
815 825 1044 879 audeant
1075 824 1175 893 ipsi
1216 825 1482 878 divinitati
1530 824 1733 893 gratias
1772 824 1969 876 immu-

389 918 524 974 tire?
555 934 573 967 ι
606 914 708 982 Qui
735 929 857 967 eum
883 912 1273 980 malefecerint,
1309 913 1564 967 laztantur
1595 920 1650 966 et
1693 912 1971 966 exsultant

387 1011 442 1066 in
473 1010 635 1064 rebus
669 1005 920 1075 pessimis
954 1003 1138 1076 (Prov.
1174 1004 1258 1073 ιι).
1287 1003 1500 1060 Cadent
1523 1019 1687 1073 super
1727 1019 1821 1059 eos
1845 1019 1970 1058 car-

386 1102 580 1163 bones,
601 1108 656 1153 et
681 1100 732 1152 in
765 1098 942 1169 ignem
972 1097 1294 1167 dejicientur
1322 1096 1495 1167 (Psal.
1529 1098 1774 1168 cxxxrx).
1813 1116 1833 1148 ι
1865 1097 1970 1154 Sed

386 1203 444 1249 et
473 1193 618 1247 rivus
648 1192 750 1247 iste
798 1205 958 1260 quam
998 1191 1204 1246 undosa
1235 1190 1531 1246 reﬂuxione
1569 1193 1798 1248 miseros
1854 1193 1971 1246 ani-

388 1291 598 1338 mantes
618 1279 880 1348 effundat,
899 1279 1090 1335 melius
1117 1280 1449 1336 conscientia
1477 1297 1639 1350 quam
1664 1274 1971 1352 eloiluentia

387 1373 820 1444 comprehendit.

461 1469 658 1522 Sextus
686 1476 772 1523 est
815 1466 948 1523 alios
977 1467 1173 1522 docere
1215 1467 1282 1521 ad
1310 1466 1531 1524 malum.
1572 1467 1698 1523 llaec
1723 1468 1967 1523 doctrina

389 1559 454 1613 de
479 1560 738 1615 cathedra
768 1559 1092 1629 pestilentiae
1121 1559 1418 1623 derivatur,
1466 1574 1627 1629 quam
1669 1559 1971 1614 detestatur

387 1658 443 1704 et
498 1649 752 1720 reprobat
796 1649 888 1718 qui
931 1648 1086 1703 docet
1123 1649 1395 1703 hominem
1442 1649 1726 1704 scientiam
1781 1645 1967 1719 (Psal.

387 1741 564 1811 1cm).
614 1739 659 1796 Ο
686 1755 850 1810 quam
891 1739 946 1794 in
991 1754 1134 1797 vano
1161 1739 1361 1808 accipit
1411 1740 1649 1794 animam
1695 1755 1849 1795 suam
1879 1741 1970 1810 qui

387 1827 617 1884 aliorum
644 1827 854 1882 animas
879 1835 1111 1882 venatur
1136 1827 1202 1882 ad
1227 1836 1476 1892 mortem,
1507 1828 1601 1898 qni
1647 1828 1816 1883 trahit
1841 1843 1962 1898 pec-

1843 434 2075 492 SEltMO
2115 437 2251 492 LXI.

388 556 440 609 in
472 552 714 624 peccatis
743 552 884 608 sicut
927 551 981 605 in
1011 551 1310 606 virtutibus‘
1331 549 1624 606 exsultare.
1675 547 1861 604 Nonne
1892 549 1968 601 la.
1995 555 2045 610 Α
2071 548 2270 606 dicitur
2311 565 2326 604 :

3553 447 3657 501 856

2387 569 2406 602 ι
2441 550 2575 618 Quia
2615 553 2789 607 factus
2838 569 2954 606 sum
2998 554 3140 608 sicut
3187 564 3309 609 uter
3359 557 3412 609 in
3465 559 3659 626 pruina

2072 638 2256 712 (Psal.
2275 645 2490 714 cxvm).
2525 665 2545 696 ι

2143 733 2248 787 Sed
2270 735 2382 804 jam
2411 736 2596 802 corda,
2627 749 2680 790 et
2698 754 2925 806 corpora
2953 750 3134 792 nostra
3165 740 3229 792 ad
3253 737 3659 808 suscipiendum

2071 822 2266 877 Filium
2297 823 2531 896 Virginis
2569 839 2867 896 praeparata
2903 829 3240 883 dimittamus
3285 831 3337 882 in
3387 843 3520 898 pace
3544 866 3564 896 ,
3608 845 3661 884 et

2071 929 2260 970 omnes
2291 916 2344 968 in
2374 931 2660 972 commune
2683 919 2861 972 lumen
2899 921 2966 973 ad
2997 920 3379 976 revelationem
3414 921 3657 992 gentium

2071 1003 2448 1061 innocentibus
2494 1006 2732 1062 brachiis
2771 1009 3184 1078 amplectamur,
3237 1010 3332 1080 qui
3383 1019 3468 1066 est
3517 1009 3661 1067 Deus

2051 1091 2386 1153 benedictus
2414 1095 2466 1149 in
2490 1096 2702 1152 sacula.
2733 1099 2924 1153 Amen.

2794 1187 2929 1242 LXI.

2248 1273 2266 1292 ‘
2287 1289 2506 1329 liOIILIA
2526 1291 2578 1329 nv
2595 1292 2924 1333 umvrrun
2954 1294 3161 1334 nonum.
3185 1282 3314 1352 (xxv
3336 1281 3482 1353 nnc.)

2143 1363 2407 1419 Charitati
2439 1376 2654 1433 vestra},
2681 1368 2880 1425 fratres
2907 1371 3234 1439 charissimt,
3279 1373 3658 1430 aedilicationis

2071 1456 2296 1508 verbum
2336 1453 2518 1510 facere
2545 1457 2738 1526 gestio,
2770 1459 2865 1513 sed
2887 1459 3034 1528 quia,
3070 1471 3130 1515 ut
3157 1462 3352 1527 nostis,
3382 1479 3554 1533 nuper
3586 1465 3655 1520 ad

2072 1545 2416 1616 episcopatus
2459 1548 2688 1617 apicem,
2740 1548 2849 1622 Deo
2891 1562 3132 1617 auctore,
3175 1561 3456 1622 promotus
3514 1570 3657 1620 sum,

2072 1632 2218 1701 loqui
2266 1644 2394 1690 ante
2437 1619 2793 1706 prudentiain
2835 1649 3094 1708 vestram,
3153 1642 3282 1697 dum
3329 1645 3661 1701 conscientia

2071 1725 2281 1790 metuit,
2316 1725 2495 1796 lingua
2529 1729 2688 1782 etiam
2725 1729 2953 1784 necdum
2993 1739 3206 1786 assueta
3234 1731 3482 1788 balbutit.
3515 1733 3660 1790 Nun-

2073 1817 2202 1886 quid
2229 1818 2373 1872 euim
2417 1819 2508 1888 qui
2547 1821 2725 1874 navim
2769 1821 2977 1892 remigii
3029 1824 3310 1894 imperitus
3358 1825 3664 1896 ingreditur

389 1928 509 1975 cara
557 1919 699 1976 sicut
739 1919 952 1988 longam
1002 1928 1222 1985 regem,
1281 1919 1372 1989 qui
1423 1920 1615 1990 misce;
1656 1922 1970 1991 sanguine",
2001 1894 2045 1954 Β
2074 1910 2350 1978 suscipere
2375 1911 2796 1980 gubernaculum
2825 1929 2930 1968 non
2963 1916 3214 1970 veretur?
3259 1915 3328 1970 Et
3376 1919 3467 1986 qui
3508 1918 3661 1974 rudis

389 2011 657 2082 sanguini,
692 2011 776 2066 cui
836 2027 942 2066 non
978 2010 1173 2066 suliicit
1222 2019 1284 2064 ut
1332 2011 1564 2067 intereat
1616 2013 1668 2066 in
1717 2013 1971 2067 szeculum

389 2102 596 2166 szeculi,
627 2101 728 2156 nisi
757 2111 813 2157 et
861 2102 998 2157 alios
1030 2104 1096 2157 ad
1144 2103 1420 2158 interitum
1468 2103 1748 2172 pertrahat
1775 2103 1974 2172 sempi-

389 2197 634 2251 ternum!
695 2194 859 2251 Scitis
903 2196 1047 2250 enim
1082 2197 1209 2266 quia
1260 2195 1428 2250 multa
1482 2195 1614 2250 vitia
1667 2196 1974 2252 tenerrimis

387 2286 640 2342 aetatibus
664 2285 1070 2356 imprimuntur,
1099 2303 1222 2357 quae
1247 2296 1433 2354 postea
1463 2287 1514 2340 in
1530 2300 1727 2355 magno
1747 2301 1976 2354 corpore

388 2379 498 2431 vix"
527 2377 815 2448 mitigare,
861 2377 1058 2432 nedum
1101 2379 1399 2446 exstirpare
1441 2375 1726 2446 quisquam
1781 2375 1971 2444 possit.

390 2465 638 2523 Infelices
658 2468 924 2538 magistri,
954 2467 1046 2537 qui
1075 2465 1380 2536 hujusmodi
1410 2464 1675 2534 plantaria
1703 2463 1976 2533 plantave-

389 2567 534 2624 runt,
567 2575 688 2631 qua:
726 2559 1113 2630 explautantur
1141 2559 1210 2613 ab
1245 2556 1336 2611 illa
1365 2556 1574 2612 ctelesti
1621 2555 1972 2625 plantatione,

391 2664 556 2721 quam
579 2650 842 2720 plantavit
868 2650 1031 2704 Pater
1060 2648 1148 2704 ille
1179 2647 1444 2704 caelestis!
1480 2645 1610 2711 Quis
1655 2643 1976 2714 gloriabitur
2037 2701 2044 2704 _

391 2755 454 2798 se
475 2739 633 2810 hujus
661 2740 760 2796 rivi
794 2740 1251 2794 torrentibusnon
1283 2735 1452 2791 fuisse
1480 2735 1773 2790 vallatum?

465 2829 738 2900 Septimus
781 2838 864 2884 est
909 2829 964 2882 in
1018 2828 1103 2883 his
1154 2826 1406 2882 omnibus
1452 2822 1822 2894 perseverare.
1875 2823 1976 2879 Hic

391 2931 647 2991 peccator
701 2920 1018 2974 submersus
1061 2927 1165 2983 est,
1217 2927 1273 2973 et
1322 2916 1628 2984 absorptus,
1681 2922 1735 2969 et
1781 2913 1977 2969 clausit

392 3026 556 3082 super
577 3025 699 3065 eum
725 3019 920 3079 puteus
957 3024 1018 3064 os
1064 3023 1241 3063 suum.
1285 3006 1420 3062 Cum
1476 3006 1622 3059 enim
1677 3020 1784 3059 non
1833 3003 1977 3059 levat

392 3101 577 3157 oculos
605 3101 670 3156 ad
701 3101 919 3166 etnlum,
968 3115 1069 3154 nec
1096 3099 1413 3154 recordatur
1445 3098 1770 3172 judiciorum
1796 3095 1974 3165 justo-

394 3201 799 3257 rum,mortuus
825 3199 880 3245 et
900 3189 1140 3258 sepultus
1166 3195 1246 3243 est
1273 3187 1326 3242 in
1349 3186 1598 3256 sepulcro
1627 3186 1976 3242 conscientia:

393 3297 526 3338 sum.
560 3282 710 3338 Tune
755 3297 785 3336 a
829 3291 1062 3348 mortuo,
1117 3291 1372 3349 tanquam
1402 3279 1494 3347 qui
1525 3293 1631 3334 non
1674 3289 1780 3344 est,
1833 3280 1976 3348 perit
2001 3251 2048 3314 Ο

392 3371 660 3429 confessio
688 3371 878 3443 (Eccli.
913 3370 1070 3440 xvti).
1102 3371 1256 3426 Tunc
1286 3370 1446 3441 θεῖς
1490 3389 1508 3421 ι
1555 3378 1799 3440 peccator
1849 3385 1971 3424 cum

391 3463 604 3517 venerit
650 3462 705 3516 in
758 3460 1080 3532 profundum
1130 3459 1417 3524 malorum,
1463 3460 1759 3513 contemnit
1787 3457 1970 3527 (Prov.

391 3553 570 3623 xviii).
607 3570 624 3603 ι
686 3551 783 3606 llic
824 3561 908 3608 est
947 3551 1001 3604 in
1030 3560 1273 3605 extremo
1296 3546 1574 3602 ﬂuminum
1603 3546 1840 3619 Egypti.
1874 3547 1974 3603 Hic

393 3641 679 3696 multitudo
729 3641 1134 3695 miserationum
1167 3639 1378 3694 Domini
1438 3637 1643 3717 tollitur
1691 3638 1768 3694 ab.
1803 3639 1974 3694 oculis

392 3732 528 3803 ejus.
562 3733 606 3788 O
660 3732 862 3787 flumen
897 3731 1117 3796 malum,
1147 3729 1247 3784 rivi
1284 3728 1525 3800 pessimi,
1577 3729 1678 3783 rivi
1720 3729 1974 3784 extermi-

392 3831 586 3877 nantes
615 3839 628 3874 :
664 3822 765 3875 hac
802 3829 961 3875 nocte
992 3819 1252 3874 Dominus
1280 3831 1375 3872 eos
1405 3817 1676 3872 calceatus
1697 3818 1970 3885 transivit,

392 3929 515 3968 cum
545 3912 598 3967 in
623 3911 868 3982 virginali
889 3910 1192 3966 substantia
1207 3924 1395 3979 puram
1415 3924 1642 3964 carnem
1660 3920 1716 3963 et
1730 3909 1972 3963 omnium

391 4001 782 4073 prmtaxatione
807 3999 1039 4070 pestium
1067 4000 1360 4053 immunem
1391 3998 1622 4067 accepit.
1653 3997 1742 4054 illo
1759 3997 1971 4053 calcea-

392 4100 577 4149 mento
612 4091 904 4157 calceatus,
935 4090 1079 4161 quod
1114 4091 1170 4144 in
1199 4089 1488 4145 Idumaeam
1518 4089 1762 4144 extendit
1796 4087 1968 4160 (Psal.

392 4183 528 4256 ιιι),
553 4180 707 4252 cujus
735 4182 1024 4253 corrigiam
1051 4181 1261 4237 solvere
1288 4197 1394 4237 non
1421 4182 1597 4250 potuit
1627 4197 1855 4252 magnus
1884 4181 1974 4238 ille

311 4349 316 4352 _
392 4274 632 4347 Baptista
662 4273 812 4345 (Luc.
841 4274 947 4344 ιιι).
989 4273 1133 4329 Misit
1160 4273 1227 4328 de
1253 4278 1482 4342 summo;
1505 4273 1700 4328 Filium
1735 4281 1894 4329 suum
1916 4283 1973 4330 et

393 4363 604 4437 accepit
629 4381 715 4421 me
737 4366 790 4420 in
816 4374 972 4421 utero
987 4365 1248 4436 Virginis,
1269 4375 1325 4420 et
1348 4365 1428 4421 sic
1451 4365 1663 4420 tandem
1681 4364 1974 4434 assumpsit

392 4469 482 4511 me
509 4455 576 4512 de
601 4456 757 4525 aquis
794 4455 1000 4520 multis,
1032 4470 1168 4526 quas
1196 4455 1350 4510 vobis
1391 4455 1631 4510 breviter
1671 4453 1972 4524 praelibavi-

392 4565 534 4606 mus.
577 4568 596 4601 ι
633 4549 826 4605 Libera
856 4565 966 4615 me,
997 4549 1192 4619 inquit,
1230 4550 1298 4604 ab
1327 4549 1414 4604 his
1463 4549 1555 4618 qui
1597 4549 1828 4604 oderunt
1857 4563 1968 4615 me,

391 4650 450 4696 et
471 4642 536 4697 de
563 4641 842 4712 profundis
875 4658 1137 4712 aquarum
1165 4640 1338 4714 (Psal.
1371 4641 1582 4712 uvnt).
1622 4661 1641 4692 ι

464 4729 834 4786 Pereutiemus
853 4745 968 4806 eos,
1003 4732 1049 4787 si
1077 4732 1374 4802 cogitemus
1399 4747 1498 4802 pro
1517 4742 1740 4802 peccato
1763 4740 1967 4796 nostro,

394 4823 440 4877 si
488 4821 869 4893 prohibeamus
918 4823 1158 4889 linguam
1209 4839 1241 4877 a
1287 4822 1429 4888 dolo,
1467 4823 1512 4878 si
1560 4822 1891 4879 declinemus
1939 4840 1971 4878 a

1994 4602 2050 4662 D

393 4910 538 4966 malo
564 4921 619 4966 et
649 4911 913 4967 faciamus
946 4912 1170 4973 bonum,
1196 4911 1242 4966 si
1283 4911 1637 4965 confiteantur
1688 4912 1971 4966 adversum
2007 4940 2027 4962 .

391 5017 494 5058 nos
515 5001 832 5072 injustitiam
857 5012 1099 5059 nostram
1139 5001 1389 5069 Domino,
1418 5002 1464 5058 si
1499 5001 1651 5058 dolor
1675 5013 1859 5057 noster
1902 5003 1973 5058 sit

394 5107 608 5162 semper
640 5093 696 5147 in
739 5101 1031 5163 conspectu
1057 5101 1263 5159 nostro,
1316 5093 1362 5148 si
1413 5093 1703 5149 doceamus
1755 5093 1970 5164 iniquos

391 5180 510 5236 vias
537 5181 772 5247 Domini,
797 5191 854 5236 et
895 5196 1109 5252 semper
1147 5181 1264 5236 laus
1307 5181 1402 5237 Dei
1432 5183 1504 5236 sit
1552 5182 1608 5236 in
1633 5196 1729 5238 ore
1759 5191 1968 5239 nostro.

390 5269 481 5337 Et,
513 5282 572 5327 ut
615 5275 682 5329 de
710 5283 830 5329 arte
859 5273 1064 5328 sutoria
1091 5273 1295 5328 nostris
1337 5272 1578 5329 moribus
1607 5273 1807 5343 aliquid
1837 5289 1969 5330 con-

391 5377 632 5431 suemus,
663 5365 958 5420 habeamus
985 5364 1352 5422 ealceamenta
1394 5364 1559 5420 densa
1604 5377 1659 5420 et
1701 5367 1971 5421 subtiliter

390 5469 639 5524 consuta,
691 5473 810 5528 qua:
847 5460 1055 5527 possint
1103 5474 1272 5529 aquas
1327 5458 1608 5514 obviantes
1662 5459 1966 5514 excludere.

390 5545 676 5604 Faciamus
736 5565 956 5606 carnem
1014 5561 1256 5606 nostram
1316 5551 1525 5604 ﬁrmam
1585 5559 1640 5604 et
1703 5551 1967 5606 confixam

393 5639 588 5694 timore
617 5639 850 5707 Domini,
879 5656 998 5710 qua:
1027 5641 1262 5698 libidinis
1294 5643 1574 5696 humorem
1623 5641 1875 5696 excludat
1914 5652 1968 5698 et

392 5739 615 5784 excocta
665 5729 1103 5786 tribulationibus
1163 5741 1324 5800 atque
1385 5730 1645 5795 densata,
1701 5730 1794 5783 tiat
1850 5741 1968 5786 uter

381 5807 564 5874 novus
615 5821 682 5877 ad
724 5822 1153 5877 conservandum
1203 5822 1386 5877 vimnn
1441 5835 1680 5887 novum,
1744 5819 1810 5878 de
1859 5836 1966 5891 quo

1994 5904 2059 5951 ’ζ’

2075 1997 2180 2052 tiro
2215 1999 2460 2055 militiam
2501 2003 2918 2074 noviterintrat,
2949 2005 3203 2075 prtefcrre
3232 2006 3484 2062 vexillum
3515 2007 3663 2078 priu-

2073 2091 2250 2160 cipum
2277 2108 2380 2148 non
2410 2094 2708 2151 formidat?
2735 2097 2840 2153 Sed
2864 2115 2983 2170 ego,
3018 2101 3109 2170 qui
3151 2101 3218 2156 de
3259 2102 3478 2172 prdpria
3509 2103 3661 2157 inﬁr-

2073 2182 2264 2236 mitate
2292 2183 2494 2249 dilIido,
2535 2186 2730 2240 vestris
2775 2189 3112 2243 orationibus
3164 2188 3525 2258 adjuvandum
3573 2208 3660 2247 me

2073 2287 2172 2342 per
2205 2273 2296 2328 Dei
2329 2276 2755 2332 misericordiam
2783 2279 2971 2333 credo.
2993 2279 3243 2349 Alioquin
3270 2285 3541 2350 quomodo
3561 2299 3660 2340 nos

2075 2363 2292 2432 penitus
2323 2366 2613 2434 desperare
2655 2382 2721 2422 ue
2771 2369 2988 2438 propria
3026 2369 3430 2440 iinperfectione
3465 2388 3661 2442 possu~

2075 2467 2218 2519 mus,
2250 2454 2340 2522 qui
2369 2456 2481 2509 nati
2508 2455 2803 2511 Salvatoris
2829 2457 3115 2514 infantiam
3141 2460 3521 2518 celebramus?
3559 2463 3663 2530 Qui

2075 2543 2221 2597 enim
2253 2558 2351 2613 per
2387 2553 2608 2600 aetatum
2637 2547 2972 2602 incrementa
3003 2548 3256 2618 dignatus
3284 2560 3370 2606 est
3414 2568 3662 2608 crescere

2078 2637 2225 2690 valet
2249 2637 2414 2690 etiam
2440 2652 2538 2692 nos
2559 2637 2626 2693 de
2655 2638 2892 2693 minimis
2921 2640 2989 2694 ad
3028 2639 3233 2708 majora
3264 2643 3563 2710 provehere
3606 2651 3665 2696 et

2074 2733 2320 2780 teneram
2368 2727 2541 2782 nostri
2587 2741 2777 2782 sensus
2818 2729 3099 2782 infantiam
3147 2729 3496 2798 perfectionis
3547 2747 3663 2788 sua:

2076 2816 2248 2886 gratia
2273 2817 2552 2872 roborare.
2594 2817 2695 2884 Qui
2727 2819 2983 2874 nimirum
3014 2820 3216 2876 ideirco
3244 2836 3446 2891 parvus
3476 2822 3530 2877 in
3560 2838 3660 2878 no-

2075 2906 2206 2961 stris
2254 2907 2370 2962 lieri
2427 2908 2680 2979 dignatus
2708 2917 2792 2964 est
2833 2919 2890 2963 ω
2923 2926 3021 2965 nos
3049 2911 3102 2964 in
3130 2912 3242 2966 suis
3273 2928 3498 2983 magnos
3548 2913 3662 2968 eiii.

2077 3005 2246 3062 ceret,
2275 2997 2476 3054 idcirco
2520 3009 2762 3054 nostram
2791 2999 3164 3057 infirmitatem
3203 3004 3446 3072 pertulit,
3473 3013 3534 3059 ut
3563 3021 3664 3062 nos

2077 3101 2191 3142 sua:
2213 3088 2429 3144 virtutis
2463 3089 2798 3158 plenitudine
2836 3092 3114 3148 solidaret.

2149 3176 2266 3233 Non
2295 3193 2422 3250 ergo
2453 3180 2741 3236 timeamus
2764 3181 3074 3239 defuturum
3098 3187 3254 3243 nobis
3290 3188 3666 3245 transitorium

2077 3269 2326 3338 verbum,
2373 3271 2465 3341 qui
2512 3271 2657 3328 illius
2690 3270 2849 3327 Verbi
2883 3274 3110 3345 gloriam
3159 3279 3492 3347 quaerimus,'
3520 3282 3663 3349 quod

2077 3370 2260 3414 manet
2313 3360 2367 3414 in
2419 3372 2703 3425 atomum,
2753 3361 2820 3416 de
2871 3378 2978 3432 quo
3023 3364 3275 3418 videlicet
3331 3367 3383 3419 in
3431 3367 3666 3425 lectione

2075 3449 2250 3504 sancti
2277 3450 2548 3520 Evangelii
2569 3451 3058 3524 ιιιοι]ο,‹1ιιιιι3241
3071 3452 3360 3524 legeretur,
3391 3457 3620 3512 audistis
3643 3477 3658 3514 :

2079 3561 2100 3594 ι
2135 3543 2272 3613 Quia
2319 3544 2373 3596 in
2418 3543 2684 3613 principio
2727 3555 2845 3598 erat
2894 3545 3146 3610 Verbum,
3193 3557 3246 3600 et
3278 3547 3510 3603 Verbum
3537 3561 3660 3605 erat

2075 3635 2217 3704 apud
2250 3635 2439 3700 Deum,
2485 3644 2539 3690 ct
2568 3635 2711 3691 Deus
2738 3646 2856 3690 erat
2889 3635 3118 3692 Verbum
3147 3638 3329 3707 (Joan.
3373 3643 3437 3712 ι).
3475 3660 3494 3693 ι
3553 3643 3661 3699 Sed

2075 3726 2178 3783 hoc
2205 3726 2271 3783 de
2303 3725 2392 3780 illa
2420 3726 2702 3781 nativitatc
2732 3727 2935 3781 dictum
2965 3736 3047 3782 est
3075 3745 3195 3798 qua:
3235 3745 3304 3783 ex
3339 3730 3500 3786 Patre
3550 3742 3656 3794 est,

2075 3830 2183 3888 qua
2205 3818 2458 3876 videlicet
2503 3818 2643 3873 Deus
2667 3819 2808 3887 apud
2847 3819 3014 3873 Deum
3059 3831 3186 3874 ante
3223 3823 3418 3876 saecula
3445 3825 3658 3878 exstitit

2075 3919 2129 3962 et
2162 3917 2356 3963 cuncta
2399 3924 2466 3963 ex
2502 3907 2669 3963 nihilo
2715 3909 2931 3978 propria
2977 3909 3180 3963 virtute
3229 3911 3453 3965 creavit.
3504 3910 3658 3966 Unde

2074 4015 2181 4055 non
2205 3999 2478 4054 immerito
2503 3998 2706 4053 dictum
2743 4008 2826 4054 est
2855 4017 2868 4052 :
2919 4018 2937 4050 ι
2969 3997 3105 4065 Quia
3149 4001 3328 4054 omnia
3355 4016 3456 4071 per
3482 4002 3658 4070 ipsum

2073 4090 2216 4145 facta
2244 4098 2389 4154 sunt,
2420 4097 2472 4144 et
2509 4090 2626 4144 sine
2671 4090 2787 4159 ipso
2817 4088 3020 4145 factum
3062 4099 3147 4145 est
3191 4091 3328 4145 nihil
3382 4091 3596 4165 (Ibid.).
3632 4112 3651 4144 ι

2075 4179 2183 4234 Sed
2223 4178 2316 4251 qui
2366 4181 2659 4234 secundum
2707 4179 2852 4234 illam
2893 4180 3230 4236 nativitatem
3277 4182 3458 4236 omnia
3502 4182 3656 4248 fecit,

2074 4270 2369 4326 secundum
2396 4271 2556 4325 istam
2582 4287 2702 4341 quae
2725 4271 2987 4326 hodierna
3012 4283 3096 4327 est
3121 4273 3236 4342 ipse
3257 4273 3372 4328 ﬁeri
3401 4274 3658 4344 dignatus

2073 4369 2178 4416 est.
2207 4360 2359 4427 Quod
2389 4361 2531 4416 idem
2556 4363 2749 4417 beatus
2769 4363 3098 4433 evangelista
3125 4372 3373 4434 patenter
3401 4365 3654 4430 innotuit,

2073 4469 2195 4508 cum
2245 4463 2366 4524 post
2408 4453 2663 4509 nonnulla
2717 4453 2998 4522 subjunxit
3035 4472 3048 4509 :
3098 4473 3116 4505 ι
3156 4453 3413 4521 Verbum,
3458 4457 3651 4525 inquit,
3698 4453 3706 4527 ξ

2074 4561 2201 4601 caro
2227 4543 2428 4600 factum
2444 4555 2547 4610 est,
2568 4555 2624 4600 ct
2643 4545 2908 4601 habitavit
2934 4547 2990 4600 in
3017 4546 3195 4601 nobis.
3229 4565 3249 4598 ι
3283 4545 3383 4601 Ubi
3411 4546 3656 4616 protinus

2074 4638 2325 4692 additur:
2380 4655 2399 4688 ι
2435 4637 2503 4691 Ει
2527 4638 2760 4692 vidimus
2801 4640 3030 4708 gloriam
3051 4637 3454 4711 ejushgloriam
3497 4639 3653 4704 quasi

2076 4728 2346 4798 Unigeniti
2386 4743 2418 4782 a
2445 4727 2604 4782 Patre
2636 4727 2847 4800 (Ibid.).
2887 4749 2906 4780 ι

2142 4827 2200 4880 lu
2227 4836 2454 4895 utraque
2479 4841 2609 4897 ergo
2633 4836 2825 4882 natura
2856 4827 2994 4880 idem
3024 4835 3104 4880 est
3127 4824 3218 4878 Dei
3241 4823 3429 4883 Filius,
3464 4833 3651 4880 nostra

2073 4916 2375 4984 suscipiens
2411 4931 2464 4970 et
2520 4932 2737 4986 propria
2774 4931 2879 4970 non
2928 4917 3202 4969 amittens.
3252 4913 3377 4981 Qui,
3415 4913 3542 4968 dum
3599 4915 3655 4969 in

2072 5007 2292 5062 homine
2340 5008 2615 5062 hominem
2668 5015 2928 5072 renovat,
2987 5007 3042 5059 in
3089 5021 3151 5061 se
3197 5006 3657 5062 incommutabilis

2073 5106 2409 5168 perseverat.
2441 5099 2582 5153 Deus
2602 5098 2766 5162 enim,
2792 5097 2884 5165 qui
2917 5105 2974 5151 ut
3007 5113 3106 5153 nos
3127 5098 3364 5169 erigeret
3400 5113 3459 5153 se
3488 5099 3656 5153 mise-

2075 5187 2360 5244 ricorditer
2396 5187 2695 5254 inclinavit,
2737 5202 2837 5242 nos
2876 5186 3094 5258 quidem
3125 5188 3180 5242 in
3224 5204 3378 5244 suam
3425 5189 3651 5260 gloriam

2073 5277 2368 5342 transtulit,
2416 5277 2510 5331 sed
2558 5277 2908 5333 nihilominus
2959 5278 3074 5349 ipse
3125 5279 3180 5333 in
3229 5295 3327 5334 sua
3370 5280 3654 5355 divinitate

2073 5367 2392 5437 permansit.
2415 5365 2580 5422 Nobis
2613 5367 2860 5436 contulit,
2889 5369 2992 5424 sibi
3020 5368 3154 5423 nihil
3189 5369 3400 5424 minuit.
3431 5369 3512 5423 lta
3537 5386 3656 5424 ma-

2078 5473 2215 5527 gnus
2241 5458 2294 5530 in
2324 5457 2494 5512 forma
2522 5457 2639 5524 Dei,
2673 5460 2752 5515 sic
2772 5459 2953 5515 brevis
2979 5461 3034 5514 in
3058 5460 3232 5514 forma
3259 5460 3424 5526 servi,
3463 5471 3524 5516 ut
3552 5478 3655 5516 nec

2079 5547 2182 5602 ista
2230 5546 2494 5602 brevitate
2545 5549 2861 5620 magnitudo
2903 5549 2993 5604 illa
3023 5550 3378 5617 minueretur,
3429 5567 3530 5607 nec
3567 5553 3657 5608 illa

2078 5638 2447 5709 magnitudine
2495 5638 2597 5695 ista
2650 5641 2886 5697 brevitas
2933 5653 3286 5711 premeretur.
3352 5642 3463 5700 Nec
3509 5647 3655 5700 enim

2078 5729 2294 5799 quando
2321 5731 2562 5786 membra
2597 5733 2834 5787 humana
2871 5735 3128 5802 suscepit,
3157 5749 3321 5803 opera
3350 5735 3531 5791 divina
3566 5737 3660 5790 de-

2079 5823 2267 5878 seruit.
2298 5823 2432 5880 Nam
2459 5825 2601 5897 quod
2633 5825 2850 5896 auditis,
2883 5825 3079 5885 fratres
3107 5827 3235 5896 mei,
3267 5829 3396 5900 quia
3422 5827 3659 5884 Verbum

3698 4445 3708 4475 l
