4178 6438
533 417 639 477 647

1099 414 1154 469 s.
1179 413 1381 468 perm
1433 412 1714 468 DAMIANI
1752 412 1902 467 ore.
1945 409 2126 467 rans
2169 409 2299 468 seu
2331 413 2567 470 mnus
2607 415 2668 470 ιι.
2700 395 2782 456 ’-
2821 400 3208 472 SERMONES.

3691 412 3804 468 848

535 547 664 588 caro
687 529 883 584 factum
909 535 1013 591 est,
1039 540 1381 596 nequaquam
1411 525 1619 580 debetis
1646 524 1946 594 intelligere
1973 523 2120 591 quod
2149 554 2193 609 Λ
2223 539 2344 577 cum
2395 525 2702 582 hominibus
2742 526 3033 582 multarum
3073 527 3406 591 divitiarum,
3445 525 3530 580 vel
3577 533 3806 581 terrente

536 625 588 677 in
613 634 831 676 carnem
863 617 934 671 sit
961 616 1056 672 Dei
1071 626 1258 670 natura
1275 624 1498 679 mutata,
1528 616 1622 668 sed
1651 615 1794 683 quod
1815 612 2034 666 aVerbo
2064 612 2120 664 in

535 712 740 766 unitate
766 723 1011 780 persona:
1035 717 1106 762 stt
1127 723 1256 763 caro
1286 716 1556 777 suscepta.
1585 706 1782 761 Carnis
1805 713 1986 760 autem
2017 716 2117 758 no-

535 804 677 855 mine
705 799 871 854 homo
898 798 1180 868 accipitur,
1213 813 1334 852 cum
1357 812 1464 867 quo
1486 798 1626 851 intra
1644 796 1880 866 Virginis
1905 795 2117 850 viscera

533 901 720 948 sancto
767 890 968 960 Spiritu
1026 889 1331 953 fecundata,
1379 898 1489 944 tam
1537 887 1970 957 inseparabiliter
2021 887 2116 941 Dei

533 983 699 1037 Filius
726 989 809 1036 est
837 981 1041 1046 unitus,
1058 989 1114 1033 ut
1137 980 1226 1050 qui
1251 989 1371 1035 erat
1391 981 1508 1035 sine
1534 987 1773 1049 tempore
1785 977 1854 1032 de
1876 977 2114 1033 essentia

532 1073 708 1127 Patris
755 1071 990 1140 genitus,
1028 1071 1142 1141 ipse
1194 1070 1265 1125 sit
1310 1069 1679 1140 temper-aliter
1711 1069 1779 1124 de
1809 1079 1966 1123 utero
1991 1067 2114 1121 Vir-

531 1165 671 1233 ginis
705 1171 885 1218 natus.
920 1162 1026 1217 Sed
1060 1164 1163 1217 hoc
1196 1162 1489 1217 Dominicze
1520 1161 1819 1216 nativitatis
1843 1158 2116 1215 ineffabile

533 1264 949 1319 sacramentum,
1001 1270 1122 1324 quae
1159 1267 1312 1309 mens
1339 1253 1821 1324 comprehendere,
1858 1269 1976 1322 qure
2014 1253 2114 1305 lin-

532 1356 628 1416 lgua
659 1343 836 1398 valeat
867 1342 1098 1412 pleniter
1130 1343 1441 1412 explicare?
1470 1343 1588 1398 Non
1623 1343 1767 1398 enim
1792 1358 1821 1396 a
1847 1343 2112 1412 propheta

532 1437 644 1491 sine
688 1449 852 1490 causa
893 1435 1095 1489 dictum
1126 1444 1248 1489 est:
1303 1453 1323 1486 ς
1375 1433 1791 1490 Generationem
1825 1435 1942 1506 ejus
1989 1433 2112 1504 quis

531 1526 836 1583 enarrabit?
881 1543 900 1577 ι
927 1524 1063 1595 (lsa.
1093 1524 1235 1595 Lm.)

597 1617 918 1689 Postpositis
947 1617 1112 1686 igitur
1151 1617 1238 1673 his
1263 1631 1383 1686 quae
1414 1617 1479 1672 dc
1527 1616 1888 1671 sacratissima
1919 1616 2112 1670 nativi-

530 1717 638 1765 tate
682 1725 711 1763 a
742 1707 993 1763 Patribus
1023 1708 1222 1762 nostris
1264 1707 1424 1761 latius
1452 1705 1718 1776 disputata
1769 1714 1917 1770 sunt,
1958 1705 2108 1770 libet,

529 1800 722 1855 fratres
743 1799 1078 1864 eharissimi,
1105 1797 1379 1868 paulisper
1396 1797 1461 1850 ad
1491 1797 1848 1851 humilitatem
1871 1795 2108 1851 Redem-

527 1895 694 1966 ptoris
719 1894 911 1959 nostri,
934 1891 1223 1950 locutionis
1253 1889 1539 1945 articulum
1583 1889 1826 1953 ﬂectere,
1876 1896 1933 1943 et
1976 1887 2104 1958 quid
2136 1902 2182 1961 Β

526 2000 621 2054 pro
660 1991 845 2039 nostra
873 1982 1049 2036 salute
1073 1980 1182 2047 jam
1221 1980 1274 2034 in
1325 1979 1438 2048 ipsa
1486 1993 1584 2032 sua
1616 1977 1898 2032 nativitate
1925 1984 2110 2046 pertu-

525 2075 666 2141 lerit,
714 2072 986 2129 communi
1021 2071 1299 2126 vobiscum
1341 2069 1673 2146 discussione
1699 2081 1947 2137 pensare.
1976 2064 2110 2132 Quis

525 2166 666 2220 enim
693 2165 854 2235 digne
879 2161 1066 2217 mirari
1094 2160 1304 2214 valeat?
1327 2159 1457 2226 Quis
1480 2174 1586 2213 non
1601 2159 1946 2228 Obstupescat
1965 2157 2108 2226 quod

525 2255 590 2322 is,
621 2257 712 2327 qui
761 2254 884 2310 coeli
939 2252 1301 2307 immensitate
1337 2266 1444 2304 non
1490 2249 1722 2318 capitur,
1779 2249 1831 2302 in
1880 2257 2109 2318 angusto

523 2346 786 2416 praesepio
807 2336 1137 2399 re’clinatur?
1167 2341 1273 2409 Qui
1317 2339 1521 2395 electos
1558 2353 1684 2394 suos
1714 2337 1850 2393 stola
1882 2339 2107 2392 immor-

524 2435 748 2491 talitatis
770 2433 972 2495 induit,
1005 2429 1200 2486 vilibus
1234 2427 1428 2499 pannis
1475 2426 1684 2498 contegi
1716 2441 1823 2482 non
1868 2435 2114 2482 contem-

524 2525 650 2596 psit.
693 2524 750 2578 In
797 2521 1054 2578 stramine
1093 2519 1341 2575 recubuit
1365 2516 1678 2571 animalium
1708 2517 1800 2586 qui
1837 2515 1990 2571 cibus
2025 2523 2113 2570 est

523 2616 857 2689 angelorum.
891 2613 992 2682 Qui
1013 2613 1247 2668 marium
1281 2609 1546 2682 procellas
1562 2611 1789 2681 mitigat,
1824 2611 1915 2680 qui
1939 2623 2110 2679 aqua—

524 2723 642 2766 rum
673 2706 1060 2765 abundantiam
1085 2704 1395 2759 ﬂuminibus
1418 2704 1815 2770 subministrat,
1852 2717 2004 2757 raras
2043 2703 2112 2758 de

522 2803 765 2873 virgineo
801 2808 1021 2870 pectore
1043 2805 1224 2868 guttas
1251 2795 1409 2850 lactis
1437 2803 1738 2865 exspectat.
1773 2793 2109 2863 Exprimitur

523 2891 606 2954 fac
631 2897 698 2944 ex
726 2887 982 2941 uberibus
1006 2884 1242 2956 Virginis
1273 2892 1329 2940 et
1368 2884 1423 2938 in
1459 2897 1681 2938 carnem
1711 2883 1943 2938 vertitur
1986 2882 2107 2936 Sal-

523 2980 746 3035 vatori's.
785 2977 935 3032 Felix
991 2977 1090 3031 ista
1150 2989 1436 3046 puerpera,
1490 2989 1610 3043 quae
1664 2975 1745 3028 sic
1799 2973 1996 3044 gaudet
2043 2973 2112 3027 de

522 3069 853 3126 fecunditate
880 3066 1068 3137 prolis,
1089 3074 1150 3117 ut
1175 3077 1515 3133 nequaquam
1537 3063 1714 3117 doleat
1735 3063 1800 3117 de
1821 3063 2112 3118 amissione

523 3157 884 3231 virginitatis;
927 3171 1046 3226 quae
1091 3155 1237 3210 illum
1291 3154 1507 3210 fovebat
1560 3169 1589 3207 a
1637 3168 1743 3224 quo
1787 3152 2105 3219 fovebatur;

2222 614 2518 682 sapientiai,
2550 626 2641 670 aut
2675 633 2956 686 generosas
2993 617 3311 684 nobilitatis,
3337 619 3435 674 sed
3478 631 3600 670 eum
3629 617 3806 671 hemi-

2221 705 2378 760 nibus
2409 707 2562 760 bona:
2585 707 2898 764 voluntatis.

2287 797 2632 854 Gaudeamus
2663 800 2869 869 itaque,
2895 799 3255 866 dilectissimi,
3271 807 3325 854 et
3348 799 3477 853 totis
3499 797 3552 851 in
3571 797 3805 852 Domino

2219 889 2518 944 visceribus
2549 890 2904 955 delectemur,
2927 891 3053 960 quia
3079 890 3324 946 Christus
3349 881 3453 961 pax
3477 896 3684 953 nostra,
3711 891 3802 958 qui

2220 981 2344 1036 fecit
2377 992 2604 1052 utraque
2653 999 2820 1037 unum
2851 982 3066 1054 (Ephea.
3116 982 3198 1053 It),
3245 982 3444 1038 idcirco
3489 980 3649 1037 hodie
3674 982 3806 1036 visi-

2220 1084 2335 1129 tare
2368 1075 2616 1143 dignatus
2635 1083 2728 1130 est
2760 1073 3019 1129 mundum
3057 1083 3116 1128 ut
3151 1074 3396 1128 homines
3431 1072 3588 1127 bona:
3611 1070 3800 1125 volun-

2219 1163 2345 1216 tatis
2373 1161 2631 1232 perducat
2675 1165 2743 1218 ad
2792 1163 3125 1220 consortium
3154 1163 3390 1219 deitatis.
3423 1161 3526 1228 Qui
3551 1160 3804 1216 videlicet

2219 1263 2447 1320 utraque
2492 1269 2658 1306 unum
2693 1253 2842 1319 fecit,
2876 1255 3003 1322 quia
3049 1253 3295 1309 homines
3337 1267 3460 1307 eum
3497 1251 3704 1322 angelis
3750 1251 3801 1304 in

2215 1358 2467 1411 superine
2496 1341 2830 1397 Hierusalem
2884 1344 3029 1397 socia
3071 1343 3472 1397 cohabitatione
3503 1340 3802 1410 conjunxit.

2216 1433 2464 1504 Utraque
2500 1450 2664 1490 unum
2716 1435 2866 1500 fecit,
2907 1436 3031 1503 quia
3061 1449 3240 1498 ovem,
3269 1449 3388 1502 qua
3431 1432 3690 1502 perierat,
3735 1433 3802 1483 ad

2214 1541 2430 1594 gregem
2479 1527 2715 1596 propriis
2749 1525 2990 1581 humeris
3044 1527 3335 1595 reportavit
3363 1512 3582 1595 (M'attlt.
3619 1520 3799 1589 mn).

2210 1615 2367 1671 Jesus
2412 1616 2660 1672 Christus
2702 1617 2960 1672 Dominus
3003 1626 3207 1679 noster,
3236 1614 3328 1684 qui
3379 1629 3501 1668 cum
3549 1611 3709 1664 Patre
3748 1617 3802 1662 et

2215 1708 2420 1776 Spiritu
2451 1717 2640 1764 sancto
2666 1709 2799 1763 vivit
2822 1715 2875 1761 et
2903 1714 3093 1778 regnat
3133 1706 3452 1762 benedictus
3496 1704 3550 1758 in
3602 1701 3814 1756 smeula.

2217 1799 2558 1854 saeculorum.
2603 1800 2795 1856 Amen.

2415 1953 2564 2025 (115)
2604 1951 2918 2010 ANONYMI
2951 1950 3330 2008 CUJUSPIAM
3365 1948 3598 2005 SERMO

2213 2081 2279 2120 υς
2311 2066 2642 2122 ΝᾸΤΙἾΙΤΑΤΕ
2661 2078 2986 2120 SALVATORIS
3018 2079 3085 2117 ΕΤ
3110 2077 3413 2117 PILECLARlS
3445 2075 3726 2116 IIIIACI'LIS
3749 2077 3801 2116 IN

2631 2151 2698 2189 sit
2718 2149 2924 2189 ncrts.
2944 2134 3076 2205 (xxv
3106 2133 3358 2202 ῡεοεκιι.)

2280 2244 2397 2300 Non
2415 2245 2615 2315 poterit
2633 2245 2894 2314 explicari
2917 2259 3167 2300 sermone
3187 2243 3331 2314 quod
3351 2253 3535 2298 mente
3556 2245 3798 2312 concepi,

2209 2347 2399 2408 stupor
2423 2338 2568 2391 enim
2595 2336 2983 2392 miraculorum
3005 2336 3261 2407 opprimit
3277 2345 3452 2401 me,et
3468 2335 3598 2391 dum
3618 2335 3802 2391 omnia

2214 2428 2432 2497 replico,
2447 2427 2627 2481 omnia
2665 2426 3098 2497 complicantur:
3133 2446 3152 2480 ‹
3187 2426 3319 2495 Quis
3343 2428 3540 2498 poterit
3561 2428 3802 2497 cogitare

2211 2519 2353 2574 diem
2385 2518 2648 2573 adventus
2675 2517 2835 2588 ejus?
2865 2537 2884 2571 ι
2917 2517 3174 2588 (Malach.
3199 2518 3308 2590 tn.)
3333 2519 3454 2574 ideo
3482 2517 3543 2572 fit
3571 2518 3803 2590 elinguis

2208 2609 2418 2680 lingua,
2450 2607 2713 2664 memoria
2745 2607 3052 2674 immemor,
3074 2608 3407 2664 insensibilis
3450 2624 3662 2665 sensus.
3713 2609 3803 2665 lu-

2209 2709 2361 2755 sueta
2425 2698 2708 2754 nativitate
2755 2697 2996 2754 relucent
3044 2698 3248 2763 omnia,
3298 2707 3356 2754 et
3393 2699 3572 2754 omnia
3620 2699 3800 2766 partui

2211 2792 2449 2861 Virginis
2478 2791 2885 2860 obsequuntur.‘
2912 2790 3078 2845 Fiunt
3110 2791 3381 2846 mirabilia
3410 2791 3463 2845 in
3509 2790 3650 2846 caelo
3678 2806 3799 2846 sur-

2211 2897 2351 2943 sum,
2389 2881 2524 2935 etin
2558 2889 2703 2935 terra
2739 2880 3012 2946 deorsum,
3050 2891 3106 2937 et
3128 2882 3380 2937 universa
3427 2881 3482 2936 in
3526 2882 3802 2937 nascentis

2211 2970 2304 3025 Dei
2354 2970 2675 3040 obsequium
2720 2969 3059 3039 iuraverunt.
3129 2970 3500 3040 lnsigniuntur
3550 2987 3793 3028 convexa

2209 3060 2470 3116 oculorum
2525 3061 2678 3116 stella
2735 3061 3056 3128 lucentiori,
3109 3072 3166 3117 et
3210 3063 3375 3118 multo
3425 3063 3630 3120 lumine
3683 3065 3800 3121 loca

2211 3149 2541 3205 ﬂammantia
2580 3152 3039 3223 prestringuntur.
3094 3152 3476 3210 Diffunduntur
3511 3169 3608 3225 per
3633 3154 3801 3227 326

523 3251 672 3306 illum
699 3250 752 3304 in
780 3249 920 3303 ulnis
949 3246 1195 3319 gestabat
1223 3261 1252 3300 a
1279 3259 1387 3316 quo
1433 3245 1595 3300 totius
1624 3244 1806 3299 mundi
1854 3244 2102 3298 machina
2131 3242 2177 3305 C
2208 3241 2567 3310 quadrifidum
2596 3243 2782 3298 orbem
2825 3244 2959 3297 radii
3006 3244 3398 3312 rutilantiores,
3428 3253 3485 3300 et
3512 3245 3797 3316 pluralita-

523 3344 851 3400 c‘ontinetur.
881 3339 1176 3409 Stringitur
1203 3353 1232 3391 a
1272 3345 1444 3392 matre
1468 3335 1764 3408 puerilibus
1795 3335 1976 3390 fasciis
2029 3335 2112 3394 in-

525 3433 763 3491 fantulus
778 3433 869 3504 qui
900 3447 1021 3486 cum
1039 3429 1201 3485 Patre
1226 3428 1471 3485 omnium
1501 3441 1680 3483 rerum
1700 3427 1824 3498 jura
1848 3427 2113 3498 gubernat

523 3530 841 3584 immensus.

595 3616 638 3673 Ο
667 3625 869 3686 quanta
904 3623 1032 3669 tunc
1061 3621 1215 3668 erant
1245 3627 1431 3683 regum
1463 3610 1648 3665 mundi
1698 3610 1894 3665 turrita
1947 3608 2110 3680 325

523 3708 745 3780 palatia,
773 3718 970 3777 quanta
1005 3706 1157 3760 miris
1205 3704 1472 3775 lapidibus
1513 3711 1703 3758 ornata
1751 3701 2018 3757 triclinia!
2057 3711 2113 3758 et

525 3812 702 3856 tamen
728 3799 910 3854 omnia
943 3797 1032 3852 illa
1063 3796 1406 3866 contempsit,
1434 3795 1524 3864 qui
1560 3793 1880 3862 praesepium
1916 3793 1982 3848 ad
2012 3805 2108 3848 cu-

526 3892 720 3948 nabula
749 3906 860 3946 sme
897 3889 1193 3944 nativitatis
1219 3887 1401 3958 elegit.
1429 3885 1544 3940 Non
1579 3885 1748 3940 lectos
1774 3884 1929 3954 petiit
1954 3898 2114 3937 aura-

527 3985 596 4040 tis
625 3982 868 4038 vestibus
889 3979 1111 4043 obsitos,
1143 3993 1251 4032 non
1275 3991 1531 4048 purpura,
1549 3975 1634 4030 vel
1657 3976 1818 4045 pictis
1844 3976 2112 4044 tapetibus

529 4077 860 4138 adornatos;
885 4072 979 4128 sed
1011 4072 1062 4126 in
1089 4069 1337 4126 catabulo
1367 4068 1613 4123 recubuit
1653 4067 1991 4130 animalium,
2018 4065 2112 4135 qui

529 4167 827 4222 innumeris
852 4165 1082 4218 vallatur
1111 4163 1420 4234 angelorum
1451 4159 1782 4231 agminibus;
1833 4157 1988 4227 dejici
2021 4173 2114 4212 vo-

528 4256 630 4312 luit
659 4266 715 4311 ut
755 4271 854 4311 nos
893 4256 958 4310 ad
995 4269 1206 4310 summa
1246 4255 1601 4322 proveheret;
1651 4266 1856 4322 pauper
1906 4251 1958 4304 in
2011 4253 2115 4306 hoc

531 4348 732 4405 tnundo
761 4347 935 4402 factus
962 4355 1064 4408 est,
1096 4353 1156 4399 ut
1185 4360 1283 4400 nos
1305 4344 1612 4399 divitiarum
1643 4359 1860 4399 suarum
1892 4344 2114 4413 partici-

526 4455 622 4513 pes
648 4437 946 4494 exhiberet.

599 4530 748 4584 lianc
814 4525 1187 4596 Redemptoris
1246 4525 1412 4581 nostri
1463 4524 1861 4588 humilitatem,
1914 4525 2115 4580 fratres

2212 3342 2317 3386 tem
2347 3332 2709 3387 stellariorum
2761 3333 2965 3404 ignium
2994 3348 3165 3388 novus
3200 3335 3338 3404 ignis
3381 3334 3651 3390 obtundit.
3694 3335 3796 3390 Mi-

2211 3435 2361 3479 ratur
2389 3407 2537 3480 orbis
2590 3425 2758 3480 cmlos
2807 3441 3005 3482 novum
3049 3427 3322 3496 peperisse
3350 3427 3710 3497 splendorem,
3740 3438 3800 3483 et

2211 3516 2675 3572 inconvertibilem
2704 3531 2891 3572 eorum
2921 3526 3123 3573 statum
3164 3519 3231 3574 ad
3261 3521 3414 3590 signa
3469 3527 3527 3574 et
3551 3519 3796 3590 prodigia

2208 3606 2376 3662 fuisse
2419 3622 2760 3662 conversum.
2811 3607 3006 3664 Vident
3049 3607 3287 3664 Chaldzei
3340 3610 3393 3664 in
3431 3608 3609 3674 caelis,
3651 3613 3796 3679 quod

2208 3697 2426 3752 Balaam
2459 3699 2674 3769 reliquit
2704 3700 2756 3754 in
2785 3700 3040 3770 scriptis:
3097 3719 3114 3752 ι
3146 3701 3384 3763 Orietur,
3403 3700 3596 3772 inquit,
3639 3701 3795 3758 stella

2211 3804 2277 3844 ex
2303 3787 2496 3854 Jacob,
2523 3797 2580 3843 et
2609 3798 2900 3860 consurget
2927 3789 3088 3844 homo
3116 3803 3184 3844 ex
3213 3789 3398 3857 lsrael,
3415 3799 3470 3846 et
3493 3791 3599 3846 erit
3617 3791 3795 3846 omnis

2215 3889 2358 3933 terra
2380 3879 2650 3948 possessio
2674 3877 2790 3946 ejus
2815 3877 3006 3951 (Num.
3047 3880 3216 3949 xxiv).
3239 3899 3256 3933 ι
3285 3879 3536 3936 Nascitur
3562 3881 3716 3938 stella
3739 3881 3793 3936 in

2209 3969 2460 4032 excelsis,
2495 3978 2550 4024 et
2574 3969 2718 4024 Deus
2766 3970 2818 4024 in
2867 3970 3052 4033 terris,
3084 3970 3238 4040 cujus
3265 3973 3539 4041 possessio
3580 3988 3610 4026 a
3653 3973 3791 4027 mari

2213 4077 2382 4133 usque
2407 4063 2473 4117 ad
2501 4078 2668 4118 mare.
2701 4062 3015 4133 Prmparant
3038 4079 3098 4119 se
3123 4081 3276 4136 reges
3303 4065 3545 4132 Tharsis,
3587 4074 3645 4120 ut
3667 4082 3790 4121 cum

2213 4155 2454 4210 novitate
2481 4170 2762 4209 munerum
2791 4156 3013 4210 videant
3037 4171 3234 4210 novam
3281 4166 3531 4221 matrem,
3563 4156 3657 4212 filii
3694 4173 3795 4211 no—

2212 4261 2334 4300 vam
2361 4247 2725 4302 nativitatem.
2768 4245 2912 4301 Fons
2935 4246 3037 4301 olei
3061 4246 3130 4302 de
3153 4256 3296 4301 terra
3324 4248 3579 4318 erumpit.
3627 4246 3790 4302 Tem-

2213 4339 2356 4408 plum
2410 4327 2613 4402 Romm,
2669 4339 2812 4408 quod
2866 4341 3163 4395 vocabatur
3213 4347 3498 4407 aeternum,
3567 4339 3790 4405 corruit,

2213 4433 2464 4487 omnibus
2490 4432 2747 4502 impensis
2772 4440 2828 4486 et
2867 4432 3024 4487 Urbis
3075 4441 3130 4487 et
3155 4433 3302 4488 orbis
3323 4433 3644 4488 mirabiliter
3668 4449 3795 4488 con-

2215 4534 2560 4577 summatum.
2604 4523 2736 4578 Cum
2764 4523 2908 4578 enim
2935 4523 3162 4579 Romani
3198 4528 3249 4578 in
3300 4525 3606 4579 victoriosze
3645 4523 3791 4578 auti-

526 4615 857 4683 charisslmi,
891 4625 999 4672 tota
1047 4615 1211 4670 animi
1266 4615 1699 4670 consideratione
1750 4615 2106 4684 perpendite;
2136 4605 2189 4668 ι)
2214 4615 2434 4683 quitatis
2462 4617 2773 4669 memoriam
2819 4614 3071 4684 templum
3113 4615 3374 4685 singulari
3409 4615 3680 4670 schemate
3706 4612 3793 4668 fa.

525 4713 665 4767 hanc
709 4709 935 4766 solerter
964 4707 1164 4763 habere
1192 4716 1402 4772 curate,
1447 4707 1633 4761 mundi
1684 4706 1910 4777 gloriam
1959 4722 2109 4777 sper-

523 4806 655 4870 nite,
685 4817 952 4874 pauperes
986 4816 1106 4857 esse
1128 4816 1249 4855 cum
1271 4801 1490 4856 Christo
1515 4815 1671 4854 veras
1698 4799 1914 4854 divitias
1939 4800 2106 4868 depu-

521 4904 652 4949 tale.
688 4892 1024 4949 Sacrificium
1059 4891 1168 4946 Deo
1207 4892 1361 4946 bonae
1403 4889 1696 4943 voluntatis
1735 4887 1934 4943 offerre
1961 4898 2107 4943 sata-
2151 4911 2158 4920 ι

520 4987 652 5056 gite,
679 4985 725 5041 si
750 4984 807 5038 in
838 4991 1124 5052 Conspectu
1151 4980 1266 5050 ejus
1285 4980 1449 5035 vultis
1470 4979 1584 5033 reti
1607 4978 1799 5033 divites
1823 4993 2105 5048 apparere.

515 5075 763 5130 Audistis
801 5073 946 5128 enim
1018 5073 1142 5142 quia
1178 5071 1336 5125 hodie
1384 5078 1512 5124 nato
1541 5069 1770 5124 Domino
1797 5070 1969 5123 sancti
2011 5086 2108 5124 an-

516 5164 618 5234 geli
648 5171 1005 5220 cantaverunt
1033 5181 1045 5216 :
1081 5183 1097 5213 ι
1119 5162 1300 5217 Gloria
1328 5163 1380 5215 in
1403 5161 1632 5218 excelsis
1653 5161 1787 5226 Deo,
1807 5169 1860 5214 et
1887 5159 1939 5214 in
1966 5169 2107 5215 terra

516 5271 620 5327 pax
681 5256 991 5313 hominibus
1038 5257 1193 5308 bonae
1247 5253 1538 5309 voluntatis
1586 5254 1848 5325 (Luau).
1876 5274 1894 5304 ι
1937 5254 2108 5310 Hodie

517 5348 716 5420 quippe
741 5364 843 5419 pax
871 5347 980 5401 Deo
1015 5361 1140 5401 cum
1177 5344 1485 5401 hominibus
1535 5345 1677 5400 facta
1726 5354 1830 5411 est,
1863 5345 1957 5399 sed
2000 5361 2105 5400 non

591 5482 738 5552 (115)
777 5482 1028 5554 Aloysius
1059 5481 1467 5554 Lipom_a_nus_ct
1511 5480 1975 5554 recentioresualii
2019 5496 2104 5537 se-

521 5549 775 5618 quentem
805 5549 1208 5606 sermonem’de
1237 5549 1529 5606 Nativitate
1576 5551 1786 5604 Domini
1838 5551 1896 5604 Β.
1939 5551 2101 5606 Petro

519 5617 781 5692 Damiano
807 5623 1102 5677 ascribunt.
1146 5620 1250 5676 Sed
1286 5637 1446 5692 quam
1485 5637 1674 5675 verum
1699 5623 1750 5677 id
1782 5622 1873 5685 sit,
1897 5622 2099 5691 optime

519 5691 904 5761 animadvertit
935 5692 1224 5747 cardinalis
1245 5691 1526 5757 Baronius,
1562 5691 1718 5746 initio
1754 5693 1885 5746 tomi
1936 5694 2094 5761 primi

517 5759 809 5817 Annalium
850 5761 1359 5817 ecclesiasticorum.
1385 5761 1520 5817 Cum
1549 5761 1694 5818 enim
1733 5762 1786 5816 in
1829 5776 1893 5817 eo
1921 5759 2094 5818 sancti

520 5829 780 5887 Bcrnardi
809 5828 1019 5887 abbatis
1041 5830 1486 5902 Clartevallensis,
1522 5831 1613 5902 qui
1635 5841 1755 5902 post
1781 5830 1842 5886 Β.
1871 5833 2090 5890 Petrum

2213 4721 2338 4762 cere
2365 4707 2745 4768 decrevissent,
2789 4707 2857 4760 ab
2896 4707 3043 4760 enini
3075 4707 3161 4761 illa
3190 4707 3563 4772 deorum,imo
3591 4707 3789 4760 dzemo-

2215 4798 2427 4851 niorum
2477 4795 2823 4850 multitudine
2873 4795 3221 4864 quaesierunt,
3265 4811 3547 4865 usquequo
3597 4797 3794 4850 durare

2212 4900 2396 4962 posset
2442 4900 2549 4944 tam
2594 4889 2907 4943 excellentis
2948 4890 3127 4958 operis
3165 4904 3394 4958 operosa
3439 4888 3792 4944 constructio.

2213 4983 2546 5052 Responsum
2572 4989 2656 5034 est
2684 4999 2695 5033 :
2723 4980 2905 5034 Donec
2939 4966 3097 5051 Virgo
3128 4991 3364 5050 pareret.
3395 4981 3469 5034 illi
3496 4981 3563 5035 ad
3591 4981 3790 5050 impos~

2210 5075 2520 5130 sibilitatem
2560 5072 2838 5128 oraculum
2892 5079 3290 5139 retorquentes,
3337 5071 3593 5140 templum
3633 5079 3791 5124 aeter-

2211 5179 2339 5218 num
2371 5163 2662 5218 solemnem
2695 5162 2838 5214 illam
2888 5161 3193 5216 machinam
3225 5170 3574 5217 vocaverunt.
3624 5160 3791 5214 Nocte

2210 5266 2389 5310 autem
2419 5257 2539 5316 ista,
2575 5270 2694 5309 cum
2731 5256 2797 5309 de
2823 5254 3069 5325 virginali
3117 5254 3355 5308 thalamo
3395 5252 3668 5322 virgineus
3694 5252 3792 5305 flos

2205 5347 2389 5402 Mariae
2413 5362 2662 5417 egressus
2705 5356 2807 5411 est,
2856 5348 2930 5402 ita
2975 5345 3192 5411 cecidit,
3235 5355 3294 5401 et
3339 5345 3676 5414 confractum
3709 5354 3792 5398 est

2209 5477 2524 5552 Damianum
2551 5481 2825 5552 octoginta
2873 5479 3028 5552 annis
3071 5477 3212 5552 diem
3259 5476 3650 5552 obiit,_mentio
3684 5477 3792 5552 ha—

2206 5550 2420 5614 beatur,
2469 5546 2868 5620 absque'dubio
2901 5549 2989 5603 alii
3042 5549 3356 5620 tribuendus
3401 5546 3793 5620 videtur._Nos

2205 5635 2333 5676 vero
2363 5621 2464 5675 hac
2491 5622 2558 5675 de
2579 5617 2742 5676 causa
2775 5620 2916 5674 beati
2945 5619 3047 5672 viri
3094 5619 3436 5674 sermonibus
3466 5617 3615 5670 illum
3647 5617 3791 5670 inse-

2204 5692 2429 5746 rendum
2467 5693 2736 5755 duximus,
2789 5699 2848 5743 ut
2892 5689 3189 5760 aliquando
3233 5688 3480 5760 alicujus
3509 5687 3788 5760 diligentia

2200 5777 2301 5816 suo
2331 5763 2647 5815 restituatur
2693 5759 2933 5814 auctori.
2978 5755 3175 5814 Cum.
3197 5787 3267 5800 --
3291 5755 3386 5814 Est
3419 5755 3627 5812 Nicolai
3670 5755 3790 5809 Cla-

2199 5831 2528 5888 rtevallcnsis
2541 5830 2814 5898 monachi,
2828 5839 2884 5884 ut
2898 5829 3011 5900 jam
3035 5830 3360 5886 monuimus.
3375 5829 3532 5884 Eutr.
3546 5826 3783 5882 PATROL.
