4178 6442
323 260 429 318 849

1773 242 2005 301 8ΕΠΜΟ
2044 241 2177 296 LXI.

3452 218 3557 277 850

328 372 457 428 illud
483 366 688 425 murale
737 373 793 425 et
813 362 1180 420 columnatum
1211 376 1368 431 opus,
1397 371 1457 415 ut
1485 360 1571 415 vix
1594 365 1897 430 appareant
1920 361 1969 439 ᾼ
1996 354 2232 423 pietatis.
2289 352 2427 406 Puer
2477 348 2705 412 Domini,
2758 345 2825 399 de
2871 357 2979 414 quo
3040 338 3374 409 frequentius
3422 335 3562 390 facio

325 463 552 530 vestigia
576 459 881 515 ruinarum.

399 551 444 608 Ο
469 548 744 605 Bethleem
763 546 789 600 ι.
805 545 997 600 civitas
1037 544 1132 598 Dei
1173 543 1389 607 summi,
1440 553 1495 597 et
1539 544 1595 596 in
1623 551 1701 609 te,
1744 549 1799 596 et
1845 540 1907 594 in-

328 638 602 700 suburbiis
645 637 753 692 tuis
779 635 898 691 visa
923 643 1051 690 sunt
1076 632 1342 691 mirabilia
1384 633 1570 689 hodie.
1592 635 1732 689 Deus
1765 646 1901 702 pen-

331 731 424 788 det
450 729 521 785 ab
545 726 824 793 uberibus,
853 725 1073 795 ponitur
1106 725 1161 778 in
1192 739 1463 794 praesepe,
1480 723 1676 791 ligatur
1710 724 1766 777 in
1808 738 1912 778 cu-

332 822 438 887 nis,
472 817 666 891 pannis
713 814 1024 880 involvitur,
1075 823 1130 870 et
1176 813 1370 868 laxatis
1417 812 1673 874 fasciolis,
1723 811 1905 866 felices

334 925 546 974 manus,
578 915 634 963 et
656 913 846 962 sancta
872 902 1148 960 brachiol'a
1176 918 1274 974 per
1297 917 1554 969 cunarum
1585 901 1906 971 parvitatem

333 998 610 1071 expandit.
640 994 843 1050 Alludit
865 993 1081 1064 virgini,
1112 993 1271 1047 matri
1299 992 1522 1061 arridet,
1547 1002 1603 1048 et
1626 991 1906 1048 blandien-

336 1098 420 1145 tes
465 1085 651 1147 oculos
706 1082 774 1139 ad
823 1082 1047 1137 Mariam
1091 1083 1389 1153 intorquet.
1445 1081 1563 1135 Stat
1622 1079 1908 1151 perterrita

337 1179 502 1236 tantis
536 1175 810 1232 miraculis
855 1173 1040 1245 regina
1069 1172 1349 1234 caelorum,
1398 1171 1607 1227 confert
1649 1172 1702 1224 in
1749 1169 1912 1224 corde

339 1285 437 1326 suo
488 1265 865 1324 salutationem
917 1262 1270 1333 archangeli,
1323 1261 1729 1331 conceptionem
1781 1257 1908 1322 Dei,

339 1358 680 1416 nativitatem
731 1355 917 1433 pueri;
966 1361 1025 1409 et
1079 1353 1311 1408 miratur
1343 1353 1485 1422 quod
1531 1351 1640 1417 ille,
1690 1350 1782 1422 qui
1833 1350 1914 1405 sic

339 1447 521 1520 potuit
544 1444 613 1500 ad
635 1458 736 1499 nos
762 1442 970 1508 venire,
999 1440 1080 1497 sic
1104 1441 1273 1496 voluit
1303 1439 1609 1496 subvenire.

410 1535 578 1591 Adest
617 1540 675 1589 et-
701 1532 923 1602 Josepb;
958 1531 1052 1587 sed
1105 1530 1177 1586 ab
1222 1540 1450 1600 utroque
1479 1538 1740 1595 remotus,
1766 1535 1821 1582 et
1859 1527 1921 1581 in-

342 1640 573 1683 excessu
599 1622 794 1678 mentis
840 1622 1091 1688 miratur,
1118 1629 1175 1676 et
1210 1620 1392 1677 mirari
1421 1620 1554 1674 satis
1580 1635 1686 1673 non
1715 1616 1911 1688 potest,

2002 444 2349 523 mentionem,
2397 441 2464 496 ad
2514 438 2655 508 regis
2702 433 3003 492 cubiculum
3048 428 3405 490 introductus,
3457 425 3565 479 duo

1994 520 2154 610 quasi
2200 534 2513 593 sublimiora
2548 530 2614 586 de
2652 528 2820 599 ipsius
2844 540 2940 581 ore
2983 519 3281 579 divinitatis
3307 516 3511 572 audivit
3546 528 3563 570 :

2006 588 2154 610 ..πη
2326 588 2355 589 η
2430 588 2433 589 κ
2674 588 2687 599 .

2006 649 2025 681 ς
2061 627 2304 684 Potestas
2326 626 2420 680 Dei
2445 631 2549 689 est,
2565 619 2832 690 inquit,.et
2855 615 2975 678 tibi,
2991 610 3238 674 Domine,
3256 588 3583 662 misericor;

2004 722 2090 778 dia
2116 717 2410 792 (lamna).
2455 735 2481 768 ι
2524 712 2632 768 Sed
2678 719 2734 766 et
2779 710 2893 778 ipse
2946 704 3197 761 Salvator
3243 696 3570 771 prophetica:

2005 788 2217 866 veritati
2248 788 2543 869 attestans,
2572 802 2643 858 ait
2673 816 2687 855 :
2734 819 2753 852 ι
2788 800 2894 854 Vos
2930 795 3138 853 vocatis
3176 807 3264 846 me
3289 788 3566 858 magister,

2005 912 2060 958 et
2094 900 2402 963 Domine,et
2419 897 2559 952 bene
2582 892 2781 949 dicitis.
2810 891 2939 945 Sum
2961 886 3160 942 ctenim
3184 882 3362 955 (Joan.
3392 878 3528 949 xm).
3547 898 3565 929 ι

2008 991 2263 1047 Dominus
2306 1001 2497 1043 nomen
2537 994 2622 1040 est
2665 981 2983 1053 maiestatis,
3030 975 3250 1048 pietatis
3296 971 3573 1043 magister.

2009 1085 2067 1141 Si
2096 1082 2240 1137 enim
2290 1081 2434 1151 pium
2484 1086 2568 1133 est
2622 1075 2865 1145 praebere
2900 1085 3080 1133 escam
3128 1064 3361 1136 corpori,
3410 1060 3575 1115 multo

2010 1171 2412 1237 misericordius
2441 1178 2526 1223 est
2552 1182 2731 1222 escam
2775 1164 2969 1219 anima:
3007 1157 3295 1230 impartiri,
3319 1151 3462 1225 quod
3491 1158 3575 1204 est

2012 1262 2229 1336 proprie
2249 1261 2651 1331 magistrorum,
2674 1254 2766 1326 qui
2790 1262 2996 1309 mentes
3019 1246 3442 1320 indisciplinatas
3474 1241 3576 1298 sub

2014 1353 2311 1423 disciplinae
2341 1349 2515 1419 rigore
2542 1354 2814 1401 coercent.

2086 1445 2376 1501 Videamus
2394 1436 2535 1509 quod
2552 1438 2743 1491 herum
2766 1431 3041 1487 nominum
3062 1425 3579 1488 eli‘unuatur,utrum

2015 1550 2212 1603 nomen
2240 1531 2492 1604 potentia:
2522 1529 2587 1582 in
2615 1540 2808 1581 nomen
2844 1520 3053 1594 gratiae,
3083 1516 3165 1571 vel
3194 1528 3386 1570 nomen
3414 1511 3582 1582 pieta-

2019 1597 2088 1685 tis
2118 1626 2172 1681 in
2200 1597 2499 1690 maiestatis
2539 1613 2874 1671 vocabulum.
2917 1608 3093 1672 Absit,
3125 1614 3191 1669 ut
3214 1597 3586 1673 misericordia

343 1713 578 1785 qualiter
594 1711 667 1767 sit
697 1711 765 1767 ad
790 1718 951 1766 tanta:
981 1710 1307 1782 dignationis
1335 1710 1605 1764 admissus
1634 1721 1913 1763 arcanum.
1947 1695 1990 1754 Β
2018 1719 2073 1774 in
2129 1688 2369 1789 potentia
2419 1708 2748 1775 includatur,
2804 1692 2928 1774 quia
2997 1720 3013 1751 ι
3049 1694 3421 1754 miserationes
3472 1688 3588 1759 ejus

343 1804 509 1860 Adest
521 1801 807 1858 multitudo
818 1802 1053 1857 etelestis
1070 1801 1341 1856 exercitus
1352 1809 1406 1855 et
1417 1800 1637 1856 vocibus
1649 1798 1915 1871 gloriosis,

346 1892 527 1949 Gloria
556 1894 612 1947 in
647 1890 862 1948 excelsis
904 1890 1014 1945 Deo
1066 1890 1285 1945 auditur
1331 1888 1484 1962 (Luc.
1529 1890 1614 1961 ιι).
1664 1889 1919 1943 Pastores

344 1980 962 2052 veniunt,etinveniunt
1003 1995 1231 2053 puerum
1278 1988 1334 2036 et
1369 1980 1620 2050 puellam.
1670 1979 1920 2039 Procedit

345 2072 519 2137 stella,
552 2086 706 2144 reges
731 2071 1014 2138 accedunt,
1059 2069 1289 2125 adorant
1327 2068 1519 2134 filium,
1565 2076 1797 2124 matrem
1824 2082 1918 2123 ve-

348 2170 647 2225 nerantur,
716 2159 949 2217 oﬂ‘erunt
1007 2175 1255 2226 munera,
1315 2158 1569 2215 deferunt
1650 2155 1919 2226 majestati

348 2251 565 2326 (Matth.
593 2251 677 2322 tt).
714 2250 1001 2306 Cruciatur
1024 2248 1294 2314 Herodes,
1322 2247 1694 2319 Hierosolyma
1739 2246 1921 2301 turba-

352 2354 462 2410 tur,
493 2343 845 2413 requiruntur
865 2341 1087 2413 Scribat,
1114 2340 1267 2396 locus
1286 2340 1630 2411 prmdicitttr;
1653 2337 1925 2394 inducitur

352 2410 642 2499 simulatio,
693 2410 979 2488 simulator
1022 2431 1090 2485 ad
1143 2410 1371 2484 nihilum
1425 2428 1726 2493 deducitur,
1777 2430 1926 2482 dete—

351 2531 550 2595 guautr
593 2529 897 2579 commenta
943 2519 1211 2575 fraudum.
1264 2517 1402 2590 Magi
1432 2533 1531 2588 per
1571 2517 1731 2573 aliam
1779 2517 1924 2571 viam

351 2624 718 2681 revertuntur,
766 2628 873 2684 pax
927 2611 1169 2668 inaudita
1224 2625 1255 2666 a
1309 2609 1509 2665 saeculo
1558 2615 1766 2679 regnat,
1803 2607 1925 2661 uni-

352 2719 545 2763 versus
582 2706 729 2763 orbis
790 2705 856 2760 ad
923 2717 1146 2759 censum
1208 2700 1549 2768 describitur,
1621 2699 1769 2757 rivus
1822 2697 1926 2753 olei

357 2797 423 2853 de
448 2804 590 2853 terra
618 2795 895 2866 persutlat,
925 2803 980 2851 et
1024 2794 1079 2849 in
1102 2794 1324 2849 divitem
1349 2806 1540 2848 venam
1576 2789 1754 2860 liquor
1799 2803 1925 2845 san-

358 2888 626 2944 etiticatus
652 2885 859 2941 ebullit.

427 2977 566 3045 Quid
593 2976 818 3041 esthoc,
859 2975 964 3030 nisi
993 2974 1119 3045 quia
1147 2988 1276 3028 vera
1316 2988 1422 3042 pax
1473 2973 1529 3028 in
1560 2971 1718 3027 terris
1763 2985 1931 3041 appa-

359 3066 489 3133 ruit,
520 3066 627 3121 nisi
651 3066 774 3135 quia
806 3065 875 3120 ad
902 3078 1193 3133 supernum
1226 3078 1449 3134 regnum
1478 3063 1624 3117 cives
1650 3062 1929 3116 ascribun-

363 3165 471 3225 tur,
497 3156 599 3211 nisi
621 3157 746 3226 quia
771 3153 890 3210 fons
920 3153 1303 3209 misericordia:
1339 3152 1407 3207 de
1430 3150 1649 3220 Virgine
1691 3160 1928 3216 emanat,

360 3249 538 3304 oleum
594 3246 822 3302 effusum
868 3259 1062 3300 nomen
1101 3243 1296 3299 tuum?
1345 3241 1521 3314 (Cant.
1566 3242 1632 3312 ι.)
1696 3241 1932 3312 Spiritus

364 3348 587 3393 sanctus
614 3337 909 3406 Scriptura:
938 3334 1096 3389 istius
1135 3346 1274 3387 unus
1321 3340 1375 3388 et
1397 3332 1589 3388 unicus
1617 3329 1935 3396 fabricator,

365 3425 677 3482 nonnullam
699 3439 810 3480 suae
834 3422 1177 3495 pinguedinis
1199 3420 1538 3477 dulcedinem
1572 3421 1674 3476 sub
1697 3420 1799 3474 hoc
1844 3432 1937 3473 ca-

364 3517 533 3589 pitulo
557 3515 864 3586 dereliquit.
895 3513 1002 3569 Sed
1024 3526 1121 3569 vos
1153 3512 1434 3568 nocturnis
1454 3496 1652 3582 vigiliis
1689 3510 1762 3566 ita
1791 3508 1939 3565 defa-

369 3610 520 3681 tigati
548 3609 699 3676 estis,
731 3616 792 3664 ut
812 3609 902 3663 vix
929 3606 1149 3677 possitis
1171 3621 1422 3662 somnum
1457 3606 1528 3661 ab
1554 3606 1726 3662 oculis
1760 3619 1939 3661 remo-

369 3711 511 3758 vere.
561 3695 824 3767 Evigilate
847 3703 1029 3751 tamen
1053 3694 1343 3766 paulisper,
1377 3703 1430 3750 et
1458 3694 1632 3750 somni
1667 3703 1938 3764 torporem

369 3787 626 3844 excutite.
657 3786 818 3857 327
847 3786 1037 3842 Aderit
1082 3784 1194 3850 ille,
1226 3785 1295 3839 de
1338 3782 1491 3854 cujus
1528 3785 1816 3840 nativitate
1862 3783 1942 3839 io-

370 3878 607 3947 quttnur,
638 3875 985 3930 ut-illuminet
1030 3873 1216 3930 oculos
1256 3883 1492 3941 nostros,
1522 3889 1592 3930 ne
1627 3875 1943 3931 obdormias

372 3982 509 4022 mus.
550 3965 724 4022 Totus
749 3973 930 4023 autem
972 3965 1255 4022 sententiae
1293 3980 1486 4021 sensus
1531 3979 1596 4019 ex
1644 3963 1787 4021 illius
1816 3979 1939 4019 ares

374 4058 727 4124 multabitur,
778 4055 930 4127 cujus
976 4056 1262 4113 consilium
1307 4065 1394 4112 est
1445 4055 1603 4126 quasi
1654 4055 1940 4111 consilium

372 4149 488 4204 Dei.
526 4147 647 4217 Ipsa
668 4147 758 4202 ille
801 4154 887 4203 est
912 4145 1173 4203 Dominus
1208 4144 1458 4200 videlicet
1488 4144 1941 4212 Clarsevallensis,

372 4241 527 4308 strtus
572 4236 763 4308 religio
798 4244 857 4292 et
899 4236 1171 4301 discretio,
1213 4234 1476 4304 sapientia
1517 4242 1575 4289 et
1613 4233 1940 4303 eloquentia,

372 4331 566 4386 vitaet
605 4329 754 4386 fama
788 4341 886 4399 per
927 4335 1096 4383 totam
1144 4324 1492 4381 Latinitatem
1537 4336 1645 4379 non
1672 4323 1945 4389 immerito

372 4419 641 4487 decurrit;
666 4418 897 4474 libenter
925 4417 1071 4472 enim
1111 4414 1255 4469 illius
1279 4413 1525 4469 sarcinas
1568 4411 1735 4467 adoro
1771 4411 1945 4483 (“6).

374 4510 483 4574 Sed
506 4512 577 4566 ad
610 4508 942 4580 propositum
972 4515 1328 4562 revertamur.

445 4600 716 4670 Benignus
756 4598 845 4654 ille
891 4598 1144 4668 Spiritus,
1177 4598 1244 4659 de
1271 4593 1427 4666 cujus
1475 4593 1755 4650 secretiori
1801 4594 1953 4650 fonte

378 4692 711 4746 canticorum
750 4689 950 4745 flumen
994 4688 1195 4753 evadit,
1224 4687 1278 4742 in
1310 4687 1393 4742 his
1415 4683 1602 4743 tribus
1633 4685 1812 4741 verbis
1847 4685 1950 4739 tria

380 4782 536 4839 nobis
559 4782 883 4853 requirenda
936 4781 1176 4850 reliquit,
1217 4779 1471 4836 videlicet
1516 4793 1711 4834 nomen
1741 4777 1948 4848 sponsi,

378 4886 545 4943 quare
568 4872 689 4928 oleo
713 4881 1077 4942 comparetur,
1105 4879 1162 4926 et
1190 4870 1457 4939 quomodo
1486 4867 1809 4935 effundatur,
1828 4868 1954 4936 quia

379 4971 437 5018 et
460 4975 654 5018 nomen
680 4969 846 5027 tacet,
878 4962 945 5016 de
964 4959 1370 5028 comparatione
1396 4957 1475 5012 nil
1521 4957 1779 5028 loquitur,
1823 4957 1958 5012 nihil

381 5051 513 5106 dicit
551 5051 619 5106 de
659 5049 937 5107 effusione.
983 5048 1223 5104 Primum
1272 5049 1339 5103 de
1385 5048 1607 5105 nomine
1651 5049 1953 5104 videamus.

382 5143 567 5210 Multa,
591 5152 652 5200 ut
674 5141 928 5211 arbitror,
948 5141 1206 5199 vocabula
1233 5141 1413 5213 sponsi
1441 5155 1540 5210 per
1561 5142 1796 5196 divinam
1810 5142 1959 5197 Scriv

381 5244 595 5305 pturam
619 5250 809 5307 sparsa
835 5236 1108 5304 leguntur,
1148 5233 1243 5289 sed
1275 5234 1329 5288 in
1354 5233 1567 5289 duobus
1602 5234 1783 5289 verbis
1830 5233 1953 5287 uni-

382 5340 539 5381 versa
568 5326 912 5397 complector.
964 5324 1181 5379 Nullum
1211 5322 1454 5392 profecto
1480 5323 1788 5393 reperietis,
1813 5322 1957 5392 quod

2018 1785 2180 1879 supdr
2199 1803 2384 1861 omnia
2414 1814 2576 1870 opera
2603 1795 2720 1867 ejus
2768 1791 2939 1867 (Psal.
2964 1787 3164 1859 cxuv).
3202 1786 3222 1838 ἡ
3261 1785 3479 1840 Certum
3505 1787 3591 1834 est

2017 1868 2187 1967 ergo,
2241 1893 2369 1965 quia
2417 1868 2653 1960 potestas
2712 1883 2804 1939 Dei
2859 1881 2912 1935 in
2958 1877 3214 1952 majorem
3261 1872 3419 1927 hodie
3465 1868 3584 1939 pic-

2020 1956 2185 2041 tatem
2212 1956 2379 2039 eti'usa
2405 1956 2509 2043 est,
2537 1991 2660 2032 cum
2689 1970 2810 2029 coeli
2836 1967 3232 2025 distillaverunt
3252 1978 3283 2016 a
3311 1958 3449 2015 facie
3471 1956 3589 2020 Dei,

2019 2084 2076 2132 et
2102 2075 2171 2129 de
2194 2070 2454 2143 virgineis
2499 2064 2753 2122 membris
2787 2067 3027 2115 vetustus
3070 2055 3279 2109 dierum
3326 2047 3588 2104 exoritur.

2023 2166 2137 2221 Non
2157 2175 2259 2229 est,
2285 2138 2383 2232 qui
2406 2176 2464 2215 se
2491 2155 2784 2213 abscondat
2809 2168 2840 2207 a
2867 2151 3046 2207 calore
3080 2147 3214 2211 isto;
3243 2142 3367 2213 quia
3389 2138 3592 2208 largior

2022 2256 2126 2313 olei
2152 2227 2343 2311 effusio
2370 2266 2403 2304 a
2427 2249 2604 2319 capite
2631 2241 2908 2300 descendit
2930 2239 2985 2294 in
3014 2237 3260 2298 barbam,
3292 2243 3411 2300 quae
3428 2227 3592 2282 etiam

2022 2355 2321 2405 extremam
2368 2317 2675 2396 vestimenti
2727 2332 2996 2390 fimbriam
3056 2325 3262 2405 largius
3318 2317 3592 2377 irroravit.

2026 2438 2201 2493 Tanta
2223 2442 2306 2490 est
2327 2428 2657 2488 abundantia
2682 2421 3014 2483 miserantis,
3056 2426 3118 2473 ut
3145 2430 3253 2472 non
3293 2411 3467 2468 soluat
3496 2406 3599 2464 sub

2026 2527 2244 2585 nomine
2273 2521 2570 2587 eii‘usionis,
2601 2516 2695 2573 sed
2739 2523 2795 2571 et
2833 2508 3215 2569 exinanitionis
3260 2510 3541 2560 censeatur
3580 2518 3592 2552 :

2031 2637 2051 2670 t
2079 2611 2388 2675 Exiuanivit
2413 2607 2781 2677 semetipsum,
2812 2620 2840 2657 ι-
2860 2601 2935 2655 ait
2962 2594 3279 2669 Apostolus,
3309 2607 3335 2640 «ι
3369 2588 3598 2645 fortnam

2027 2707 2169 2765 servi
2191 2725 2210 2758 ι
2245 2702 2506 2763 hodierna
2523 2698 2610 2753 die
2644 2716 2661 2748 t
2685 2692 2958 2762 accipiens
3002 2684 3223 2761 (Philip.
3239 2680 3326 2754 ιι),
3349 2700 3368 2732 ι
3393 2686 3447 2731 et
3471 2690 3596 2732 cum

2033 2807 2142 2857 tota
2181 2790 2521 2851 multitudine
2558 2782 2962 2842 miserationum
3001 2789 3221 2834 suarum
3254 2772 3323 2827 dc
3364 2768 3600 2826 thalamo

2030 2884 2259 2957 prosiliit
2288 2877 2568 2953 virginali;
2617 2889 2722 2930 non
2752 2870 2896 2928 enim
2925 2866 3115 2923 habuit
3158 2862 3448 2919 dulciorem
3485 2870 3603 2913 mo-

2033 2975 2160 3030 dum
2186 2973 2255 3028 ad
2299 2948 2667 3026 redimendum
2708 2975 2807 3017 nos
2850 2959 3076 3029 abyssus
3120 2953 3212 3010 illa
3258 2948 3613 3008 consiliorum,

2037 3067 2154 3133 Dei,
2182 3063 2307 3134 quia
2353 3055 2613 3129 quidquid
2643 3050 2944 3108 divinitatis
2992 3046 3048 3101 in
3092 3044 3345 3100 thesauro
3389 3036 3607 3110 pietatis

2034 3133 2311 3214 inventum
2364 3158 2467 3210 est,
2527 3155 2698 3203 totum
2754 3142 2809 3198 in
2879 3150 3037 3195 utero
3082 3133 3324 3208 Virginis
3381 3137 3466 3186 est
3510 3142 3604 3200 ag-

2030 3256 2263 3322 gestum.

2108 3335 2224 3390 Non
2253 3345 2340 3387 me
2359 3327 2514 3400 capio
2537 3341 2649 3397 prae
2675 3323 2885 3390 iaztltia,
2914 3306 3059 3394 quod
3088 3317 3179 3374 illa
3212 3313 3470 3386 majestas
3512 3323 3610 3363 na-

2041 3434 2218 3481 turam
2247 3435 2398 3477 suam
2426 3415 2761 3481 exinaniens,
2790 3413 2847 3467 in
2872 3390 3125 3466 naturam
3152 3419 3289 3461 mea
3319 3401 3523 3467 carnis,
3552 3407 3609 3453 et
3634 3390 3643 3397 ’

2037 3511 2316 3584 sanguinis
2356 3505 2717 3578 superveniat,
2763 3508 2820 3558 et
2860 3515 2948 3556 me
2989 3496 3247 3554 miserum
3284 3492 3340 3547 in
3389 3489 3611 3545 divitias

2038 3581 2222 3683 gloriae
2249 3620 2360 3670 suae
2387 3616 2493 3659 non
2521 3600 2589 3656 ad
2617 3599 2830 3662 horam,
2875 3592 2971 3650 sed
2995 3592 3051 3647 in
3097 3586 3483 3658 sempiternum
3524 3581 3610 3635 in.—

2040 3674 2240 3758 cludat.
2287 3695 2377 3751 Fit
2418 3691 2587 3748 frater
2626 3701 2802 3754 meus,
2848 3682 3106 3740 Dominus
3136 3682 3321 3743 meus;
3360 3674 3611 3729 timorem

2041 3788 2250 3847 Domini
2284 3785 2468 3841 fratris
2491 3779 2663 3837 vincit
2707 3776 2952 3833 affectus.
2984 3771 3208 3828 Domine
3251 3765 3397 3832 Jesu,
3440 3762 3614 3817 liben-

2045 3890 2126 3936 ter
2157 3888 2211 3934 te
2234 3875 2396 3931 audio
2436 3877 2748 3944 regnantem
2792 3866 2849 3921 in
2888 3862 3059 3927 ctelis,
3099 3855 3352 3912 libentius
3380 3864 3612 3907 nascen-

2045 3979 2153 4025 tem
2178 3969 2232 4024 in
2263 3964 2439 4030 terris,
2461 3942 2813 4019 libentissime
2831 3966 3068 4015 crucem,
3092 3948 3272 4004 clavos
3293 3953 3350 3999 et
3373 3942 3624 3996 lanceam.

2047 4059 2434 4122 sustinentem;
2470 4054 2587 4108 haec
2629 4047 2893 4120 siquidem
2938 4041 3126 4100 effusio
3176 4036 3317 4107 rapit
3366 4031 3617 4088 affectum

2048 4164 2252 4215 meum,
2289 4154 2346 4202 et
2374 4145 2600 4200 istorum
2634 4135 2895 4194 memoria
2936 4127 3265 4189 convalescit
3303 4139 3399 4181 cor
3438 4134 3642 4183 meum,

2048 4238 2278 4297 viventis
2344 4243 2400 4293 et
2451 4232 2645 4289 vividae
2683 4226 2921 4300 potionis
2973 4221 3268 4292 asperitate
3312 4221 3623 4287 purgatum.

2051 4335 2218 4409 328
2238 4331 2437 4388 Vivens
2464 4334 2548 4384 est
2572 4325 2676 4381 iste
2702 4334 2882 4378 sermo
2901 4324 2956 4374 et
2981 4314 3193 4372 efﬁcax.
3236 4319 3293 4368 et
3315 4303 3625 4381 penetrabio

2052 4401 2320 4485 lio—ratum
2365 4420 2542 4494 gladio
2576 4414 2821 4485 ancipiti,
2852 4409 3167 4487 pertingens
3205 4404 3288 4459 ad‘
3311 4401 3627 4459 divisionem

2054 4517 2247 4572 animae
2299 4520 2355 4568 et
2367 4488 2640 4580 vspiritus,
2666 4516 2987 4575 compagum
3015 4510 3255 4570 quoque,
3285 4509 3350 4549 ac
3375 4488 3630 4547 medulla-

2052 4620 2174 4667 rUm
2201 4613 2473 4663 scrutator
2498 4599 2684 4674 (Hebr.
2711 4595 2807 4669 tv).

2124 4699 2276 4763 Unus
2305 4671 2543 4759 illorum,
2571 4691 2661 4762 qui
2690 4684 3021 4762 prophetalis
3045 4683 3201 4737 chori
3225 4682 3319 4732 aut
3348 4671 3629 4744 magister,

2061 4887 2266 4943 minum
2296 4857 2608 4954 partitione,
2633 4879 2699 4933 de
2722 4877 2827 4931 hac
2866 4869 3123 4926 effusione
3159 4860 3480 4918 mirabiliter
3511 4857 3633 4927 qui.

2058 4944 2313 5041 dem,sed
2338 4944 2605 5027 sub‘tiliter
2628 4958 3008 5037 prophetavit:
3047 4972 3067 5008 r
3096 4950 3414 5017 Vocabitur,
3433 4944 3633 5016 inquit,

2059 5081 2255 5123 nomen
2291 5062 2419 5132 ejus
2444 5054 2808 5118 Admirabilis,
2836 5045 3208 5110 Consiliarius,
3245 5042 3408 5106 Deus,
3456 5036 3630 5096 fortis.

2061 5160 2224 5215 Pater
2249 5129 2416 5210 futuri
2447 5150 2650 5215 sreculi,
2682 5145 2943 5214 Princeps
2969 5141 3119 5213 pacis
3161 5137 3299 5214 (ira.
3325 5137 3424 5205 Ix).
3460 5152 3479 5184 ι
3511 5129 3639 5183 Erat

2062 5249 2280 5320 quidem
2311 5240 2644 5300 admirabilis
2693 5235 2955 5292 Dominus
2980 5247 3132 5288 meus
3184 5231 3324 5283 inter
3367 5222 3641 5295 angelieos

2064 5341 2299 5401 ordines,
2342 5333 2569 5391 audiens
2613 5332 2873 5402 hymnum
2902 5329 3085 5400 gloria:
3131 5341 3265 5388 suae,
3311 5314 3643 5375 admirabilis

383 5430 493 5475 non
541 5425 698 5472 sonet
743 5425 839 5471 aut
885 5414 1181 5484 majestatis
1219 5412 1535 5485 potentiam,
1588 5421 1685 5468 aut
1726 5414 2033 5484 gratiam,»
2064 5432 2143 5488 im
2174 5426 2409 5487 mirabili
2443 5430 2731 5491 creatum,
2757 5420 2965 5479 faciens
3010 5414 3276 5474 mirabilia
3313 5412 3368 5468 in
3391 5408 3548 5475 coelo,
3589 5413 3643 5462 et

454 5596 604 5667 (“6)
647 5595 704 5653 S.
744 5579 1073 5654 Dcrnardnm
1100 5595 1245 5653 dicit.
1280 5594 1407 5650 Vide
1430 5593 1544 5663 tajus
1574 5608 1735 5649 serm.
1781 5592 1848 5647 ts
1891 5592 1943 5646 in
1979 5537 2137 5648 Cant.
