4178 6502
783 265 924 283 an“

529 289 626 346 85f

1146 294 1205 349 S.
1244 288 1447 346 PETRI
1485 287 1766 344 DAMIANI
1795 287 1947 345 OPP.
1982 283 2160 343 PARS
2200 285 2332 343 SEU
2370 285 2606 345 TOMUS
2642 287 2708 343 II.
2743 319 2801 329 -—
2837 288 3226 345 SERMONES.

3690 291 3798 346 852

547 420 578 456 n
600 398 778 470 terra,
807 402 860 458 in
886 402 1040 468 mari,
1062 412 1116 456 et
1144 403 1197 456 in
1219 403 1470 457 omnibus
1497 401 1728 472 abyssis.
1759 401 1872 470 Ego
1900 409 2102 467 autem,
2130 406 2183 466 Α
2207 400 2640 457 substantiarum
2690 402 3074 467 amaritudine,
3126 402 3304 458 oleum
3356 404 3501 474 quod
3533 378 3801 460 ekxhilarat

525 498 579 550 in
608 494 722 551 luto
747 494 892 550 faecis
939 502 994 548 et
1017 493 1246 548 miseriae
1267 493 1578 558 obvolutus,
1609 494 1772 547 miser
1792 501 1849 549 et
1880 493 2109 547 misera-

525 585 652 642 bilis
693 599 908 640 oinnem
957 600 1106 654 spem
1155 585 1462 655 emcrgendi
1515 583 1873 653 perdideram.
1924 581 2016 638 Ille
2053 583 2110 639 in

526 674 721 744 gloria,
760 688 862 744 ego
898 673 950 727 in
1005 674 1255 738 miseria;
1299 672 1385 726 ille
1415 672 1778 737 admirabilis,
1809 687 1908 738 ego
1947 671 2110 726 mise-

527 763 733 818 rabilis.
759 781 778 813 ι
804 763 1062 817 Sanctum
1089 772 1142 819 et
1160 763 1400 818 terribile
1423 778 1617 817 nomen
1641 761 1944 832 cjus(Psaf.
1962 760 2103 832 cx),i

523 857 668 925 quod
701 857 786 911 vix
811 856 1011 910 audeat
1042 854 1129 910 illa
1172 856 1387 926 dignior
1418 855 1703 910 nominare
1735 863 1946 907 natura.
2001 851 2110 908 No-

524 962 648 1002 meu
683 947 825 1002 istud
867 947 1108 1002 clausum
1162 957 1216 1002 et
1258 949 1550 1015 integrum,
1609 947 1879 1014 quomodo
1916 961 2110 1016 capere

521 1048 794 1106 poteram,
820 1054 981 1108 quem
1007 1039 1096 1091 vix
1123 1037 1400 1109 angelicus
1424 1037 1614 1091 oculus
1641 1037 1970 1107 prospicere,
2010 1054 2108 1092 ne-

521 1130 651 1182 dum
682 1129 963 1198 percipere
988 1129 1208 1199 potest?

598 1219 707 1275 Sed
751 1221 873 1276 vide
934 1219 1275 1275 efl‘usionem.
1322 1219 1432 1285 Ille,
1490 1220 1580 1288 qui
1611 1227 1731 1274 erat
1776 1217 2112 1273 admirabilis

526 1311 836 1379 agminibus
883 1309 1221 1381 angelorum,
1266 1309 1494 1364 inclinat
1536 1308 1725 1372 caelos,
1757 1318 1812 1362 et
1843 1306 1900 1361 fit
1935 1308 2114 1362 consi-

522 1402 713 1457 liarius
738 1401 1042 1455 hominum.
1074 1399 1469 1467 Majestativum
1496 1414 1688 1454 nomen
1722 1399 1775 1452 in
1799 1398 2113 1468 pietativum

523 1492 857 1556 effunditur;
889 1498 946 1545 et
993 1491 1085 1561 qui
1116 1490 1384 1544 mirabilis
1410 1499 1492 1544 est
1516 1490 1569 1544 in
1617 1489 1790 1551 etelis,
1830 1488 2114 1543 consulere

523 1583 672 1637 venit
724 1582 777 1636 in
810 1583 1001 1648 terris;
1059 1581 1344 1637 abscondit
1392 1597 1687 1652 purpuram
1731 1581 1833 1637 sub
1882 1580 2114 1635 miseriae

487 1685 502 1700 ~'
524 1671 881 1736 vestimentis,
929 1680 987 1726 et
1028 1671 1095 1724 ad
1133 1670 1306 1724 lutum
1380 1670 1470 1724 ubi
1506 1668 1778 1737 jacebam,
1825 1668 2114 1724 inclinatus

2209 491 2404 548 faciem
2455 493 2691 548 hominis
2728 493 2905 565 (Psal.
2954 496 3097 566 cui),
3146 496 3289 565 quod
3340 504 3499 550 sanat
3553 496 3798 562 vulnera,

2209 581 2451 637 dolorem
2482 582 2641 647 tollit,
2676 583 2853 638 reddit
2895 585 3239 639 suavitatem.
3285 583 3477 641 Nonne
3502 586 3800 641 Samarita-

2208 689 2311 728 nus
2348 682 2534 728 noster
2560 674 2719 729 nobis
2754 691 2782 727 a
2815 673 3023 730 latrone
3049 675 3286 745 pessimo
3330 676 3624 731 vulneratis
3651 686 3796 731 attu-

2209 761 2272 816 lit
2325 761 2504 817 oleum
2535 771 2589 817 et
2630 762 2812 816 vinutu
2858 764 2926 816 ad
2965 767 3323 834 purgandum,
3368 775 3424 820 et
3450 765 3799 837 mitigandam

2212 853 2453 910 vulneris
2504 856 2976 927 magnitudinem?
3028 858 3133 913 Sed
3183 859 3409 913 multum
3438 860 3568 925 olei,
3608 875 3805 930 parum

2211 942 2367 1009 vini;
2422 944 2652 999 multum
2699 946 3106 1021 misericordiae,
3154 946 3381 1017 justitiae
3440 940 3656 1018 parum.
3710 948 3803 1005 Sic

2211 1034 2415 1104 quippe
2441 1034 2669 1090 decebat
2695 1035 3069 1102 miserantem,
3102 1039 3182 1092 sic
3228 1039 3428 1094 misero
3454 1039 3800 1109 expediebat.

2216 1144 2236 1176 ι
2279 1124 2392 1182 Νοιι
2434 1126 2606 1180 intres
2660 1126 2713 1180 in
2748 1127 3014 1197 judicium
3067 1145 3188 1184 cum
3220 1146 3380 1185 servo
3421 1140 3534 1196 tuo,
3576 1130 3825 1199 Domine,

2212 1216 2287 1270 ait
2323 1214 2534 1280 Justus,
2561 1215 2688 1285 quia
2741 1234 2847 1272 non
2871 1217 3262 1287 justificabitur
3302 1221 3353 1275 in
3390 1232 3684 1289 conspectu
3712 1230 3804 1275 tuo

2211 1305 2389 1361 omnis
2418 1306 2603 1361 vivens
2630 1307 2804 1379 (Psal.
2829 1313 3032 1374 chn);
3080 1330 3099 1362 ι
3136 1311 3231 1366 sed
3263 1327 3462 1366 corona
3495 1328 3581 1367 me
3610 1313 3663 1366 in
3695 1312 3803 1366 mi-

2212 1396 2531 1464 sericordia,
2574 1406 2630 1454 et
2684 1400 3122 1459 miserationibus
3179 1402 3353 1474 (Psal.
3400 1406 3517 1477 cu).
3571 1405 3804 1461 Veniens

2212 1487 2412 1556 quippe
2437 1488 2619 1551 hodie.
2647 1490 2886 1562 quinque
2910 1508 3039 1547 vasa
3064 1494 3245 1550 attulit
3267 1495 3390 1557 olei,
3427 1512 3531 1550 non
3560 1496 3664 1552 nisi
3692 1497 3803 1551 duo

2213 1577 2344 1631 vini.
2376 1577 2614 1648 Spiritus
2648 1581 2796 1635 enim
2851 1583 3133 1652 sapientia:
3191 1593 3247 1638 et
3297 1584 3620 1651 intellectus,
3674 1602 3804 1642 con-

2214 1669 2341 1735 silii,
2370 1670 2611 1726 scientia?
2658 1681 2714 1727 et
2752 1674 2970 1743 pietatis
3014 1674 3150 1743 (Iw.
3198 1676 3298 1746 xi),
3360 1693 3539 1732 nonne
3565 1677 3806 1733 dulcedi-

528 1778 638 1818 non
669 1765 951 1835 mergitur.
989 1762 1061 1827 ls,
1089 1763 1261 1817 audeo
1283 1762 1487 1826 dicere,
1517 1761 1715 1826 infixus
1746 1762 1798 1814 in
1832 1760 1959 1815 limo
1988 1775 2114 1830 pro-
2146 1753 2188 1810 Β
2216 1777 2340 1817 nem
2371 1771 2549 1828 sonat,
2576 1763 3006 1819 misericordiam
3035 1765 3261 1835 fragrat,
3283 1775 3496 1822 eructat
3520 1769 3803 1823 abundan-

526 1855 698 1919 fundi,
725 1853 875 1924 operi
906 1867 1166 1907 manuum
1197 1867 1419 1907 suarum
1447 1852 1676 1922 porrigit
1713 1852 2018 1913 dexteram.
2045 1851 2114 1905 de

520 1943 806 2015 profundis
846 1959 1111 2014 aquarum
1152 1943 1414 2012 extrahit,
1442 1952 1744 1999 extractum
1786 1941 1978 2009 abluit,
2011 1943 2111 1997 ab-

525 2036 697 2091 lutum
731 2036 928 2099 induit,
959 2035 1211 2090 indutum
1244 2043 1511 2106 reportat,
1554 2044 1889 2104 reportatum
1914 2033 2111 2088 confir-

522 2137 656 2183 mat.
703 2126 941 2197 Porrigit
969 2127 1249 2182 dexteram
1294 2142 1418 2181 cum
1466 2127 1729 2191 nascitur,
1771 2142 1894 2181 cum
1938 2125 2113 2196 loqui-

521 2229 611 2273 tur
638 2219 897 2283 extrahit,
921 2219 1092 2275 abluit
1115 2234 1241 2274 cum
1277 2218 1529 2283 moritur,
1558 2219 1731 2273 induit
1764 2235 1887 2275 cum
1922 2235 2109 2274 resur-

523 2312 622 2381 git,
652 2326 776 2367 cnm
800 2312 1045 2366 ascendit
1075 2319 1337 2380 reportat,
1382 2312 1672 2366 confirmat
1696 2328 1817 2367 cum
1857 2312 2111 2380 spiritum

523 2402 727 2458 emittit
774 2402 841 2456 de
883 2401 1278 2458 cmlistonus
1325 2403 1542 2471 quidem
1609 2404 1975 2470 consiliarius,
2017 2403 2112 2474 qui

524 2491 834 2554 consilium,
857 2494 1002 2561 quod
1023 2508 1156 2549 voce
1177 2494 1387 2548 dederit
1413 2502 1465 2548 et
1491 2504 1662 2549 morte
1681 2493 1942 2549 defendit.
1980 2495 2111 2549 Erat

522 2583 670 2638 enim
715 2583 941 2649 docens,
972 2584 1048 2639 ait
1092 2585 1441 2655 evangelista,
1472 2585 1611 2641 sicut
1648 2596 1968 2654 potestatem
2009 2586 2108 2641 ha-

520 2674 679 2737 bens,
711 2689 818 2729 non
862 2674 1005 2731 sicut
1033 2689 1221 2730 eorum
1254 2674 1461 2731 Scribae
1518 2685 1574 2730 ct
1600 2675 1857 2730 Pharisaei
1892 2675 2107 2746 (Man/1.

521 2766 658 2837 vn);
690 2764 832 2836 Deus
885 2774 941 2821 et
968 2765 1179 2830 Fortis;
1214 2768 1433 2822 nomina
1489 2777 1618 2822 sunt
1659 2768 1968 2839 potestatis,
2015 2767 2111 2823 sed

526 2854 670 2910 Deus
697 2849 991 2910 eﬂhnditur
1039 2855 1094 2911 in
1145 2855 1362 2911 Patrem
1414 2855 1578 2910 futuri
1620 2857 1824 2920 saeculi,
1855 2856 2011 2913 fortis
2055 2857 2111 2911 in

523 2945 829 3015 principem
860 2946 1030 3017 pacis.
1061 2946 1305 3001 Breviter
1331 2961 1513 3014 curro,
1542 2946 1668 3015 quia
1692 2955 1748 3000 et
1776 2944 2035 3016 fatigatis,
2056 2956 2114 3000 et

525 3035 825 3094 scientibus
848 3051 1019 3110 legem
1046 3038 1261 3111 loquor.

2214 1852 2343 1907 tiam
2366 1854 2695 1910 suavitatis?
2720 1853 3004 1910 Fortitudo
3032 1866 3087 1910 et
3111 1857 3272 1910 timor
3294 1858 3480 1912 vinum
3512 1867 3658 1912 sunt.
3691 1858 3807 1912 Sed

2212 1945 2316 1999 hoc
2344 1945 2470 1999 vino
2520 1953 2740 2015 potatus
2786 1954 2870 2001 est
2895 1954 3086 2015 potens
3138 1946 3250 2013 ille,
3297 1962 3421 2003 cum
3456 1945 3707 2004 Christus
3748 1949 3806 2005 in

2211 2036 2404 2106 spiritu
2429 2035 2759 2092 fortitudinis
2784 2038 3064 2094 descendit
3087 2038 3154 2092 ad
3177 2037 3400 2105 inferos,
3431 2055 3537 2095 non
3559 2030 3806 2108 timidus,

2211 2130 2306 2184 sed
2336 2129 2635 2184 timendus.

2285 2219 2575 2276 Videamus
2599 2235 2745 2276 nunc
2766 2235 2936 2290 quare
2962 2220 3083 2276 oleo
3131 2221 3718 2291 comparetur.0leum,
3751 2222 3807 2276 si

2209 2329 2306 2369 vos
2331 2312 2526 2368 melius
2555 2329 2664 2367 non
2692 2313 2925 2379 habetis,
2971 2313 3136 2378 lucet,
3164 2315 3339 2384 pascit
3363 2323 3418 2368 et
3459 2315 3627 2385 ungit.
3659 2313 3805 2368 Idem

2209 2406 2343 2462 facit
2367 2404 2573 2461 Christi
2601 2420 2821 2470 nomen,
2842 2415 2897 2460 et
2943 2421 3041 2476 per
3064 2406 3246 2460 omnia
3275 2414 3542 2460 consonat
3585 2420 3806 2474 compa-

2211 2496 2430 2553 rationi.
2468 2496 2640 2552 Lucet
2683 2495 3056 2566 przedicatum,
3105 2497 3280 2565 pascit
3310 2495 3686 2564 recogitatum.
3721 2494 3807 2548 in.

2212 2598 2463 2645 vocatum
2486 2588 2622 2644 lenit
2643 2596 2702 2642 et
2732 2586 2904 2659 ungit.
2946 2587 3081 2641 Vide
3104 2584 3322 2655 quando
3351 2585 3607 2655 praeclara
3636 2584 3802 2638 Iumi-

2212 2679 2363 2734 naria
2390 2678 2568 2734 Iumen
2597 2678 2834 2734 nominis
2863 2676 3022 2747 hujus
3060 2691 3223 2746 super
3246 2675 3569 2745 eloquentia:
3594 2675 3802 2730 cande-

2211 2771 2423 2826 labrum
2447 2778 2815 2840 portavcrunt,
2845 2770 2891 2822 si
2917 2785 3022 2823 non
3052 2767 3345 2822 illuxerunt
3387 2768 3802 2823 coruscationes

2212 2864 2304 2920 Dei
2325 2863 2443 2918 orbi
2474 2872 2648 2929 terrae,
2677 2862 2723 2916 si
2753 2863 2931 2915 nonin
2955 2860 3242 2929 splendore
3269 2857 3496 2930 fulguris
3524 2867 3796 2914 commota

2210 2965 2313 3018 est,
2342 2964 2397 3008 et
2449 2954 2777 3008 contremuit
2824 2963 2989 3007 terra.
3045 2971 3064 3002 ι
3099 2951 3157 3006 In
3188 2951 3406 3005 nomine
3439 2948 3569 3005 Jesu
3597 2948 3805 3006 Christi

2212 3058 2393 3113 surge,
2424 3053 2481 3096 et
2516 3040 2732 3097 ambula
2763 3040 2903 3112 (Act.
2932 3039 3040 3112 ιιι),
3086 3059 3107 3091 ι
3145 3039 3277 3095 dicit
3322 3038 3517 3094 claudo
3545 3040 3804 3109 princeps

597 3135 736 3204 Quid
781 3103 1350 3200 tibi,'mussilabunde
1390 3132 1629 3198 Lucifer,
1670 3133 1723 3188 in
1775 3141 1924 3187 tanta
1954 3129 2110 3187 diffu-
2138 3103 2183 3163 θ
2216 3103 2602 3204 apostolorum.
2632 3103 2824 3203 Nonne
2865 3103 3033 3202 quasi
3068 3131 3245 3202 fulgur
3298 3103 3560 3187 exsilivit-
3587 3130 3656 3185 ab
3707 3103 3808 3186 ore

525 3227 713 3286 sione?
757 3225 1014 3281 Clausum
1064 3233 1150 3280 est
1190 3224 1287 3280 tibi
1341 3234 1513 3278 totum
1549 3222 1890 3278 itinerarium
1917 3222 2036 3287 Dei,
2061 3232 2117 3278 et

525 3319 830 3389 malignans
857 3316 1049 3373 oculus
1074 3324 1202 3387 tuus
1240 3314 1330 3370 hic
1356 3313 1583 3369 nimium
1613 3311 1889 3384 caligavit.
1921 3312 2029 3367 Sed
2057 3322 2116 3366 et

527 3410 792 3466 Dominus
823 3422 977 3463 meus
1005 3405 1343 3468 admirabilis
1374 3405 1476 3459 fuit
1505 3404 1558 3473 in
1591 3402 1892 3465 nativitate,
1932 3402 2114 3458 consi-

524 3500 716 3556 Iiarius
758 3498 812 3553 in
849 3498 1254 3569 praedicatione,
1301 3496 1442 3551 Deus
1464 3496 1520 3557 in
1545 3494 1932 3550 miraculorum
1959 3509 2117 3548 coru-

524 3592 790 3655 scatione,
829 3590 984 3645 fortis
1026 3589 1079 3642 in
1124 3589 1403 3665 passione,
1426 3597 1583 3658 pater
1610 3586 1775 3642 futuri
1820 3587 2000 3642 sazculi
2059 3587 2115 3640 in

525 3679 950 3742 resurrectione,
980 3679 1234 3751 princeps
1268 3679 1419 3749 pacis
1441 3677 1497 3733 in
1527 3677 1618 3755 illa
1644 3686 1848 3733 :cterna
1882 3677 2116 3731 beatitu-

527 3775 670 3829 dine.
715 3773 833 3829 Non
867 3772 1178 3828 terreainini
1222 3771 1460 3827 novitate
1488 3771 1800 3834 verborum,
1823 3768 1948 3838 quia
1982 3768 2117 3823 nihil

524 3882 723 3922 novum
749 3865 1127 3921 introducitur.
1155 3863 1247 3921 Sic
1272 3873 1328 3923 et
1350 3864 1479 3919 olim
1510 3861 1727 3917 nomina
1781 3868 2112 3916 connnutata

527 3966 584 4013 et
617 3955 788 4011 effusa
824 3966 970 4021 sunt,
1008 3955 1216 4011 Abram
1246 3954 1299 4009 in
1349 3953 1649 4019 Abraham,
1691 3950 1877 4006 Sarrai
1922 3950 1976 4005 in
2018 3950 2118 4005 Sa-

530 4065 652 4104 ram
685 4046 843 4121 (Gen.
870 4048 1027 4121 xvn),
1062 4056 1116 4103 et
1140 4047 1184 4102 si
1213 4061 1351 4118 quas
1376 4045 1513 4101 alias
1556 4045 1885 4099 mutationes
1934 4042 1986 4097 in
2031 4042 2119 4097 illa

530 4140 704 4194 veteri
730 4137 944 4193 officina
976 4152 1072 4193 vos
1118 4137 1315 4208 legisse
1354 4135 1616 4193 recolitis.
1666 4133 1774 4190 Sed
1800 4142 1856 4188 et
1886 4133 1955 4187 ah
1989 4132 2119 4202 ipsis

528 4243 670 4297 pone
694 4227 877 4281 mundi
907 4227 1209 4296 principiis,
1252 4227 1306 4281 in
1341 4240 1542 4280 arcano
1587 4223 1823 4293 quodam
1869 4222 2114 4290 Scriptu-

524 4331 710 4369 iarnm
742 4315 880 4378 loco,
913 4316 1080 4369 divini
1112 4316 1349 4371 nominis
1382 4313 1701 4369 effusionem
1733 4312 2004 4367 invenisse
2027 4325 2115 4365 me

524 4406 728 4505 recolo.
785 4404 1052 4474 Loquitur
1106 4404 1251 4505 Deus
1296 4404 1636 4505 ad.Moy_sen
1679 4402 1748 4459 de
1794 4402 2115 4505 litierazione
2139 4445 2191 4505 Β

524 4493 761 4558 lsraelis,
789 4504 844 4549 et
886 4504 1008 4564 post
1037 4494 1261 4550 multam
1306 4493 1402 4550 Dei
1427 4503 1482 4549 et
1511 4493 1680 4564 Moysi
1712 4490 2112 4548 confabulatio-

527 4602 674 4650 nem,
719 4586 987 4656 propheta
1041 4584 1314 4641 subtiliter
1359 4584 1587 4655 inquirit
1632 4599 1829 4639 nomen
1872 4583 2012 4654 ejus,
2059 4593 2117 4639 et

524 4674 786 4732 Dominus
813 4674 946 4731 dicit
974 4693 987 4730 :
1038 4694 1056 4728 ι
1092 4674 1206 4745 Ego
1236 4690 1356 4730 sum
1417 4672 1507 4743 qni
1536 4688 1653 4727 sum
1683 4691 1694 4727 :
1727 4674 1827 4728 hoc
1856 4673 1989 4727 mihi
2020 4689 2113 4728 no-

526 4783 660 4838 men.
694 4768 746 4822 in
769 4775 1056 4822 aeternum.
1105 4765 1219 4823 Hoc
1270 4767 1418 4822 dices
1453 4765 1578 4820 filiis
1624 4764 1828 4820 Israel:
1869 4764 1970 4831 Qui
2006 4773 2110 4830 est,

522 4861 673 4915 misit
706 4876 792 4916 me
843 4861 908 4915 ad
962 4876 1057 4915 vos
1105 4858 1301 4933 (Exod.
1337 4858 1442 4930 ιιι).
1494 4878 1513 4911 ι
1566 4858 1731 4928 329
1784 4856 2115 4912 Perterritus

524 4948 737 5021 Moyses
768 4950 1159 5006 inextricabilis
1194 4950 1520 5004 auctoritate
1550 4946 1820 5010 vocabuli,
1865 4962 1929 5001 ac
1958 4947 2002 5000 si
2030 4946 2111 5002 di-

522 5049 674 5094 ceret
704 5056 717 5091 :
748 5037 861 5093 Hoc
897 5041 1109 5095 excedit
1145 5040 1476 5114 intellectum
1513 5054 1713 5103 meum,
1753 5053 1855 5092 non
1891 5051 2109 5107 possum

522 5144 743 5202 capere,
790 5130 892 5185 nisi
944 5129 1274 5196 effundatur;
1328 5132 1527 5184 audita
1562 5137 1844 5194 nm,estate
1882 5144 1895 5180 :
1944 5145 1963 5177 ι
1995 5126 2108 5197 Ego

522 5237 643 5278 sum
697 5220 838 5275 Deus
880 5220 1175 5285 Abraham,
1218 5221 1359 5275 Deus
1388 5222 1555 5282 Isaac,
1596 5229 1650 5273 et
1689 5218 1829 5273 Deus
1862 5216 2047 5271 Jacob.
2079 5235 2098 5269 ι

525 5312 688 5370 Vides
713 5311 1063 5369 effusionem?
1114 5313 1255 5367 Ecce
1288 5312 1428 5365 Deus
1479 5312 1790 5382 angelorum
1847 5317 2003 5365 vocat
2044 5323 2105 5363 se

2210 3227 2383 3292 Petri.
2414 3243 2537 3282 cum
2574 3226 2908 3281 nominatum
2935 3234 3240 3280 estnomen
3306 3224 3452 3293 quod
3496 3239 3560 3278 os
3591 3222 3804 3278 Domini

2215 3318 2556 3373 nominavit?
2591 3337 2611 3368 ι
2650 3316 2717 3372 Et
2763 3315 2973 3379 statim,
3016 3315 3229 3384 “inquit,
3279 3313 3629 3369 consolidata:
3680 3322 3808 3368 sunt

2214 3408 2373 3464 bases
2394 3406 2531 3476 ejus,
2557 3417 2613 3464 et
2633 3406 2850 3477 plantae.
2896 3425 2915 3458 ι
2946 3407 3278 3463 Vocabulum
3328 3405 3477 3466 Jesu,
3506 3405 3650 3461 sicut
3680 3404 3808 3460 Ori-

2215 3502 2367 3572 genis
2393 3501 2575 3572 lingua
2600 3498 2834 3557 habilior
2880 3496 3149 3562 difiinivit.
3202 3499 3359 3554 dulce
3388 3510 3464 3552 et
3487 3496 3806 3568 gloriosum,

2216 3593 2363 3649 omni
2393 3593 2622 3649 odoratu
2642 3591 2897 3660 cultuque
2926 3590 3323 3661 dignissimum,
3352 3590 3494 3657 quod
3525 3602 3631 3644 non
3654 3587 3808 3658 prius

2218 3680 2288 3736 ab
2315 3680 2624 3736 hominibus
2648 3679 2831 3735 decuit
2855 3678 3039 3734 efferri
3075 3679 3127 3733 in
3167 3678 3451 3744 mundum,
3479 3676 3574 3733 sed
3612 3692 3644 3730 ιι
3670 3691 3809 3747 qua-

2219 3777 2343 3831 dam
2408 3772 2713 3829 sublimiori
2778 3772 3260 3841 excellentiorique
3329 3779 3546 3825 natura.
3604 3767 3809 3825 Omnes

2217 3864 2418 3935 quippe
2463 3863 2739 3934 prophetae
2778 3878 2974 3916 nomen
3028 3861 3170 3916 istud
3207 3869 3305 3915 aut
3339 3859 3669 3924 nescierunt,
3711 3868 3811 3915 aut

2217 3953 2433 4022 penitus
2464 3960 2772 4015 tacuerunt.
2802 3962 2858 4006 et
2890 3960 3170 4006 reservata
3218 3958 3301 4004 est
3333 3949 3702 4019 praerogativae
3724 3948 3810 4005 di-

2218 4043 2398 4114 gnitas
2423 4040 2752 4111 archangelo
2778 4040 3040 4104 Gabrieli,
3064 4038 3157 4109 qui
3188 4047 3377 4094 sancto
3404 4053 3503 4094 ore
3521 4036 3815 4094 sanctissi-

2218 4148 2321 4187 mae
2359 4132 2565 4203 Virgini
2602 4131 2733 4189 illud
2778 4131 3012 4200 primum
3043 4129 3244 4185 evolvit
3293 4127 3446 4198 (Luc.
3507 4128 3572 4197 ι).
3621 4126 3818 4185 Nonne

2218 4223 2387 4279 Isaias
2411 4222 2468 4277 in
2494 4237 2776 4279 excessum
2803 4220 2998 4275 mentis
3037 4229 3286 4289 raptatus
3311 4217 3491 4273 verbis
3516 4218 3646 4274 arch
3658 4231 3818 4290 ango-

2218 4313 2338 4370 licis
2369 4314 2572 4369 eisdem
2601 4327 2738 4382 pene
2782 4311 3005 4383 syllabis
3032 4310 3302 4366 consentit
3343 4324 3515 4382 usque
3538 4308 3608 4365 ad
3642 4308 3818 4366 sancti

2218 4407 2456 4463 nominis
2489 4405 2835 4461 novitatem?
2867 4404 3003 4476 (Isa.
3036 4403 3157 4473 vn.)

2287 4494 2470 4551 Pascit
2498 4509 2709 4556 revera,
2738 4508 2839 4548 nec
2880 4502 2965 4548 est
3007 4493 3222 4548 felicior
3271 4493 3450 4562 pastio
3479 4493 3532 4547 in
3566 4491 3685 4547 loco
3712 4505 3818 4562 pa-

2216 4600 2379 4651 scuae,
2413 4584 2503 4640 ubi
2530 4599 2631 4638 nos
2660 4582 2923 4637 Dominus
2958 4582 3243 4637 collocavit
3274 4582 3449 4653 (Paul.
3481 4581 3641 4654 xxii).
3675 4583 3821 4652 Quid

2215 4693 2369 4748 aeque
2415 4685 2652 4732 mentem
2706 4674 2998 4745 cogitantis
3045 4674 3386 4744 impinguat?
3434 4673 3643 4730 Nomen
3688 4674 3818 4732 Jesu

2216 4762 2321 4817 mel
2352 4762 2406 4816 in
2433 4776 2552 4825 ore,
2575 4760 2630 4814 in
2654 4775 2788 4815 aure
2816 4759 3010 4825 melos,
3044 4758 3098 4813 in
3149 4760 3315 4814 corde
3339 4759 3569 4830 jubilus.
3618 4758 3817 4818 Omnis

2215 4852 2387 4916 cibus,
2420 4850 2512 4919 qui
2561 4864 2668 4903 non
2713 4848 2967 4904 conditur
3000 4849 3128 4914 hoc,
3177 4848 3480 4905 infatuatus
3519 4857 3627 4905 est.
3661 4847 3810 4905 Scri-

2217 4953 2397 5012 ptura,
2423 4956 2543 5010 quas
2569 4956 2675 4996 non
2697 4939 2861 4995 fuerit
2886 4940 3125 4996 interlita
3150 4940 3271 4995 oleo
3294 4950 3458 4994 tanta:
3478 4939 3809 5003 devotionis,

2219 5043 2314 5089 aut
2335 5034 2565 5104 insipida
2592 5042 2696 5100 est,
2725 5044 2818 5088 aut
2857 5049 3065 5088 amara.
3096 5033 3233 5088 Olim
3263 5033 3396 5087 mihi
3448 5031 3658 5087 Tullius
3691 5031 3810 5087 dul-

2216 5125 2484 5186 cescebat,
2503 5123 2914 5179 blandiebantur
2926 5138 3167 5178 carmina
3195 5133 3473 5192 poetarum
3501 5121 3810 5192 philosophi

2220 5216 2405 5272 verbis
2432 5216 2595 5286 330
2623 5216 2805 5271 aureis
2828 5214 3245 5285 inspiendebant
3289 5223 3346 5270 et
3373 5214 3586 5269 sirenes
3635 5227 3810 5282 usque

2216 5305 2274 5361 in
2297 5305 2522 5359 exitium
2551 5304 2734 5361 dulces
2764 5320 2942 5359 meum
2996 5301 3805 5365 incantaverant,intellectum.

524 5403 693 5459 Deum
726 5404 1028 5459 hominum.

597 5497 894 5551 Curramus
919 5512 1071 5566 ergo,
1098 5497 1313 5560 fratres,
1358 5496 1407 5547 in
1450 5495 1667 5550 odorem
1714 5503 2111 5565 unguentorum

526 5583 772 5641 l-.mrum.
822 5586 1119 5643 Curramus
1164 5590 1230 5642 ad
1275 5587 1451 5642 oleum
1493 5588 1556 5642 de
1592 5589 1727 5640 oliva
1774 5586 2017 5656 speciosa
2055 5586 2107 5639 in

529 5676 732 5745 campis
773 5693 1108 5746 expressum,
1161 5678 1304 5732 iinlfa
1359 5678 1614 5735 infectum
1661 5694 1910 5743 amurca,
1961 5675 2107 5731 nulla

2217 5490 2388 5558 gloria
2416 5490 2806 5545 sententiarum
2858 5488 3070 5543 Domini
3116 5488 3221 5541 mei
3265 5498 3322 5541 et
3373 5502 3658 5542 servorum
3683 5488 3860 5567 ejusl‘

2215 5591 2312 5639 aut
2336 5596 2501 5650 parva
2527 5579 2865 5642 videbantur,
2909 5588 3004 5631 aut
3033 5577 3198 5630 nulla.
3235 5576 3427 5631 Nescio
3470 5577 3628 5629 modo
3674 5576 3861 5657 quid‘;

2215 5674 2428 5731 dulcius
2461 5682 2846 5729 immurmurat
2887 5671 3030 5726 filius
3075 5668 3246 5737 ἔωθε,
3293 5670 3382 5740 qui
3415 5671 3563 5725 vatio
3600 5687 3797 5726 sermo-

2216 5397 2353 5473 Le_x,
2404 5399 2700 5468 prophetae,
2751 5397 3126 5467 Evangelium,
3182 5395 3461 5465 Epistolas,
3528 5405 3586 5450 et
3625 5362 3840 5660 omn1

2217 5490 2388 5558 gloria
2416 5490 2806 5545 sententiarum
2858 5488 3070 5543 Domini
3116 5488 3221 5541 mei
3265 5498 3322 5541 et
3373 5502 3658 5542 servorum
3683 5501 3771 5554 eju

2216 5591 2312 5639 aut
2336 5596 2501 5650 parva
2527 5579 2865 5642 videbantur,
2909 5588 3004 5631 aut
3033 5577 3198 5630 nulla.
3235 5576 3427 5631 Nescio
3470 5577 3628 5629 modo
3674 5577 3803 5644 quid
