4178 6450
351 265 462 325 855

1805 263 2039 319 SEBMO
2067 263 2224 317 ωω.

3513 263 3620 319 854

354 394 486 435 num
509 385 569 433 et
593 378 988 434 sententiarum
1016 387 1282 432 concentu
1307 391 1497 432 omnes
1527 376 1648 430 illos
1685 390 1822 444 quos
1852 374 1936 429 di-
1961 380 2012 438 Α
2040 375 2242 438 culum,
2273 373 2342 426 ad
2389 375 2532 442 quod
2587 375 2778 438 cit-irit,
2825 375 2918 443 qui
2963 375 3198 430 exsultat
3248 393 3266 424 ι
3302 385 3359 427 ut
3381 375 3531 446 gigas
3559 377 3626 430 ad

355 467 528 539 ligere
553 481 945 522 consueveram
976 465 1353 534 ineloquentos
1385 465 1560 520 reddit
1586 474 1640 519 et
1670 473 1864 518 mutos.

427 553 588 611 Leuit
613 563 672 610 et
713 554 886 623 ungit,
911 553 1036 623 quia
1065 553 1201 608 nihil
1245 554 1325 609 sic
1378 563 1591 608 recreat
1631 555 1684 606 in
1715 552 1941 606 tribula-

359 647 526 703 tione.
555 645 803 714 Denique
824 656 880 700 et
907 648 1137 715 probare
1160 646 1319 701 licet:
1344 665 1362 697 ι
1394 647 1588 702 luvoca
1611 662 1716 709 me,
1746 646 1940 716 inquit,

357 738 414 794 in
435 738 526 794 die
552 737 960 803 tribulationis;
1007 751 1197 792 eruam
1231 747 1305 804 te,
1333 747 1389 793 et
1428 739 1817 794 lionoriftcabis
1856 753 1944 793 me

357 828 534 902 (Psal.
556 829 732 901 XLIX).
765 848 785 883 ι
844 829 958 885 Hoc
987 840 1072 884 est
1100 846 1320 896 nomen,
1349 833 1452 886 hoc
1477 840 1563 887 est
1599 832 1803 897 oleum,
1831 833 1945 886 haec

355 920 462 976 olei
503 916 720 988 eﬂ'usio.
750 919 924 976 Amen
975 919 1098 974 dico
1137 920 1310 983 vobis,
1358 935 1465 974 non
1509 919 1721 975 deﬁciet
1749 921 1836 974 hic
1865 919 1942 976 lc-

358 1010 552 1082 cythus
600 1009 730 1077 olei,
767 1024 870 1065 nec
915 1009 1191 1063 minuetur
1225 1010 1398 1064 donec
1440 1009 1676 1080 pluviam
1705 1009 1944 1064 volunta-

255 1109 264 1122 ·’
361 1101 498 1156 riam
522 1098 645 1170 (III
667 1099 800 1169 Reg.
825 1097 982 1169 xvn),
1030 1114 1153 1168 quae
1179 1108 1465 1169 segregata
1509 1109 1592 1154 est
1637 1099 1942 1154 haereditati

358 1191 478 1262 ejus
521 1190 768 1248 diffusius
821 1190 1068 1257 instillet,
1117 1191 1288 1246 donec
1337 1190 1501 1246 faciat
1515 1191 1710 1246 cteltnn
1737 1207 1940 1246 novum

358 1292 416 1340 et
461 1291 666 1340 terram
702 1298 897 1339 novam
943 1283 1098 1358 (Jsa.
1151 1283 1345 1352 Lm),
1398 1284 1525 1353 quia
1571 1284 1942 1339 misericordia

358 1371 478 1443 ejus
503 1374 574 1430 ab
593 1383 820 1441 alterno,
847 1382 898 1429 et
931 1389 1102 1444 usque
1131 1374 1187 1430 in
1237 1383 1499 1430 aeternum
1538 1390 1704 1446 super
1744 1374 1944 1429 timen-

363 1473 444 1524 tes
465 1480 588 1520 eum
610 1463 790 1536 (Psal.
815 1465 937 1536 cu).

433 1558 540 1614 Sed
562 1559 674 1630 jam
700 1573 990 1631 surgamus
1017 1569 1076 1616 et
1119 1575 1486 1632 praeparemus
1515 1576 1616 1617 nos
1651 1561 1719 1615 ad
1749 1561 1946 1616 solem-

361 1649 532 1705 nioris
562 1649 739 1705 missae
755 1647 1160 1718 jubilationem,
1203 1666 1304 1707 nec
1327 1652 1584 1708 cordibus
1638 1663 1946 1721 parcentes,

2043 463 2362 518 currendum
2393 463 2532 516 viam
2560 461 2733 532 (l’sal.
2765 463 2921 533 xvnt)
2959 484 3006 528 ι,
3037 475 3091 519 et
3118 464 3399 518 videamus
3435 466 3630 534 quibus

2043 553 2210 607 armis
2235 562 2477 607 armatus
2505 553 2772 608 vexillifer
2801 562 3099 623 martyrum
3138 553 3192 607 in
3242 570 3494 624 campum
3525 570 3627 622 pu-

2043 654 2304 715 gnaturus
2332 646 2636 710 descendit,
2681 657 2735 700 et
2762 658 2820 700 ut
2859 645 3169 714 diligentius
3219 646 3494 700 elucescat
3520 647 3632 700 sin-

2045 734 2248 804 gularis
2274 735 2518 806 martyrii
2547 735 2718 803 prima
2766 733 3122 805 praerogativa
3150 750 3165 800 ;
3225 750 3541 789 revocemus
3565 737 3633 789 ad

2046 829 2366 883 memoriam
2391 827 2810 896 apostolicorum
2845 828 3078 881 Actutum
3109 827 3548 896 descriptionem,
3577 826 3630 882 in

2043 921 2242 992 quibus
2266 921 2540 975 historicis
2569 928 2626 973 et
2653 918 2967 988 ﬁguralibus
2993 917 3154 972 dictis
3199 917 3549 974 conversatio
3578 924 3633 972 et

2043 1013 2227 1083 passio
2251 1011 2495 1081 belligeri
2528 1010 2717 1064 militis
2745 1009 3080 1064 continetur.

2121 1124 2139 1156 ι
2176 1103 2504 1175 Stephanum,
2537 1103 2808 1172 inquiunt,
2849 1101 3042 1172 plenus
3099 1101 3270 1172 gratia
3323 1110 3378 1154 et
3419 1098 3636 1155 fortitu-

2045 1195 2193 1260 dine,
2225 1195 2460 1250 faciebat
2487 1193 2739 1264 prodigia
2781 1202 2837 1248 et
2883 1192 3036 1263 signa
3093 1209 3288 1262 magna
3341 1191 3396 1246 in
3440 1190 3639 1263 populo

2046 1285 2184 1356 (Act.
2216 1287 2312 1357 Vl).
2367 1307 2387 1338 ι
2423 1285 2538 1339 Non
2585 1300 2811 1354 parvum
2867 1285 3002 1342 latet
3053 1286 3142 1340 hic
3170 1285 3510 1356 mysterium,
3537 1297 3641 1341 nec

2046 1377 2422 1447 vilipendenda
2481 1374 2910 1444 simplicioribus
2972 1373 3271 1443 Scriptura:
3350 1373 3638 1428 manifesta

2045 1468 2264 1537 positio.
2296 1465 2380 1522 Ad
2433 1465 2706 1536 Virginem
2759 1465 2959 1534 quippe
3005 1464 3232 1533 loquens
3279 1465 3642 1534 archangelus

2047 1559 2214 1614 verba
2238 1557 2308 1611 de
2347 1556 2665 1614 caelestibus
2719 1554 2938 1610 scriniis
2988 1561 3228 1624 sumpta,
3279 1569 3379 1607 nec
3412 1553 3643 1630 alterius

2049 1647 2152 1704 nisi
2199 1647 2373 1718 ipsius
2414 1646 2510 1700 Dei
2557 1644 2764 1715 Spiritu
2811 1643 3099 1709 fabricata,
3144 1657 3282 1701 nova
3321 1642 3644 1697 salutatione

360 1751 465 1793 nec
489 1738 712 1794 vocibus
737 1739 806 1794 ad
842 1738 1104 1794 honorem
1147 1739 1299 1809 pueri
1331 1741 1422 1809 qui
1472 1748 1634 1796 natus
1675 1749 1762 1796 est
1787 1739 1945 1796 nobis
1978 1737 2022 1796 Β
2051 1747 2288 1810 perorat.
2351 1737 2492 1793 Nulli
2552 1736 2773 1793 dubium
2848 1735 2980 1806 quin
3046 1733 3291 1790 onmium
3353 1734 3644 1788 verborum

360 1827 453 1900 qui
477 1835 565 1884 est
590 1825 737 1884 Deus
771 1828 1088 1884 benedictus
1115 1829 1172 1883 in
1201 1828 1422 1884 szecula.
1448 1830 1643 1884 Amen.

916 1919 950 1954 η’
977 1917 1212 1975 SERMO
1237 1918 1399 1975 LXII.

433 2022 501 2063 ns
535 2023 584 2064 s.
626 2023 904 2065 STEPHANO
942 2024 1402 2065 PBOTOIARTYRB.‘
1435 2010 1586 2079 (xxv:
1623 2011 1876 2082 necne.)

431 2098 625 2153 Adhuc
671 2097 867 2154 Filium
909 2098 1154 2171 Virginis
1199 2100 1462 2156 habemus
1512 2101 1566 2155 in
1615 2102 1866 2158 manibus
1893 2111 1950 2158 et

356 2187 702 2246 obsecuturia
724 2190 1039 2248 delinitione
1084 2193 1353 2264 vagientis
1381 2193 1478 2248 Dei
1513 2195 1848 2250 honoramus.
1869 2195 1950 2250 in-

361 2275 612 2334 fantiam.
637 2278 796 2335 Ducit
817 2295 918 2336 nos
942 2279 1105 2352 Virgo
1144 2282 1212 2337 ad
1241 2283 1548 2338 veneranda
1574 2283 1870 2351 cunabula,
1894 2293 1954 2339 et

361 2371 607 2442 speciosa
637 2387 752 2443 prae
773 2371 989 2429 ﬁliabus
1031 2373 1312 2429 hominum
1347 2375 1415 2429 ad
1444 2375 1750 2444 speciosum
1777 2375 1952 2431 forma

363 2475 475 2532 pne
493 2461 621 2518 ﬁliis
645 2461 924 2519 hominum
951 2462 1132 2534 (Psal.
1156 2464 1333 2534 xuv);
1357 2465 1642 2521 benedicta
1669 2465 1814 2522 inter
1837 2481 1954 2520 mu-

363 2549 527 2607 lieres
561 2551 631 2607 ad
657 2552 1001 2609 benedictum
1049 2553 1193 2610 inter
1233 2554 1484 2611 homines
1533 2570 1634 2610 nos
1676 2555 1950 2611 conducit.

368 2639 789 2697 Submurmurat
852 2643 1012 2699 nobis
1065 2644 1123 2699 in
1177 2659 1383 2711 aurem,
1442 2661 1513 2701 ne
1575 2644 1716 2701 forte
1761 2647 1954 2702 domus

366 2749 697 2806 exasperans
723 2735 911 2792 audiat
939 2743 995 2792 et
1020 2735 1349 2801 concitetur,
1402 2737 1642 2792 revelata
1673 2752 1796 2793 esse
1817 2736 1955 2791 vela-

366 2822 514 2878 mina
543 2825 970 2896 prophetarum,
1020 2834 1077 2883 et
1121 2827 1448 2898 completum
1503 2828 1790 2884 consilium
1833 2828 1947 2884 Dei.

367 2913 560 2971 Videte
602 2915 926 2974 miraculum
978 2918 1169 2974 matris
1229 2919 1467 2986 Domini,
1516 2921 1644 2992 quia
1699 2925 1956 2977 creatura

367 3015 510 3083 erat,
548 3015 604 3063 et
649 3007 884 3064 Greater.
916 3017 1153 3064 creatur.
1218 3009 1495 3066 Scintillat
1543 3013 1713 3078 sidus,
1762 3027 1954 3083 magus

2046 1829 2314 1886 excedant
2338 1826 2708 1893 altitudinem,
2729 1817 2916 1894 utpote
2947 1824 3013 1878 de
3045 1822 3362 1882 melioribus
3408 1821 3645 1891 discipli-

2046 1919 2132 1975 nis
2171 1917 2347 1974 sancti
2391 1917 2630 1988 Spiritus
2694 1915 2932 1980 evoluta,
2981 1928 3213 1983 quorum
3268 1911 3645 1970 enuntiatione

2047 2011 2527 2070 conftederandum
2580 2016 2702 2064 erat
2767 2007 2898 2064 illud
2962 2007 3184 2062 unicum
3241 2012 3644 2059 sacramentum

2049 2103 2212 2158 Verbi
2234 2113 2285 2158 et
2315 2102 2550 2157 hominis
2573 2099 2943 2157 divinitatiset
2972 2098 3173 2154 carnis.
3202 2097 3413 2162 utve,»
3441 2095 3617 2152 innuit

2051 2193 2311 2250 fortitudo
2339 2191 2576 2256 Domini,
2610 2210 2632 2242 ι
2653 2191 2828 2261 gratia
2857 2189 3012 2258 plena
3039 2185 3193 2259 (Luc.
3225 2186 3286 2255 ι).
3331 2204 3349 2235 ι

2121 2286 2261 2354 Quid
2310 2293 2492 2339 autem
2538 2285 2606 2338 de
2645 2278 2967 2353 Stephano?
3031 2298 3051 2330 ι
3096 2279 3407 2348 Stephanus
3451 2275 3644 2347 plenus

2051 2378 2225 2450 gratia
2265 2387 2321 2436 et
2355 2375 2691 2434 fortitudine.
2741 2394 2772 2427 ι.
2807 2373 2996 2429 Nonne
3041 2372 3216 2427 Lucas
3259 2369 3464 2425 eisdem
3506 2383 3644 2439 pene

2053 2469 2250 2525 litteris
2279 2468 2348 2524 de
2377 2468 2622 2535 utrisque
2657 2466 2893 2535 loquitur
2913 2465 2948 2523 ἶ
2974 2464 3082 2520 Sed
3123 2463 3250 2518 licet
3280 2461 3437 2532 longe
3464 2458 3642 2516 execl.

2053 2559 2251 2614 lentior
2299 2557 2491 2612 modus
2549 2557 2605 2610 in
2652 2554 2872 2625 Virgine
2925 2553 3270 2621 pra‘dicetur,
3321 2549 3644 2608 sccundariu

2055 2659 2235 2706 tamen
2265 2646 2580 2702 laudaturin
2601 2654 2856 2717 martyre.
2881 2642 3052 2701 Habet
3077 2643 3240 2714 igitur
3271 2641 3503 2712 gratiam
3525 2638 3646 2693 Ste-

2054 2739 2267 2808 phanus
2291 2737 2593 2792 sublimiori
2639 2750 2839 2806 genere
2878 2748 3044 2803 quam
3091 2731 3297 2801 reliqua
3339 2739 3642 2799 martyrum

2055 2827 2363 2894 multitudo,
2391 2827 2582 2897 plenus
2608 2825 2805 2898 gratia,
2830 2823 3064 2882 refertus
3093 2821 3345 2881 videlicet
3371 2829 3426 2872 et
3451 2835 3643 2874 cumu.

2055 2918 2217 2983 latus,
2247 2919 2392 2988 quod
2422 2933 2550 2974 raro
2575 2917 2631 2972 in
2661 2915 2964 2986 Scripturis
3009 2912 3288 2971 canonicis
3316 2909 3528 2966 subtilis
3559 2910 3641 2964 in-

2057 3012 2286 3082 quisitor
2339 3011 2599 3070 inveniet.
2651 3009 2908 3082 Jungitur
2944 3009 3134 3081 gratiae
3183 3006 3467 3073 fortitudo,
3516 3004 3643 3074 quia

368 3079 580 3161 adorat,
613 3096 853 3152 exsultat
902 3097 1076 3167 polus,
1132 3098 1291 3155 tellus
1347 3101 1619 3169 resultat;
1656 3079 1958 3174 gloriantur
1983 3099 2028 3160 C
2059 3079 2238 3162 infuso
2265 3105 2474 3176 Spiritu
2501 3079 3000 3176 libertatisvignitus
3024 3102 3241 3156 animus
3266 3100 3322 3154 in
3353 3099 3528 3154 lucem
3555 3111 3648 3149 ve-

369 3187 568 3259 angeli,
620 3197 867 3260 pastores
909 3191 1253 3262 adgaudent;
1299 3192 1464 3265 Virgo
1505 3197 1674 3266 parit,
1715 3198 1958 3253 nascitur

368 3275 534 3344 Deus,
559 3287 615 3333 et
653 3279 917 3335 ctelorum
962 3279 1248 3338 luminaria
1284 3283 1503 3342 elariori
1544 3286 1748 3343 lumine
1773 3287 1958 3345 lumen

369 3378 620 3424 exortum
644 3369 699 3425 in
726 3371 964 3427 tenebris
989 3385 1412 3444 prosequuntur.
1435 3375 1494 3431 In
1521 3377 1642 3434 istis
1659 3378 1814 3433 bonis
1835 3392 1960 3433 ver-

370 3472 576 3512 samur.
610 3477 630 3511 ι
664 3457 866 3516 Beatus
891 3461 992 3527 vir,
1019 3463 1112 3532 qui
1156 3463 1397 3534 implevit
1443 3465 1770 3521 desiderium
1801 3481 1957 3522 suum

370 3559 438 3600 ex
487 3546 622 3617 ipsis
659 3546 833 3620 (Psal.
863 3550 1069 3622 cxxvt).
1101 3569 1120 3604 ›
1161 3551 1289 3608 Scio
1314 3554 1440 3624 quia
1473 3555 1628 3610 dulce
1651 3556 1802 3611 vobis
1831 3568 1952 3612 est:

376 3655 398 3690 ι
431 3638 486 3692 In
520 3639 787 3710 principio
808 3650 928 3696 erat
971 3641 1246 3710 Verbum;
1295 3663 1315 3696 ι
1363 3645 1574 3701 dulcius
1610 3662 1624 3698 :
1663 3665 1682 3699 ι
1723 3645 1956 3701 Verbum

371 3743 502 3784 caro
526 3729 730 3785 factum
767 3729 949 3801 (Joan.
979 3731 1056 3802 I);
1098 3751 1118 3785 ι
1175 3732 1570 3801 dulcissimum,
1614 3735 1851 3791 Verbum
1899 3737 1957 3790 in

371 3834 538 3876 cruce
578 3835 924 3892 suspensum.
961 3824 1004 3878 A
1047 3833 1199 3880 tanto
1241 3827 1531 3896 puerperio
1569 3828 1692 3898 quis
1737 3829 1957 3883 insanus

371 3913 558 3969 oculos
601 3929 728 3970 suos
767 3931 1041 3983 amovere,
1097 3916 1295 3972 nedum
1351 3919 1584 3974 avellere
1642 3929 1956 3989 praesumat,

373 4002 478 4059 nisi
515 4004 633 4075 ipse
672 4003 863 4074 iubeat
902 4007 994 4077 qui
1024 4008 1195 4063 dicit:
1258 4027 1277 4062 t
1310 4011 1510 4064 Averte
1531 4012 1718 4068 oculos
1765 4021 1886 4068 tuos
1924 4029 1957 4068 a

371 4109 484 4162 me,
507 4096 634 4166 quia
662 4097 766 4165 ipsi
795 4113 882 4153 me
917 4099 1136 4154 avolare
1169 4100 1453 4155 fecerunt?
1479 4120 1499 4152 ι
1537 4101 1714 4173 (Cant.
1749 4105 1849 4175 vx.)

448 4185 590 4243 Ecce
609 4187 734 4242 dum
763 4187 1040 4244 osculatur
1087 4204 1185 4245 nos
1213 4190 1398 4246 osculo
1435 4191 1547 4246 oris
1577 4193 1662 4246 sui
1689 4192 1863 4262 (Cant.
1891 4194 1953 4265 ι),

375 4276 502 4332 dum
523 4277 688 4332 tantis
716 4277 991 4334 miraculis
1032 4289 1088 4336 et
1126 4281 1368 4350 stupidas
1411 4297 1510 4338 nos
1554 4282 1760 4339 facitet
1785 4292 1958 4340 atten-

376 4377 483 4436 tos,
525 4369 832 4440 Stephanus
882 4371 1074 4442 plenus
1123 4375 1294 4443 gratia
1369 4382 1424 4429 et
1473 4374 1789 4430 fortitudine
1827 4376 1958 4432 facit

375 4439 631 4532 prodigia
659 4473 717 4517 et
757 4439 910 4533 signa
930 4439 1149 4535 magna-
1171 4466 1224 4519 in
1266 4466 1462 4535 populo
1505 4466 1643 4539 (Act.
1686 4468 1784 4538 vi).
1813 4467 1962 4523 Nun—
1991 4439 2040 4500 θ

377 4551 508 4621 quid
532 4567 748 4623 atquum
775 4563 860 4610 est
896 4555 1273 4626 derelinquere
1309 4573 1513 4628 regem,
1554 4568 1610 4613 et
1639 4559 1708 4614 ad
1733 4559 1961 4614 militem

377 4641 566 4698 oculos
617 4646 980 4715 retorquere?
1026 4645 1405 4718 Nequaquam,
1452 4649 1558 4705 nisi
1615 4650 1964 4720 imperaverit

377 4732 694 4804 imperator.
725 4734 912 4806 Surgit
938 4736 1055 4807 ipse
1080 4753 1178 4794 rex
1209 4737 1353 4795 illius
1404 4739 1582 4812 regis,
1616 4749 1674 4797 et
1718 4740 1962 4812 lapidan-

378 4825 515 4879 tium
553 4825 702 4880 acies
739 4824 1175 4896 interrumpens,
1213 4827 1632 4900 triumphatorio
1677 4833 1965 4892 certamini

378 4935 486 4974 non
529 4920 648 4975 sine
679 4920 866 4976 dolore
903 4921 1084 4976 cordis
1119 4921 1348 4977 assistit.
1385 4923 1543 4980 Videt
1575 4925 1810 4995 opprimi
1856 4929 1969 4998 pri-

378 5025 526 5064 mum
553 5021 608 5064 et
632 5011 1004 5080 primicerium
1035 5019 1347 5080 purpurata:
1375 5012 1638 5078 cohortis,
1668 5022 1724 5069 et
1750 5017 1970 5086 grandi-

378 5099 532 5153 naria
569 5099 809 5168 lapidum
835 5100 1103 5156 densitate
1129 5098 1307 5156 fontes
1338 5103 1617 5174 sanguinis
1651 5105 1720 5159 de
1740 5119 1970 5176 corpore

377 5192 796 5263 protomartyris
854 5192 1102 5249 ebullire.
1169 5192 1326 5248 Videt
1379 5195 1508 5264 quia
1560 5197 1814 5254 universa
1881 5205 1970 5259 de-

378 5281 666 5338 bacchatio
693 5283 851 5354 331
889 5285 1156 5342 redundat
1181 5283 1236 5340 in
1271 5286 1469 5356 ipsum,
1493 5297 1550 5344 et
1583 5290 1686 5360 ipsi
1719 5294 1818 5349 soli
1857 5295 1964 5350 im-

381 5373 638 5441 properia
679 5376 1127 5446 exprobrantium
1172 5381 1540 5440 cumulantur.
1583 5384 1889 5456 Ub'rpietas
1913 5399 1968 5444 et

384 5463 754 5520 misericordia
809 5475 923 5533 tua,
969 5469 1216 5538 Domine,
1259 5471 1306 5527 si
1351 5487 1458 5529 non
1506 5476 1832 5544 compateris
1866 5493 1962 5545 pa-

386 5551 577 5606 tienti?
609 5553 707 5609 Ubi
734 5562 791 5610 et
826 5558 1052 5626 aequitas
1080 5569 1136 5615 et
1162 5560 1395 5630 justitia,
1422 5562 1467 5616 si
1507 5579 1610 5617 non
1640 5564 1875 5633 judicas,
1907 5575 1964 5622 et

385 5643 632 5701 vindicas
660 5645 727 5702 de
754 5651 954 5718 popqu
981 5650 1252 5721 lapidantc
1274 5653 1294 5708 ’Ξ
1323 5654 1616 5710 Curramus
1655 5653 1723 5710 ad
1752 5665 1966 5724 specta-

2057 3194 2237 3250 ritatis
2268 3193 2526 3265 erumpit,
2562 3207 2666 3249 nec
2692 3191 2898 3262 patitur
2937 3190 3048 3247 ullo
3097 3197 3256 3262 pacto
3291 3189 3524 3259 rigorem
3552 3185 3647 3245 tri-

2057 3289 2242 3356 stitiae,
2273 3288 2360 3345 vel
2389 3287 2636 3344 submitti
2673 3284 2992 3355 aliquando,
3029 3283 3122 3340 vel.
3156 3281 3380 3339 dimitti.
3407 3279 3499 3336 Sic
3517 3277 3648 3334 lori-

2057 3389 2214 3436 catus
2239 3379 2413 3450 gratia
2443 3388 2499 3434 et
2540 3378 2696 3432 hasta
2735 3374 3070 3431 fortitudinis
3112 3373 3389 3441 sapienter
3439 3369 3646 3424 infren-

2058 3473 2192 3528 dens
2218 3470 2456 3526 faciebat
2478 3467 2721 3538 prodigia
2749 3477 2806 3522 et
2834 3467 2988 3536 signa
3019 3480 3212 3534 magna
3238 3464 3291 3517 in
3319 3461 3536 3532 populo.
3554 3460 3649 3515 Ille

2059 3573 2238 3634 potest
2265 3562 2418 3633 signa
2443 3569 2499 3618 et
2528 3558 2774 3630 prodigia
2796 3557 3000 3626 facere,
3039 3556 3092 3610 in
3115 3571 3222 3626 quo
3252 3553 3426 3625 gratia
3451 3561 3508 3606 et
3534 3551 3644 3606 for-

2061 3655 2235 3711 titudo
2268 3654 2450 3710 sedem
2481 3653 2853 3718 ,fortissimam
2883 3658 3210 3706 statuerunt.
3253 3648 3346 3704 Sic
3386 3646 3500 3702 erit
3525 3644 3645 3700 Ste-

2061 3746 2274 3816 phanus
2308 3745 2376 3800 ad
2404 3743 2727 3809 homicidas,
2763 3743 2832 3797 ad
2857 3740 2994 3810 legis
3035 3737 3334 3801 adulteros,
3364 3735 3431 3790 ad
3471 3734 3644 3790 cruci-

2063 3837 2263 3891 ﬁxores
2289 3835 2411 3891 Filii
2445 3835 2539 3890 Dei
2562 3834 2741 3890 Patris
2765 3849 2781 3901 ;
2829 3831 3068 3901 loquitur
3091 3827 3238 3900 genti
3261 3825 3562 3898 peccatrici
3593 3825 3649 3877 iu

2059 3927 2314 3998 IEgypto,
2345 3926 2543 3997 populo
2569 3925 2721 3997 gravi
2763 3923 3049 3992 iniquitate
3090 3921 3145 3975 in
3188 3919 3423 3980 deserto,
3452 3915 3652 3972 semini

2062 4035 2294 4088 nequam
2345 4020 2399 4074 in
2451 4027 2597 4073 terra
2644 4015 3040 4087 promissionis,
3094 4011 3218 4066 filiis
3261 4008 3544 4066 sceleratis
3587 4006 3645 4062 in

2062 4117 2238 4164 morte
2262 4107 2564 4164 Salvatoris
2603 4105 2820 4181 (15ml).
2855 4123 2874 4158 ι
2915 4105 3061 4160 Dura
3103 4103 3339 4168 cervice,
3369 4100 3562 4170 inquit,
3591 4108 3651 4155 et

2063 4200 2423 4256 incircumcisi
2451 4201 2636 4264 corde,
2671 4207 2728 4254 et
2750 4197 2994 4264 auribus,
3034 4212 3132 4254 vos
3158 4210 3375 4266 semper
3420 4192 3658 4250 Spiritui

2061 4298 2250 4347 sancto
2278 4289 2582 4354 restitistis,
2613 4308 2633 4343 ι
2665 4298 2770 4345 etc.

2140 4399 2160 4434 ι
2195 4379 2563 4434 Surrexerunt
2583 4376 2995 4448 autemquidam
3017 4377 3084 4432 de
3104 4374 3390 4448 Synagoga
3423 4393 3442 4426 ›
3465 4373 3652 4444 utique

2065 4471 2301 4537 Satanae,
2334 4470 2575 4540 undique
2615 4469 3027 4542 conglobantur,
3077 4467 3168 4523 vel
3206 4470 3274 4523 ad
3323 4467 3648 4522 convincen~

2063 4563 2216 4627 dum,
2248 4561 2332 4615 vel
2376 4561 2446 4616 ad
2481 4561 2879 4627 occidendum;
2929 4559 3140 4616 faciunt
3175 4557 3437 4629 parietem
3461 4571 3646 4618 unum,

2061 4651 2358 4722 impietatis
2402 4666 2628 4722 squama
2687 4665 2928 4723 squama:
2983 4651 3350 4720 coniungitur,
3430 4646 3652 4702 sibilant

2063 4750 2168 4806 sibi
2205 4757 2490 4820 serpentes
2515 4750 2584 4806 ad
2622 4749 2879 4817 invicem,
2934 4757 2990 4805 et
3020 4745 3350 4804 conveniunt
3400 4743 3456 4798 in
3481 4757 3650 4797 unum

2065 4841 2324 4897 adversus
2345 4841 2636 4896 Dominum
2679 4850 2738 4897 et
2763 4841 3025 4898 adversus
3059 4850 3277 4892 servum
3314 4834 3453 4905 ejus.
3486 4830 3650 4896 Velit,

2065 4932 2220 4998 nolit,
2257 4932 2403 4989 cedit
2426 4933 2682 5004 impietas
2699 4931 2906 5003 pietati,
2948 4928 3182 4985 veritati
3207 4941 3384 4993 error,
3416 4925 3648 4982 stuttitia

2065 5023 2365 5092 sapientiae,
2407 5023 2634 5094 Spiritui
2679 5029 2875 5079 sancto
2916 5018 3288 5089 przesumptio,
3329 5027 3386 5074 et
3434 5017 3655 5071 vanitas

2068 5114 2295 5184 spiritus
2316 5115 2558 5171 humani.
2595 5132 2615 5166 σ
2644 5113 2711 5167 Ει
2731 5127 2836 5167 non
2865 5118 3140 5179 poterant,
3174 5109 3371 5180 inquit,
3396 5107 3654 5166 resistere

2070 5205 2353 5276 sapientiae
2381 5213 2438 5260 et
2484 5203 2724 5274 spiritui,
2773 5203 2869 5274 qui
2895 5203 3240 5273 loquebatur.
3292 5221 3314 5254 ι
3342 5201 3459 5256 Non
3488 5199 3644 5264 dixit,

2070 5295 2187 5352 Non
2219 5296 2490 5361 volebant,
2506 5295 2650 5365 quod
2697 5294 3100 5351 rationabilium
3149 5301 3235 5350 est
3275 5301 3333 5349 et
3375 5290 3650 5362 perfecto-

2069 5403 2229 5451 rum;
2258 5388 2374 5452 sed,
2423 5401 2529 5442 non
2575 5393 2844 5457 poterant,
2884 5386 2975 5442 ubi
3027 5385 3196 5440 menti
3227 5383 3384 5440 mala:
3419 5380 3653 5438 facultas

2073 5480 2300 5543 tollitur,
2328 5495 2434 5534 non
2457 5479 2709 5536 voluntas
2735 5481 2998 5536 mutatur;

2145 5588 2163 5619 ι
2199 5569 2805 5637 Reilarguebantumit,
2851 5570 2920 5624 ab
2945 5585 3012 5625 eo
3041 5584 3162 5625 cum
3195 5568 3342 5624 onmi
3368 5567 3584 5623 fiducia.
3631 5583 3651 5618 s

2068 5661 2228 5733 332
2278 5662 2626 5720 Ῑδίάυεὶίιιὶιει·
2682 5665 2810 5735 agit,
2855 5681 2953 5721 nec
3004 5674 3198 5733 mutat,
3261 5681 3364 5720 nec
3418 5673 3658 5720 mutatur
