4178 6440
588 231 695 289 8‘55

1163 240 1220 294 S.
1264 242 1468 296 PETRI
1508 244 1790 301 DAMlANl
1830 247 1980 304 OPP.
2031 249 2209 308 PARS
2257 252 2390 310 SEU
2426 253 2661 313 TOMUS
2695 258 2758 313 ll.
2798 261 3273 321 —SERMONES.

3738 256 3845 329 856

3530 344 3535 349 ι
3614 328 3628 353 ι

581 364 736 404 mens
760 350 1138 420 imperterrita,
1167 368 1287 423 qua:
1325 357 1496 426 magis
1537 367 1680 411 amat
1706 358 1967 427 justitiam
1995 378 2158 432 quam
2189 370 2233 428 Α
2262 381 2364 420 nus
2388 366 2544 424 Jesus
2565 378 2715 426 stans
2740 387 2770 425 a
2794 372 2999 429 dextris
3033 377 3248 432 virtutis
3301 378 3412 434 Dci.
3448 380 3525 437 Nc
3554 350 3713 441 Patre
3739 389 3854 441 Ini--

580 443 943 508 vitam,‘lidem
969 459 1129 511 quam
1153 448 1493 515 sanguinem,
1512 458 1736 504 mortem
1763 466 1921 520 quam
1940 454 2161 523 justitiaa

581 535 1021 588 taciturnitatem.
1073 536 1471 595 Concurrentes
1522 543 1739 609 rapiunt
1788 560 1932 609 eum,
1987 547 2157 601 addu-

575 632 704 676 cunt
732 622 784 675 in
815 624 1120 691 concilium,
1154 637 1207 679 ct
1250 629 1484 695 gaudent
1519 647 1639 684 cum
1678 634 1819 686 intra
1865 650 1961 689 sua
2000 639 2159 691 retia-

575 720 693 772 cula
750 722 1121 779 conclusisse:
1178 726 1282 779 Sed
1322 747 1339 776 ι
1378 726 1579 782 frustra
1628 731 1831 799 jacitur
1874 743 1990 787 rete
2031 742 2158 789 ante

573 807 760 863 oculos
787 820 1146 879 peunatorum
1203 813 1389 885 (Prov.
1416 816 1476 883 ι).
1520 837 1538 868 ι
1571 816 1722 873 Tunc
1768 835 1869 873 vox
1912 821 2152 901 liberior,

571 907 627 950 et
669 899 883 954 illorum
924 904 1172 958 cautibus
1219 921 1400 959 sermo
1449 909 1731 963 exacuitur
1774 899 2157 976 veritatis—to-

570 997 797 1060 tumque
825 1002 1114 1064 martyrem
1150 997 1290 1065 rapit
1318 998 1420 1051 sibi
1452 998 1687 1066 Spiritus
1712 1002 1830 1068 Dei,
1872 1013 1926 1058 et
1947 1020 2012 1058 ex
2038 1006 2154 1076 ejus

568 1097 666 1136 ore
695 1086 995 1139 sonantiori
1045 1101 1250 1158 organo
1301 1090 1621 1144 modulatur.
1665 1092 1900 1161 Apparet
1950 1096 1999 1148 ei
2047 1111 2151 1150 una

524 1198 537 1237 _.-
566 1171 734 1229 facies
748 1175 1174 1246 Seripturarum,
1202 1189 1259 1234 et
1277 1181 1485 1236 Veteris
1506 1181 1848 1240 lnstrumenti
1871 1187 2151 1257 dispendia

522 1256 531 1271 '
565 1264 622 1317 in
659 1269 1096 1335 compendiosam
1134 1271 1326 1340 redigit
1361 1271 1698 1327 brevitatem.
1749 1256 1995 1343 Replicat
2021 1292 2150 1347 pro-

520 1346 531 1421 ?
565 1357 855 1413 missiones
878 1371 932 1412 et
953 1360 1219 1415 beneﬁcia
1251 1361 1366 1427 Dei,
1402 1364 1852 1420 murmurationes
1881 1373 1936 1420 et
1981 1368 2148 1422 male-

514 1518 521 1523 .
564 1447 686 1503 ficia
714 1451 920 1519 populi,
968 1453 1107 1506 bona
1133 1453 1395 1522 praestita,
1449 1454 1657 1509 reddita
1698 1456 1858 1523 mala,
1880 1466 1934 1512 et
1958 1459 2025 1514 ad
2049 1474 2147 1514 ex-

508 1544 517 1605 (
563 1549 795 1594 tremum
823 1542 989 1596 divini
1017 1544 1295 1613 sanguinis
1330 1545 1622 1614 exprobrat
1651 1546 1988 1604 effusionem.
2040 1550 2143 1605 Vo-

507 1624 515 1643 ‘
560 1638 650 1683 cat
674 1628 1019 1687 refractarios
1069 1632 1312 1703 Spiritui,
1349 1636 1481 1688 dura
1525 1637 1757 1702 cervice,
1800 1638 2140 1694 incircumeic

2266 471 2368 509 nor
2396 473 2517 513 esse
2529 470 2767 528 putetur,
2793 472 2901 517 stat
2924 480 3046 519 cum
3070 466 3230 538 333
3257 479 3451 536 stante,
3475 489 3595 527 cum
3612 475 3847 532 bellante

2265 545 2516 614 bellatur,
2550 551 2639 619 qui
2672 550 2942 621 lapidatur
2969 555 3021 609 in
3054 555 3312 625 lapidato.

2333 638 2449 693 Non
2469 643 2755 697 mediocris
2771 653 2958 714 stupor
2977 648 3198 704 involvit
3218 667 3323 717 me,
3343 663 3520 709 utrum
3539 657 3841 724 primitivus

2261 726 2359 781 flos
2386 740 2681 801 martyrum
2712 734 3008 803 corporeis,
3050 754 3117 792 an
3160 742 3490 813 incorporeis
3533 748 3703 804 oculis
3733 750 3837 806 ista

2257 822 2612 887 prospexerit.
2645 822 2863 879 Grande
2904 828 3121 895 quidem
3175 832 3492 890 miraculum
3536 838 3581 893 si
3622 842 3841 897 mortali

2257 905 2453 961 intuitu
2481 911 2824 968 stellantibus
2870 932 2929 971 se
2971 918 3235 976 immersit
3285 927 3518 991 arcanis,
3570 929 3621 983 si
3652 928 3843 987 mundi

2256 996 2422 1051 corde
2462 999 2603 1053 oculi
2656 1008 2765 1063 tam
2807 1003 3100 1060 solemnem
3160 1009 3495 1079 inspexerint
3544 1017 3837 1076 visionem.

2254 1081 2409 1148 Quod
2436 1087 2480 1140 si
2511 1090 2918 1159 corporalibus,
2953 1102 3165 1150 certum
3198 1106 3282 1153 est
3307 1101 3453 1157 hunc
3479 1119 3637 1160 omne
3665 1108 3839 1163 hami;

2253 1188 2381 1267 rrum
2406 1189 2578 1245 genus
2606 1179 2965 1249 disparilitate
2989 1185 3175 1256 gloriae
3200 1193 3545 1260 praevolasse,
3569 1205 3619 1252 et
3642 1198 3839 1267 pennis

2251 1262 2374 1318 ﬁdei
2427 1274 2484 1319 et
2509 1268 2793 1337 virtutum,
2836 1273 3158 1345 incorporea
3206 1284 3502 1351 corporeis,
3541 1295 3595 1341 et
3637 1262 3681 1343 si
3726 1302 3835 1344 non

2249 1357 2742 1426 comprehendisse,
2789 1365 3210 1434 apprehendisse
3248 1376 3448 1427 tamen.
3482 1372 3622 1430 Nihil
3659 1379 3835 1435 audeo

2248 1448 2451 1499 temere
2476 1446 2723 1515 definire,
2754 1452 2839 1506 vel
2872 1468 2939 1508 ex
2972 1454 3202 1527 abrupto
3236 1462 3583 1532 praecipitare
3609 1474 3832 1522 senten-

2247 1535 2412 1602 tiam;
2445 1553 2569 1593 cum
2606 1541 2868 1598 finitivam
2908 1560 3076 1617 super
3118 1549 3427 1621 hujusmodi
3472 1558 3709 1626 regulam
3741 1575 3832 1616 me

2243 1640 2353 1680 non
2382 1626 2607 1699 legerim
2636 1633 2931 1693 invenisse.
2964 1638 3220 1697 Securius
3249 1651 3435 1700 tamen
3463 1634 3660 1718 sequor
3686 1652 3837 1722 Apo-

560 1736 651 1775 sos
677 1723 843 1777 corde
890 1733 945 1777 et
972 1724 1212 1787 auribus,
1237 1734 1289 1778 et
1319 1725 1536 1780 sublimi
1580 1741 1709 1782 voce
1754 1727 2048 1785 homicidas
2090 1739 2135 1785 el

2251 1718 2477 1787 stolum,
2515 1722 2626 1778 imo
2664 1723 2925 1795 Spiritum
2974 1728 3070 1785 Dei
3116 1732 3174 1785 in
3224 1734 3507 1802 Apostolo,
3539 1714 3653 1808 qui
3703 1714 3831 1797 cum

556 1810 862 1879 prolitores
893 1811 1143 1880 appellat.
1173 1812 1289 1867 Non
1338 1827 1556 1868 veretur
1585 1816 1960 1871 conventicula
2015 1834 2145 1874 con-

555 1909 781 1968 gregata
807 1901 872 1954 de
898 1902 1273 1971 sanguinibus,
1305 1912 1360 1958 et
1391 1905 1534 1958 inter
1570 1920 1762 1960 manus
1776 1898 2141 1977 quaerentium

556 1991 791 2047 animam
822 1993 938 2061 ejus
963 1992 1133 2054 (Psal.
1158 2000 1275 2066 xv),
1303 1997 1690 2053 deliberatione
1726 1999 1952 2068 justitiae
1975 2017 2138 2059 cacu-

555 2097 675 2136 men
697 2084 937 2139 Veritatis
962 2086 1222 2140 ascendit.
1258 2085 1606 2144 Dissecantur
1625 2090 1895 2158 cordibus,
1926 2102 1981 2148 et
2008 2096 2139 2150 stri-

554 2170 685 2224 dent
708 2172 958 2227 dentibus
993 2174 1045 2227 in
1087 2190 1233 2241 eum,
1269 2178 1862 2248 concipiuntdolorem,
1889 2190 1943 2237 et
1971 2198 2139 2254 prope

553 2272 638 2315 est
659 2272 719 2316 ut
751 2264 966 2332 pariant
987 2264 1327 2334 iniquitatem
1357 2267 1542 2338 (Psal.
1570 2269 1687 2331 vn).

628 2351 847 2415 Mirum,
873 2354 997 2422 quia
1046 2369 1151 2409 non
1184 2365 1506 2412 revocantur
1532 2360 1726 2415 insueti
1767 2362 2007 2417 novitate
2037 2365 2139 2419 mi-
2200 2416 2207 2421 .

560 2442 730 2496 raculi
756 2444 898 2511 quod
946 2444 1208 2502 luminosa
1252 2451 1666 2520 protomartyris
1714 2450 1879 2508 facies
1904 2468 2012 2507 non
2052 2469 2137 2510 re-

554 2533 736 2589 frenat
761 2536 999 2591 insanos.
1035 2555 1054 2588 (
1097 2537 1379 2602 Videbam,
1421 2541 1615 2610 inquit,
1653 2542 1848 2599 facient
1881 2544 2135 2610 ejustan-

554 2632 715 2695 Quam
749 2627 954 2682 vultum
995 2629 1170 2699 angeli
1200 2632 1396 2687 stantis
1443 2634 1585 2688 inter
1617 2634 1755 2690 illos.
1806 2655 1824 2689 ι
1863 2636 2002 2704 Quid
2028 2647 2133 2706 est,

550 2714 718 2771 Judaei
745 2716 770 2770 ἲ
799 2716 1027 2774 Lumine
1079 2720 1255 2775 vultus
1294 2721 1385 2775 Dei
1437 2723 1728 2792 insignitur
1765 2727 2035 2797 gloriosus
2059 2729 2135 2784 le-

548 2805 684 2869 vita,
713 2815 770 2860 ut
803 2806 1030 2861 vibranti
1062 2808 1676 2881 splendoreStepbanus
1714 2824 2018 2883 serenatur,
2050 2833 2137 2873 re-

544 2895 899 2949 verberantur
945 2897 1084 2951 oculi
1118 2900 1307 2965 vestri,
1352 2908 1407 2955 et
1458 2909 1635 2956 tamen
1682 2903 1895 2960 invidize
1924 2908 2134 2976 magni-

546 2984 698 3048 tudo,
714 2985 934 3041 visionis
960 2986 1294 3054 majestatem
1315 2991 1568 3046 occludit.
1593 2993 1975 3063 Respondeant
1994 2998 2127 3052 mihi

446 3114 458 3133 ,
546 3073 848 3129 divinorum
902 3077 1232 3134 voluminum
1286 3081 1610 3147 evolutores,
1662 3084 1756 3139 ubi
1801 3084 2128 3142 revolverint

544 3164 818 3218 hominem
843 3166 897 3220 in
916 3168 1329 3237 terrispositum
1344 3171 1553 3227 vultum
1565 3173 1864 3242 angelicum
1891 3176 2130 3233 induisse

542 3263 738 3309 acum
768 3255 825 3310 in
855 3258 1099 3328 utrisque
1149 3260 1377 3330 legibus,
1427 3261 1515 3315 vei
1558 3277 1704 3328 raro,
1739 3264 1822 3319 vel
1850 3280 2129 3337 nunquam

541 3342 864 3408 invenerint,
896 3358 1185 3417 astupeant
1207 3348 1376 3418 gloria
1403 3350 1805 3420 triumphantis.

616 3436 907 3505 Sequitur:
941 3458 961 3489 ε
999 3438 1133 3493 Cum
1167 3448 1349 3495 autem
1376 3448 1522 3495 esset
1545 3442 1737 3510 plenus
1767 3443 1974 3513 Spiritu
2004 3462 2129 3501 san-

546 3533 653 3587 cto,
688 3527 975 3581 intendens
1006 3529 1056 3591 in
1085 3528 1281 3585 caalum
1316 3529 1450 3583 vidit
1475 3530 1705 3600 gloriam
1723 3533 1838 3588 Dei.
1880 3555 1898 3587 ι
1931 3536 2126 3595 Mirum

542 3614 710 3678 dictu,
756 3624 815 3670 et
858 3616 1037 3671 tctius.
1067 3618 1438 3685 supergressio
1482 3630 1767 3675 creaturae.
1814 3621 2047 3679 intendit
2068 3625 2124 3680 in

541 3704 761 3768 emtum,
796 3705 944 3760 videt
977 3706 1090 3776 jam
1125 3723 1236 3761 non
1272 3708 1492 3774 caelum,
1532 3711 1628 3765 sed
1675 3711 1843 3767 eteius
1884 3725 2123 3782 apertos,

541 3795 689 3850 vitiat
710 3796 936 3866 gloriam
968 3797 1083 3862 Dei,
1113 3805 1168 3852 et
1189 3795 1371 3853 Jesum
1400 3806 1633 3859 stantem
1657 3815 1688 3854 a
1724 3802 1931 3857 dextris
1949 3804 2124 3859 virtu-

538 3885 611 3940 tis
631 3885 748 3940 Dei.
782 3887 961 3942 Movet
989 3903 1075 3943 me
1098 3889 1214 3943 haec
1253 3889 1508 3956 intentio,
1561 3906 1683 3961 qua:
1721 3892 1787 3947 de
1821 3894 1999 3949 cordis
2026 3910 2125 3965 pu-

539 3977 705 4033 ritate
734 3978 935 4045 refusa,
963 3981 1070 4035 vim
1092 3980 1224 4039 facit
1246 3982 1421 4051 oculis,
1448 3991 1505 4040 et
1528 3985 1594 4039 ad
1627 3985 1796 4054 ipsius
1825 3986 2125 4044 divinitatis

538 4068 920 4125 consistorium
963 4082 1211 4140 penetrat
1237 4082 1293 4129 et
1339 4074 1571 4144 attingit.
1614 4075 1750 4131 Catii
1782 4077 2120 4146 aperiuntur,

540 4159 709 4228 gloria
737 4161 833 4215 Dei
860 4162 1091 4227 videtur,
1121 4162 1277 4221 Jesus
1317 4166 1673 4235 conspicitur,
1715 4176 1868 4221 stans
1900 4182 2004 4221 non
2036 4183 2124 4223 so-

541 4249 650 4302 lum
681 4266 710 4302 a
742 4251 946 4305 dextris
969 4254 1083 4314 Dei,
1109 4254 1201 4308 sed
1224 4271 1252 4307 a
1282 4256 1488 4310 dextris
1502 4256 1739 4311 virtutis.
1772 4256 1927 4311 Hanc
1946 4258 2121 4314 inten-v

538 4340 742 4392 tionem
792 4337 998 4393 fecerat
1046 4340 1273 4408 abjectio
1322 4345 1539 4410 mundi,
1601 4355 1944 4417 contempt-us
1988 4351 2119 4423 .sui,

536 4429 719 4484 cordis
750 4430 1038 4495 munditia,
1067 4431 1281 4491 dilectio
1312 4434 1429 4499 Dei,
1460 4450 1616 4490 amor
1642 4437 1896 4504 oroximi,
1922 4439 2122 4495 verita-

539 4520 608 4577 tis
626 4520 893 4587 defensio,
920 4521 1251 4595 desiderium
1274 4523 1496 4585 Christi.

607 4613 991 4683 Retorquenda
1043 4622 1224 4670 essent
1288 4615 1406 4672 haec
1452 4617 1635 4672 omnia
1684 4619 1753 4673 ad
1805 4633 2118 4678 communes

533 4704 787 4765 ﬂosculos
816 4704 1183 4771 mortalitatis,
1212 4706 1320 4773 nisi
1338 4717 1487 4767 esset
1514 4708 2117 4781 excellentiamartyris

534 4796 987 4855 commendanda.
1030 4795 1240 4855 Felices
1295 4798 1460 4865 oculi,
1511 4800 1721 4863 subtilis
1770 4802 1949 4868 visus,
1983 4804 2119 4863 visio

536 4886 791 4957 gloriosa.
841 4888 1120 4958 Simulque
1165 4890 1445 4959 signanter
1495 4891 1746 4963 recollige
1793 4895 2116 4963 positionem

532 4977 847 5033 verborum.
873 4977 1070 5037 Plenus
1096 4988 1182 5039 est
1204 4979 1431 5059 Spiritu,
1456 4992 1511 5039 et
1541 4983 1620 5039 sic
1646 4984 1874 5045 intendit
1920 4985 1975 5038 in
2008 4999 2118 5040 coss

536 5068 796 5140 lum,quia
829 5072 920 5139 qui
958 5069 1158 5140 Spiritu
1185 5074 1487 5135 divinitatis
1509 5074 1742 5140 afllaulr,
1785 5076 2119 5135 conculcatis

538 5162 889 5219 terrestribus
915 5163 1225 5221 coelestibus
1255 5167 1428 5225 inhiat
1476 5177 1532 5223 et
1567 5169 1803 5225 azternis.
1846 5166 1977 5223 Post
2002 5168 2118 5225 haec

536 5251 855 5320 aperiuntur
895 5252 1041 5318 oculi,
1082 5255 1338 5325 nullaque
1372 5259 1629 5326 praevalet
1674 5258 2001 5321 ohﬁrmatio,
2032 5257 2119 5313 vel

540 5340 799 5407 claustra,
852 5359 971 5412 qua:
1012 5359 1119 5399 non
1165 5347 1479 5412 transvolet,
1526 5358 1619 5403 aut
1674 5350 1939 5418 irrumpat
1962 5363 2117 5404 mens

544 5427 631 5483 illa
663 5447 888 5486 summae
915 5434 1082 5487 menti
1114 5435 1437 5491 affectanter
1462 5436 1754 5493 inhaerens.
1783 5438 2118 5507 Aperiuntur

539 5531 672 5586 ergo
691 5520 833 5579 caeli.
867 5529 920 5575 et
949 5532 1078 5590 puto
1114 5524 1255 5593 quod
1280 5539 1470 5579 onmes
1494 5526 1938 5596 cmli,eorumque
1962 5542 2119 5597 aper-

548 5607 748 5663 iionem
781 5615 1027 5682 sequitur
1056 5616 1192 5669 visio
1220 5614 1405 5687 gloria:
1439 5615 1553 5683 Dei,
1600 5624 1655 5670 et
1691 5617 1902 5671 videtur
1934 5617 2112 5673 Domi-

2245 1825 2455 1867 summa
2498 1815 2787 1870 verborum
2830 1817 3215 1877 deliberatione
3255 1826 3427 1896 magis
3468 1842 3673 1884 securae
3707 1846 3830 1887 am-

2241 1898 2490 1967 biguitati
2517 1917 2682 1972 quam
2734 1905 3048 1974 periculosae
3078 1908 3400 1979 definitioni,
3432 1914 3536 1970 ista
3574 1920 3830 1974 commit-

2243 1989 2330 2044 tit.
2359 2007 2379 2042 ο
2410 1989 2556 2055 Sive,
2598 1993 2793 2063 inquit,
2846 1995 2909 2050 in
2957 2010 3204 2067 corpore,
3248 2000 3364 2056 sive
3406 2011 3558 2058 extra
3601 2020 3825 2075 corpus,

2240 2081 2448 2145 nescio,
2490 2081 2637 2137 Deus
2659 2083 2763 2138 scit
2789 2082 2875 2154 (Ιι
2905 2083 3029 2139 Cor.
3060 2080 3216 2156 xu)»
3738 2084 3745 2101 ⁵

2308 2170 2630 2227 Exclamat
2679 2174 2866 2228 statim
2919 2175 3161 2233 clamore
3207 2178 3485 2245 horribili,
3537 2184 3831 2241 continent-

2238 2274 2400 2317 aures
2426 2277 2585 2329 suas,
2620 2272 2675 2318 et
2712 2279 2811 2319 eas
2831 2267 3121 2321 obstruunt
3156 2269 3392 2323 veritati.
3425 2270 3691 2342 Impetum
3742 2275 3827 2332 fe-

2239 2362 2433 2407 cernat
2482 2352 2810 2416 unanimiter
2866 2356 2920 2409 in
2962 2370 3118 2420 eum,
3168 2357 3295 2413 facti
3342 2361 3503 2416 amici
3544 2363 3601 2417 in
3646 2377 3827 2422 morte

2238 2443 2403 2509 illius,
2432 2452 2489 2498 et
2524 2444 2804 2514 ejicientes
2826 2458 2957 2502 eum;
2983 2456 3136 2502 extra
3160 2448 3456 2517 civitatem,
3487 2444 3825 2523 lapidabant.

2235 2534 2466 2604 Ejicitur
2500 2544 2710 2607 martyr
2741 2547 2897 2592 extra
2922 2538 3202 2603 civitatem
3238 2534 3584 2612 sanguinem,
3628 2546 3684 2599 in
3713 2560 3827 2616 qua

2235 2624 2387 2693 prius
2400 2623 2612 2694 justitia
2639 2624 2997 2691 habitaverat,
3031 2642 3173 2683 nunc
3213 2638 3392 2686 autem
3416 2623 3821 2704 ’homicidte,'de

2233 2727 2339 2775 qua
2375 2713 2511 2804 dicit
2543 2722 2804 2804 sanctus}
2844 2734 2863 2771 ί
2892 2709 3183 2804 Qtioniam_
3204 2720 3317 2804 vidi
3358 2722 3717 2804 iniquitatem,
3763 2735 3825 2782 et

2238 2792 2725 2853 contradictionem
2768 2796 2825 2851 in
2857 2799 3078 2853 civitate
3120 2799 3311 2866 (Prol;
3339 2801 3475 2866 ιιν).
3517 2820 3539 2853 ι
3577 2796 3704 2867 liae?
3732 2813 3821 2856 est:

2237 2884 2433 2944 civitas
2479 2902 2638 2955 quam
2693 2888 2782 2945 die
2835 2905 2900 2946 ac
2947 2900 3107 2947 nocte
3160 2893 3466 2949 circumdat
3521 2896 3815 2964 iniquitas;

2235 2975 2429 3037 civitas
2481 2980 2762 3036 castellum
2819 2982 3128 3050 despective
3180 2995 3365 3041 vocata
3418 2986 3638 3057 (Matth.
3669 2990 3812 3067 ut),

2234 3069 2380 3139 quod
2430 3083 2625 3135 contra
2675 3077 2951 3144 apostolos
2987 3087 3053 3133 et‘
3076 3080 3451 3148 apostolorum
3492 3082 3807 3151 Dominum,

2232 3157 2542 3223 durissimis
2561 3162 2898 3223 inﬁdelitatis
2927 3168 3175 3226 vectibus
3210 3182 3294 3228 est
3318 3171 3609 3233 munitum.
3638 3172 3809 3233 Extra

2228 3261 2439 3324 portam
2490 3252 2727 3311 civitatis
2772 3252 2933 3323 huius
2979 3266 3169 3323 passus
3213 3263 3301 3311 est
3335 3256 3619 3322 Dominus,
3657 3267 3813 3314 extra

2227 3355 2347 3394 eam
2384 3339 2663 3410 lapidatum
2707 3353 2901 3399 serVus
2936 3341 3130 3405 exiens
3159 3343 3229 3399 ad
3258 3354 3383 3425 eum
3423 3352 3581 3399 extra
3609 3355 3812 3415 casta,

2226 3438 2280 3489 et
2315 3438 2539 3499 portans
2567 3429 2973 3505 similitudinem
3018 3431 3333 3503 improperii
3357 3433 3494 3502 ejus.
3520 3436 3816 3507 Daponunn

2228 3529 2313 3578 tur
2345 3522 2665 3577 vestimenta
2691 3523 2949 3594 martyris
2987 3523 3054 3579 ad
3099 3524 3269 3592 pedes.
3301 3528 3695 3594 persecutoris,
3714 3530 3817 3598 qui

2225 3609 2293 3669 ad
2327 3618 2528 3667 tactum
2565 3624 2842 3669 sacrarum
2888 3611 3141 3676 vestium,
3184 3620 3241 3667 et
3272 3613 3623 3670 orationibus
3673 3615 3807 3685 lapis
3866 3672 3883 3685 ί

2223 3702 2383 3758 dandi
2407 3702 2585 3757 fuerat
2610 3705 3005 3768 convertendus
3034 3721 3047 3756 :
3082 3721 3104 3755 ι
3139 3703 3205 3759 Ει
3233 3703 3567 3773 lapidabant,
3596 3707 3811 3778 inquit,

2226 3791 2558 3860 Stephanum
2580 3793 2922 3848 invocantem
2948 3800 3003 3847 et
3045 3792 3315 3851 dicentem
3349 3813 3365 3847 ;
3408 3794 3632 3866 Domine
3651 3793 3805 3862 ιθω,

2226 3882 2411 3951 accipe
2439 3882 2688 3952 spiritum
2738 3898 2921 3945 meuml
2948 3882 3087 3954 (Act.
3119 3883 3235 3955 vn).
3270 3903 3289 3939 ι
3343 3884 3585 3943 Currunt
3620 3886 3694 3941 illi
3735 3888 3811 3944 ad

2222 3971 2446 4042 lapides,
2469 3973 2639 4029 et‘ille
2665 3974 2730 4028 ad
2752 3988 2958 4042 preces,
2988 3973 3446 4043 lapideslapidem
3468 3990 3504 4045 p
3538 3978 3805 4043 rcutlum,

2224 4063 2318 4119 sed
2346 4063 2580 4132 lapidem
2607 4046 2926 4128 molliorem,
2955 4065 3023 4123 de
3060 4080 3167 4134 quo
3200 4063 3319 4119 ﬂuit
3349 4065 3527 4123 oleum
3569 4067 3807 4132 Charitas

2228 4154 2317 4219 tis,
2353 4164 2407 4208 et
2438 4154 2662 4209 tinnitus
2697 4153 2942 4208 redditur
2986 4153 3223 4222 pietatis.
3273 4154 3501 4209 Domine
3534 4153 3686 4220 Jesu,
3724 4157 3806 4211 in—

2224 4247 2358 4315 quit,
2402 4262 2469 4301 ne
2513 4255 2719 4301 statuas
2770 4245 2875 4300 illis
2924 4247 3027 4300 hoc
3067 4257 3368 4315 peccatum,
3397 4248 3526 4318 quia
3558 4249 3810 4307 nescth

2227 4339 2355 4408 quid
2381 4337 2605 4393 faciunt.
2631 4338 2803 4407 Rogat
2832 4339 3029 4407 suscipi
3057 4339 3306 4407 spiritum
3335 4353 3525 4405 suum;
3554 4339 3805 4408 spiritum

2225 4429 2437 4498 utique,
2477 4438 2532 4483 et
2576 4429 2828 4499 spiritum
2876 4429 3059 4496 illum,
3111 4445 3271 4500 quem
3324 4429 3602 4499 signante:
3650 4433 3804 4500 quaSi

2220 4523 2490 4592 quoddam
2519 4522 2736 4576 tertium
2758 4522 3048 4591 Apostolus
3073 4522 3127 4576 in
3156 4522 3376 4579 homine
3399 4523 3643 4597 prmcipit
3662 4537 3803 4579 con-

2218 4614 2444 4670 servari.
2476 4631 2494 4663 ί
2526 4612 2595 4667 Ut
2620 4612 2848 4681 integer,
2874 4612 3066 4679 inquit,
3097 4612 3277 4673 anima
3300 4627 3444 4676 mea,
3474 4620 3534 4671 et
3554 4613 3803 4682 spiritus.

2217 4714 2273 4760 et
2316 4718 2514 4773 corpus
2567 4702 2621 4771 in
2672 4702 2813 4779 diem
2862 4702 3073 4763 Domini
3124 4702 3244 4779 sine
3285 4703 3510 4774 querela
3557 4714 3804 4778 servetur

2221 4793 2270 4864 (1
2334 4793 2512 4853 Thess.
2545 4791 2621 4861 VI).
2659 4810 2678 4843 ι
2872 4836 2893 4849 ρ
2938 4826 2941 4839 ι
3016 4848 3021 4855 .
3696 4828 3699 4831 ν

2291 4883 2335 4939 Ο
2366 4892 2570 4954 quanta
2618 4883 2809 4952 pietas,
2843 4890 3089 4952 quantus
3142 4881 3391 4949 aﬂ‘ectus,
3439 4892 3497 4939 et
3537 4884 3804 4945 ardentis-

2218 4975 2370 5030 simae
2410 4975 2694 5037 charitatis
2745 4973 3052 5057 integritas!
3096 4973 3261 5035 Recte
3308 4974 3556 5044 martyrii
3611 4972 3803 5035 ﬂorem

2220 5068 2325 5123 iste
2353 5068 2452 5125 sibi
2484 5068 2866 5137 praavendieat.
2894 5068 3080 5138 inquo
3106 5068 3405 5128 similitudo
3433 5066 3642 5123 Domini
3671 5082 3804 5136 pett.

2222 5159 2398 5221 dentis
2438 5159 2492 5221 in
2539 5175 2705 5222 cruce.
2738 5161 3095 5221 mirabilibus,
3121 5158 3363 5219 formulis
3396 5167 3484 5217 est
3512 5159 3803 5228 impressa.

2219 5251 2279 5308 In
2306 5251 2452 5321 ligno
2478 5253 2621 5315 enim
2661 5253 2852 5323 spinis,
2896 5254 3088 5318 clavis,
3125 5252 3311 5309 lancea
3341 5250 3553 5316 aﬂixus,
3585 5257 3643 5305 et
3676 5265 3804 5307 cru-

2223 5343 2441 5410 cilixus,
2488 5344 2793 5411 dissimulat
2833 5344 2982 5405 illum
3033 5344 3251 5407 unicum
3292 5342 3553 5407 dolorem,
3585 5348 3640 5397 et
3665 5340 3804 5397 obh-

2223 5436 2452 5497 viscitur
2480 5437 2673 5493 mortis
2701 5437 2913 5502 vicinae,
2942 5451 3141 5505 novum
3175 5434 3579 5497 introductnrus
3616 5448 3804 5493 exem-

2223 5527 2401 5597 plum,
2456 5529 2633 5597 aperit
2677 5526 3016 5583 latitudinem
3060 5526 3379 5591 charitatis,
3433 5535 3485 5581 et
3538 5534 3799 5593 apertion

2226 5633 2417 5689 campo
2467 5618 2726 5675 terminos
2758 5618 2969 5672 tradita:
3009 5617 3143 5687 legis
3185 5616 3493 5688 ampliﬁcat,
3542 5630 3647 5670 non
3681 5612 3799 5681 jam
