4178 6452
385 285 489 340 857

1863 275 2095 333 SERMO
2131 267 2329 332 ωίιηέ

3543 279 3649 340 158

384 404 560 458 solum
587 399 794 454 amicus
821 399 1030 466 amicis,
1071 404 1166 457 sed
1196 400 1362 455 velint
1409 400 1600 465 nolint,
1640 398 1849 452 amicus
1870 410 1965 464 pa-
1992 396 2040 454 Δ
2067 393 2224 457 hem,
2268 393 2372 448 hoc
2423 400 2538 456 est,
2590 393 2648 446 in
2691 393 2884 448 divin
2941 393 3260 448 substantias
3308 391 3646 466 claritatem,

388 493 520 545 riter
566 488 822 543 inimicis.
866 506 886 538 σ
914 489 1097 554 Pater,
1143 490 1337 558 inquit,
1385 489 1606 559 ignosce
1663 485 1792 550 illis,
1840 485 1968 554 quia

385 579 634 635 nesciunt
659 579 790 647 quid
815 575 1021 632 faciunt
1049 577 1200 647 (Luc.
1228 578 1409 647 xxm).
1450 597 1468 629 ι
1505 576 1620 631 Non
1647 575 1822 646 potuit
1848 589 1969 630 esse

386 669 632 726 i‘nelﬁcax
663 669 840 722 oratio
871 668 1176 733 morientis,
1214 671 1354 724 unde
1391 679 1444 724 et
1483 668 1827 722 inimicorum
1860 683 1964 721 nu-

385 760 675 815 merositas
709 759 778 813 ad
806 773 1090 813 numerum
1121 759 1426 814 amicorum
1455 759 1727 812 transivit.

455 849 618 922 335
651 848 780 904 Vide
827 863 991 919 quam
1042 859 1190 903 recto
1240 863 1401 902 cursu
1455 848 1792 918 Stephanus,
1835 856 1890 901 et
1921 847 1966 902 si

384 959 490 998 non
533 949 730 1011 aequat,
783 941 1032 1010 sequitur
1087 950 1266 994 tamen
1324 941 1760 1008 Redemptorcm.
1811 937 1968 994 Volat

385 1048 643 1089 saxorum
685 1033 878 1098 imber,
924 1041 980 1087 et
1014 1031 1330 1087 fortissimis
1375 1031 1678 1086 invidorum
1721 1031 1967 1086 manibus

385 1127 504 1181 loca
548 1126 831 1180 vulnerum
879 1126 1246 1194 duplicantur,
1301 1125 1394 1179 sed
1447 1124 1720 1193 patienter
1751 1115 1969 1191 'patitur

387 1224 676 1272 coronatus
722 1224 927 1280 noster,
983 1215 1050 1269 de
1093 1229 1294 1270 corona
1333 1214 1569 1268 nominis
1611 1213 1680 1266 ad
1707 1225 1967 1267 coronam

388 1307 668 1377 regiminis
699 1303 1124 1360 transferendus.
1172 1304 1356 1360 Nescit
1393 1303 1645 1359 affectum
1685 1303 1882 1365 carnis,
1914 1311 1969 1354 et

389 1397 578 1452 mortis
602 1397 788 1451 horam
813 1396 1062 1465 ignorat;
1099 1405 1153 1450 et
1178 1397 1299 1450 vide
1325 1396 1458 1465 quid
1479 1394 1740 1448 deliberet
1767 1393 1970 1448 facien-

387 1487 534 1541 dum.
567 1485 766 1540 Positis
802 1499 984 1539 autem
1029 1486 1260 1555 genibus
1303 1486 1557 1540 clamavit
1593 1499 1729 1540 voce
1770 1497 1968 1550 magna

386 1579 616 1633 dicens:
653 1596 671 1628 ι
710 1576 1050 1638 Dominc,ne
1095 1586 1304 1631 statuas
1359 1575 1464 1630 illis
1509 1576 1611 1630 hoc
1662 1581 1966 1646 peccatum,

386 1667 513 1735 quia
547 1666 792 1720 nesciunt
838 1666 969 1734 quid
1013 1665 1238 1721 faciunt.
1275 1685 1292 1718 ι
1327 1665 1541 1721 Clamat
1582 1679 1717 1718 voce
1749 1677 1965 1731 magna,

2069 487 2251 542 radios
2280 486 2579 556 puriﬁcataa
2606 486 2804 540 mentis
2831 486 3027 542 inﬁxit.

2137 581 2366 649 Oquam
2392 580 2639 634 miranda
2685 595 2848 649 super
2888 597 2990 635 nos
3034 581 3272 636 caelestis
3318 583 3530 640 consilii
3567 584 3654 639 di-

2066 671 2374 741 spensatio!-
2403 670 2448 726 Ο
2475 685 2638 739 quam
2681 671 2945 737 profunda
3035 672 3228 726 divina:
3259 674 3539 740 sapientia:
3571 683 3655 730 est

2067 752 2324 817 altitudo!
2365 762 2654 817 Descendit
2685 763 2825 817 Deus
2855 765 2922 816 ad
2951 762 3246 825 hominem,
3284 773 3342 816 ut
3376 764 3648 819 occultam

2067 852 2379 908 hominibus
2414 851 2749 922 patefaceret
2775 851 3060 906 Deitatem.
3096 853 3373 925 Ad'335
3401 857 3654 909 hum-ante

2067 942 2415 998 mortalitatis
2455 943 2607 997 exi-re
2649 942 2904 1012 dignatus
2938 952 3021 997 est
3057 943 3352 1012 publicum,
3397 949 3456 1000 ut
3495 947 3655 1000 nobis

2067 1032 2382 1086 aeternitatis
2411 1047 2522 1086 suae
2562 1031 2831 1086 revelaret
2858 1047 3138 1086 arcanum.
3172 1034 3278 1089 Sed
3323 1037 3366 1089 si
3414 1051 3559 1103 mox,
3594 1047 3653 1091 ut

2069 1119 2121 1171 in
2151 1121 2476 1190 evangelica:
2515 1122 2775 1177 doctrinas
2805 1123 3156 1192 cmpitverba
3181 1140 3557 1194 prorumpere,
3588 1141 3652 1180 ac

2069 1222 2221 1262 nova:
2263 1209 2454 1276 gratiae
2495 1211 2752 1280 mysteria
2791 1211 3016 1266 rudibus
3056 1212 3234 1268 adhuc
3274 1213 3651 1282 imperitorum

2067 1299 2323 1354 cordibus
2367 1301 2612 1368 aperire,
2660 1301 2844 1356 statim
2889 1303 3190 1359 divinitatis
3227 1320 3340 1360 suae
3391 1306 3654 1374 panderet

2068 1391 2710 1460 sacramentum,.cujus
2763 1405 2949 1460 quaeso
2988 1389 3158 1448 feriet
3207 1395 3450 1459 auditus,
3497 1395 3654 1466 cujus

2068 1491 2306 1545 unquam
2338 1487 2559 1547 caperet
2594 1477 3104 1534 intellectus?‘Nam
3157 1489 3218 1535 ut
3259 1481 3326 1536 de
3369 1481 3654 1537 divinitate

2069 1585 2215 1624 nunc
2257 1577 2498 1636 taceam,
2547 1585 2669 1625 cum
2716 1569 2977 1626 Dominus
3023 1571 3229 1627 diceret
3262 1589 3279 1627 :
3318 1590 3337 1628 ι
3369 1573 3506 1639 Quia
3548 1573 3652 1628 nisi

2070 1659 2530 1716 manducaveritis
2572 1676 2794 1717 carnem
2847 1662 2940 1717 filii
2994 1662 3249 1728 hominis,
3302 1671 3358 1719 et
3409 1659 3655 1719 biberitis

386 1755 512 1825 quia
543 1771 737 1825 magna
777 1755 962 1824 utique
996 1755 1296 1820 cbaritate;
1329 1754 1524 1824 positis
1555 1753 1800 1824 genibus.
1840 1751 1967 1820 quia
2002 1742 2046 1800 Β
2071 1753 2188 1823 ejus
2221 1753 2563 1824 sanguinem,
2605 1768 2711 1808 non
2756 1753 3023 1809 habebitis
3058 1755 3221 1808 vitam
3265 1755 3318 1808 in
3345 1754 3500 1809 vobis
3531 1770 3546 1807 :
3575 1765 3654 1818 et,

387 1860 536 1909 vera,
567 1855 622 1899 et
667 1844 868 1898 humili.
904 1845 1268 1914 simplicitate.
1319 1844 1425 1898 Pro
1471 1858 1530 1898 se
1565 1857 1728 1897 orans
1755 1849 1880 1905 stat,
1913 1848 1970 1893 et

385 1935 645 2006 erigitur;
679 1949 776 2006 pro
801 1934 1168 2004 Iapidantibus
1193 1932 1360 1990 ﬂectit
1379 1948 1574 2003 genua.
1604 1930 1735 1998 Quis
1763 1929 1969 1984 audivit

387 2040 624 2094 unquam
673 2023 863 2089 talem,
912 2031 970 2078 et
1019 2024 1146 2092 quis
1191 2023 1326 2076 vidit
1372 2023 1497 2076 huic
1543 2019 1969 2076 similemiPlus

386 2116 533 2172 dolet
578 2117 1016 2186 persequentium
1069 2125 1295 2184 peccata
1345 2129 1508 2184 quam
1553 2129 1652 2169 sua
1702 2113 1965 2171 vulnera:

386 2207 600 2263 illorum
627 2207 962 2278 iniquitatem
989 2222 1152 2276 quam
1179 2221 1336 2262 suam.
1362 2215 1616 2260 mortem.

463 2316 482 2351 ι
502 2298 701 2356 Etcum
718 2299 818 2353 hoc
832 2298 1078 2362 dixisset,
1094 2297 1417 2352 obdormivit
1432 2297 1486 2352 in
1506 2297 1749 2352 Domino.
1778 2316 1798 2349 ι
1821 2297 1966 2352 Felix

387 2403 615 2444 somnus
637 2402 759 2442 cum
784 2386 986 2456 requie,
1009 2387 1225 2456 requies
1254 2402 1376 2441 cum
1405 2386 1700 2455 voluptate,
1717 2384 1967 2455 voluptas

387 2494 512 2534 cum
529 2479 798 2544 satietate,
822 2478 1047 2533 satietas
1073 2494 1200 2534 eum
1227 2479 1539 2541 securitate,
1557 2477 1822 2531 securitas
1845 2491 1968 2530 cum

388 2572 710 2628 aeternitate.
729 2569 1090 2638 Obdormivit,
1117 2571 1377 2641 inquit,in
1402 2571 1652 2633 Domino,
1681 2571 1970 2638 absorptus

389 2665 443 2718 in
480 2663 748 2719 claritatis
778 2664 1053 2734 abyssum,
1085 2673 1139 2718 et
1189 2665 1330 2718 inter
1372 2663 1465 2716 Dei
1501 2661 1585 2715 sui
1632 2661 1852 2718 brachia
1879 2676 1970 2715 re-

388 2755 694 2825 quiescens.
722 2753 957 2809 Sedebat
981 2770 1010 2808 a
1038 2754 1360 2810 dextris'Dci
1393 2755 1651 2807 Dnutinus
1673 2751 1851 2815 Jesus,
1874 2751 1970 2806 sed

388 2847 567 2915 primo
612 2845 840 2916 martyri
872 2855 1170 2916 martyrum
1208 2853 1390 2912 caput.
1443 2843 1658 2898 Recolis
1701 2844 1830 2912 quid
1882 2842 1968 2897 illa

389 2935 646 2991 Ecclesiae
689 2935 890 3005 lingua,
939 2933 1298 3006 Augustinum
1347 2935 1558 3005 loquor,
1595 2934 1661 2989 de
1703 2935 1804 2988 hoc
1836 2947 1974 2987 mar.

391 3040 511 3102 tyre
562 3031 826 3095 senserit,
877 3031 968 3099 qui
1017 3039 1140 3098 post
1184 3039 1412 3083 mortem
1477 3039 1682 3097 septem
1730 3037 1968 3086 mortuos

391 3124 605 3177 asserit.
980 3135 982 3140 ·

461 3214 557 3268 Eia
594 3229 711 3278 vos,
753 3213 843 3282 qui
881 3212 1096 3268 levitico
1142 3211 1334 3266 ordine
1376 3210 1726 3281 pra-fulgetis,
1759 3220 1973 3266 cantate

389 3303 517 3358 huic
548 3303 820 3359 canticum
855 3318 1074 3368 novum,
1119 3311 1174 3357 et
1218 3310 1380 3356 tantm
1429 3302 1711 3357 festivitati
1762 3302 1973 3357 festivis

393 3393 614 3449 vocibus
651 3392 963 3447 incumbite.
1003 3392 1277 3447 Fortassis
1320 3394 1495 3447 aderit
1533 3393 1873 3454 canentibus,
1917 3398 1972 3444 et

392 3492 643 3555 suggeret
686 3485 749 3539 de
801 3485 958 3540 nobis
1006 3483 1234 3538 Domino
1276 3501 1393 3549 suo,
1427 3484 1596 3552 judici
1635 3495 1818 3538 nostro
1854 3503 1865 3537 :
1895 3481 1971 3538 Ne

392 3586 600 3630 statuas
632 3575 735 3630 illis
764 3576 964 3646 aliquid
997 3577 1064 3630 ad
1093 3584 1402 3646 peccatum,
1432 3577 1522 3646 qui
1551 3592 1614 3631 es
1635 3577 1779 3631 Deus
1807 3577 1972 3630 bene-

393 3668 570 3722 dictus
597 3667 652 3721 in
678 3669 897 3723 saecula.
923 3669 1118 3723 Amen.

935 3801 1167 3859 SERMO
1206 3802 1384 3858 LXIII.

499 3931 566 3972 ΠΒ
602 3930 803 3976 SANGTO
835 3929 1031 3972 JOANNE
1070 3930 1339 3977 APOSTOLO
1378 3929 1446 3972 ΕΤ
1484 3929 1866 3974 ΕνΑΝςειιετΑε
1961 3970 1964 3974 ,

939 3985 1109 4057 (xxvtt
1143 3988 1393 4061 θερειω.)

466 4117 655 4181 Hodie,
703 4118 1059 4183 dilectissimi,
1108 4128 1310 4174 sanctze
1351 4120 1506 4174 nobis
1541 4119 1738 4173 laetitiae
1775 4120 1968 4190 gaudia

397 4212 758 4282 geminantur,
783 4212 905 4282 quia
931 4212 1131 4266 recenti
1157 4213 1334 4266 adhuc
1361 4211 1646 4266 nativitate
1668 4211 1968 4273 Dominica,

395 4301 458 4357 Β.
483 4300 708 4358 Joannis
731 4302 975 4360 occurrit
993 4301 1307 4355 solemnitas
1334 4301 1586 4372 gloriosa.
1613 4301 1786 4357 Hodie
1805 4301 1972 4357 disci-

395 4393 577 4464 pulus,
607 4408 768 4463 quem
800 4393 1062 4461 diligebat.
1082 4392 1258 4456 Jesus,
1284 4393 1561 4448 dilectoris
1590 4408 1673 4448 sui
1710 4394 1970 4463 amplexi-

395 4486 496 4540 bus
519 4485 823 4554 stringitur,
859 4483 1119 4540 societate
1143 4481 1462 4551 perfruitur,
1488 4490 1544 4536 et
1567 4482 1710 4552 quod
1738 4481 1970 4549 viderat,

394 4575 538 4649 quod
562 4576 834 4639 audierat,
855 4573 1005 4645 quod
1027 4574 1687 4632 manibnsattrectavernt
1704 4573 1771 4627 de
1792 4571 1969 4629 Verbo

358 4666 835 4736 ~vita:(lJoau.‘l),
865 4675 1019 4722 tanto
1042 4668 1151 4739 jam
1175 4666 1434 4736 liquidius
1459 4674 1661 4738 quanto
1683 4665 1968 4723 sublimius

383 4760 811 4829 contemplatur.
848 4759 1020 4814 Hodie
1068 4760 1274 4815 scilicet
1317 4760 1406 4813 illa
1463 4758 1730 4814 mirabilis
1785 4759 1966 4827 aquila

394 4853 557 4908 quam
601 4847 657 4893 et
697 4839 824 4894 olim
849 4839 1124 4895 Ezechiel
1175 4840 1416 4896 eminere
1472 4842 1688 4897 cteteris
1739 4851 1970 4912 quatuor

395 4926 719 4985 animalibus
755 4928 888 4983 vidit
917 4927 1130 4996 (Ezech.
1159 4929 1223 4998 ι),
1253 4936 1310 4982 et
1339 4929 1453 4997 ipse
1476 4928 1714 4984 Joannes
1745 4931 1966 4994 suimet,

397 5027 456 5071 ut
479 5017 551 5074 ita
580 5018 793 5088 loquar,
820 5019 1078 5088 propheta
1113 5016 1313 5082 factus,
1353 5019 1620 5073 volantem
1660 5020 1711 5072 in
1740 5021 1966 5090 mystica

393 5106 605 5164 visione
628 5107 930 5176 conspexit,
968 5108 1036 5162 ad
1085 5107 1300 5164 unicam
1344 5107 1655 5178 angelorum
1688 5116 1742 5163 et
1794 5110 1967 5163 homi-

395 5213 523 5251 num
568 5213 770 5264 escam,
814 5198 1020 5269 pennis,
1049 5197 1242 5253 librata
1289 5197 1596 5253 sublimium
1647 5198 1964 5254 meritorum

395 5289 626 5345 feliciter
668 5290 920 5346 evolavit.
956 5289 1104 5348 Licet
1136 5290 1279 5344 enim
1313 5291 1618 5358 ubicunque
1647 5289 1812 5346 fuerit
1847 5305 1969 5345 cor-

395 5395 517 5450 pus,
554 5379 667 5436 illic
696 5382 1001 5440 necessario
1033 5392 1429 5452 congregentur
1475 5391 1531 5435 et
1581 5382 1774 5451 aquilae
1813 5383 1966 5454 (Luc.

393 5471 557 5541 xm);
584 5471 688 5526 iste
717 5481 893 5526 tamen
921 5481 1071 5528 tanto
1090 5472 1410 5528 familiarius
1440 5471 1508 5526 ad
1542 5473 1664 5527 vita:
1693 5475 1964 5544 pabulum,

395 5563 760 5632 corruptionis
789 5563 1015 5618 vinculis
1040 5563 1152 5632 jam
1189 5565 1395 5621 solutus
1428 5566 1654 5629 accedit,
1685 5574 1888 5634 quanto
1913 5576 1969 5621 et

396 5650 450 5706 in
491 5667 656 5708 carne
694 5655 870 5709 adhuc
909 5655 1114 5724 positus
1177 5656 1228 5710 in
1275 5655 1447 5726 ipsum
1484 5655 1668 5710 mterni
1707 5654 1834 5710 solis
1880 5671 1967 5712 or-

2070 1845 2163 1914 qui
2191 1846 2485 1904 manducat
2503 1860 2610 1910 me,
2637 1845 2754 1915 ipse
2773 1846 2916 1901 vivet
2939 1854 3162 1916 propter
3179 1860 3266 1901 me
3286 1845 3469 1914 (Joan.
3497 1847 3608 1916 vt);
3629 1863 3650 1899 I

2070 1937 2317 2006 protinus
2343 1936 2619 2005 aspernati
2649 1946 2774 1993 sunt
2813 1937 3061 1999 verbum,
3109 1947 3164 1992 et
3204 1938 3540 1992 exborrnere
3573 1937 3656 1990 di—

2069 2037 2257 2084 centes
2290 2047 2303 2083 :
2342 2047 2362 2080 ι
2395 2029 2574 2084 Durus
2616 2038 2704 2085 est
2741 2029 2832 2084 hic
2869 2042 3051 2085 sermo
3088 2045 3103 2085 :
3144 2030 3271 2100 quis
3316 2037 3496 2099 potest
3528 2042 3652 2082 eum

2071 2119 2294 2174 audire?
2328 2137 2352 2170 ι
2381 2119 2588 2174 Deinde
2635 2119 2917 2190 Scriptura
2967 2119 3240 2192 sblungit
3277 2135 3292 2174 :
3335 2137 3354 2171 ‹
3393 2119 3472 2175 Ex
3515 2119 3652 2186 hoc,

2072 2209 2269 2280 inquit,
2307 2209 2462 2266 multi
2496 2210 2888 2280 discipulorum
2927 2208 3045 2280 ejus
3093 2210 3343 2266 abierunt
3384 2217 3552 2274 retro,
3599 2213 3658 2264 et

2063 2297 2176 2367 jam
2206 2314 2326 2353 cum
2360 2299 2449 2354 illo
2476 2315 2582 2354 non
2610 2300 2958 2356 ambulabant
2983 2299 3170 2370 HW.)
3199 2318 3224 2352 ι
3255 2299 3507 2354 videlicet
3546 2311 3656 2354 non

2071 2392 2137 2447 de
2173 2392 2363 2458 turba;
2389 2407 2494 2448 non
2524 2391 2751 2461 quilibet
2775 2391 3032 2460 imperiti,
3054 2391 3150 2445 sed
3172 2389 3271 2459 ipsi
3298 2390 3459 2445 etiam
3485 2389 3656 2444 disci-

2069 2481 2182 2551 puli
2215 2481 2538 2550 nequierunt
2568 2495 2766 2548 capere
2801 2478 3022 2534 verbum
3053 2477 3322 2549 mysterii.
3354 2475 3492 2542 Quid
3521 2491 3658 2546 ergo

2073 2572 2160 2626 isti
2191 2570 2435 2625 facerent
2480 2580 2608 2624 ante
2637 2569 2828 2632 solem,
2858 2569 2951 2638 qui
2998 2568 3185 2622 caecati
3232 2575 3360 2622 sunt
3385 2567 3452 2621 ad
3478 2565 3658 2622 lucer-

2071 2662 2231 2715 nam?
2277 2661 2558 2727 Quomodo
2605 2660 2826 2714 tonitrui
2881 2659 3186 2714 sustineant
3232 2658 3502 2721 sonitum,
3559 2673 3654 2728 qut

2069 2754 2372 2821 clangentis
2421 2752 2562 2806 tu-bm
2613 2753 2826 2820 pondus
2879 2749 3022 2805 ferre
3065 2757 3363 2818 nequeunt,
3415 2749 3524 2803 imo
3561 2749 3652 2817 qui

2070 2860 2376 2916 suppressae
2425 2859 2490 2899 ac
2542 2851 2852 2912 temperata
2905 2841 3155 2899 humanae
3206 2839 3358 2895 vocis
3410 2839 3654 2895 exilitate

2069 2935 2421 2991 surdesennt?

2142 3025 2431 3095 Pmpterea
2464 3025 2627 3096 igitur
2660 3023 2989 3092 Redemptor
3024 3031 3208 3078 noster
3244 3023 3501 3078 dilectum
3550 3024 3653 3080 sibi

2073 3118 2292 3188 speciali
2341 3117 2698 3186 praerogativa
2747 3113 3100 3184 discipulum,
3153 3114 3220 3168 ad
3277 3113 3654 3168 declarandam

2073 3229 2182 3268 sum
2218 3211 2514 3266 divinitatis
2547 3209 2838 3264 essentiam
2877 3207 3147 3277 quoddam
3185 3206 3341 3275 quasi
3389 3221 3655 3274 organum

2073 3303 2219 3366 fecit,
2249 3311 2412 3369 atque
2445 3309 2502 3354 ut
2544 3301 2634 3354 hic
2675 3297 2951 3368 suppleret
2987 3298 3130 3366 quod
3171 3297 3238 3351 ad
3288 3307 3498 3367 tempus
3541 3297 3658 3366 ipse

2073 3393 2330 3456 Dominus
2383 3390 2747 3458 dispensative
2800 3395 3195 3456 suppresserat,
3246 3387 3466 3440 sibimet
3503 3388 3653 3442 vica¢

2071 3482 2211 3535 rium
2237 3479 2546 3548 dereliquit,
2574 3485 2842 3546 quatenus
2874 3475 3090 3544 expleto
3131 3475 3419 3544 passionis,
3461 3489 3525 3529 ac
3563 3491 3652 3530 re-

2071 3572 2422 3628 surrectionis
2458 3570 2897 3639 ascensionisque
2922 3569 3198 3637 mysterio,
3240 3576 3361 3638 post
3393 3568 3650 3622 tredecim

2071 3661 2184 3716 fere
2229 3676 2491 3715 annorum
2548 3659 2738 3723 lustra,
2794 3672 2917 3712 cum
2955 3657 3069 3727 jam
3120 3655 3370 3711 videlicet
3408 3657 3656 3712 homines

2071 3752 2380 3806 liberiorem
2442 3750 2512 3805 ad
2573 3747 2963 3817 capessendam
3033 3746 3317 3801 veritatem
3388 3747 3656 3801 haberent

2071 3842 2268 3903 ruentis
2308 3843 2579 3905 obtutum,
2613 3839 2703 3895 hic
2738 3837 3130 3903 cnessentialis,
3167 3847 3220 3892 et
3257 3838 3516 3893 coaeterni
3543 3837 3656 3893 Deo

2069 3932 2232 3988 Verbi
2262 3932 2522 4002 panderet
2545 3937 2962 3992 sacramentum,
2990 3928 3176 3983 dicens
3207 3947 3221 3982 :
3254 3947 3274 3981 ί
3303 3928 3358 3982 In
3385 3929 3655 3998 principio

2071 4032 2190 4078 erat
2222 4021 2480 4085 Verbum,
2507 4029 2560 4075 et
2597 4017 2834 4074 Verbum
2865 4025 2982 4072 erat
3011 4017 3150 4086 apud
3183 4016 3349 4072 Deum
3370 4057 3385 4082 ,
3422 4026 3479 4071 et
3509 4017 3653 4071 Deus

2071 4122 2189 4169 erat
2226 4111 2460 4166 Verbum
2492 4108 2674 4180 (Joan.
2700 4107 2762 4179 ι).
2799 4127 2817 4160 ι
2859 4105 3122 4160 Humana:
3148 4105 3345 4176 quippe
3370 4100 3655 4160 imbecillis

2073 4205 2198 4260 tatis
2221 4203 2354 4258 ordo
2377 4200 2634 4270 poscebat
2660 4209 2720 4253 ut
2748 4199 2898 4270 prius
2924 4197 3123 4253 Christi
3156 4197 3520 4252 humanitatis
3538 4195 3655 4266 pri-

2073 4294 2280 4350 mordia
2328 4307 2545 4347 cursum
2597 4291 3230 4358 consummtionemque
3269 4297 3654 4357 pernosceret,

2074 4382 2332 4439 miracula
2367 4384 2561 4447 etiam,
2592 4395 2712 4449 quae
2739 4381 2793 4434 in
2821 4380 3099 4434 hominem
3126 4379 3314 4447 gessit,
3345 4378 3656 4434 addisceret

2073 4477 2260 4545 sicque
2309 4474 2569 4544 paulatim
2621 4473 2688 4528 ad
2740 4471 3304 4542 comprehendendum
3355 4470 3656 4525 divinitatis

2069 4563 2293 4620 occultae
2337 4561 2656 4632 mysterium
2691 4561 2803 4615 suis
2852 4569 3097 4631 vegetata
3130 4559 3472 4630 provectibus
3512 4559 3656 4627 aspi-

2070 4665 2236 4710 raret.
2269 4653 2607 4721 Quapropter
2641 4651 2807 4706 divini
2849 4651 2950 4714 fuit
2987 4667 3148 4706 causa
3195 4649 3406 4705 consilii
3447 4655 3505 4702 ut
3547 4663 3654 4703 cte-

2029 4739 2032 4741 Α
2070 4745 2173 4801 teri
2210 4742 2585 4814 Evangelistte,
2625 4743 2718 4812 qui
2749 4745 2802 4798 in
2835 4741 3184 4798 describenda
3222 4740 3521 4796 Salvatoris
3551 4741 3654 4794 hu—

2069 4833 2330 4889 manitate
2375 4833 2572 4888 versati
2607 4841 2753 4899 sunt,
2791 4833 2952 4902 longe.
2981 4833 3372 4901 praecederent;
3411 4829 3654 4886 Joannes

2073 4939 2225 4991 vero,
2258 4939 2379 4979 cum
2431 4925 2680 4980 homines
2731 4933 2986 4992 tanquam
3027 4924 3202 4992 primo
3245 4923 3521 4978 lactantes
3559 4923 3654 4977 llr-

2072 5017 2244 5072 miora
2275 5014 2387 5085 jam
2427 5016 2484 5070 in
2513 5018 2598 5072 via
2634 5015 2879 5069 veritatis
2915 5015 3138 5086 vestigia
3181 5015 3424 5086 ligerent,
3461 5031 3555 5070 eos
3582 5014 3648 5067 ad

2072 5111 2600 5166 condescendendam
2636 5108 2836 5163 divina
2884 5109 3123 5164 scientia:
3161 5110 3388 5180 gratiam
3434 5123 3653 5179 promo-

2071 5210 2242 5256 veret.

2141 5292 2306 5347 Hane"
2344 5291 2576 5359 denique
2628 5291 3116 5360 superemineatcm
3163 5290 3358 5346 divinae
3408 5289 3650 5344 scicntia!

2069 5382 2440 5440 celsitudinem
2473 5392 2602 5438 tunc
2637 5383 2894 5438 divinitus
2929 5381 3196 5440 illustrata
3234 5392 3413 5437 mente
3447 5396 3646 5437 conce-

2067 5473 2176 5543 pit,
2223 5487 2346 5527 cum
2395 5472 2450 5527 in
2495 5483 2844 5530 sacrosancto
2891 5474 3134 5545 mysticae
3180 5485 3348 5527 ctente
3397 5471 3648 5526 convivio

2068 5579 2228 5634 supra
2255 5573 2442 5634 pectus
2479 5566 2729 5622 recubuit
2771 5565 3149 5635 Redemptoris
3183 5564 3366 5634 (han.
3399 5569 3540 5618 xtul.
3580 5565 3648 5620 Et

2068 5656 2193 5727 quia
2221 5656 2274 5712 in
2314 5666 2531 5728 pectore
2553 5655 2681 5714 Iesu
2712 5667 2836 5714 sunt
2871 5672 3058 5714 omnes
3095 5657 3332 5712 thesauri
3364 5655 3650 5727 sapientia?
