4178 6440
1236 253 1440 310 PETRI
1475 251 1752 310 DAMIANI
1789 249 1940 306 OPP.
1983 249 2162 303 PAllS
2191 247 2321 304 SEU
2365 249 2600 306 TOMUS
2625 250 2688 305 ll.
2727 281 2795 292 —
2825 247 3216 306 SERMONES.

3688 244 3800 300 860

543 375 604 422 ct
637 363 880 422 scientiae
919 364 1242 431 absconditi,
1275 382 1340 421 ex
1375 369 1466 424 illo
1493 366 1703 422 cmlesti
1737 363 2117 435 gazophylacio
2143 363 2195 423 Α
2221 364 2378 416 modo
2430 378 2550 432 qua:
2603 363 2955 418 humanitatis
3005 370 3133 417 sunt
3185 360 3343 430 plane
3402 359 3802 429 quodammodo

535 470 805 512 summam
835 455 1026 517 traxiv,
1070 455 1212 511 unde
1239 467 1440 511 nostra;
1487 455 1820 527 paupertatis
1873 455 2106 522 inopiam

535 546 752 616 copiosa
797 543 1120 600 liberalitate
1164 545 1376 600 ditavit.
1421 546 1498 600 Ex
1541 545 1651 610 illo,
1685 545 1924 613 inquam,
1956 542 2113 598 nobis

533 637 730 692 aerario
765 636 1076 691 divitiarum
1115 638 1298 706 copias
1339 638 1542 700 attulit,
1579 644 1636 693 et
1674 637 1729 691 in
1769 649 2109 692 communem

535 726 702 782 totius
738 725 922 780 mundi
952 725 1182 781 salutem
1225 727 1364 782 bene
1403 727 1658 796 prodigus
1691 723 1956 794 erogavit,
2005 724 2113 778 imo

531 830 698 885 supra
725 812 931 870 fontem
962 815 1217 884 perennis
1242 815 1368 870 vitae
1394 815 1660 880 recubuit,
1688 822 1746 869 ut
1770 823 1825 869 et
1850 814 1962 884 ipse
1986 823 2114 867 tunc

530 920 749 976 semper
785 906 1062 960 manantia
1093 905 1294 961 ﬂuenta
1335 906 1531 962 divinae.
1557 905 1817 961 doctrinae
1848 905 2111 969 hauriret,

529 1003 586 1051 et
613 998 802 1051 eadem
845 997 1002 1051 nobis
1030 998 1369 1067 postmodum
1419 998 1640 1067 praetixo
1674 996 1810 1052 certi
1855 995 2114 1065 temporis

536 1086 767 1142 articulo
792 1089 1126 1158 propinaret.

597 1175 821 1248 Magnus
829 1176 1078 1233 videlicet
1091 1178 1324 1248 paradisi
1337 1178 1555 1243 fluvius,
1566 1179 1657 1250 qui
1669 1194 1736 1234 ex
1748 1179 1912 1251 333
1920 1177 2116 1250 princi-

529 1267 636 1338 pali
663 1269 743 1324 sui
763 1269 926 1326 fontis
945 1271 1156 1342 origine
1181 1271 1454 1342 proﬂuens
1468 1288 1533 1328 ac
1548 1273 1782 1330 uberiori
1808 1275 2114 1330 caelestium

529 1359 919 1415 charismatum
959 1361 1314 1418 inundatione
1343 1362 1664 1431 procedens,
1693 1364 1993 1433 squalentia
2023 1365 2118 1418 de-

531 1460 676 1505 serta
694 1451 1052 1507 humanarum
1077 1453 1338 1508 mentium
1371 1454 1584 1525 irrigat,
1617 1463 1675 1510 et
1701 1454 1767 1508 ad
1794 1454 2113 1526 proferenda

531 1537 797 1594 bonorum
812 1555 1032 1610 operum
1065 1551 1318 1612 tanquam
1351 1559 1610 1598 novarum
1633 1544 1844 1615 frugum
1869 1545 2113 1615 germina

531 1627 805 1684 uberrima
835 1630 1113 1689 fertilitate
1141 1633 1415 1689 fecundat.
1448 1634 1515 1688 Et
1550 1650 1656 1690 non
1694 1635 1965 1691 immerito
2000 1645 2110 1691 tam

2210 464 2374 524 atque
2402 454 2677 508 hmniliter
2716 462 3011 515 asseverat,
3055 453 3196 507 sicut
3248 454 3365 522 ipse
3417 453 3471 506 in
3519 452 3796 521 Evangelii

2208 545 2289 600 sui
2315 545 2574 613 principio
2594 545 2778 614 carpit,
2805 544 2880 597 ita
2906 543 3149 598 seriatim
3173 558 3347 612 usque
3372 543 3438 597 ad
3465 543 3623 597 tinem
3653 544 3797 596 hunc.

2209 637 2456 690 eumdem
2487 634 2702 690 modum
2731 651 2828 704 per
2853 649 3068 688 omnem
3104 649 3218 688 suae
3247 633 3629 701 descriptionis
3666 634 3796 687 arti-

2211 727 2390 780 culum
2427 727 2618 782 tenuit.
2647 723 2804 790 Nam,
2833 724 2974 780 sicut
3014 725 3208 789 nostis,
3240 724 3294 778 in
3336 725 3514 794 capite
3553 725 3634 779 sui
3676 723 3797 777 libri

2211 817 2462 872 deificum
2508 817 2640 872 illud
2683 829 2748 870 ac
2798 817 3076 886 singulare
3120 818 3276 886 ponit
3317 817 3650 870 exordium:
3683 834 3703 868 ι
3739 817 3798 868 In

2210 907 2497 977 principio,
2537 907 2812 975 inquiens,
2846 918 2966 960 erat
2997 905 3256 972 Verbum,
3301 916 3357 960 et
3395 904 3630 962 Verbum
3677 915 3797 960 erat

2211 999 2351 1068 apud
2386 998 2585 1063 Deum,
2615 1007 2666 1052 et
2697 999 2839 1053 Deus
2875 1006 2995 1052 erat
3025 997 3260 1052 Verbum
3297 998 3476 1064 (Joan.
3506 999 3566 1066 ι).
3603 1017 3622 1051 ι
3655 999 3797 1053 Ecce

2212 1089 2390 1158 aquila
2420 1089 2516 1144 Dei
2549 1089 2617 1143 ad
2659 1089 2782 1143 emli
2827 1089 3090 1143 verticem
3129 1089 3434 1144 sublimiter
3468 1089 3664 1152 evolat,
3699 1091 3796 1143 sed

2213 1182 2278 1236 ad
2323 1195 2504 1236 escam
2548 1180 2732 1234 carnis
2771 1195 2992 1236 necesse
3025 1190 3112 1236 est
3153 1191 3215 1235 ut
3243 1182 3506 1251 repressis
3553 1181 3654 1235 alis
3691 1181 3793 1235 ali-

2213 1273 2426 1339 quando
2456 1270 2509 1324 in
2535 1269 2702 1324 imum
2741 1271 3012 1325 submissa
3039 1272 3352 1327 descendat.
3383 1271 3534 1327 Unde
3559 1281 3614 1324 et
3635 1269 3796 1340 paulo

2211 1368 2334 1430 post
2359 1361 2488 1430 quid
2516 1361 2730 1426 subdat,
2760 1362 2942 1416 audite
2967 1379 2982 1415 :
3009 1380 3028 1412 ‹
3059 1363 3571 1434 EtVerbum,337
3596 1364 3794 1432 inquit,

2213 1469 2342 1510 caro
2368 1453 2568 1508 factum
2589 1463 2695 1518 est,
2723 1463 2775 1508 et
2805 1455 3064 1510 habitavit
3094 1456 3148 1511 in
3174 1457 3328 1512 nobis
3353 1457 3563 1528 (Ibid.).
3596 1476 3614 1507 ι

2283 1543 2435 1598 Hanc
2462 1544 2643 1614 itaque
2677 1545 3045 1600 diversitatem
3077 1547 3430 1602 immanitatis
3460 1558 3625 1616 atque
3655 1547 3796 1600 divi-

2211 1636 2400 1692 nitatis
2440 1637 2605 1690 unita:
2651 1635 2871 1691 sibimet
2926 1647 3090 1708 atque
3145 1638 3439 1692 ineonfusa:
3497 1653 3696 1708 sponsa
3731 1638 3799 1689 de

531 1719 822 1789 profunda,
849 1731 960 1777 tam
999 1724 1406 1792 supereminens
1444 1725 1703 1781 revelatio
1740 1725 1958 1780 deitatis
1987 1726 2114 1781 Vir-
2137 1715 2185 1773 Β
2210 1741 2408 1796 sponso
2465 1726 2598 1781 dicit
2649 1726 2703 1781 in
2759 1725 2997 1781 Canticis
3033 1743 3048 1780 :
3104 1745 3123 1778 α
3159 1727 3384 1792 Venter,
3436 1727 3631 1795 inquit,
3679 1726 3797 1796 ejus

531 1811 642 1883 gini
669 1812 967 1868 debebatur
995 1822 1054 1868 ut
1081 1815 1172 1884 qui
1211 1815 1393 1871 carnis
1422 1816 1637 1872 sibimet
1669 1818 1968 1888 amputavit
1994 1817 2111 1872 ille-

528 1904 754 1967 cebras,
800 1902 942 1959 felici
999 1906 1358 1970 commercio,
1411 1921 1510 1976 pro
1557 1907 1760 1962 carnali
1803 1907 2130 1973 dulcedine,

529 1993 832 2050 caelestium
871 1995 1150 2065 epularum
1183 1996 1386 2054 divitiis
1429 1995 1720 2054 frueretur.
1766 1997 1848 2053 Ad
1900 2006 2108 2053 tantum

529 2085 736 2142 scilicet
769 2088 957 2156 gratia:
994 2099 1284 2158 provectus
1314 2098 1400 2145 est
1437 2085 1776 2160 privilegium
1808 2101 1868 2144 ut
1891 2107 2108 2147 omnem

528 2178 932 2248 transgrediens
973 2187 1305 2244 creaturam,
1352 2179 1477 2234 illuc
1513 2182 1630 2236 acie
1663 2181 1859 2236 mentis
1887 2182 2113 2251 attinge-

527 2275 634 2330 ret,
666 2282 774 2336 quo
801 2283 906 2322 non
933 2269 1214 2338 propheta,
1247 2285 1352 2326 non
1382 2270 1714 2339 patriarcha,
1747 2286 1851 2326 non
1881 2273 2113 2341 denique

529 2357 814 2427 quisquam
859 2359 929 2413 ab
968 2359 1087 2429 ipso
1128 2360 1314 2415 mundi
1342 2361 1640 2430 primordio
1667 2371 2028 2428 cognoscatur
2057 2363 2112 2416 ia

529 2462 695 2503 carne
737 2450 948 2518 positus
983 2450 1274 2520 aspirasse.
1323 2451 1432 2508 Nec
1469 2453 1668 2506 mirum
1706 2454 1749 2508 si
1783 2453 2116 2523 Redemptor

529 2546 715 2593 noster
747 2539 906 2594 beato
944 2537 1138 2595 Joanni
1181 2541 1354 2596 vicem
1410 2557 1564 2596 suam
1600 2543 1668 2597 ad
1725 2543 2110 2598 declarandum

529 2625 829 2684 divinitatis
859 2644 970 2684 sua:
1011 2631 1327 2701 mysterium
1382 2632 1671 2702 delegavit,
1727 2648 1888 2702 quem
1939 2643 1996 2688 et
2044 2632 2112 2689 ad

529 2717 934 2773 custodiendam
987 2720 1346 2775 venerabilem
1403 2730 1634 2777 matrem
1685 2737 1870 2788 suam,
1927 2738 2118 2795 perpe-

531 2814 678 2864 tuam
729 2809 982 2865 videlicet
1028 2809 1328 2881 Virginem,
1367 2814 1520 2882 quasi
1567 2813 1798 2870 alterum
1833 2814 2000 2870 tilium
2031 2815 2112 2870 sui

529 2895 650 2953 loco
677 2901 988 2969 supposuit:
1015 2919 1032 2952 ι
1057 2901 1265 2966 Mulier,
1285 2904 1535 2974 inquiens
1553 2947 1568 2971 ,
1597 2921 1724 2962 ecce
1743 2906 1884 2961 filius
1904 2915 2057 2973 tuus;
2089 2926 2109 2961 ι

531 2988 602 3043 ad
627 2988 948 3060 discipulum
968 3000 1148 3047 autem
1175 3009 1188 3045 :
1217 3011 1237 3044 ι
1260 2993 1396 3050 Ecce
1417 3003 1591 3050 mater
1615 3006 1702 3052 tua
1727 2997 1909 3068 (Joan.
1937 2998 2108 3069 ιω.»

2209 1815 2503 1879 eburneus,
2532 1815 2820 1870 distinctus
2849 1815 3118 1885 sapphiris
3144 1814 3320 1885 (Cant.
3350 1816 3429 1886 v).
3463 1834 3481 1866 ι
3533 1815 3588 1869 In
3621 1831 3795 1869 mem-

2209 1905 2324 1960 bris
2362 1920 2556 1973 nempe
2597 1907 2820 1960 humaui
2851 1907 3095 1976 corporis
3118 1906 3209 1959 vix
3236 1905 3438 1975 aliquid
3467 1915 3658 1960 ventre
3690 1906 3798 1962 ira.

2211 1996 2389 2067 gilius,
2419 1997 2533 2051 sive
2574 1997 2812 2051 tenerius
2844 1996 3140 2061 invenitur,
3169 1995 3398 2065 ideoque
3423 2010 3521 2066 per
3548 2005 3796 2050 ventrem

2213 2096 2362 2140 recte
2399 2085 2661 2156 fragilitas
2685 2085 2742 2140 in
2768 2085 2988 2141 Christo
3015 2094 3304 2154 assumpta:
3333 2085 3686 2140 humanitatis
3709 2102 3801 2141 ac-

2212 2175 2442 2244 cipitur;
2467 2176 2605 2229 ebur
2634 2183 2812 2229 autem
2841 2189 2904 2230 os
2923 2184 3008 2230 est
3027 2173 3350 2244 elephantis,
3379 2174 3523 2243 quod
3551 2173 3801 2230 videlicet

2214 2267 2416 2322 animal
2447 2267 2618 2322 fertur
2645 2281 2768 2322 esse
2801 2266 3168 2322 castissimum
3197 2264 3673 2336 frigidissimaaque
3701 2280 3798 2319 na-

2215 2368 2368 2416 turae.
2403 2361 2603 2415 Venter
2627 2375 2758 2432 ergo
2788 2359 2971 2428 sponsi
2999 2359 3274 2414 eburneus
3314 2365 3424 2422 est,
3451 2357 3577 2426 quia
3605 2371 3795 2411 susce-

2213 2462 2303 2520 pta
2357 2449 2738 2520 Redemptoris
2794 2449 3104 2504 humanitas
3153 2449 3222 2503 ab
3248 2446 3398 2502 omni
3451 2453 3798 2516 peccatorum

2213 2541 2465 2612 contagio
2487 2551 2636 2597 casta
2663 2556 2886 2611 prorsus
2909 2549 2965 2595 et
2993 2539 3249 2595 inviolata
3271 2539 3592 2608 permansit.
3621 2538 3802 2607 Siqui-

2215 2635 2335 2689 dem
2364 2641 2646 2702 peccatum
2675 2647 2784 2688 non
2811 2631 2960 2696 fecit,
3000 2645 3102 2687 nec
3130 2630 3288 2686 dolus
3312 2631 3562 2684 inventus
3598 2629 3651 2682 in
3701 2644 3800 2683 ore

2212 2724 2330 2795 ejus
2356 2722 2408 2793 (Ι
2437 2720 2581 2778 Petr.
2617 2725 2702 2794 ιι).
2731 2722 3035 2793 Sapphirus
3073 2731 3254 2777 autem
3295 2721 3435 2790 lapis
3469 2729 3554 2776 est
3616 2719 3797 2775 sereni

2215 2813 2337 2868 caeli
2367 2811 2605 2867 colorem
2633 2811 2871 2878 habens;
2899 2815 3040 2866 unde
3065 2821 3122 2865 et
3154 2811 3208 2865 in
3233 2810 3442 2865 visione
3473 2808 3680 2864 Domini
3711 2808 3800 2862 di-

2215 2905 2358 2961 citur
2393 2921 2408 2959 :
2459 2921 2479 2956 ι
2526 2904 2656 2958 Erat
2691 2903 2795 2958 sub
2840 2903 3069 2973 pedibus
3113 2901 3232 2971 ejus
3255 2901 3412 2971 quasi
3441 2916 3576 2971 opus
3603 2899 3802 2968 lapidis

2217 2993 2538 3064 sapphirini,
2559 3003 2615 3049 et
2643 2993 2796 3063 quasi
2816 2993 3040 3058 caelum,
3061 3007 3184 3047 cttm
3206 3006 3458 3048 serenum
3487 3000 3572 3047 est
3597 2989 3798 3062 (Exod.

533 3047 985 3150 Dignum-quippe
1012 3081 1187 3137 fuerat
1224 3047 1297 3138 uti
2140 3047 2189 3113 c
2217 3047 2908 3155 sapphiros
2951 3047 3080 3154 ergo
3107 3098 3272 3153 opera
3317 3047 3619 3138 divinitatis
3645 3081 3806 3138 intel-

530 3168 771 3240 cualestja
801 3172 1164 3229 committeret
1194 3183 1248 3231 et
1282 3185 1517 3232 terrena.

604 3257 670 3312 Et
698 3259 823 3328 quia
860 3259 1120 3316 Mcdiator
1147 3263 1242 3318 Dei
1273 3272 1328 3319 et
1356 3265 1739 3332 hominum,ex
1781 3268 1992 3325 duabus
2017 3286 2116 3325 na-

534 3351 699 3413 turis,
745 3351 925 3406 divina
981 3353 1236 3411 videlicet
1290 3366 1346 3412 et
1400 3359 1632 3415 lmmana
1686 3363 1936 3417 consistit
1975 3378 2113 3418 unus

534 3440 870 3505 Emmanuel,
900 3459 1113 3514 aequum
1165 3448 1455 3504 admodum
1487 3451 1659 3506 visum
1701 3453 1802 3507 fuit
1838 3464 1898 3507 ut
1923 3454 2113 3509 beatus

530 3525 767 3586 Joannes
793 3532 1078 3604 utriusque
1107 3545 1316 3593 natura:
1342 3540 1512 3595 fidelis
1544 3543 1794 3598 minister
1820 3545 2111 3608 existeret,

529 3622 621 3690 qui
655 3632 714 3677 et
742 3624 1037 3684 divinitatis
1072 3642 1412 3687 sacramenta
1446 3637 1834 3701 conscriberet,
1862 3650 1918 3693 et
1945 3642 2114 3696 beata:

531 3711 792 3769 Genitrici
824 3727 1098 3785 perpetuae
1128 3723 1388 3777 custodia:
1426 3739 1492 3780 ac
1531 3727 1835 3784 sedulitatis
1870 3746 1980 3784 sua:
2017 3733 2116 3786 mi-

531 3804 818 3879 nisterium
857 3810 1159 3865 exhiberet.
1204 3811 1371 3882 Cujus
1420 3816 1720 3887 utriusque,
1773 3820 2116 3885 excellentis-

532 3896 654 3951 simi
696 3899 948 3955 videlicet
987 3906 1338 3970 sacramenti,
1373 3909 1771 3976 quodammodo
1805 3911 2113 3967 ministrum

533 4002 594 4042 se
625 4003 745 4043 esse
774 3999 1019 4058 testatur,
1049 4009 1172 4048 cum
1209 4010 1306 4064 per
1343 4011 1558 4052 omnem
1597 3999 1893 4068 evangelici
1938 4011 2117 4058 textus

534 4079 616 4132 sui
675 4081 892 4145 seriem,
937 4083 1016 4138 sic
1052 4084 1175 4155 styli
1220 4085 1438 4141 modum
1480 4095 1747 4157 temperet
1790 4098 1846 4144 et
1882 4091 2115 4159 quadam

533 4169 900 4228 vicissitudine
949 4175 1193 4245 mysticae
1239 4177 1524 4232 varietatis
1574 4179 1810 4234 alternat
1855 4191 1914 4234 ut
1955 4182 2116 4238 modo

533 4259 767 4315 humana
799 4267 1128 4332 pronuntiet,
1157 4268 1316 4322 modo
1339 4269 1518 4323 divina
1549 4271 1769 4337 revelet,
1809 4275 1969 4328 modo
1997 4290 2117 4344 qua:

535 4349 890 4407 humanitatis
919 4363 1047 4408 sunt
1086 4357 1442 4414 historialiter
1497 4360 1732 4425 inserat.
1788 4365 1947 4418 modo
1997 4382 2117 4436 quae

533 4449 661 4496 sunt
711 4441 1013 4498 divinitatis
1065 4447 1296 4516 quadam
1357 4449 1667 4505 sublimium
1719 4467 1784 4507 ac
1838 4455 2114 4511 subtilium

531 4533 823 4587 verborum
863 4535 1147 4604 majestate
1181 4537 1479 4607 depromat.
1518 4539 1801 4611 Tantaque
1829 4543 2117 4602 locutionis

532 4633 652 4677 arte
679 4623 964 4678 verborum
992 4625 1099 4680 vim
1141 4637 1406 4697 temperat
1431 4645 1495 4684 ac
1522 4629 1700 4686 librati
1730 4635 2118 4693 moderaminis

532 4709 826 4767 sobrietate
868 4713 1142 4784 dispensat
1184 4725 1245 4771 ut
1293 4733 1394 4772 nec
1427 4719 1723 4776 divinitatis
1756 4735 1966 4800 arcana'
1997 4727 2118 4780 vul-

532 4801 670 4871 gari,
699 4817 800 4858 nec
827 4819 890 4858 ea
923 4821 1044 4876 quae
1073 4806 1199 4863 fidei
1231 4817 1430 4864 nostra:
1457 4814 1762 4868 necessaria
1794 4824 1920 4869 sunt
1947 4817 2118 4886 patia-

534 4903 621 4948 tur
647 4896 926 4953 abscondi.

604 4983 841 5042 Proinde
886 4989 1012 5044 dum
1046 4991 1287 5050 historia:
1321 5001 1486 5049 verba
1531 4997 1789 5059 contexit,
1835 4997 1982 5052 velut
2019 5015 2117 5068 per

535 5077 884 5134 tenuissimas
939 5082 1103 5138 rimas
1151 5083 1451 5142 divinitatis
1496 5087 1760 5158 fulgorem
1806 5091 1876 5142 ad
1931 5091 2117 5146 oculos

534 5169 816 5224 hominum
859 5187 1151 5231 coruscare
1189 5179 1474 5246 permittit,
1521 5180 1708 5250 sicque
1748 5179 1876 5234 dum
1919 5182 2120 5237 tenuis-

535 5261 675 5318 simo
703 5263 839 5318 lucis
866 5273 1082 5319 interna:
1116 5267 1288 5333 radio,
1324 5270 1513 5324 oculus
1543 5272 1741 5326 mentis
1778 5279 1976 5325 nostra:
2003 5287 2118 5340 per-

535 5353 846 5420 stringitur,
881 5355 948 5410 ad
991 5355 1356 5426 indagandum
1399 5375 1526 5413 mox
1570 5361 1701 5415 illud
1747 5361 2118 5416 inaccessibile

535 5455 762 5497 stninna:
788 5447 1035 5502 veritatis
1075 5447 1255 5502 lumen
1289 5449 1657 5519 perspicacius
1684 5452 1946 5521 aperitur.
1979 5452 2118 5519 Quia

535 5542 666 5584 vero
695 5534 883 5590 beatus
909 5537 1147 5593 Joannes
1186 5539 1452 5594 alternato
1491 5555 1604 5594 sua;
1645 5541 1976 5596 narrationis
2024 5559 2117 5596 or-

538 5617 683 5689 dine,
737 5625 896 5681 modo
944 5627 1280 5685 divinitatem
1328 5629 1531 5686 Christi
1577 5630 1844 5686 subtiliter
1880 5632 2113 5699 intonat,

2146 4409 2194 4467 D

2215 3177 2474 3250 liguntur,
2503 3191 2623 3247 qua:
2651 3176 2706 3230 in
2741 3190 2907 3231 carne
2934 3174 3194 3230 Dominus
3233 3175 3572 3230 ostendebat.
3600 3171 3806 3228 Venter

2213 3285 2344 3340 ergo
2389 3269 2573 3339 sponsi
2618 3269 2909 3323 distinctus
2939 3275 3061 3323 erat
3105 3266 3406 3336 sapphiris,
3439 3266 3566 3337 quia
3598 3261 3803 3320 Christi

2216 3362 2527 3417 humanitas
2557 3361 2756 3417 divinis
2791 3359 3086 3414 virtutibus
3120 3356 3440 3428 refulgebat.
3470 3357 3582 3412 Nec
3607 3357 3799 3426 plenus

2216 3452 2491 3522 sapphiris
2517 3466 2638 3506 esse
2679 3449 2898 3514 dicitur,
2949 3449 3043 3504 sed
3091 3448 3400 3512 distinctus,
3444 3448 3518 3501 ita
3546 3447 3800 3502 videlicet

2217 3552 2275 3596 ut
2303 3543 2445 3597 inter
2468 3542 2757 3611 sapphiros
2789 3541 2992 3595 candor
3016 3539 3198 3594 eboris
3240 3537 3678 3607 appareret,quia
3722 3537 3803 3590 sic

2217 3633 2475 3686 Dominus
2502 3647 2568 3686 ex
2593 3639 2746 3700 parte
2776 3631 3011 3686 hominis
3037 3628 3302 3700 assumpti
3343 3628 3673 3698 operabatur
3697 3627 3801 3680 hu—

2217 3739 2377 3778 mana
2425 3729 2485 3777 ut
2533 3723 2825 3791 aliquando
2874 3721 3225 3776 nihilominus
3269 3735 3337 3774 ex
3385 3727 3540 3789 parte
3589 3717 3806 3772 deitatis

2215 3813 2529 3868 ostenderet
2575 3822 2630 3866 et
2677 3811 2881 3866 divina.
2931 3809 3066 3864 Nam
3130 3809 3362 3874 esurire,
3410 3808 3586 3874 sitire,
3651 3805 3801 3870 flere,

2217 3909 2490 3970 postremo
2514 3901 2755 3971 crucifigi
2790 3909 2848 3956 et
2874 3901 3012 3955 mori
3044 3899 3398 3954 humanitatis
3419 3908 3578 3953 erant
3604 3913 3802 3967 opera;

2218 3993 2476 4048 miracula
2511 4008 2640 4048 vero
2680 3991 2880 4058 facere,
2911 4001 2966 4048 et
2999 4007 3105 4046 non
3137 3991 3311 4046 solum
3365 3990 3522 4054 alios,
3570 3991 3664 4044 sed
3711 4006 3804 4045 se-

2219 4083 2507 4154 metipsum
2540 4099 2571 4137 a
2611 4085 2843 4138 mortuis
2887 4083 3176 4147 suscitare,
3206 4080 3615 4136 evidentissima
3643 4089 3803 4134 erant

2217 4172 2518 4227 divinitatis
2545 4173 2762 4228 indicia.
2798 4170 2908 4226 Hoc
2931 4172 3115 4241 itaque
3146 4170 3307 4226 modo
3345 4171 3536 4225 beatus
3563 4168 3804 4224 Joannes

2218 4269 2372 4338 quasi
2399 4271 2696 4324 eburneum
2725 4280 2968 4326 ventrem
2993 4272 3176 4342 sponsi
3202 4270 3473 4341 sapphiris
3497 4269 3803 4339 distinguit,

2220 4360 2345 4413 dum
2386 4359 2678 4430 aliquando
2727 4372 3069 4416 sacramenta
3108 4360 3406 4416 divinitatis
3450 4359 3644 4429 aperit,
3701 4357 3803 4410 ali-

2218 4451 2433 4518 quando
2458 4452 2808 4506 humanitatis
2855 4451 3066 4506 inﬁrma
3099 4451 3378 4506 describit.

2291 4541 2425 4608 Quia
2459 4542 2624 4612 igitur
2658 4543 2746 4597 hic
2768 4543 2957 4596 beatus
2992 4542 3229 4597 Joannes
3259 4542 3326 4596 de
3349 4543 3457 4596 Deo
3483 4539 3806 4595 mirabiliter

2219 4642 2380 4702 atque
2405 4633 2900 4701 incomparabiliter
2946 4633 3160 4687 caeteris
3198 4631 3513 4686 mortalibus
3542 4630 3803 4699 loquitur,

2213 4725 2338 4793 jure
2365 4724 2566 4778 factum
2599 4735 2683 4778 est
2707 4733 2766 4776 ut
2788 4739 2893 4777 non
2931 4724 3106 4778 solum
3137 4740 3164 4776 a
3209 4711 3434 4789 Graecis,
3461 4725 3555 4779 sed
3580 4724 3746 4778 etiam
3774 4741 3803 4776 a

2219 4813 2426 4868 Latinis
2441 4814 2676 4883 undique
2700 4814 3004 4876 Tlteologus
3025 4815 3346 4884 appelletur.
3363 4815 3669 4870 Theotocos
3691 4815 3805 4869 Ma-

2225 4903 2326 4967 ria,
2361 4904 2487 4973 quia
2518 4905 2685 4958 Deum
2717 4907 2985 4960 veraciter
3025 4907 3242 4974 genuit;
3295 4906 3600 4976 Theologus
3639 4904 3804 4960 Joan-

2224 5007 2341 5055 nes,
2394 4993 2518 5062 quia
2573 4993 2668 5047 Dei
2701 4995 2938 5048 Verbum
2974 5004 3101 5050 ante
3147 4998 3342 5052 szecula
3397 4999 3538 5068 apud
3585 4998 3800 5054 Patrem

2225 5101 2346 5140 esse
2387 5096 2443 5140 et
2487 5087 2655 5140 Deum
2693 5103 2814 5143 esse
2852 5105 2956 5142 non
2987 5090 3158 5144 solum
3189 5091 3624 5148 inenarrabiliter
3651 5095 3804 5160 vidit,

2225 5177 2318 5230 sed
2370 5186 2426 5230 et
2471 5177 2738 5246 profunda
2785 5180 3120 5236 sublimitate
3159 5183 3467 5254 descripsit.
3513 5183 3663 5240 Unde
3695 5202 3802 5240 non

2226 5266 2500 5322 immerito
2523 5277 2699 5338 potest
2727 5269 2908 5324 dicere
2951 5287 3072 5325 eum
3117 5271 3386 5343 PrOpheta
3416 5294 3430 5330 :
3464 5293 3484 5326 ε
3530 5277 3803 5332 Eructavit

2223 5373 2321 5412 cor
2347 5373 2526 5411 meum
2555 5361 2776 5414 verbum
2801 5361 2999 5416 bonum
3030 5361 3206 5434 (Paul.
3250 5366 3416 5430 xuv).
3454 5385 3472 5416 ι
3509 5366 3677 5422 Recte
3706 5369 3806 5438 igi-

2225 5457 2312 5502 tur
2341 5449 2493 5518 virgo
2526 5450 2728 5520 Virgini
2775 5451 2843 5504 ad
2885 5453 3205 5521 obsequium
3237 5457 3469 5511 traditur
3497 5467 3551 5512 et
3577 5474 3675 5526 pro
3702 5461 3806 5512 Do-

2224 5541 2372 5594 mino
2401 5557 2594 5595 servus
2619 5543 2738 5597 vice
2782 5543 2875 5597 lilii
2920 5546 3266 5613 subrogatur,
3299 5558 3357 5601 ut
3385 5551 3668 5619 virginalis
3701 5567 3798 5620 pu-

2225 5633 2420 5688 dicitia:
2447 5633 2700 5702 splendor
2726 5652 2788 5688 ex
2818 5644 3044 5704 utraqnc
3070 5654 3296 5706 persona
3328 5640 3544 5696 sibimet
3574 5642 3801 5695 invicem
