4178 6474
382 264 481 322 861

1865 258 2098 318 SERMO
2123 257 2304 314 LXIII.

382 384 667 449 congruat,
698 383 755 432 et
781 376 1002 433 ﬂoridus
1035 378 1208 434 intimi
1253 377 1507 434 candoris
1535 385 1786 447 aspectus
1811 372 1953 444 quod
1983 380 2026 432 Α
2059 384 2126 422 na
2155 409 2170 435 ,
2226 371 2369 427 inter
2417 371 2744 441 procellosas
2789 375 3196 448 ambiguitatum
3253 380 3624 442 ﬂuctuantium

384 467 439 522 in
466 483 523 522 se
547 467 726 522 virere
751 469 1057 524 considerat
1082 470 1183 525 hoc
1210 484 1438 524 vernare
1465 481 1520 524 et
1556 469 1610 524 in
1653 467 1827 522 altero
1861 467 1958 526 de-

382 557 704 628 prehendat.

457 645 612 700 Libet
643 645 752 710 hic,
801 646 997 701 fratres
1029 646 1352 712 charissimi,
1403 647 1680 717 pulchram
1723 645 1959 700 varieta—

383 745 494 791 tem
554 735 749 790 divina:
810 736 1180 806 dispositionis
1232 753 1415 792 coram
1465 738 1729 792 charitate
1779 745 1957 792 vestra

383 825 739 895 perpendere,
792 833 845 879 et
901 828 1146 897 egregios
1187 828 1320 882 duos
1369 827 1742 900 Redemptoris
1788 827 1958 881 nostri

383 915 675 983 discipulos
704 915 937 984 qualiter
981 917 1123 972 inter
1180 932 1238 972 se
1274 918 1507 987 quadam
1555 917 1834 987 dignitatis
1888 916 1961 970 si-

383 1003 687 1059 militudine
745 1017 1047 1076 congruaut
1105 1021 1442 1077 comparare,
1538 1007 1757 1086 Petrum
1813 1006 1961 1060 vide-

384 1096 532 1162 licet,
558 1106 614 1152 et
643 1095 927 1153 Joannem.
964 1097 1246 1154 Commisit
1290 1113 1524 1168 namque
1564 1099 1823 1152 Dominus
1861 1096 1962 1152 Pe-

384 1195 469 1241 tro
517 1186 697 1244 claves
743 1187 996 1243 Ecclesim
1043 1186 1258 1257 (Matth.
1296 1187 1452 1260 xvr);
1496 1187 1663 1243 voluit
1701 1195 1756 1242 et
1807 1188 1961 1241 beato

382 1275 576 1332 Joanni
636 1278 938 1333 custodiam
1000 1277 1182 1332 Mariae
1250 1277 1500 1349 delegare
1573 1276 1756 1346 (Joau.
1819 1277 1956 1346 xtx).

385 1367 630 1438 Utraque
686 1369 941 1424 nimirum
1009 1379 1222 1436 mater,
1295 1381 1470 1426 mater
1521 1369 1732 1435 Maria,
1787 1381 1961 1423 mater

383 1460 649 1516 Ecclesia.
695 1460 802 1517 Sed
839 1460 1009 1516 Maria
1054 1473 1230 1518 mater
1273 1463 1495 1529 Christi,
1552 1463 1790 1518 Ecclesia
1841 1475 1960 1515 ma-

385 1559 469 1605 ter
521 1550 700 1620 populi
767 1551 1082 1606 Christiani.
1148 1553 1225 1608 De
1275 1553 1445 1608 Maria
1516 1552 1764 1608 Christus
1835 1539 1958 1606 car-

385 1657 508 1696 nem
534 1640 702 1712 338
727 1643 986 1712 suscepit,
1037 1642 1335 1699 Ecclesiam
1381 1659 1513 1699 vero
1537 1645 1604 1699 de
1647 1642 1829 1698 lateris
1874 1642 1958 1697 sui

2058 469 2405 531 tempestates
2431 464 2668 533 piscator
2693 466 2792 521 iste
2817 469 3059 526 veritatis
3087 472 3383 528 anchoram
3412 473 3552 541 ﬁxit,
3571 483 3630 532 et

2057 552 2359 607 naviculam
2385 552 2510 610 ﬁdei
2537 555 2592 610 iu
2621 556 2893 614 tutissimo
2919 561 3194 631 tranquilli
3213 572 3402 632 portus
3423 565 3632 634 gremio

2056 643 2358 700 collocavit.

2128 735 2234 791 Sed
2266 737 2545 794 videamus
2587 748 2771 796 utrum
2813 739 3049 799 Joannes
3079 752 3136 800 et
3161 744 3290 801 huic
3336 746 3489 816 operi
3535 745 3636 802 ali-

2057 839 2220 894 quam
2243 840 2365 880 cum
2397 826 2459 880 Β.
2491 826 2652 883 Petro
2675 829 3080 886 similitudinem
3123 841 3326 888 teneat.
3367 834 3635 889 Constan-

2061 914 2284 970 tissitnte
2316 916 2497 985 itaque
2527 919 2928 986 praedicationis
2955 921 3225 991 arguitur,
3251 923 3440 991 sicque
3466 937 3494 975 a
3526 921 3634 976 Do-

2057 1003 2287 1056 mitiano
2318 1013 2445 1060 tunc
2474 1003 2690 1062 Caesare
2719 1007 2772 1061 in
2800 1009 3052 1064 exsilium
3084 1011 3407 1066 destinatur.
3459 1010 3637 1065 Proti-

2056 1107 2159 1148 nus
2182 1094 2422 1149 haeretici
2447 1095 2704 1160 Marcion,
2744 1098 3059 1165 Cerinthus,
3105 1101 3299 1168 Ebion,
3346 1100 3639 1168 exterique

2057 1183 2460 1253 quamplurimi,
2497 1201 2634 1255 quos
2683 1187 2798 1257 ipse
2839 1189 3226 1245 convenienter
3269 1190 3640 1245 Antichristos

2057 1275 2316 1345 appellat,
2346 1277 2531 1332 caulas
2577 1279 2931 1336 ecclesiastici
2980 1284 3160 1352 gregis
3203 1283 3532 1352 irrumpunt,
3581 1291 3641 1336 et

2058 1367 2224 1423 veluti
2267 1367 2378 1438 lupi
2425 1384 2619 1440 graves
2669 1385 2831 1439 super
2863 1372 3024 1427 ovilia
3057 1381 3292 1442 pastoris
3313 1372 3642 1428 adminiculo

2057 1455 2314 1512 destituta
2343 1453 2685 1528 grassantur,
2717 1457 2996 1515 Christum
3023 1462 3230 1516 scilicet
3257 1471 3383 1517 ante
3402 1461 3630 1518 Mariam

2057 1561 2164 1601 non
2197 1546 2366 1603 fuisse
2393 1549 2840 1618 dogmatizantes,
2871 1557 2928 1604 et
2968 1551 3042 1605 ita
3071 1551 3368 1621 simplicem
3397 1570 3630 1626 evange-

2057 1637 2175 1693 licze
2205 1638 2328 1693 ﬁdei
2353 1640 2646 1709 puritatem
2699 1640 2937 1712 perﬁdiae
2964 1653 3076 1698 sua:
3099 1642 3263 1714 339
3289 1644 3636 1714 squaloribus

384 1747 552 1787 carne
577 1733 848 1802 produxit.
885 1732 964 1788 Ex
1012 1734 1115 1788 ista
1142 1734 1343 1802 prodiit
1392 1736 1686 1790 secundum
1735 1748 1956 1788 carnem
1986 1713 2489 1798 Bcorrumpentes.
2519 1728 2880 1786 Confunditur
2929 1713 3189 1799 mundus,
3226 1713 3486 1790 turbatur
3533 1735 3639 1791 Ee-

384 1829 566 1888 natus,
598 1821 743 1874 Illam
772 1822 999 1890 protulit
1019 1837 1184 1878 carne
1205 1822 1316 1892 jam
1344 1834 1608 1880 mortuus.
1636 1824 1715 1878 Ex
1743 1824 1845 1879 ista
1867 1837 1960 1877 vo-

386 1909 482 1964 luit
511 1911 677 1975 uasei,
709 1928 808 1982 pro
830 1912 924 1969 illa
946 1913 1194 1984 dignatus
1218 1924 1303 1971 est
1341 1917 1499 1970 mori.
1530 1916 1608 1971 Ex
1651 1932 1758 1971 una
1792 1915 1960 1971 semel

387 2014 544 2055 natus
573 2011 657 2056 est
687 2002 739 2056 in
769 2017 997 2071 persona
1022 2019 1140 2072 sua,
1168 2022 1233 2061 ex
1262 2006 1430 2061 altera
1459 2015 1754 2062 nascuntur
1785 2006 1964 2076 quoti-

385 2089 474 2146 die
501 2094 740 2147 tncmbra
767 2109 884 2148 sua.
912 2095 1100 2152 Traxit
1136 2113 1204 2153 ex
1247 2096 1416 2153 altera
1461 2087 1605 2168 quod
1649 2113 1749 2167 pro
1795 2097 1964 2152 altera

386 2193 715 2250 moreretur,
741 2194 800 2240 ut
823 2201 929 2255 quo
953 2196 1182 2258 utraque
1229 2189 1588 2244 communiter
1639 2188 1964 2244 salvaretur.

386 2275 577 2345 Magna
607 2277 771 2347 igitur
799 2286 853 2333 et
877 2278 1004 2333 felix
1041 2289 1214 2334 mater
1235 2289 1290 2335 et
1319 2281 1473 2336 beata
1502 2279 1654 2350 virgo
1683 2278 1868 2340 Maria,
1899 2291 1963 2332 ex

387 2363 546 2432 cujus
567 2367 866 2422 visceribus
892 2383 1021 2424 caro
1050 2368 1251 2426 Christi
1281 2370 1564 2440 desumpta
1613 2379 1716 2433 est,
1747 2383 1814 2424 ex
1861 2385 1967 2439 qua

391 2471 579 2510 rursus
609 2465 924 2527 per'aquam
955 2470 1011 2514 et
1050 2461 1365 2529 sanguinem
1415 2459 1666 2529 proﬂuxit
1707 2459 1966 2515 Ecclesia.

391 2547 504 2603 Hoc
533 2548 714 2618 itaque
749 2550 908 2604 modo
939 2561 995 2605 et
1022 2563 1088 2605 ex
1118 2551 1286 2605 Maria
1314 2551 1580 2620 prodiisse
1607 2551 1822 2605 videtur
1871 2551 1968 2604 Ec-

390 2637 577 2692 clesia.
609 2637 850 2708 Utraque
879 2648 1057 2695 tamen
1086 2650 1257 2705 casta,
1291 2651 1521 2711 utraque
1569 2644 1788 2706 munda,
1815 2627 1969 2694 utra-1

391 2745 495 2800 que
522 2740 793 2800 perpetuae
821 2723 1148 2802 virginitatis
1174 2733 1390 2803 cingulo
1417 2733 1756 2801 prtemunita.

464 2819 665 2873 Harum
694 2821 876 2890 itaque
905 2823 1134 2874 duarum
1163 2831 1418 2884 matrum,
1451 2821 1678 2876 duarum
1710 2829 1972 2890 perpetuo

391 2911 686 2981 virginum,
713 2911 938 2967 alteram
971 2912 1231 2968 Dominus
1258 2913 1420 2968 Petro
1443 2915 1806 2980 committere,
1839 2914 1974 2968 alte-

2060 1819 2244 1886 clesia,
2276 1820 2494 1876 vacillat
2526 1821 2682 1884 ﬁdes,
2733 1830 2792 1877 et
2825 1822 2974 1892 velut
3002 1822 3408 1881 inhorrescente
3437 1833 3645 1898 tempe-

2063 1920 2202 1966 state
2215 1911 2455 1981 perﬁdiaz
2473 1911 2688 1983 plurimi
2711 1914 3123 1984 naufragantur.
3137 1914 3275 1983 Quid
3296 1916 3450 1986 plura
3467 1919 3492 1971 ?
3511 1917 3656 1972 Tan-

2062 2001 2184 2058 dem
2214 2011 2493 2073 perempto
2517 2003 2846 2070 Domitiano,
2876 2005 3011 2060 duce
3039 2006 3218 2062 divina
3254 2008 3447 2076 gratia,
3481 2009 3648 2064 rediit

2063 2091 2305 2147 Joannes
2331 2090 2647 2163 Ephesum,
2673 2094 3058 2164 turbatamque
3106 2096 3272 2167 gemit
3319 2097 3643 2154 Ecelesiam.

2067 2184 2174 2240 Sed
2204 2184 2465 2255 quidquid
2497 2185 2704 2240 invenit
2731 2187 2938 2241 erroris
2965 2188 3180 2243 turbine
3227 2197 3388 2259 atque
3443 2200 3652 2261 tempe-

2067 2285 2207 2331 state
2235 2276 2532 2340 turbatum,
2566 2274 2791 2330 solidius
2813 2285 2976 2345 atque
2994 2266 3281 2333 robustius
3302 2277 3367 2333 ad
3409 2279 3654 2348 pristinae

2072 2366 2193 2422 ﬁdei
2226 2376 2444 2422 revocat
2467 2365 2896 2422 fundamentum.
2931 2367 3063 2422 Nam
3093 2378 3336 2438 rogatus,
3361 2379 3421 2424 ut
3444 2371 3512 2426 ab
3541 2370 3655 2424 his-

2070 2459 2428 2528 toriographis
2459 2458 2714 2524 traditur,
2741 2474 2772 2513 a
2805 2459 3074 2514 charitate
3106 2460 3218 2516 fere
3246 2462 3409 2516 totius
3436 2462 3658 2516 univer-

2071 2550 2200 2606 salis
2227 2551 2504 2614 Ecclesiae,
2530 2551 2583 2604 in
2615 2550 2746 2604 illud
2777 2551 2993 2605 tandem
3022 2551 3202 2621 erupit
3239 2551 3436 2607 divina:
3483 2552 3655 2622 inspi-

2073 2641 2296 2695 rationis
2324 2639 2557 2710 elogium
2583 2657 2596 2693 ε
2633 2657 2650 2690 ι
2687 2639 2744 2693 1η
2770 2640 3057 2708 principio,
3088 2631 3355 2710 inquiens,
3380 2651 3498 2696 erat
3521 2643 3653 2695 Ver-

2072 2731 2224 2788 bum.
2252 2739 2307 2783 et
2337 2727 2572 2783 Verbum
2601 2737 2720 2783 erat
2746 2729 2885 2798 apud
2909 2730 3100 2794 Deum,
3125 2737 3184 2784 et
3210 2730 3350 2784 Deus
3378 2743 3498 2784 erat
3522 2729 3659 2784 Ver-

2074 2817 2200 2870 bum
2230 2815 2414 2885 (Joan.
2443 2817 2506 2887 l).
2544 2835 2563 2868 ι
2596 2815 2710 2872 Hoc
2743 2817 2928 2887 itaque
2972 2816 3250 2887 signaculo
3297 2819 3550 2874 veritatis
3598 2811 3659 2875 'et

2076 2909 2448 2964 haereticorum
2478 2910 2938 2980 tergiversatiouis
2965 2919 3168 2964 metam
3195 2910 3311 2966 ﬁxit
3333 2919 3389 2967 et
3426 2913 3659 2968 catholi-

395 3017 509 3055 ram
535 3001 726 3057 Joanni
751 3003 919 3058 voluit
944 3006 1346 3070 commendare,
1367 3016 1423 3061 ut
1454 3021 1722 3075 perpenso
1749 3007 1976 3081 diligen-
2077 3014 2261 3054 corum
2290 3000 2450 3055 ﬁdem
2487 3010 2746 3072 perpetua
2776 3015 2843 3057 ex
2874 3010 3003 3056 tunc
3042 3008 3095 3056 et
3123 3001 3378 3073 deinceps
3426 3004 3656 3059 certitu-

393 3100 476 3145 ter
506 3091 782 3162 utriusque
811 3092 1047 3162 pondere
1073 3093 1380 3158 ministerii,
1408 3095 1784 3150 excellentium
1814 3080 1975 3150 meri-
2002 3080 2047 3141 Ο
2078 3091 2201 3146 diue
2226 3092 2519 3174 roborabit.

395 3194 570 3240 torum
599 3185 835 3255 dignitas
865 3186 918 3240 in
947 3185 1158 3242 duobus
1186 3188 1308 3242 caeli
1340 3190 1684 3246 senatoribus
1723 3189 1970 3246 videatur

393 3277 619 3345 aequari.
650 3276 790 3332 Dicit
821 3277 1080 3332 Dominus
1127 3277 1326 3334 Petro:
1364 3297 1383 3332 ‹
1438 3279 1558 3336 Tibi
1611 3282 1750 3336 dabo
1793 3280 1974 3336 claves

395 3368 820 3436 regnicualorum
850 3368 1065 3440 (Matth.
1105 3383 1237 3441 xvn).
1272 3390 1291 3423 ι
1323 3370 1572 3442 Nunquid
1596 3381 1650 3428 et
1675 3371 1830 3427 beata
1854 3371 1974 3426 Vir-

397 3475 483 3526 go,
511 3457 711 3514 fratres
741 3460 869 3526 mei,
899 3461 1096 3516 cmlum
1127 3477 1232 3518 non
1266 3461 1385 3527 fuit,
1415 3461 1468 3516 in
1500 3459 1654 3529 cujus
1683 3471 1836 3516 utero
1863 3461 1974 3515 vir-

395 3549 558 3616 ginali
613 3565 801 3605 novem
854 3551 1134 3608 mensibus
1182 3561 1295 3607 tota
1344 3553 1648 3608 divinitatis
1694 3553 1975 3623 plenitudo

394 3639 733 3710 permansit?
764 3641 841 3694 Ex
868 3641 1036 3712 ipsius
1071 3642 1270 3712 quippe
1288 3643 1459 3698 castis
1508 3643 1832 3712 mundisque
1864 3643 1974 3698 vis-

394 3715 635 3792 ceribus,
664 3729 758 3785 Dei
791 3731 1049 3796 Verbum,
1098 3745 1194 3802 per
1219 3733 1361 3802 quod
1411 3732 1553 3789 facta
1603 3743 1728 3788 sunt
1772 3733 1976 3798 omnia,

403 3820 754 3876 immaculata
785 3835 844 3876 se
871 3837 1038 3878 carne
1067 3824 1300 3878 vestivit.
1339 3825 1396 3879 In
1422 3835 1648 3896 angusto
1674 3826 1880 3882 scilicet
1904 3825 1982 3879 la—

397 3911 546 3964 tebat
572 3909 694 3965 alvo
723 3911 1031 3977 conclusus,
1062 3914 1154 3967 sed
1192 3913 1359 3969 totius
1399 3915 1548 3969 orbis
1587 3915 1710 3986 jura
1758 3916 1981 3987 regebat

397 3998 712 4056 inuuensus.
743 4001 801 4056 lu
829 4002 1172 4068 brevissimo,
1219 4004 1464 4074 inquam,
1503 4005 1785 4077 virginalis
1837 4006 1978 4061 uteri

391 4088 669 4144 domicilio
696 4090 1043 4155 constitutus,
1073 4099 1127 4146 et
1152 4080 1272 4147 εἴηιί
1302 4093 1643 4164 gubernabat
1669 4087 1978 4165 in’iperium,

390 4191 446 4236 et
478 4189 818 4238 terrenorum
845 4183 1085 4237 omnium
1133 4198 1239 4239 non
1289 4184 1548 4240 amiserat
1592 4186 1974 4256 principatum.

395 4274 509 4329 Non
565 4289 695 4346 ergo
730 4275 1112 4345 praesumptive
1164 4275 1362 4331 etelum
1413 4276 1612 4331 dicitur
1649 4275 1980 4331 venerabilis

396 4367 549 4438 virgo
589 4367 798 4421 Maria:
831 4375 996 4438 atque
1020 4368 1142 4423 ideo
1185 4367 1402 4422 beatum
1429 4367 1692 4424 Joannem
1721 4367 1981 4424 Dominus

2144 3184 2336 3240 Petrus
2367 3185 2530 3255 igitur
2553 3195 2706 3256 petra
2740 3203 2756 3242 :
2795 3204 2813 3240 t
2852 3185 2930 3240 Tu
2975 3201 3058 3254 es,
3109 3187 3303 3260 inquit,
3346 3187 3561 3254 Petrus,
3605 3201 3665 3247 et

2074 3289 2240 3344 super
2297 3275 2439 3330 hanc
2521 3285 2730 3346 petram
2802 3275 3082 3334 aediﬁcabo
3130 3278 3431 3336 Ecclesiam
3482 3296 3663 3336 meam

2075 3364 2295 3435 (Matth.
2327 3364 2461 3433 xvr).
2496 3383 2516 3416 ι
2551 3365 2712 3421 Petra
2737 3379 2954 3435 quoque
2979 3366 3158 3423 factus
3183 3377 3268 3424 est
3314 3377 3371 3423 et
3394 3367 3660 3438 Joannes,

2075 3470 2236 3525 supra
2263 3454 2416 3524 cujus
2448 3454 2571 3510 fidei
2605 3455 3018 3510 fundamentum
3047 3456 3213 3512 totius
3233 3456 3489 3514 Ecclesiae
3511 3469 3662 3515 struc

2075 3554 2234 3599 ctura
2272 3546 2574 3615 consurgit,
2622 3561 2784 3616 quam
2814 3547 3080 3615 videlicet,
3121 3549 3237 3606 sive
3280 3551 3662 3608 haereticorum

2077 3635 2230 3690 furor
2260 3636 2542 3709 impingat,
2567 3638 2684 3692 sive
2711 3640 3067 3698 teutationum
3089 3641 3264 3696 irruat
3290 3641 3525 3712 impetus
3548 3659 3660 3698 non

2077 3728 2290 3783 evertit.
2330 3728 2455 3783 Haec
2479 3737 2631 3798 petra
2657 3730 2769 3784 veri
2822 3731 2991 3788 David
3024 3731 3210 3802 implet
3256 3731 3500 3796 fundam,
3552 3749 3661 3802 qua

2078 3819 2449 3875 Philisthteum
2483 3818 2700 3876 Goliath
2737 3821 3014 3890 signanter
3062 3823 3132 3890 in,
3168 3821 3348 3878 fronte
3394 3825 3666 3892 percutiat

2080 3911 2130 3983 (I
2165 3911 2296 3981 Reg.
2328 3910 2484 3981 xvn),
2511 3911 2602 3965 ubi
2629 3911 2880 3966 videlicet
2903 3899 3084 3968 crucis
3116 3912 3370 3968 vexillum
3391 3913 3664 3984 profanus

2079 4008 2134 4054 et
2172 3998 2368 4069 impius
2395 4015 2501 4053 non
2529 3999 2780 4054 habebat.
2812 3999 2940 4056 Haec
2967 4002 3236 4071 siquidem
3267 4013 3422 4072 petra
3466 4015 3660 4060 omnes

2077 4088 2468 4144 ecclesiastica:
2507 4088 2768 4144 doctrinae
2817 4089 3162 4147 adversarios
3210 4093 3502 4158 destruxit,
3547 4095 3666 4150 hate

2077 4177 2360 4233 Judaicam
2381 4179 2664 4249 perfidiam
2685 4195 2809 4235 cum
2834 4182 2982 4236 omni
3005 4196 3231 4252 prorsus
3255 4183 3510 4240 literetica
3539 4202 3666 4256 pra-

2080 4269 2247 4324 vitate
2273 4271 2586 4340 prostravit.
2618 4270 2728 4326 Nec
2755 4271 2952 4326 mirum
2981 4273 3024 4326 si
3058 4273 3230 4329 instar
3248 4274 3396 4330 Petri
3421 4286 3477 4331 et
3495 4275 3665 4332 Joan-

2085 4375 2182 4416 nes
2211 4368 2364 4429 petra
2391 4359 2626 4425 dicatur,
2657 4375 2780 4416 cum
2809 4361 2924 4416 haec
2951 4363 3018 4418 ad
3041 4363 3382 4420 Ezechielem
3407 4364 3670 4423 Dominus

393 4427 797 4525 quddammodo
815 4427 938 4513 (εαξίί
965 4458 1366 4514 clavicularium
1389 4473 1509 4514 esse
1531 4459 1833 4539 constituit,
1856 4475 1978 4514 cum
2010 4427 2059 4487 Β
2084 4450 2230 4505 dieal-
2258 4467 2272 4503 ε
2303 4468 2321 4502 σ
2363 4450 2503 4504 E008
2529 4449 2653 4506 dedi
2685 4449 2878 4507 faeie"!
2908 4461 3056 4508 luam
3086 4453 3439 4510 valentiorem
3492 4455 3666 4512 facie-

399 4549 576 4600 beataa
602 4545 894 4602 Genitricis
918 4562 1030 4602 suae
1059 4563 1180 4603 eum
1212 4548 1455 4604 decrevit
1482 4563 1603 4604 esse
1631 4549 1932 4604 custodem.

471 4637 705 4693 Proinde
729 4647 789 4692 ut
812 4639 970 4695 beato
994 4639 1156 4694 Petro
1182 4639 1418 4696 Joannes
1444 4639 1815 4710 multipliciter
1834 4655 1983 4696 com-

403 4738 645 4798 paretur,
675 4745 798 4784 cum
829 4730 1120 4800 discipulos
1149 4747 1278 4788 suos
1310 4732 1642 4804 Redemptor
1667 4742 1851 4788 noster
1896 4733 1980 4787 in—

401 4822 643 4888 quireret
670 4838 773 4890 qua
803 4822 945 4877 circa
974 4839 1032 4878 se
1059 4824 1313 4894 opinione
1339 4825 1588 4881 homines
1633 4825 1982 4890 ducerentur,

402 4909 589 4978 illique
610 4911 855 4980 protinus
882 4913 1288 4980 respondissent
1320 4931 1334 4966 :
1365 4913 1454 4968 alii
1484 4913 1748 4969 Joannem
1804 4913 1984 4984 Bapti-

403 5009 576 5066 stam,
606 5001 697 5056 alii
755 5011 941 5082 autem
985 5002 1192 5068 Etiam,
1245 5002 1335 5056 alii
1357 5018 1487 5059 vero
1532 5003 1843 5068 Jeremiam,
1889 5013 1985 5059 aut

403 5108 572 5147 unum
600 5107 666 5148 ex
696 5093 974 5165 prophetis
999 5093 1215 5164 (Matth.
1249 5093 1382 5165 xvr).
1429 5097 1610 5150 Donec
1658 5096 1724 5150 ad
1760 5096 1981 5150 Petrum

403 5195 626 5238 ventum
663 5196 767 5248 est,
798 5187 1027 5241 nutabat
1054 5187 1284 5241 assertio
1327 5202 1429 5242 nec
1455 5187 1824 5258 ambiguitatis
1866 5189 1984 5242 vin-

404 5277 584 5331 culum
611 5277 936 5332 solvebatur.
963 5280 1033 5331 At
1057 5277 1148 5332 ubi
1175 5279 1304 5347 quid
1350 5277 1547 5333 haheat
1595 5278 1982 5349 discipulorum

406 5379 600 5420 sensus
625 5366 890 5435 exigitur,
943 5365 1202 5435 praecedit
1248 5365 1301 5420 in
1350 5365 1596 5421 veritatis
1641 5365 1984 5442 confessione

406 5455 500 5523 qui
539 5456 747 5524 primus
779 5464 900 5510 erat
925 5455 979 5510 in
1008 5454 1300 5526 apostolica
1327 5455 1608 5524 dignitate,
1654 5453 1846 5510 Petrus
1898 5455 1980 5509 vi-

409 5547 640 5601 delicet:
673 5565 692 5600 ε
732 5547 809 5601 Tu
840 5561 920 5611 es,
948 5547 1218 5617 inquiens,
1249 5547 1500 5602 Christus
1527 5546 1695 5602 Filius
1736 5547 1827 5602 Dei
1873 5547 1981 5601 vivi

401 5630 630 5702 (Ibid).
665 5655 684 5689 ι
716 5636 862 5693 Inter
885 5637 1126 5693 nutantis
1151 5637 1326 5693 adhuc
1353 5636 1474 5693 ﬁdei
1501 5636 1719 5692 sinuosa
1756 5636 1983 5691 volumi-

2085 4543 2184 4597 bus
2209 4556 2397 4596 eorum
2433 4550 2490 4596 et
2519 4541 2752 4597 frontem
2780 4551 2930 4598 tuam
2957 4544 3232 4600 duriorem
3263 4543 3540 4600 frontibus
3566 4561 3662 4600 eo-

2085 4649 2224 4699 rum,
2258 4639 2318 4688 ut
2342 4634 2684 4690 adamantem
2710 4642 2766 4688 et
2795 4643 2856 4688 ut
2880 4635 3087 4692 silicem
3121 4635 3242 4691 dedi
3292 4633 3486 4690 faciem
3519 4642 3668 4690 tuam

2085 4715 2302 4795 (Emit.
2336 4725 2441 4794 ιιι).
2480 4743 2500 4776 ι

2157 4815 2323 4872 Plane
2349 4816 2494 4886 quod
2525 4826 2759 4888 uterque
2783 4816 3080 4888 discipulus
3103 4813 3328 4886 protulit
3367 4815 3437 4870 de
3482 4828 3671 4870 sacra-

2086 4917 2270 4964 mento
2323 4907 2622 4966 Dominicse
2665 4909 3140 4978 ﬁdei,quanquam
3183 4906 3667 4977 profundissimam

2085 5000 2159 5054 sit
2187 5009 2350 5071 atque
2375 5001 2598 5056 omnino
2623 5001 2885 5064 divinum,
2926 5008 2982 5054 et
3026 5007 3317 5070 utrumque
3361 5000 3477 5070 pari
3507 4999 3670 5054 modo

2084 5094 2228 5149 vires
2253 5095 2502 5150 humana:
2530 5094 2725 5149 mentis
2749 5092 2998 5158 excedat,
3024 5106 3126 5147 nec
3166 5093 3419 5148 videatur
3470 5093 3522 5146 in
3571 5107 3670 5147 ex-

2084 5184 2349 5240 cellentiae
2376 5183 2640 5255 dignitate
2664 5183 2938 5238 diversum
2962 5187 3104 5252 quod
3130 5184 3318 5238 eodem
3345 5193 3431 5238 est
3460 5183 3667 5254 Spiritu

2089 5275 2326 5331 dictante
2341 5274 2628 5344 prolatum,
2651 5271 2782 5328 illud
2806 5281 2986 5330 tamen
3015 5275 3156 5330 beati
3182 5273 3407 5344 Joannis
3430 5274 3671 5345 singula-

2090 5364 2270 5419 ritatis
2296 5364 2468 5418 locum
2497 5361 2599 5418 sibi
2631 5362 2909 5420 vindicare
2943 5364 3288 5434 conspicitur,
3320 5364 3446 5433 quia
3493 5379 3670 5434 neque

2090 5462 2215 5508 ante
2245 5452 2416 5516 illum,
2449 5466 2624 5522 neque
2650 5461 2772 5523 post
2792 5452 2940 5507 illum
2967 5453 3070 5509 hoc
3098 5454 3236 5508 idem
3267 5453 3550 5522 scripsisse
3575 5453 3670 5508 ali-

2090 5545 2212 5614 quis
2244 5543 2536 5598 invenitur.
2566 5542 2701 5597 Nam
2734 5543 2881 5598 illam
2912 5543 2972 5597 B.
3002 5543 3147 5598 Petri
3179 5544 3405 5614 apostoli
3454 5552 3673 5600 senten-

2095 5637 2246 5702 tiam,
2275 5645 2331 5692 et
2364 5634 2630 5696 Martbam
2661 5649 2905 5697 sororem
2937 5635 3130 5698 Lazari
3159 5636 3360 5700 eisdem
3390 5637 3505 5702 fere
3552 5652 3672 5704 ver.-
