4178 6438
555 231 665 290 865

1161 233 1218 289 S.
1247 231 1447 289 PETRI
1487 232 1766 287 DAMLAN
1807 231 1955 285 OPP.
1999 229 2174 282 PARS
2215 228 2345 283 SEU
2383 228 2617 286 TOML‘S
2657 232 2718 285 ll.
2753 263 2822 272 —-
2854 205 3243 288 SEllMONES.

3716 234 3822 290 884

539 353 626 408 bis
654 351 880 421 legimus
903 349 1211 423 protulisse.
1239 353 1338 407 Cui
1385 352 1642 406 nimirum
1693 364 1814 404 cum
1865 347 2118 401 Salvator
2146 347 2196 404 Α
2222 346 2408 411 stiuat,
2435 360 2637 416 easque
2667 348 2733 402 ad
2778 347 3046 403 cautelam
3078 347 3204 404 fidei
3243 358 3298 404 et
3329 349 3568 405 studium
3597 350 3823 406 sincerae

540 442 746 497 diceret
773 460 785 496 :
826 459 847 493 α
875 443 1066 497 Omnis
1085 442 1181 509 qui
1206 442 1339 496 vivit
1363 450 1419 497 et
1450 442 1623 496 credit
1651 441 1704 495 in
1737 455 1824 496 me
1851 456 1958 496 non
2001 455 2121 494 mo-

543 531 721 587 rietur
749 533 806 587 in
827 540 1092 588 internum-
1117 530 1301 600 (Joan.
1335 532 1450 602 xl);
1492 552 1511 584 ι
1547 541 1710 602 atque
1733 530 2119 601 subjungeret:

546 643 564 675 ι
599 623 788 680 Credis
816 623 957 677 hoc?
993 643 1010 672 ι
1041 623 1186 678 illico
1211 625 1398 678 eodem
1433 623 1661 694 Spiritu,
1692 639 1801 694 quo
1827 633 1881 679 et
1907 624 2121 690 Petrus,

540 711 839 780 inspira-nte
865 712 1148 781 respondit
1175 728 1190 764 :
1229 723 1254 763 ο
1287 712 1398 783 Ego
1423 713 1653 779 credidi,
1685 713 1880 783 inquit,
1909 714 2035 782 quia
2067 723 2125 767 tu

536 815 601 854 es
627 800 885 857 Christus
905 801 1075 857 Filius
1094 801 1191 857 Del
1219 802 1348 868 vivi,
1382 804 1473 872 qui
1497 803 1549 858 in
1577 805 1721 860 hunc
1743 805 2005 859 mundum
2030 820 2124 858 ve-

538 894 670 949 nisti
703 894 867 963 (Ibid.
956 915 984 948 )-

609 981 748 1052 Quid
781 996 966 1042 autem
1003 987 1226 1054 mirum,
1257 987 1304 1042 si
1331 987 1597 1043 Joannem
1627 989 1694 1042 de
1721 987 2008 1064 divinitate
2048 989 2126 1043 lo-

537 1086 822 1146 quentem,
860 1079 1018 1134 beato
1047 1079 1212 1134 Petro
1245 1079 1605 1149 praeferimus,
1633 1095 1754 1134 cum
1781 1079 1908 1134 illud
1954 1079 2127 1134 Evan-

537 1166 662 1237 gelii
691 1168 773 1222 sui
803 1169 1077 1238 singulare
1107 1170 1431 1240 principium
1463 1170 1576 1240 ipsa
1606 1171 1770 1224 etiam
1814 1173 1974 1226 verba
2023 1172 2129 1225 Do-

537 1259 759 1324 minica,
791 1259 836 1314 si
867 1259 971 1313 dici
999 1259 1180 1326 liceat,
1211 1260 1475 1315 excedere
1503 1260 1819 1314 videamus?
1845 1260 1956 1314 Nec
1988 1259 2130 1328 inju-

537 1351 620 1405 ria
668 1351 728 1405 ηε
772 1351 1124 1422 Redemptorl
1176 1363 1382 1418 nostro,
1435 1353 1479 1408 si
1533 1353 1746 1407 dicatur
1793 1355 1910 1424 ipse
1960 1354 2128 1410 subli-

538 1441 681 1495 mius
707 1441 910 1511 aliquid
939 1445 1257 1512 depromere
1307 1458 1404 1512 per
1447 1443 1768 1513 discipulum
1818 1461 1980 1514 quam
2032 1461 2128 1515 per

537 1532 912 1600 semetipsum,
936 1541 991 1586 et
1017 1547 1114 1602 per
1135 1533 1280 1588 illius
1310 1533 1544 1604 linguam
1574 1536 1858 1590 manifeste
1883 1536 2127 1606 proferre

536 1622 683 1691 quod
706 1637 806 1690 per
830 1623 1178 1693 semetipsum
1217 1624 1420 1694 liquido
1469 1626 1643 1680 noluit
1694 1629 1925 1698 aperire.
1965 1628 2121 1695 Nam,

2225 438 2529 496 dilectionis
2555 439 2765 492 invitat.

2298 528 2390 584 Sic
2452 529 2635 598 itaque
2696 529 3042 584 inenarrabili
3098 530 3387 584 charitatis
3439 531 3636 586 ardore
3695 544 3825 583 suc—

2226 635 2443 684 census,
2468 621 2575 674 huc
2599 619 2831 690 illucque
2857 636 2916 675 se
2937 630 3176 686 vertens,
3194 620 3436 690 undique
3457 621 3821 684 circumiens,

2175 737 2178 740 λ
2226 711 2425 780 ubique
2453 710 2766 766 discurrens
2808 711 2990 764 omnia
3023 711 3090 764 ad
3137 710 3368 765 salutem
3409 711 3700 766 hominum
3733 726 3835 780 ge-

2229 818 2356 858 nera
2387 805 2645 869 concitat,
2671 804 2851 858 omnia
2879 813 3100 857 aetatum
3131 804 3468 857 incrementa
3501 804 3820 874 perlustrat,

2225 909 2416 949 omnes
2465 895 2714 950 humana:
2757 894 3086 950 conditionis
3125 895 3344 949 ordines
3389 895 3546 949 oculo
3593 896 3824 950 curiosae

2226 985 2606 1040 sollicitudinis
2638 985 2950 1056 investigat,
3005 993 3060 1039 et
3105 995 3364 1054 tanquam
3391 985 3569 1056 Argus
3610 986 3822 1040 univer-

2229 1074 2359 1128 salis
2408 1075 2663 1129 Eeclesiaa
2715 1075 2912 1139 factus,
2958 1075 3126 1129 totius
3158 1075 3379 1129 humani
3414 1076 3628 1146 generis
3674 1089 3813 1128 sum:

2230 1179 2394 1227 mam,
2438 1164 2581 1219 ulnis
2628 1174 2869 1234 paternae
2913 1165 3239 1232 dilectionis,
3283 1167 3629 1236 amplectitur
3658 1178 3820 1235 atque

2229 1256 2295 1309 ad
2325 1254 2704 1324 Redemptoris
2734 1255 2816 1310 sui
2848 1255 3186 1310 consortium
3223 1257 3438 1311 trahere
3464 1271 3820 1325 unumquem-

2228 1361 2334 1416 que
2385 1347 2659 1416 sigillatim
2693 1348 3053 1403 admonendo
3102 1357 3354 1404 conatur.
3407 1349 3577 1408 Amor
3622 1349 3820 1416 quippe

2230 1437 2464 1503 Domini,
2488 1453 2597 1506 quo
2641 1454 2764 1493 eum
2794 1454 2906 1507 prae
2934 1440 3146 1494 cunctis
3174 1438 3492 1494 mortalibus
3538 1439 3728 1493 dilexit
3764 1447 3821 1492 et

2229 1529 2330 1584 hoc
2357 1530 2406 1584 ei
2431 1529 2640 1598 pondus
2664 1530 2916 1585 fraternae
2951 1531 3258 1586 dilectionis
3286 1531 3552 1593 exhibuit,
3581 1542 3637 1584 ut
3663 1531 3819 1584 nitui-

2229 1606 2346 1674 rum
2389 1621 2510 1690 plus
2550 1631 2759 1676 amaret
2796 1622 2888 1691 qui
2920 1623 3039 1693 plus
3068 1624 3372 1689 amabatur,
3406 1632 3461 1677 et
3489 1623 3580 1691 qui
3611 1623 3818 1692 primus

535 1719 597 1764 ιη
622 1720 677 1766 et
705 1713 796 1767 hic
825 1715 1069 1782 quasdam
1101 1715 1278 1769 adhuc
1310 1716 1450 1771 inter
1497 1717 1716 1772 eosdem
1754 1717 1948 1774 beatos
1990 1734 2121 1788 apo-
2156 1700 2202 1758 Β
2227 1721 2347 1766 erat
2384 1711 2436 1766 in
2478 1712 2856 1782 Redemptoris
2886 1729 3072 1768 amore
3117 1714 3420 1782 prmeipuus
3469 1713 3520 1766 iu
3571 1712 3817 1766 fraterna

535 1800 704 1855 stolm
735 1803 1071 1872 comparatio
1106 1803 1374 1869 vldeatur,
1425 1807 1527 1862 hoc
1570 1807 1732 1863 beato
1775 1807 1969 1863 Joanni
2019 1811 2125 1865 Do-

533 1892 714 1947 minus
768 1894 1038 1948 concessit
1109 1893 1163 1948 in
1218 1895 1420 1960 verbis,
1473 1897 1622 1966 quod
1671 1906 1727 1954 et
1771 1898 1957 1955 Petro
1992 1915 2126 1955 con-

536 1978 658 2033 tulit
698 1979 863 2052 3‘0
907 1981 959 2035 in
1010 1983 1310 2050 miraculis,
1342 1984 1592 2041 videlicet
1617 1995 1678 2042 ut
1712 1996 1768 2043 et
1797 1987 1900 2044 iste
1926 1987 2123 2046 altiora

531 2068 806 2140 proferret
849 2079 905 2126 et
940 2070 1031 2128 ille
1074 2071 1371 2143 majoribus
1421 2075 1682 2130 virtutum
1725 2077 1987 2150 prodigiis
2031 2094 2125 2136 co-

534 2171 803 2218 ruscarct.
850 2162 908 2217 In
958 2164 1328 2234 apostolorum
1370 2167 1516 2221 enim
1546 2166 1772 2225 Actibus
1818 2170 2126 2228 invenimus

533 2252 659 2321 quia
688 2252 743 2306 in
773 2253 965 2322 plateis
1011 2252 1304 2322 eliciebant
1334 2255 1600 2322 inﬁrmos,
1650 2265 1706 2314 et
1751 2261 2024 2329 ponebant
2070 2262 2148 2316 in'

534 2343 745 2400 lectulis
764 2354 820 2399 et
842 2345 1138 2416 grabhatis,
1164 2356 1245 2414 nt,
1269 2348 1525 2405 veniente
1565 2348 1747 2416 Petro,
1789 2351 1980 2408 saltem
2006 2368 2127 2407 utn-

534 2435 631 2489 bra
683 2435 828 2490 illius
855 2435 1209 2492 obumbraret
1240 2453 1570 2509 quemquam
1622 2439 1837 2496 illorum
1884 2451 1942 2498 et
1987 2443 2124 2499 libe-

535 2536 792 2582 rarentur
818 2528 886 2584 ab
912 2529 1323 2586 inﬁrmitatibus
1347 2531 1460 2586 suis
1485 2531 1623 2607 (Act.
1651 2534 1745 2603 v);
1770 2535 1913 2604 quod
1945 2543 2123 2590 tamen

534 2617 822 2672 Dominum
866 2616 1065 2676 fecisse
1093 2636 1359 2692 nusquam
1403 2622 1632 2694 legimus
1655 2634 1715 2679 ut
1741 2641 1840 2697 per
1876 2626 2124 2683 umbram

531 2707 784 2764 videlicet
808 2710 890 2764 sui
921 2714 1169 2780 corporis
1220 2713 1519 2768 remedium
1550 2716 1800 2772 sanitatis
1841 2717 2002 2774 alicui
2045 2727 2125 2772 at-

534 2797 737 2852 tulerit.
781 2799 888 2854 Sed
922 2805 1066 2871 quod
1106 2803 1356 2873 prmdixit
1397 2805 1660 2868 exhibuit,
1703 2808 1847 2875 quod
1876 2807 2126 2878 promisit

533 2889 793 2958 implevit.
820 2890 954 2945 Nam
983 2893 1036 2946 in
1084 2893 1323 2964 ejusdem
1352 2894 1580 2951 Joannis
1608 2897 1900 2968 Evangelio
1941 2900 2074 2956 dicit
2106 2919 2120 2956 :

539 2999 558 3033 ι
592 2981 784 3046 Amen,
822 2991 978 3038 amen
1006 2986 1127 3040 dico
1148 2987 1326 3052 vobis,
1353 2988 1446 3057 qui
1484 2989 1658 3043 credit
1706 2991 1757 3044 in
1801 3007 1906 3055 me,
1937 3007 2122 3063 opera,

2230 1805 2384 1860 lieret
2421 1805 2627 1859 charita
2637 1815 2705 1860 te.

2299 1893 2571 1961 Quantum
2611 1903 2790 1949 autem
2835 1893 2978 1965 apud
3006 1893 3294 1948 Dominum
3343 1891 3668 1962 impetrandi
3726 1892 3813 1948 lo-

2229 1997 2377 2050 cum,
2405 1999 2568 2054 quam
2613 1985 2900 2054 praecipua:
2943 1982 3331 2037 familiaritatis
3385 1981 3623 2037 Joannes
3675 1982 3822 2037 obti—

2229 2077 2410 2132 nuerit
2438 2076 2801 2147 privilegium,
2831 2075 2960 2130 hinc
2983 2073 3323 2129 manifestius
3345 2073 3602 2144 colligere
3630 2088 3819 2142 possu-

2229 2180 2383 2231 mus,
2411 2165 2557 2235 quod
2587 2165 2728 2221 idem
2760 2165 2954 2220 beatus
3003 2163 3334 2234 evangelista
3385 2172 3638 2227 testatur,
3691 2164 3818 2232 quia

2229 2258 2284 2314 in
2324 2257 2443 2326 ipso
2469 2255 2651 2312 vitalis
2695 2269 2866 2310 caena:
2903 2254 3153 2309 convivio
3185 2253 3343 2325 ³4],
3389 2252 3548 2309 Jesus
3575 2253 3820 2308 turbatus

2228 2359 2315 2406 est
2341 2351 2554 2422 spiritu,
2605 2357 2660 2406 et
2707 2356 3040 2419 protestatus
3087 2355 3194 2411 est,
3242 2357 3298 2400 et
3333 2345 3516 2400 dixit:
3549 2364 3568 2397 ο
3621 2346 3816 2411 Amen,

2230 2455 2386 2496 amen
2413 2441 2533 2496 dico
2561 2439 2733 2504 vobis,
2763 2438 2890 2508 quia
2924 2453 3062 2494 unus
3090 2453 3156 2493 ex
3202 2437 3357 2493 vobis
3410 2437 3590 2492 tradet
3633 2452 3739 2492 me.
3792 2456 3811 2490 ι

2231 2533 2436 2590 Deinde
2465 2533 2742 2602 sequitur:
2765 2532 3282 2601 «Aspiciebantergo
3303 2531 3372 2586 ad
3396 2531 3625 2587 invicem
3651 2530 3816 2586 disci-

2229 2623 2340 2696 puli
2381 2624 2716 2687 hzesitantes,
2743 2622 2810 2677 de
2858 2637 2965 2691 quo
2995 2621 3222 2676 diceret.
3261 2640 3280 2674 ο
3321 2620 3550 2690 Moxque
3595 2619 3815 2688 subjun-

2229 2714 2308 2784 git
2341 2730 2354 2767 :
2393 2733 2413 2765 ‹
2445 2713 2578 2767 Erat
2606 2728 2736 2782 ergo
2776 2713 3098 2768 recumbens
3132 2719 3270 2767 umis
3299 2728 3364 2766 ex
3390 2711 3668 2780 discipulis
3696 2712 3815 2782 ejus

2231 2806 2286 2861 in
2343 2807 2463 2862 sinu
2509 2803 2660 2867 Jesu,
2706 2819 2867 2873 quem
2927 2802 3181 2872 diligebat
3231 2801 3406 2858 Jesus.
3454 2802 3631 2856 lnnuit
3683 2815 3814 2870 ergo

2230 2897 2359 2952 huic
2389 2896 2577 2951 Simon
2601 2895 2815 2957 Petrus,
2855 2903 2910 2948 et
2937 2893 3070 2948 dicit
3097 2892 3147 2947 ei
3176 2911 3190 2946 :
3222 2893 3354 2959 Quis
3384 2902 3466 2947 est
3505 2893 3570 2948 de
3596 2909 3704 2963 quo
3737 2894 3818 2947 di-

2231 2991 2350 3048 cit?
2389 3010 2408 3044 ι
2453 2990 2632 3059 Atque
2661 2997 2719 3042 ut
2750 2988 2992 3044 historia:
3037 2986 3178 3058 stylo
3209 3003 3314 3042 non
3367 2995 3572 3052 tenear,
3618 2985 3816 3042 Joanni

533 3085 655 3140 quae
678 3087 776 3143 ego
812 3073 970 3140 facio,
1002 3086 1057 3130 et
1084 3078 1198 3147 ipse
1235 3054 1419 3144 faciet,
1468 3089 1524 3134 et
1563 3080 1766 3149 majora
1814 3054 2006 3138 horum
2041 3054 2127 3140 fa;
2154 3054 2201 3118 Ο
2233 3096 2359 3136 mox
2388 3054 2740 3150 interroganti
2775 3077 3034 3133 Dominus
3075 3054 3387 3147 respondit:
3424 3095 3443 3128 ‹
3481 3077 3572 3130 Ille
3598 3086 3702 3143 est,
3727 3077 3815 3132 cui

532 3163 664 3228 ciet,
693 3163 818 3234 quia
851 3179 952 3236 ego
979 3167 1044 3222 ad
1085 3167 1306 3222 Patrem
1346 3185 1526 3223 meum
1554 3172 1692 3226 vado
1721 3171 1903 3242 (Joan.
1936 3175 2068 3245 XIV).
2104 3195 2123 3228 ι

533 3254 822 3310 Enimvero
851 3257 968 3327 ipse
994 3260 1326 3328 cperabatur
1353 3259 1405 3314 in
1446 3260 1628 3328 Petro,
1673 3264 1786 3334 ipse
1813 3264 2024 3321 locutus
2049 3276 2132 3323 est

533 3347 589 3402 in
621 3345 847 3402 Joanne.
883 3368 900 3401 ι
939 3349 1056 3404 Non
1086 3353 1254 3417 enim,
1282 3351 1478 3422 inquit,
1508 3369 1605 3410 vos
1629 3357 1784 3422 estis,
1831 3359 1922 3428 qui
1951 3358 2128 3429 loqui-

532 3437 689 3506 mini,
722 3439 816 3493 sed
863 3439 1098 3510 Spiritus
1128 3441 1305 3497 Patris
1337 3444 1522 3510 vestri,
1552 3445 1642 3513 qui
1671 3445 1912 3517 loquitur
1942 3448 1997 3502 in
2031 3465 2128 3505 vo-

531 3530 616 3586 bis
647 3529 869 3600 (Matth.
901 3531 981 3602 x).
1021 3552 1040 3585 ι

2229 3172 2328 3243 ego
2354 3171 2640 3226 intinctum
2672 3184 2865 3240 panem
2897 3182 3190 3238 porrexero
3223 3166 3407 3238 (Joan.
3438 3167 3584 3254 stu).
3623 3187 3641 3220 ι

2299 3265 2344 3322 Ο
2391 3263 2691 3320 mirabilem
2740 3273 2904 3333 atque
2955 3262 3433 3332 incomparabilem
3487 3263 3662 3317 virum
3690 3304 3704 3328 ,
3763 3271 3817 3318 et

2228 3357 2376 3412 omni
2410 3356 2733 3412 Christianae
2761 3355 3062 3411 devotionis
3089 3354 3358 3425 pmconio
3385 3353 3812 3422 praeferendum!

2230 3450 2369 3506 Ecce
2414 3449 2640 3504 verbum
2669 3445 2944 3518 profertur
2973 3446 3026 3499 in
3073 3443 3307 3499 medium
3329 3483 3345 3510 ,
3372 3452 3428 3498 et
3468 3451 3611 3499 totus
3641 3451 3812 3508 tacet,

2230 3555 2296 3595 ac
2343 3538 2444 3594 sub
2484 3536 2684 3593 silentii
2728 3550 2960 3591 censura
2987 3533 3305 3604 reprimitur
3349 3542 3573 3588 senatus
3600 3541 3817 3601 aposto-

603 3619 799 3674 Merlto
830 3608 1023 3691 nempe
1047 3623 1240 3678 beatus
1265 3623 1503 3680 Joannes
1530 3633 1587 3681 et
1615 3626 1987 3696 praecedentes
2015 3645 2132 3686 om-
2229 3631 2443 3696 lorum;
2479 3637 2627 3684 tanta
2670 3627 2936 3697 siquidem
2989 3624 3235 3696 magistri
3282 3625 3622 3696 praesidentis
3670 3624 3816 3679 vide-

532 3723 634 3764 nes
669 3723 735 3764 ac
777 3710 1172 3780 subsequentes
1216 3711 1520 3768 divinorum
1565 3716 1862 3787 scriptores
1908 3719 2132 3775 volumi-

531 3813 684 3864 num,
717 3799 887 3870 gloria
929 3801 1218 3871 singularis
1244 3805 1506 3872 prmcedit
1540 3805 1763 3876 eloquii,
1808 3823 1969 3878 quem
2022 3826 2128 3865 non

2230 3723 2392 3778 batur
2439 3719 2767 3782 auctoritas,
2816 3727 2874 3772 ut
2913 3718 3014 3772 sub
3060 3716 3306 3776 districta
3353 3732 3411 3773 se
3450 3726 3816 3787 compesceret

2229 3816 2387 3870 beata
2419 3812 2806 3882 discipulorum
2837 3809 3024 3865 concio
3047 3808 3348 3878 disciplina.
3380 3805 3670 3874 Haasit'ant,
3703 3823 3818 3862 am-
3862 3863 3870 3878 ,

530 3890 746 3945 luxuria
797 3893 1010 3962 polluit,
1059 3910 1164 3949 non
1209 3893 1377 3950 libido
1416 3898 1680 3969 corrupit,
1727 3899 1822 3953 sed
1853 3900 2132 3970 virginalis
2233 3906 2454 3974 bigunt,
2498 3912 2660 3972 atque
2701 3902 2845 3956 inter
2893 3914 2953 3954 se
3003 3898 3232 3954 invicem
3283 3900 3562 3955 oculorum
3597 3899 3817 3954 nutibus

532 3985 816 4057 integritas
847 3997 1119 4059 perpetuae
1150 3989 1572 4060 iueorruptionis
1623 3991 1778 4046 titulo
1831 3993 2126 4048 decoravit.

531 4075 638 4142 Qui
688 4077 945 4133 nimirum
979 4081 1231 4150 nuptialis
1279 4082 1485 4152 copulae
1524 4083 1818 4138 thalamum
1852 4086 2127 4151 deserens,

532 4179 750 4219 omnem
801 4167 1070 4222 illecebra:
1123 4170 1358 4226 carnalis
1408 4173 1658 4230 ardorem
1723 4173 1775 4226 in
1825 4173 2129 4228 caelestium

533 4255 851 4310 deliciarum
900 4258 1174 4314 transtulit
1213 4262 1565 4330 voluptatem,
1611 4264 2024 4334 arctissimeque
2071 4282 2131 4321 se

533 4345 589 4400 in
639 4346 720 4400 sui
769 4345 1148 4417 Redemptoris
1194 4366 1258 4405 ac
1302 4351 1577 4406 dilectoris
1607 4368 1790 4407 amore
1828 4354 2125 4424 conjunxit,

531 4446 754 4508 propter
783 4454 944 4509 quem
998 4440 1204 4496 scilicet
1246 4443 1545 4512 conjugalis
1579 4445 1679 4499 tori
1728 4443 1930 4500 fuadera
1975 4447 2127 4500 abdi-

531 4529 693 4583 cavit.
729 4528 885 4585 Unde
930 4531 1186 4587 dlvinitus
1241 4535 1316 4588 illi
1371 4550 1689 4592 concessum
1741 4545 1823 4592 est
1873 4547 1930 4590 ut
1977 4549 2122 4593 tanta

530 4634 626 4674 cor
653 4619 768 4688 ejus
797 4620 958 4675 etiam
986 4622 1130 4678 circa
1157 4623 1354 4680 fratres
1376 4627 1658 4682 charitatis
1683 4629 1854 4698 gratia
1885 4630 2122 4699 replere-

531 4718 639 4775 tur,
672 4720 730 4766 ut
756 4724 1164 4768 sacrosanctum
1195 4717 1449 4786 pectoris
1498 4718 1614 4786 ejus
1665 4719 1921 4788 templum
1975 4722 2123 4776 velut

531 4801 778 4858 eaminus
830 4803 1048 4874 quidam
1103 4806 1271 4862 divini
1318 4809 1593 4863 videretur
1649 4811 1902 4865 incendii.
1972 4812 2126 4878 Quod

529 4893 776 4961 profecto
831 4895 884 4948 in
937 4897 1269 4969 quibuslibet
1336 4898 1636 4971 Scripturis
1701 4899 1818 4969 ejus
1877 4911 2124 4971 patenter

532 4986 861 5056 agnoscitur,
903 4986 964 5041 in
991 4989 1188 5057 quibus
1219 4992 1406 5061 utique
1447 5007 1544 5061 per
1572 5006 1785 5045 omnem
1815 4991 1931 5046 fere
1970 4992 2122 5062 1)-ιεὶ-

531 5089 678 5140 nam,
721 5075 876 5144 quasi
919 5091 1014 5143 per
1037 5082 1300 5147 quasdam
1333 5081 1519 5146 rimas,
1573 5081 1855 5135 charitatis
1893 5097 2121 5149 vapores

531 5163 846 5232 eﬂ'undere,
897 5168 1181 5224 charitatis
1249 5172 1459 5226 videtur
1527 5173 1814 5228 ardoribus
1868 5181 2118 5227 aestuare.

531 5253 689 5311 Modo
717 5256 863 5311 enim
908 5267 1090 5327 patres
1146 5261 1465 5316 nominatim
1521 5265 1587 5318 ad
1639 5264 1963 5318 charitatem
1994 5278 2121 5332 pro-

529 5356 710 5406 vocat.
743 5347 902 5403 modo
933 5363 1038 5403 non
1068 5348 1228 5415 filios,
1262 5351 1354 5405 sed
1384 5352 1599 5418 filiolos,
1625 5355 1776 5423 quasi
1816 5363 2002 5408 tenere
2039 5353 2120 5408 di-

543 5427 754 5488 tantes:
801 5437 1006 5493 mollat.
1038 5438 1196 5495 Modo
1224 5441 1459 5511 propriis
1489 5453 1705 5497 aetatum
1737 5443 2011 5498 vocabulis
2037 5443 2119 5496 in-

555 5515 728 5588 “8008
760 5528 966 5613 appeti?
1032 5527 1288 5598 juvenes,
1331 5531 1492 5585 modo
1539 5533 1812 5603 sigillatim
1871 5534 2124 5590 admonet

539 5612 922 5675 adolescentes.
979 5619 1135 5678 Modo
1182 5621 1346 5678 etiam
1396 5621 1711 5680 mulieribus
1739 5623 1992 5684 epistolas
2033 5623 2126 5680 de-

2157 4406 2205 4466 D

2230 3995 2628 4066 quodammodo
2673 3995 3068 4062 interrogantes
3103 3989 3410 4060 aspiciunt;
3441 4001 3815 4046 verumtamen

2231 4087 2413 4156 lingua
2459 4083 2706 4154 proferre
2747 4081 2893 4152 quod
2941 4080 3213 4151 gestiunt,
3245 4080 3328 4134 vel
3368 4079 3654 4135 Dominum
3686 4097 3818 4136 con-

2231 4177 2439 4232 suleute
2494 4174 2771 4242 inquirere
2812 4187 2918 4226 non
2966 4180 3315 4241 praesumunt.
3369 4168 3534 4225 Tacet
3581 4171 3816 4237 Petrus,

2234 4276 2376 4321 tacet
2402 4265 2524 4321 caeli
2557 4263 2958 4320 clavicularius.
2992 4262 3160 4318 Tacet
3190 4261 3424 4334 denique
3469 4262 3671 4332 lingua,
3700 4279 3819 4332 qua:

2232 4355 2400 4412 clavis
2447 4355 2586 4410 laeta
2626 4354 2886 4410 cmlorum
2906 4394 2921 4419 ,
2950 4353 3145 4408 ctelum
3173 4352 3335 4408 simul
3375 4362 3430 4407 et
3458 4362 3659 4407 terram
3689 4353 3818 4424 ligat

2231 4456 2286 4502 et
2335 4445 2510 4500 solvit.
2560 4444 2726 4499 Tacet
2755 4444 2832 4509 is,
2877 4443 3130 4514 inquam,
3161 4442 3244 4496 cui
3275 4451 3444 4511 porta:
3489 4441 3677 4496 inferri
3711 4458 3816 4494 non

2231 4537 2560 4610 pnevalent,
2589 4537 2680 4608 qui
2709 4534 2908 4604 ligandi
2957 4534 3166 4587 animas
3207 4542 3370 4602 atque
3407 4532 3644 4588 solvendi
3674 4533 3820 4585 obti-

2230 4638 2321 4682 nct
2367 4626 2726 4695 principatum
2764 4622 2982 4692 (Matth.
3031 4621 3163 4692 xvr).
3221 4623 3351 4678 Silet
3393 4621 3673 4687 Andreas,
3725 4623 3817 4690 qui

2229 4720 2330 4787 ipsi
2372 4717 2523 4771 fratri
2575 4715 2639 4769 ad
2684 4715 2884 4768 fontem
2932 4713 3057 4768 vita:
3107 4715 3337 4782 praevius
3378 4713 3476 4766 fuit
3522 4714 3703 4784 (Joan.
3751 4715 3813 4782 ι).

2230 4809 2346 4863 Non
2398 4807 2638 4877 loquitur
2667 4805 2935 4871 Thomas,
2991 4807 3082 4875 qui
3132 4806 3278 4860 viam
3323 4821 3381 4861 se
3428 4805 3639 4861 nescire
3692 4823 3819 4876 pro-

2225 4900 2433 4965 fessus,
2476 4898 2726 4953 eumdem
2773 4911 2894 4952 esse
2939 4896 3082 4951 viam
3111 4937 3125 4962 ,
3170 4899 3454 4952 veritatem
3499 4907 3556 4951 et
3611 4896 3814 4958 vitam,

2223 4988 2342 5058 ipso
2390 4989 2691 5052 referente,
2719 4987 2970 5056 cognovit
3012 4986 3194 5058 (Joau.
3223 4987 3356 5056 xiv).
3391 4985 3504 5041 Non
3537 4987 3822 5056 praesumit

2221 5095 2282 5134 os
2334 5080 2545 5148 aperire
2600 5077 2913 5148 Philippus,
2966 5075 3056 5146 qui
3115 5077 3241 5132 dum
3303 5076 3518 5131 Patrem
3570 5075 3671 5130 sibi
3727 5092 3820 5143 po-

2221 5171 2397 5239 poscit
2437 5169 2686 5234 ostendi,
2738 5168 3002 5238 profunda
3053 5168 3310 5238 mysteria
3364 5165 3654 5220 individua:
3697 5163 3822 5217 Tri-

2220 5261 2406 5316 nitatis
2457 5261 2662 5316 audivit
2706 5260 2918 5332 (lbid.).
2975 5259 3177 5316 Omnes
3208 5266 3410 5323 tacent,
3439 5272 3630 5311 onmes
3664 5256 3822 5310 dubi-

2228 5362 2371 5418 tant,
2399 5364 2453 5409 et
2470 5353 2704 5408 latenter
2751 5352 3056 5422 inquirunt,
3096 5366 3202 5404 non
3249 5349 3467 5419 quidem
3518 5347 3820 5417 prolatione

2229 5444 2551 5510 verborum,
2595 5441 2686 5498 sed
2724 5452 2928 5498 tantum
2966 5441 3186 5496 nutibus
3213 5439 3514 5494 oculorum.

2303 5532 2408 5588 Sed
2449 5549 2570 5588 cum
2613 5548 2700 5587 res
2735 5532 2825 5587 diu
2870 5529 2970 5586 sub
2998 5530 3100 5587 bac
3129 5530 3482 5601 ambiguitate
3521 5527 3816 5597 penderet.

2231 5638 2333 5680 nec
2361 5625 2560 5681 nodum
2593 5622 2881 5680 dubietatis
2909 5620 3176 5692 quispiam
3230 5619 3563 5685 absolveret,
3599 5618 3818 5673 tandem
