4178 6452
360 482 469 543 865
1816 483 1911 542 8Ε]

2013 482 2050 540 D
2088 481 2277 540 LXIV.
3533 490 3643 553 886

356 599 584 661 Joannis
609 598 969 671 patrocinium
1012 601 1304 674 quaeritur,
1333 608 1389 658 et
1417 600 1497 657 sic
1539 599 1608 655 ad
1656 596 1734 655 rei
1764 597 1942 654 dubiae
1966 600 2015 661 Α
2044 607 2220 651 matre
2247 595 2406 651 Verbi
2427 603 2807 667 conversatur,
2830 606 2981 657 tanto
3003 611 3061 658 et
3078 601 3181 674 ipsi
3214 604 3443 662 vicinior
3466 606 3642 668 Vol-bo

356 695 607 753 notitiam
650 695 985 765 pervenitur.
1016 694 1108 751 Ille
1136 695 1424 762 nimirum,
1453 692 1945 765 condiscipulorum
2047 689 2338 744 invenitur.

354 787 411 845 in
451 800 512 842 se
552 799 786 859 persona
835 795 1118 856 suscepta,
1162 784 1443 841 consultor
1486 782 1730 849 accedit,
1758 783 1850 854 qni
1879 785 1945 841 de
2015 770 2036 787 ⁵
2114 778 2185 834 Et
2229 780 2484 850 quoniam
2534 794 2642 835 non
2689 784 2758 839 ab
2801 797 2948 849 atto,
2997 789 3092 841 sed
3143 792 3214 841 ab
3246 785 3363 858 ipsa
3394 788 3638 848 Veritute

354 875 602 947 ampliori
625 872 1009 930 familiaritatis
1054 883 1217 944 atque
1244 872 1549 930 dilectionis
1587 873 1940 945 praerogativa
2045 866 2228 926 Maria:
2256 871 2434 927 dictus
2478 880 2562 926 est
2602 871 2779 928 ﬁlius:
2813 892 2831 925 ι
2867 872 3078 941 Mulier,
3110 878 3256 932 enim
3281 879 3482 949 inquit,
3511 894 3641 937 eccs

351 964 594 1021 conﬁdit.
1549 1023 1564 1033 ο
2043 961 2184 1016 ﬁlius
2224 970 2379 1028 tuus;
2435 982 2452 1015 ι
2498 973 2661 1033 atque
2700 964 2937 1034 idipsttm
2974 968 3283 1023 reiterando
3319 973 3637 1042 conﬁrmat,

418 1053 579 1113 Unde
614 1048 1068 1112 considerandum
1109 1055 1223 1123 esti,
1272 1054 1473 1111 fratres
1525 1056 1664 1121 mei,
1723 1066 1939 1127 quantas
2039 1046 2105 1105 ad
2123 1049 2442 1121 discipulum
2464 1051 2687 1108 dicens:
2712 1070 2732 1104 ι
2760 1053 2901 1110 Ecce
2926 1065 3105 1110 mater
3124 1064 3214 1111 tua
3244 1057 3635 1134 (Joan.ml),a

351 1144 652 1202 devotionis
678 1144 933 1199 instantia
972 1144 1115 1199 beati
1157 1143 1378 1199 Joannis
1407 1142 1651 1216 ﬂagitare
1678 1145 1938 1201 debemus
2039 1152 2199 1195 nemo
2237 1139 2361 1208 jure
2408 1141 2625 1197 videtur
2666 1144 2841 1214 major
2890 1146 3243 1215 meritis-eo,
3272 1149 3366 1219 qui
3412 1150 3638 1222 speciali

348 1236 642 1303 auxilium,
684 1250 846 1305 quem
887 1235 1105 1290 sibimet
1150 1234 1603 1300 interventorem,
1652 1245 1708 1291 et
1751 1232 1850 1306 ipsi
1880 1253 1937 1292 a-
2036 1232 2268 1302 quadam
2300 1232 2470 1303 gloria
2496 1232 2666 1288 frater
2689 1242 2772 1290 est
2799 1235 3115 1293 Salvatoris.

351 1327 541 1398 postoli
570 1326 923 1396 quaesierunt.
957 1324 1229 1392 Quantum
1279 1326 1419 1397 apud
1452 1324 1659 1394 justum
1694 1324 1933 1395 iudicem
2108 1319 2281 1390 Hujus
2318 1320 2485 1392 igitur
2515 1332 2621 1375 tam
2659 1324 2937 1390 sublimis,
2996 1335 3104 1379 tam
3158 1341 3263 1395 ptt,
3307 1335 3418 1382 tam
3457 1331 3632 1397 casti,

346 1435 444 1491 pro
490 1418 866 1492 peccatoribus
904 1418 1134 1490 poterit,
1184 1418 1275 1487 qui
1313 1426 1369 1473 et
1394 1434 1492 1488 pro
1540 1417 1671 1489 ipsis
1698 1419 1911 1475 caelesti:

2037 1424 2257 1480 tantque
2289 1410 2774 1479 praecellentissimi
2825 1412 2938 1469 Deo
2989 1414 3199 1481 dilecti,
3250 1416 3447 1474 fratres
3500 1404 3635 1475 cha-

345 1510 511 1566 curize
540 1508 884 1565 senatoribus
927 1507 1263 1564 intervenit?
1289 1505 1357 1562 Et
1384 1507 1475 1578 qui
1519 1507 1813 1564 advocatus
1847 1508 1977 1565 fa-J
2035 1500 2276 1569 νὶεείωίι
2324 1502 2638 1559 “liorem”
2678 1514 2955 1576 μετεωρια
2998 1522 3268 1574 ﬁeri/arei
3328 1524 3425 1579 per
3473 1510 3637 1583 hujus

342 1613 464 1659 ctus
511 1586 594 1659 est
626 1602 854 1658 summis
878 1641 894 1667 ,
939 1594 1099 1671 quam
1136 1594 1422 1656 humiliter
1451 1600 1820 1672 implorandus
1848 1612 1931 1658 est
2030 1594 2292 1664 vestigia,
2324 1594 2382 1649 in
2411 1602 2674 1665 quantum
2696 1611 3025 1666 possumus,
3050 1599 3191 1654 duce
3216 1600 3399 1655 divina
3455 1604 3636 1673 gratia

344 1711 373 1750 a
420 1695 701 1752 minimis?
738 1693 902 1750 lianc
950 1695 1207 1748 nimirum
1258 1690 1493 1750 hominis
1538 1694 1925 1761 eminentiam,
2030 1684 2350 1749 εἰσάξει-ιιι
2396 1685 2672 1747 incedere.
2722 1687 2877 1755 Quod
2928 1688 2977 1743 Si
3016 1704 3219 1751 :onmes
3265 1705 3388 1747 cum
3428 1676 3638 1763 Joanne

344 1786 484 1841 hanc
513 1784 828 1841 meritorum
853 1776 1165 1839 sublimium
1194 1780 1568 1838 celsitudinem
1596 1782 1819 1856 angelus
1840 1784 1911 1841 illi

2028 1772 2398 1863 virginitatem
2446 1768 2654 1832 habere
2684 1776 2803 1848 jam
2844 1777 2905 1832 in
2948 1792 3118 1837 carne
3173 1795 3281 1837 non
3324 1796 3633 1863 possumus,

342 1876 625 1948 cognovit,
673 1876 766 1948 qui
797 1891 857 1933 se
906 1875 974 1931 ab
1024 1872 1116 1930 illo
1143 1873 1355 1930 adorari
1385 1873 1679 1947 prohibuit.
1713 1894 1732 1929 ‹
1770 1875 1922 1943 Vide,
2028 1861 2156 1930 quia
2194 1870 2321 1933 post
2369 1863 2710 1936 Immsz
2757 1868 2995 1925 secunda
3035 1877 3210 1926 restat
3255 1872 3468 1940 tabida.
3504 1861 3633 1946 ’διαὶ

342 1969 555 2040 inquit,
606 1984 675 2025 ne
711 1967 944 2034 feceris;
977 1980 1272 2024 conservus
1316 1968 1461 2023 enim
1516 1975 1639 2024 tuus
1679 1985 1796 2025 sum
1822 2010 1837 2036 ,
1873 1981 1911 2024 et

2028 1950 2255 2008 deamus
2282 1950 2477 2010 florere
2496 1955 2792 2033 .virtutibus
2809 1996 2824 2022 ,
2863 1964 2919 2013 et
2952 1958 3038 2013 sic
3064 1960 3392 2041 vn'ginitatis
3416 1962 3634 2020 amissos

341 2058 566 2113 fratrum
595 2067 809 2115 tuorum
836 2056 1147 2112 habentium
1177 2054 1544 2113 testimonium
1576 2054 1723 2125 Iesu,
1756 2056 1911 2115 Deun'

2031 2043 2373 2114 dispendium
2398 2046 2602 2115 optime
2626 2048 3123 2118 compensabimus.
3148 2049 3266 2106 Non
3288 2051 3449 2121 igitur
3476 2042 3633 2123 nobis

338 2148 503 2204 adora
552 2148 740 2222 (Apoc.
841 2147 986 2220 ιιι).
1042 2166 1061 2200 ι
1106 2142 1325 2221 Rel‘ngi‘t
1365 2146 1683 2220 obsequium
1725 2148 1794 2207 ab
1837 2150 1911 2208 illi

2028 2137 2275 2193 avaritia:
2306 2137 2473 2194 ardor
2510 2139 2833 2204 inicandeat;
2866 2156 2975 2199 non
3006 2141 3303 2199 iracundia:
3351 2159 3452 2209 nos
3476 2143 3633 2201 furor

338 2239 642 2311 suscipere,
689 2254 850 2310 quem
881 2247 1109 2295 noverat
1142 2240 1282 2310 apud
1324 2254 1666 2297 communem
1688 2238 1924 2311 iudicem
2027 2227 2292 2298 ὶιιψοιιιι.
2321 2227 2438 2284 Non
2462 2227 2521 2285 in
2549 2228 2709 2287 nobis
2734 2228 2951 2293 ﬂamma
2989 2229 3231 2291 libidinis
3262 2235 3490 2315 ωεμιξιζ
3523 2249 3633 2305 non

339 2330 514 2386 locum
561 2331 748 2402 gratim
795 2328 1132 2384 familiariter
1178 2326 1441 2386 obtinere.
1497 2316 1680 2387 Noluit
1733 2334 1911 2389 adora-

2028 2316 2203 2386 turpis
2242 2317 2504 2390 cogitatio
2533 2317 2817 2388 pulchram
2840 2321 3040 2378 animae
3079 2331 3280 2390 nostris
3303 2339 3490 2381 coram
3516 2327 3629 2383 Deo

338 2430 542 2487 torem,
585 2437 744 2494 quem
792 2412 1120 2480 decernebat
1163 2420 1443 2493 aequalem.
1491 2418 1739 2479 Fratrem
1772 2440 1911 2481 reco-

2024 2410 2263 2479 speciem
2296 2410 2491 2468 findet.
2517 2409 2638 2469 Non
2666 2427 2768 2470 nos
2798 2421 3031 2475 terrm
3050 2413 3322 2475 facultatis
3352 2417 3631 2494 abundans

333 2514 557 2588 gnovit,
602 2492 810 2571 socium
833 2506 1132 2583 judicavit,
1165 2492 1512 2581 subjectionis
1558 2513 1920 2571 obedientiam
2024 2501 2096 2555 ῑί⁸
2116 2500 2177 2555 ίη
2218 2502 2529 2572 superbiam
2568 2505 2776 2574 crisat;
2804 2519 2912 2585 ἔλθη
2947 2506 3212 2561 ωηθυίιῧε
3244 2492 3630 2573 misericordiae

335 2621 438 2661 non
481 2606 709 2676 accepit.
740 2603 998 2674 Quamvis
1025 2603 1166 2660 enim
1195 2603 1252 2659 in
1275 2602 1528 2659 omnibus
1551 2606 1754 2661 sanctis
1779 2619 1923 2661 sem-
2020 2595 2233 2649 νηίιοθη
2253 2595 2585 2665 Pauperibus
2604 2596 2841 2653 Claudil-
2870 2597 3064 2667 Visam
3087 2598 3141 2652 in
3168 2598 3326 2654 90W
3362 2611 3628 2672 perpetua

333 2710 428 2766 per
455 2695 525 2750 sit
550 2694 805 2766 angelicae
831 2695 1105 2750 munditiae
1130 2693 1535 2750 contubernalis
1555 2737 1570 2761 ,
1608 2702 1663 2750 et
1689 2704 1911 2767 cognata

2020 2686 2265 2752 castitas,
2288 2686 2590 2752 humilitas,
2619 2687 2881 2757 patientia
2902 2726 2917 2752 ,
2944 2688 3235 2753 sobrietas,
3256 2687 3472 2756 justitia
3496 2705 3623 2761 cum

333 2785 644 2856 virginitas;
677 2783 865 2840 beatus
889 2794 1065 2841 tamen
1104 2783 1341 2840 Joannes
1370 2793 1521 2840 tanto
1548 2785 1782 2856 reliquos
1811 2787 1911 2841 vir-

2018 2776 2253 2846 pietate,
2280 2777 2547 2834 severitas
2574 2792 2698 2833 eum
2730 2777 3166 2843 mansuetudine.
3376 2840 3383 2849 .

331 2877 484 2943 gines
521 2883 775 2946 superat,
829 2884 1033 2946 quanto
1080 2876 1379 2947 virginitati
1409 2876 1582 2932 beata:
1611 2876 1794 2932 Mariae
1824 2891 1911 2947 per

2080 2868 2240 2923 inter
2268 2868 2407 2934 hinc,
2439 2866 2638 2925 fratres
2664 2868 2997 2935 ebarissimi,
3029 2878 3458 2941 cmtcrarumque
3485 2873 3624 2947 dona

330 2969 633 3035 sedulitatis
681 2984 747 3025 ac
794 2974 1070 3040 perpetuae
1118 2966 1281 3042 342
1332 2968 1591 3025 custodia:
1665 2971 1911 3025 meritum

2020 2959 2277 3014 virtutum
2299 2996 2316 3024 ,
2364 2959 2636 3023 charitas,
2664 2973 2786 3029 quae
2812 2968 2990 3025 mater
3022 2969 3107 3014 est
3128 2961 3387 3017 ,otnniunt
3406 3002 3421 3026 ,
3450 2952 3507 3015 in
3539 2976 3627 3016 sa.

330 3060 744 3131 appropinquat.
773 3058 820 3113 A
850 3073 955 3128 qua
985 3057 1098 3113 sola
1128 3058 1375 3114 videlicet
1404 3058 1761 3128 praecédiiur,
1790 3058 1916 3131 quia
2018 3050 2199 3106 01⁸³1³ίο
2239 3050 2477 3121 Moris
2514 3050 2685 3127 nostri
2734 3065 2950 3119 semper
2992 3060 3173 3107 teneat
3215 3052 3575 3125 principatum
3605 3067 3623 3129 ξ

329 3147 628 3227 fecunditas
672 3147 987 3220 virginalis,
1032 3163 1152 3218 quzc.
1181 3157 1264 3203 est
1314 3148 1368 3202 in
1400 3146 1568 3203 Maria
1586 3188 1600 3215 ,
1645 3147 1807 3203 nullis
1834 3157 1917 3204 est
2017 3141 2167 3212 qtlia,
2192 3141 2334 3196 sicut
2356 3139 2597 3198 Joannes
2619 3140 2772 3206 dieil.
2798 3159 2819 3191 ί
2852 3141 2991 3196 Deus
3015 3141 3254 3196 Charitas
3281 3153 3364 3196 est
3387 3140 3438 3213 (Ι
3459 3140 3622 3211 loco,

327 3242 549 3297 omnino
597 3240 805 3298 meritis
847 3240 1244 3311 comparanda,
1294 3248 1345 3295 et
1396 3252 1502 3294 non
1562 3239 1734 3296 solum
1786 3241 1911 3310 quia

2019 3230 2130 3302 tv);
2161 3248 2181 3283 ι
2211 3237 2272 3284 ιιι
2318 3229 2444 3301 quia
2490 3244 2586 3300 per
2628 3229 2951 3285 charitatem
3002 3230 3099 3285 Dei
3149 3228 3318 3285 Filius
3347 3231 3627 3297 descendit

326 3330 553 3412 fecunda
600 3340 714 3401 est,
758 3332 855 3389 sed
902 3304 1029 3402 quia
1057 3304 1276 3387 Demea.
1322 3328 1598 3401 Virginem
1649 3304 1915 3402 etum'pa-
1941 3304 1987 3368 ε
2018 3319 2074 3375 il
2123 3319 2431 3412 Virginem.
2469 3335 2568 3412 per
2602 3334 2723 3374 eam
2758 3334 2859 3412 nos
2904 3319 3112 3412 etaltet
3154 3320 3221 3374 ad
3247 3320 3408 3393 343
3436 3330 3622 3412 pater-

326 3408 480 3489 rere,
511 3408 711 3479 novum
742 3438 807 3479 ac
832 3423 1107 3495 singulare
1143 3431 1259 3487 eet;
1302 3418 1475 3477 Deum
1512 3424 1653 3476 vero
1698 3432 1911 3491 parere,

2018 3425 2103 3466 na
2147 3410 2335 3481 gloriae
2372 3408 2712 3474 claritatem,
2762 3409 2854 3479 qui
2902 3410 3038 3462 vivit
3088 3418 3145 3463 et
3190 3421 3380 3480 regnat
3412 3412 3464 3465 in
3498 3411 3622 3466 Tri-

323 3514 400 3571 ita
445 3530 660 3572 omnem
706 3515 996 3572 novitatem
1043 3506 1431 3585 singularitatis
1468 3518 1791 3583 exsuperat,
1844 3512 1917 3567 ita

323 3608 504 3663 outnia
547 3622 668 3679 qua:
716 3594 960 3663 miranda
1006 3614 1133 3662 sunt
1167 3603 1476 3671 antecedit,
1514 3611 1678 3676 atque
1705 3604 1918 3661 incom-

324 3686 643 3769 parabiliter
669 3697 1073 3767 supereminet,
1101 3705 1161 3751 ut
1194 3704 1295 3752 nec
1320 3702 1501 3751 mente
1540 3694 1786 3766 concipi,
1820 3711 1921 3752 nec

324 3791 506 3864 lingua
548 3790 726 3848 valeat
752 3791 1094 3863 aliquatenus
1127 3789 1406 3863 explicari.
1442 3787 1548 3846 Sed
1587 3792 1729 3847 sicut
1755 3806 1921 3847 vene-

325 3885 510 3940 randae
548 3884 742 3942 matris
786 3883 1001 3941 Domini
1034 3883 1351 3957 virginitas,
1380 3882 1530 3939 beati
1553 3876 1781 3940 Joannis
1808 3884 1922 3941 vir-

324 3976 607 4047 ginitatem
652 3977 902 4045 excedit,
952 3977 1034 4034 sic
1074 3977 1189 4047 ipse
1230 3992 1331 4049 pro
1373 3977 1608 4048 glorioso
1650 3977 1767 4050 ejus
1790 3994 1923 4035 con-

326 4068 575 4125 tubernio
601 4076 830 4126 exteros
857 4083 893 4124 a
927 4069 1116 4125 mundi
1162 4058 1461 4140 primordio
1507 4067 1744 4140 virgines
1770 4078 1923 4126 ante-

324 4158 489 4213 cellit.
662 4216 667 4225 ,
1222 4218 1229 4235 Ι
1252 4144 1271 4231 ἰ

393 4249 510 4307 Huc
540 4250 786 4316 accedit,
826 4248 970 4322 quod
1023 4249 1113 4306 ille
1156 4250 1432 4307 recubitus
1471 4252 1529 4310 in
1552 4246 1778 4324 pectore
1803 4251 1921 4309 Sal-

320 4342 562 4409 vatoris,
608 4341 701 4398 ille
746 4342 961 4399 divinus
1005 4344 1204 4409 ardor,
1256 4332 1422 4416 quem
1473 4360 1541 4400 ex
1570 4360 1770 4402 arcana
1804 4347 1920 4418 ejus

322 4435 673 4506 inspiratione
702 4436 983 4508 concepit,
1018 4436 1093 4491 ita
1126 4437 1180 4491 in
1203 4437 1320 4508 ejus
1350 4438 1649 4495 visceribus
1675 4439 1919 4494 omnium

319 4528 600 4587 iibidinum
650 4527 892 4603 fomenta
936 4528 1152 4585 decoxit
1202 4537 1265 4585 ut
1328 4543 1526 4607 corpus
1575 4522 1693 4597 ejus
1725 4569 1740 4594 ,
1796 4538 1917 4584 tan-

2019 3501 2188 3559 nitate
2252 3498 2525 3572 perfecta,
2583 3515 2722 3557 unus
2780 3511 2838 3555 et
2884 3515 3046 3567 verus
3090 3499 3264 3583 Deus,
3314 3516 3413 3573 per
3439 3505 3621 3561 omnia

2019 3592 2214 3649 sarcula
2246 3593 2590 3648 saeculorum.
2624 3593 2818 3647 Amen.

2591 3704 2823 3762 SERMO
2863 3704 3052 3762 wa.
3170 3776 3175 3781 ο

2115 3812 2186 3853 ιιι
2223 3810 2431 3854 ΒΔ.κῦτο
2465 3810 2663 3853 JOANIB
2701 3809 2974 3852 APOS'I’OLO
3013 3812 3082 3852 ετ
3120 3811 3508 3854 EVARGELISTA.

2563 3867 2731 3937 (xxvr.
2771 3866 3045 3938 nassum).

2088 3981 2428 4048 Gaudemus,
2471 3979 2672 4036 fratres
2714 3979 3020 4037 cbarissimi
3039 4019 3058 4047 ,
3109 3982 3391 4054 copiosum
3420 3995 3617 4046 vestrae

2020 4073 2380 4131 fraternitatis
2423 4074 2615 4130 adesse
2649 4081 3016 4141 conventum,
3058 4075 3186 4146 quia
3218 4076 3346 4137 dum
3395 4094 3496 4137 nos
3546 4058 3617 4138 ad

2020 4164 2355 4237 hodiernam,
2385 4164 2772 4230 festivitatem,
2824 4164 2887 4220 Β.
2933 4163 3161 4224 Joannis
3209 4168 3381 4240 gloria
3411 4187 3614 4243 provo-

2018 4264 2137 4324 cat,
2183 4255 2353 4323 etiam
2404 4254 2643 4327 Spiritus
2684 4264 2942 4323 sanctus,
2993 4266 3053 4312 ut
3106 4266 3215 4314 tam
3257 4274 3614 4335 reverenter,

2020 4357 2129 4405 tam
2174 4347 2432 4420 paciﬁce,
2466 4354 2572 4402 tam
2617 4347 2808 4403 devote
2834 4338 3617 4421 conveniatis,.indnbitanter

2018 4442 2266 4513 inspirat.
2309 4440 2540 4511 Dignum
2585 4439 2783 4511 quippe
2825 4448 2941 4507 est,
2972 4449 3031 4511 ut
3063 4443 3158 4512 qui
3200 4459 3230 4498 a
3261 4443 3477 4503 Christo
3504 4464 3615 4518 prae

2020 4532 2231 4591 unctis
2259 4529 2580 4597 mortalibus
2606 4527 2917 4598 specialiter
2940 4538 3026 4585 est
3057 4530 3316 4598 dilectus,
3347 4549 3379 4588 a
3408 4534 3611 4593 Christi

216 4618 229 4641 ‘
316 4633 482 4689 quam
511 4632 700 4674 revera
724 4617 959 4688 Spiritus
986 4617 1159 4674 sancti
1192 4619 1478 4688 templum,
1508 4633 1538 4673 a
1561 4616 1773 4673 cunctis
1797 4632 1918 4681 ver,
1948 4653 1998 4715 Β
2024 4637 2240 4693 quoque
2265 4620 2614 4678 dilectoribus
2640 4614 2974 4689 permaxime
3004 4621 3283 4691 diligatur,
3310 4624 3610 4694 praesertim

318 4718 472 4766 uaret
500 4708 785 4765 testuantis
814 4708 1049 4769 luxuriae,
1070 4706 1410 4791 squaloribtts
1432 4708 1780 4773 defiecatum;
1818 4724 1917 4765 nec
1950 4706 1990 4715 ’⁷
2023 4729 2146 4771 cum
2188 4722 2245 4769 et
2278 4712 2397 4783 ipse
2444 4710 2589 4767 circa
2642 4725 2741 4766 nos
2778 4717 2943 4765 tantae
2988 4710 3272 4767 cltaritatis
3300 4713 3571 4791 exstiterit
3593 4754 3609 4777 .

316 4801 486 4857 ullum
516 4801 570 4856 in
596 4814 662 4858 eo
685 4800 861 4857 locum
901 4801 1211 4856 vindicabat
1237 4800 1448 4855 flamma
1475 4800 1735 4867 libidinis,
1763 4798 1916 4872 cuius

320 4889 577 4962 templum
609 4891 782 4963 gratia
821 4891 993 4946 sancti
1025 4890 1260 4961 Spiritus
1299 4889 1505 4960 jugiter
1531 4890 1911 4945 obttmbrabat.

190 4980 215 4997 ““
318 4980 593 5049 Quocirca
623 4982 847 5054 dignum
895 4981 995 5037 fuit
1039 4990 1096 5034 ut
1138 4981 1329 5036 beatus
1370 4978 1607 5034 Joannes
1637 4978 1911 5049 apostolus

319 5071 646 5144 arclutngelo
694 5072 930 5129 Gabrieli
986 5072 1053 5128 ad
1099 5071 1400 5127 custodiam
1452 5069 1642 5125 matris
1692 5066 1910 5126 Domini

318 5164 501 5220 socius
542 5162 868 5230 haberetur,
911 5170 1178 5232 quatenus
1224 5160 1316 5216 ille
1363 5160 1605 5217 caelestis
1646 5158 1773 5228 olim
1808 5175 1908 5232 pa-

322 5258 654 5325 ranympbus
698 5255 960 5310 intactam
1012 5253 1289 5325 Virginem
1341 5246 1686 5307 invisibiliter
1729 5254 1913 5306 custo.

318 5346 492 5419 diret,
532 5355 589 5404 et
635 5348 737 5402 iste
789 5346 1091 5402 forinsecus
1137 5344 1415 5416 fragilitati
1464 5332 1713 5399 femineae
1770 5342 1901 5401 obe-

318 5436 532 5493 dientiie
581 5452 694 5494 suae
736 5438 1097 5494 ministerium
1142 5434 1444 5492 exhiberet.
1488 5426 1557 5490 Et
1604 5449 1900 5506 congruum

317 5537 436 5582 erat
474 5538 677 5605 etquae
716 5528 876 5585 talem
913 5529 1128 5601 genuit,
1160 5528 1252 5600 qui
1281 5526 1404 5583 coeli
1450 5512 1611 5582 simul
1658 5536 1713 5582 et
1743 5535 1903 5582 terrai.

317 5619 577 5679 Dominus
600 5631 764 5690 esset,
790 5621 1072 5692 utriusque
1098 5620 1286 5694 patriae
1309 5620 1454 5676 cives
1477 5616 1530 5673 in
1552 5632 1651 5673 suo
1675 5612 1898 5676 consor-

319 5717 394 5774 tio
434 5718 698 5787 haberet;
734 5728 794 5777 ut
839 5720 894 5775 in
943 5733 1040 5777 ore
1081 5720 1336 5787 duorum,
1367 5719 1449 5775 vel
1487 5720 1646 5775 trium
1678 5722 1895 5777 testium

316 5818 488 5866 staret
535 5824 697 5867 omne
729 5812 957 5868 verbum
998 5810 1213 5884 (Matth.
1265 5828 1436 5879 xvnt;
1475 5812 1542 5868 11
1579 5812 1702 5868 Cor.
1750 5815 1894 5887 xm).

314 5901 654 5975 Quapropter
698 5905 889 5961 beatus
920 5902 1153 5962 Joannes
1186 5916 1387 5976 quanto
1418 5906 1733 5975 familiarior
1772 5921 1897 5962 cum

2017 4812 2079 4865 ut
2124 4801 2386 4859 divinitus
2413 4800 2519 4856 sibi
2571 4794 2787 4855 traditis
2814 4799 3093 4869 sapientia:
3132 4808 3188 4854 et
3232 4800 3474 4857 scientiae
3499 4803 3608 4858 cla-

2013 4896 2205 4960 vibus,
2233 4906 2425 4949 omnes
2461 4900 2926 4948 sacramentorum
2970 4890 3271 4945 caelestium
3326 4892 3607 4951 thesauros

2014 4984 2382 5057 expenderet,
2442 4992 2499 5038 et
2546 4990 2762 5039 aeterna:
2801 4980 2925 5035 vitae
2979 4978 3229 5045 divitias,
3280 4996 3415 5051 qttas
3461 4985 3607 5042 solus

2015 5084 2334 5148 acceperat,
2377 5074 2656 5132 nobiscum
2706 5068 3080 5141 participando
3107 5064 3332 5143 largiter
3365 5089 3430 5129 ac
3474 5072 3606 5130 ﬁde-

2015 5170 2141 5228 liter
2176 5148 2633 5241 erogaret.hQuid
2662 5161 2805 5218 enim
2835 5159 3030 5216 divina:
3076 5160 3353 5234 sapientiae
3382 5166 3602 5235 quaeris,

2016 5263 2162 5334 quod
2185 5260 2329 5332 apud
2352 5257 2613 5313 Joannem
2650 5252 2888 5334 reperire
2923 5267 3031 5308 non
3059 5253 3268 5325 possis’
3304 5253 3433 5323 Qua:
3453 5257 3599 5312 enim

2310 5349 2581 5423 pravitas,
2627 5330 2990 5421 quia-Ariani:
3030 5346 3291 5419 perﬁdia,
3340 5364 3460 5418 quae
3508 5338 3603 5402 Ju-

2008 5446 2245 5502 dteorum
2294 5422 2497 5498 vesana
2525 5426 2827 5506 calumnia,
2874 5454 2997 5511 quas
3041 5434 3324 5510 gentilium
3357 5436 3598 5509 philoso-

2005 5536 2237 5607 phorum
2291 5531 2528 5589 versutia
2565 5571 2580 5597 ,
2648 5545 2770 5602 quae
2834 5530 3065 5599 denique
3126 5528 3598 5586 schismaticorum

2004 5623 2368 5684 abominanda
2407 5623 2685 5690 scissura,
2737 5620 2879 5678 beati
2934 5618 3158 5676 Joannis
3207 5634 3316 5675 non
3369 5628 3453 5676 est
3482 5618 3599 5678 elo-

2004 5722 2132 5791 quio
2177 5727 2453 5792 superata,
2508 5716 2734 5788 ejusque
2763 5714 3009 5772 doctrina
3059 5710 3340 5771 evidenter
3368 5712 3600 5771 attrita?

2006 5811 2064 5869 Si
2112 5802 2335 5883 quando
2382 5806 2527 5864 enim
2578 5807 2647 5864 ab
2693 5804 2929 5862 inimicis
2972 5806 3222 5862 veritatis
3269 5805 3600 5879 objiciuntur

2007 5904 2164 5961 nobis
2208 5902 2479 5959 volumina
2525 5901 2920 5974 quaestionum,
2970 5894 3115 5959 illico
3161 5898 3395 5957 Joannes
3436 5911 3594 5955 accc-
