4178 6514
562 466 667 524 867
1174 464 1234 521 S.
1275 463 1480 522 PETRI
1520 463 1802 520 DAMIANI
1840 462 1991 519 OPP.
2038 462 2216 519 PARS
2256 459 2385 520 SEU
2436 460 2673 547 TOMUS
2699 461 2762 517 ll.
2799 491 2874 504 --
2911 462 3304 523 SERMONES.
3739 471 3847 530 868

565 584 644 638 dit
673 583 726 637 in
753 578 1014 643 medium,
1043 576 1282 635 Joannes
1327 578 1588 644 occurrit,
1619 575 1855 634 Joannes
1879 575 2151 631 silentium
2179 587 2229 642 Α
2255 588 2285 627 a
2313 572 2566 629 sinistris.
2591 571 2728 628 Nam
2759 584 3022 653 quantum
3047 575 3114 629 ad
3141 577 3336 642 verba,
3365 578 3465 636 hoc
3489 587 3677 650 petere
3703 581 3853 640 visus

562 672 807 728 verbosis
829 671 1074 740 imponit.
1093 671 1315 737 Quoties
1344 669 1609 738 siquidem
1637 669 1705 725 de
1734 683 1860 722 vera
1899 666 2151 722 bumani-
2250 674 2364 728 est,
2413 674 2471 718 ut
2497 679 2565 718 ex
2599 663 2681 718 eis
2722 679 2888 717 unum
2918 662 3182 721 Dominus
3212 682 3334 721 cum
3366 671 3573 724 dextris
3603 671 3848 741 eligeret,

562 772 698 829 tate,
720 777 784 818 ac
800 762 1079 816 divinitate
1100 761 1302 817 Christi
1324 771 1601 816 certamen
1629 759 1946 829 quaistionis
1971 758 2185 812 obori-I
2251 753 2480 809 alterum
2505 771 2530 807 a
2558 753 2796 808 sinistris
2819 770 2942 808 cum
2967 758 3344 823 peccatoribus
3372 759 3704 829 reprobat-et.
3740 763 3850 819 Sed

562 863 673 919 tur,
703 867 823 923 quze
845 851 1096 907 videlicet
1137 851 1387 906 omnibus
1417 851 1563 920 pacis
1589 850 1825 904 inimicis
1849 848 2151 905 communis
2248 846 2375 917 quia
2399 845 2716 915 insipienter
2739 845 2922 914 petiit,
2956 847 3224 915 repulsam
3253 849 3493 918 patiens,
3535 852 3679 907 illico
3721 870 3846 909 cum

2248 934 2406 1001 filiis,
2439 935 2582 1005 quod
2621 935 2966 1000 merebatur,
2999 938 3246 991 audivit:
3277 957 3295 989 ι
3326 938 3559 995 Nescitis
3579 981 3595 1007 ,
3628 943 3847 1012 inquit,

2247 1028 2377 1098 quid
2431 1030 2651 1098 petatis.
2701 1027 2935 1084 Potestis
2984 1029 3173 1086 bibere
3229 1033 3486 1100 calicem,
3544 1051 3702 1104 quem
3745 1052 3848 1106 ego

2245 1116 2515 1174 bibiturus
2560 1119 2720 1172 sum?
2755 1138 2773 1170 ι
2809 1119 3281 1188 Respondentibus
3315 1131 3494 1177 autem
3528 1141 3541 1176 :
3579 1141 3599 1174 ι
3641 1122 3844 1180 Possu-

2246 1223 2388 1274 mus,
2419 1228 2438 1261 ι
2479 1218 2675 1278 prwa
2712 1209 3028 1278 subjungit:
3079 1228 3098 1260 t
3137 1209 3371 1265 Calicem
3415 1211 3632 1280 quidem
3660 1227 3846 1271 meum

2247 1296 2678 1363 bibetis,sedere
2705 1308 2886 1352 autem
2923 1298 2991 1350 ad
3021 1299 3302 1354 dexteram
3345 1309 3400 1354 et
3449 1300 3519 1354 ad
3560 1300 3845 1361 sinistram

2244 1378 2351 1445 neu
2380 1398 2464 1443 est
2494 1402 2672 1442 meum
2702 1389 2832 1442 dare
2859 1388 3010 1443 vobis
3035 1388 3254 1459 (Matt/2.
3283 1388 3397 1462 xx).
3435 1409 3454 1444 i

2311 1479 2452 1534 Ecce
2481 1479 2566 1533 ltic
2598 1480 2650 1533 in
2675 1478 2857 1534 verbis
2884 1479 3180 1535 Dominicis
3218 1490 3471 1551 patenter
3499 1482 3839 1540 ostenditur.

2242 1572 2368 1641 quia
2422 1567 2658 1625 Joannes
2694 1581 2750 1626 et
2785 1580 2996 1642 martyr
3042 1571 3176 1639 fuit,
3227 1573 3354 1628 dum
3400 1582 3650 1641 constat,
3714 1576 3843 1644 quia

2241 1662 2453 1718 Domini
2479 1662 2704 1716 calicem
2727 1660 2946 1718 biberit.
2980 1662 3047 1717 Et
3075 1678 3263 1718 revera
3299 1675 3508 1736 martyr
3545 1665 3689 1735 fuit,
3711 1668 3842 1735 quia

2240 1757 2410 1812 multa
2443 1773 2540 1827 pro
2579 1757 2806 1812 Domino
2837 1757 3269 1826 persecutionum
3292 1759 3557 1828 supplicia
3585 1758 3838 1830 pertulit.

2241 1847 2447 1918 Martyr
2495 1849 2677 1917 itaque
2721 1847 2856 1915 fuit,
2901 1849 3026 1920 quia
3089 1865 3310 1904 crucem
3353 1849 3568 1905 Domini
3607 1867 3711 1921 per
3749 1852 3836 1905 Slli

559 953 648 998 est
674 943 902 998 materia
919 941 1231 1006 dimicandi,
1260 941 1504 1010 protinus
1531 941 1597 995 ad
1645 938 1869 995 Joannis
1908 937 2152 1008 Evange-

557 1033 693 1088 lium
710 1032 970 1096 curritur,
985 1031 1206 1087 Joannis
1223 1031 1276 1084 in
1298 1045 1478 1101 pugna
1497 1029 1854 1099 patrocinium
1869 1026 2035 1096 quaeri
2044 1036 2146 1090 tur,

557 1134 617 1178 et
647 1123 727 1179 sic
753 1137 879 1178 mox
905 1131 1100 1178 cuncta
1125 1120 1343 1191 litigiosi
1365 1117 1870 1189 certaminisjurgia
1893 1115 2148 1186 conquie-

557 1220 738 1268 scunt.

627 1329 770 1398 Quid
798 1329 964 1399 igitur
1001 1327 1372 1384 necessariqu
1403 1325 1459 1381 in
1487 1324 1783 1391 doctrinis,
1809 1323 1952 1393 quod
1980 1321 2148 1378 Joan-

553 1419 644 1475 nis
693 1418 967 1474 volumina
1023 1425 1372 1472 sacrosancta
1421 1431 1530 1471 non
1589 1415 1852 1469 teneant?
1905 1414 2042 1480 Quid
2091 1413 2144 1466 iti

552 1510 883 1575 virtutibus,
909 1509 1040 1579 quid
1064 1509 1120 1563 in
1169 1509 1378 1564 meritis
1428 1523 1536 1578 quo
1561 1507 1907 1563 beatissimus
1938 1507 2144 1560 incom-

552 1600 875 1671 parabiliter
896 1617 1003 1657 non
1033 1600 1306 1656 excellat?
1334 1599 1622 1671 Apostolus
1645 1599 1910 1670 siquidem
1935 1598 1990 1652 in
2020 1596 2146 1667 Epi-

553 1690 742 1756 stolis,
790 1690 1119 1762 evangelista
1164 1691 1219 1744 in
1265 1690 1588 1759 Evangelio,
1615 1690 1878 1760 propheta
1917 1689 1971 1742 in
1997 1692 2143 1757 Apo-

551 1783 772 1854 calypsi.
798 1781 1068 1853 Propheta
1089 1821 1104 1847 ,
1128 1782 1372 1850 inquam,
1397 1791 1454 1836 et
1474 1797 1580 1837 non
1603 1780 2020 1852 qualiscunque,
2046 1779 2142 1834 sed

549 1873 815 1929 mirabilis
869 1882 1032 1942 atque
1085 1873 1154 1926 ad
1183 1872 1593 1928 similitudinem
1622 1871 1848 1926 alterius
1875 1869 2134 1935 Joannis,

545 1963 833 2034 plusquam
887 1932 1173 2034 pr'ophem.
1215 1961 1350 2016 Nam
1399 1962 1530 2033 quia
1574 1963 1854 2032 propheta,
1901 1932 2134 2016 omam",
2167 1932 2211 1991 B
2239 1938 2484 2034 corporis
2503 1935 2946 2034 aﬂlictionem,et
2969 1939 3338 2034 proximorum
3359 1943 3658 1996 errantium
3681 1947 3835 2034 cont—

543 2061 632 2109 est
669 2051 850 2108 futura
878 2053 1206 2124 praedicere,
1243 2067 1349 2108 non
1401 2053 1690 2124 praesentia
1734 2051 2133 2117 demonstrare,

545 2141 741 2199 beatus
784 2141 1024 2198 Joannes
1059 2142 1301 2213 Baptista
1343 2142 1548 2197 idcirco
1600 2142 1812 2197 cteteris
1859 2142 2134 2212 praphetis

543 2234 770 2300 enituit,
800 2233 926 2303 quia
974 2234 1262 2290 Dominum
1311 2233 1507 2305 digito,
1561 2248 1724 2303 quem
1751 2233 2132 2304 prophetabat,

545 2326 786 2383 ostendit
804 2325 986 2397 (Joan.
1019 2324 1082 2398 ι).
1112 2324 1364 2395 Nunquid
1385 2333 1441 2380 et
1465 2325 1568 2380 iste
1587 2324 1823 2380 Joannes
1849 2324 2132 2395 plusquam

542 2421 812 2492 pr0pheta
859 2436 966 2476 non
994 2429 1111 2487 est,
1153 2420 1246 2491 qui
1275 2429 1474 2491 praeter
1499 2419 1742 2474 omnium
1786 2419 2134 2475 consuetudi-

545 2524 672 2566 nem
696 2509 1086 2580 prophetarum
1107 2550 1122 2576 ,
1153 2509 1503 2580 semetipsum
1523 2511 1804 2578 conspexit
1833 2508 1889 2564 in
1913 2509 2127 2578 spiritu,

539 2607 602 2671 et
620 2601 760 2657 inter
779 2599 1010 2671 plurima
1027 2599 1417 2656 revelationum
1438 2598 1741 2654 caelestium
1766 2607 2127 2664 sacramenta,

540 2670 672 2748 dt'tm
692 2670 886 2762 aquila:
911 2692 1143 2748 volantis
1165 2692 1571 2748 similitudinem
1597 2693 1750 2759 vidit,
1777 2693 2128 2762 semetipsum

537 2782 806 2838 veraciter
832 2782 1187 2854 recognovit?
1216 2782 1464 2838 Ezechiel
1492 2791 1672 2838 autem
1698 2784 1944 2840 eamdem
1977 2785 2130 2854 aqui-

539 2875 650 2932 lam
677 2878 867 2948 spiritu
891 2877 1166 2934 revelante
1201 2877 1483 2948 conspexit
1510 2876 1731 2949 (Ezech.
1762 2873 1832 2947 ι),
1865 2890 1974 2929 non
2002 2874 2127 2943 qui-
2178 2941 2180 2944 ν

538 2967 664 3022 dem
689 2967 960 3023 volantem
978 3009 994 3034 ,
1023 2967 1118 3024 sed
1147 2967 1360 3023 caeteris
1387 2965 1714 3020 animalibus
1735 2964 1965 3032 desuper
1991 2963 2127 3017 emi-

538 3067 779 3113 nentem.
809 3057 944 3112 Cum
973 3072 1080 3127 quo
1107 3056 1356 3111 videlicet
1383 3055 1644 3126 propheta
1675 3054 1865 3107 beatus
1887 3049 2125 3106 Joannes

537 3148 880 3204 considerato
909 3149 1190 3218 utriusque
1227 3145 1502 3201 volumine
1524 3184 1539 3211 ,
1574 3144 1629 3198 itt
1657 3142 1840 3196 multis
1870 3157 1975 3195 non
2004 3156 2122 3194 am-

536 3239 739 3312 bigitur
767 3240 1116 3295 concordare.
1151 3239 1285 3293 Cum
1314 3253 1380 3293 eo
1403 3237 1661 3292 nimirum
1694 3245 1748 3291 et
1769 3236 1995 3298 librum,
2024 3233 2116 3302 qui

539 3332 697 3402 quasi
748 3330 912 3404 3“
969 3330 1097 3399 mel,
1152 3329 1329 3387 dulcis
1401 3339 1542 3396 erat,
1599 3329 1656 3386 in
1713 3345 1808 3386 oro
1875 3331 2118 3387 comedit

535 3427 724 3498 (Apoc.
759 3425 838 3494 x).
863 3433 920 3480 et
951 3422 1251 3480 sanctuarii
1281 3421 1403 3480 loca
1430 3421 1690 3479 describit
1719 3429 1883 3493 atque
1909 3423 1966 3480 in
1997 3425 2116 3494 piu-

535 3511 687 3565 ribus
729 3511 851 3565 aliis
895 3511 1159 3582 propheta
1197 3525 1321 3567 cunt
1367 3512 1611 3582 apostolo
1648 3520 2012 3568 consonanter
2039 3511 2121 3565 in-

534 3599 700 3655 cedit.

525 3794 527 3797 1
602 3719 648 3776 0
691 3735 853 3789 quant
882 3719 1217 3775 admirabilis
1240 3730 1324 3776 est
1349 3721 1576 3777 mutatio
1601 3720 1838 3778 dexterae
1870 3723 2113 3781 Excelsi!

531 3813 706 3884 (Psal.
739 3814 947 3881 Lxxvi.)
969 3813 1013 3870 0
1034 3829 1196 3883 quam
1226 3814 1484 3870 terribilis
1516 3816 1773 3871 Dominus
1801 3816 1854 3870 itt
1881 3817 2120 3872 consiliis

529 3922 694 3976 super
726 3907 863 3961 liiios
891 3905 1170 3962 hominum
1195 3906 1208 3960 Ξ
1233 3905 1404 3978 (Psal.
1440 3906 1586 3978 va.)
1619 3906 1750 3973 Quis
1787 3907 1930 3962 enim
1959 3908 2119 3979 digne

529 3999 870 4063 consideret,
922 3999 988 4053 de
1026 4009 1226 4068 quanta
1279 3999 1580 4054 humilitate
1632 3999 1734 4053 iste
1769 3999 2010 4069 piscator
2049 4000 2119 4054 ad

529 4099 746 4159 quanta:
812 4089 1148 4146 celsitudinis
1217 4090 1428 4145 culmen
1487 4090 1751 4144 meruerit
1805 4089 2121 4145 subiimari?

525 4179 816 4236 Enimvero
845 4182 936 4251 qui
965 4181 1090 4238 olim
1107 4183 1198 4237 viii
1223 4183 1472 4238 navicula
1495 4193 1800 4249 contentus,
1827 4191 1883 4239 et
1911 4184 2117 4239 retibus

529 4273 699 4328 maris
737 4274 1003 4343 profunda
1041 4275 1360 4345 simpliciter
1386 4274 1732 4330 scrutabatur
1753 4316 1769 4341 ,
1811 4291 1954 4332 nunc
1990 4277 2115 4332 illu-

527 4374 714 4420 strauc
761 4365 957 4419 mentis
1000 4367 1150 4420 radio
1178 4375 1390 4420 secreta
1418 4365 1655 4421 caelestia
1687 4375 1964 4436 penetrat,
1994 4385 2115 4439 my-

526 4457 692 4513 steria
743 4456 995 4521 intonat,
1044 4457 1213 4511 divini
1268 4457 1476 4512 consilii
1539 4457 1750 4512 occulta
1809 4459 2116 4515 hominibus

525 4548 760 4614 revelat,
813 4547 1130 4618 prophetica
1187 4547 1454 4618 depromit
1495 4547 1715 4603 oracula
1743 4589 1758 4614 ,
1813 4549 2114 4618 apostolica

525 4641 688 4695 trudit
739 4639 1046 4695 hominibus
1105 4639 1423 4693 documenta
1464 4657 1476 4692 :
1521 4639 1629 4694 imo
1678 4639 1734 4695 in
1791 4636 2194 4711 speculanda!)

523 4746 746 4787 sutntuze
795 4732 1093 4787 divinitatis
1119 4731 1354 4785 essentia
1385 4733 1639 4800 prwcedit
1687 4734 1996 4803 prophetas,
2022 4750 2112 4790 su—

522 4823 866 4895 pergreditur
883 4823 1223 4895 patriarchas
1239 4864 1253 4888 ,
1278 4823 1551 4894 apostolos
1571 4835 1812 4894 superat.
1831 4824 2112 4881 Postremo

525 4916 688 4971 totius
714 4917 1064 4972 humanitatis
1091 4915 1422 4972 transcendit
1445 4916 1680 4985 ingenia,
1705 4926 1760 4971 et
1789 4918 1914 4972 illuc
1942 4933 2114 4988 usque

523 5009 719 5063 mentis
739 5010 909 5064 aciem
943 5012 1114 5064 tendit
1134 5051 1149 5076 ,
1177 5026 1284 5081 quo
1311 5011 1401 5064 vix
1431 5019 1485 5064 et
1515 5009 1759 5077 angelica
1788 5009 1928 5064 valet
1951 5011 2114 5065 attin-

518 5115 650 5174 gere
677 5112 948 5157 creatura.
977 5101 1022 5158 Ο
1049 5102 1144 5158 Dei
1169 5104 1325 5174 plene
1355 5103 1558 5174 gratia!
1593 5122 1611 5154 ι
1647 5101 1760 5156 Pax
1813 5103 1958 5157 enim
1992 5103 2108 5168 Dei,

520 5196 664 5250 sicut
702 5193 1019 5264 Apostolus,
1057 5205 1347 5263 exsuperat
1379 5209 1596 5250 omnem
1638 5207 1857 5249 sensum
1886 5193 2108 5264 (Philip.

521 5285 656 5352 ιν).›
687 5291 744 5338 ιιι
771 5282 901 5338 illud
930 5298 1142 5352 sponsae
1169 5285 1347 5339 dicere
1382 5301 1488 5339 non
1517 5284 1789 5340 immerito
1817 5283 2064 5338 videatur
2092 5301 2108 5338 :

526 5393 544 5427 t
583 5374 882 5430 introduxit
925 5390 1012 5429 me
1057 5390 1152 5429 rex
1182 5374 1234 5427 in
1271 5375 1406 5430 cella
1446 5376 1684 5443 vinaria,
1719 5373 2110 5432 cxsultabimui

519 5477 572 5520 et
598 5467 902 5523 iactabimur
927 5467 981 5520 in
1011 5475 1066 5520 te
1097 5463 1274 5536 (Cum.
1305 5465 1367 5536 ι).
1411 5483 1429 5517 ›

589 5577 881 5634 Pensemus
922 5580 1135 5649 itaque,
1178 5580 1407 5643 fratres,
1447 5588 1706 5647 quantum
1753 5582 1822 5634 ab
1868 5595 1971 5644 eo,
2014 5581 2104 5649 qui

519 5684 666 5724 nunc
700 5681 813 5734 est,
847 5671 1007 5727 homo
1035 5672 1140 5726 iste
1190 5681 1316 5724 tunc
1345 5667 1657 5734 dilferebat,
1688 5671 1903 5741 quando
1934 5684 2104 5725 matre

517 5761 911 5819 interveniente
962 5767 1219 5835 rogabat,
1274 5775 1332 5819 ut
1379 5765 1552 5834 ipsum
1598 5780 1723 5819 cum
1771 5765 1940 5820 fratre
1994 5765 2102 5820 Do—

515 5854 649 5910 tnini
671 5894 687 5917 ,
733 5853 962 5911 alterunt
988 5872 1018 5910 a
1047 5857 1282 5922 dextris,
1311 5857 1538 5912 alterum
1565 5857 1752 5912 sedere
1780 5855 2103 5913 concederet

2236 2027 2544 2097 passionem
2593 2025 2685 2080 diu
2733 2027 2962 2082 vivendo
3007 2028 3244 2097 portavit
3297 2045 3310 2081 :
3361 2037 3415 2083 et
3459 2044 3568 2099 quo
3615 2031 3835 2084 czetcris

2235 2116 2496 2187 apostolis
2551 2116 2604 2172 in
2651 2134 2817 2174 carne
2868 2118 3134 2189 prolixius
3191 2120 3429 2186 mansit,
3484 2137 3550 2176 eo
3595 2121 3833 2176 durioris

2233 2206 2484 2279 martyrii
2531 2217 2799 2263 tormenta
2842 2207 3118 2264 sustinuit.
3171 2207 3327 2264 Unde
3369 2211 3458 2278 pie
3497 2211 3827 2265 credendum

2231 2307 2316 2354 est
2336 2300 2478 2368 quod
2500 2309 2640 2353 inter
2663 2309 2881 2354 centum
2906 2299 2996 2354 illa
3019 2300 3374 2370 quadraginta
3398 2310 3630 2371 quatuor
3657 2302 3825 2358 tniliia

2230 2389 2498 2460 virginum
2522 2429 2539 2458 ,
2584 2391 2677 2460 qui
2725 2391 2928 2446 habent
2967 2407 3163 2447 nomen
3199 2391 3373 2460 Agni,
3410 2402 3465 2447 et
3498 2409 3690 2449 nomen
3723 2395 3827 2449 Pa-

2233 2481 2332 2537 tris
2359 2479 2476 2550 ejus
2514 2483 2775 2552 scriptum
2807 2481 2860 2537 in
2892 2482 3159 2538 frontibus
3188 2484 3303 2538 suis
3324 2524 3339 2550 ,
3371 2484 3462 2554 qui
3498 2486 3665 2554 empti
3696 2497 3826 2541 sunt

2229 2577 2298 2632 de
2347 2586 2530 2644 terra,
2561 2587 2618 2632 et
2665 2586 2890 2632 cantant
2938 2578 3207 2633 canticum
3237 2593 3436 2633 novum
3482 2579 3820 2662 antexsedent

2231 2669 2324 2724 Dei
2369 2677 2432 2728 ~et
2482 2669 2654 2740 Agni,
2688 2669 2776 2724 hic
2801 2667 2864 2723 B.
2903 2668 3138 2725 Joannes
3189 2670 3437 2740 egregius
3490 2670 3564 2724 sit
3606 2681 3660 2724 et
3686 2671 3821 2725 insi-

2227 2764 2386 2834 gnis;
2437 2773 2603 2833 atque
2651 2779 2774 2819 cum
2829 2762 2916 2817 his
2972 2760 3226 2818 omnibus
3266 2769 3419 2817 tanto
3465 2762 3820 2832 pr0pinquiur

2224 2857 2438 2924 Agnum
2461 2869 2783 2925 quocunque
2805 2854 2930 2908 ierit
2952 2853 3134 2923 (Apoc.
3176 2851 3299 2923 xiv)
3322 2853 3585 2921 sequitur,
3609 2864 3814 2922 quanto

2225 2956 2280 2998 et
2320 2944 2496 2999 eidem
2524 2943 2680 3013 Aguo
2733 2941 2982 2998 dilectior
3027 2957 3092 2996 ac
3129 2939 3452 2996 familiarior
3482 2943 3730 3007 exstitit,
3761 2954 3820 2995 et

2225 3035 2446 3103 insuper
2474 3035 2634 3088 matri
2661 3030 2809 3101 ejus,
2842 3047 2962 3101 quae
2992 3029 3157 3103 Virgo
3183 3040 3268 3086 est
3296 3031 3560 3100 virginum
3579 3071 3593 3095 ,
3623 3045 3819 3100 perpe-

2223 3131 2317 3175 tua
2370 3121 2462 3176 lilii
2503 3122 2841 3191 subjectionc.
2882 3120 3181 3188 conjunxit.
3225 3120 3361 3174 Nam
3399 3135 3467 3175 ex
3503 3123 3816 3190 utriusque,

2223 3215 2412 3268 matris
2452 3213 2730 3276 videlicet,
2773 3213 2978 3282 filiique
3022 3211 3336 3276 consortio,
3389 3209 3615 3266 Joannis
3647 3211 3817 3282 virgi-

2146 3289 2192 3350 Ο
2223 3303 2366 3360 nitas
2392 3303 2720 3359 excellenter
2758 3302 2979 3367 enituit,
3025 3309 3082 3355 et
3107 3317 3388 3372 quousque
3426 3302 3660 3357 humana
3691 3317 3815 3371 pos-

2222 3401 2350 3447 sunt
2394 3393 2590 3447 merita
2637 3391 2900 3461 provehi,
2945 3390 3103 3463 quasi
3152 3400 3295 3446 meta
3334 3392 3598 3446 virtutum
3633 3391 3810 3448 factus

2222 3481 2594 3539 indesinenter
2620 3482 2881 3537 excrevit.

2288 3572 2452 3646 345
2494 3572 2683 3645 Neque
2710 3573 2857 3628 enim
2902 3571 2994 3627 illa
3032 3571 3218 3638 verba,
3257 3587 3378 3643 qua:
3415 3573 3666 3630 Salvator
3705 3591 3810 3632 no-

2219 3673 2337 3721 ster
2379 3665 2434 3720 in
2479 3678 2642 3720 cruce
2691 3665 2900 3735 positus
2947 3665 3192 3734 protulit,
3227 3684 3243 3717 t
3278 3665 3490 3730 Mulier,
3533 3667 3806 3736 inquiens,

2218 3772 2348 3813 ecce
2381 3755 2524 3812 filius
2555 3767 2700 3823 tuus,
2732 3776 2750 3807 ι
2776 3756 2846 3812 ad
2869 3756 3189 3826 discipulum
3218 3768 3398 3812 autem
3425 3775 3438 3812 :
3477 3779 3495 3810 t
3524 3758 3665 3814 Ecce
3693 3777 3812 3815 ma-

2221 3856 2303 3902 ter
2331 3854 2422 3903 tua
2451 3845 2635 3919 (Joan.
2661 3846 2801 3919 xui),
2831 3865 2852 3900 ›
2889 3847 2970 3902 sic
2995 3847 3317 3917 simpliciter
3335 3861 3462 3904 sunt
3491 3851 3808 3921 accipienda

2219 3951 2279 3993 ut
2331 3939 2569 3994 humano
2619 3943 2828 3993 tantum
2878 3939 3168 3994 videantur
3215 3955 3365 3996 more
3427 3942 3658 4012 prolata,
3709 3944 3807 4000 sed

2217 4046 2444 4102 prorsus
2497 4029 2737 4094 ellicacia
2787 4041 2933 4096 sunt,
2982 4039 3037 4085 et
3087 4031 3285 4085 divinis
3331 4032 3623 4088 virtutibus
3670 4034 3806 4089 fulta

2217 4131 2380 4191 atque
2410 4119 2708 4178 inevitabiii
2753 4119 3008 4176 Veritatis
3031 4122 3361 4178 auctoritate
3390 4124 3641 4179 subnixa.
3670 4125 3806 4181 illud

2215 4212 2364 4266 enim
2414 4213 2633 4266 unicum
2673 4211 2854 4268 Patris
2901 4212 3158 4281 Verbum,
3200 4215 3344 4282 quod
3381 4215 3435 4270 in
3473 4233 3636 4274 cruce
3673 4233 3806 4289 pen-

2216 4301 2406 4365 debat,
2455 4302 2883 4368 substantivum,
2927 4311 2985 4358 et
3023 4304 3486 4360 consubstantiaie
3534 4307 3682 4362 Patri
3740 4325 3806 4364 ac

2215 4397 2600 4467 sempiternum
2638 4405 2746 4462 est,
2794 4407 2957 4467 atque
3007 4397 3211 4455 idcirco
3267 4401 3435 4455 verba
3486 4416 3605 4469 quae
3655 4401 3806 4457 locu-

2218 4499 2303 4542 tus
2344 4497 2460 4554 est,
2500 4489 2626 4559 quia
2671 4489 2904 4558 Spiritus
2935 4499 2988 4543 et
3020 4490 3131 4544 vita
3170 4502 3324 4556 sunt,
3363 4490 3597 4547 inaniter
3628 4503 3805 4550 trans-

2216 4578 2296 4633 ire
2320 4593 2425 4632 non
2457 4588 2746 4648 potuerunt
2772 4596 2785 4632 :
2816 4598 2834 4630 (
2869 4579 3098 4646 Caelum,
3131 4580 3305 4650 inquit
3331 4582 3444 4650 ipse
3471 4581 3595 4650 pius
3620 4581 3798 4649 Jesus,

2220 4680 2276 4725 et
2315 4679 2462 4724 terra
2517 4669 2845 4734 transibunt,
2886 4671 3050 4724 verba
3073 4681 3255 4726 autem
3305 4685 3424 4725 mea
3471 4686 3579 4726 non
3623 4682 3806 4728 trans-

2215 4762 2370 4818 ibunt
2395 4761 2612 4832 (Matth.
2655 4777 2820 4827 xxiv;
2863 4761 3036 4816 Marc.
3078 4763 3219 4835 xm).
3248 4782 3266 4816 ι
3303 4764 3456 4820 Sicut
3491 4766 3636 4821 enim
3665 4767 3804 4822 dixit

2216 4852 2409 4908 matri:
2449 4871 2466 4903 t
2507 4851 2607 4906 ilic
2657 4862 2742 4906 est
2771 4852 2913 4907 iiiius
2941 4861 3063 4908 tuus
3098 4855 3280 4926 (Joan.
3312 4857 3463 4926 xui),
3511 4876 3530 4910 ι
3567 4857 3640 4912 ita
3665 4856 3803 4914 dixit

2218 4942 2498 5012 discipulis
2531 4962 2542 4997 :
2577 4961 2595 4993 t
2628 4942 2741 4997 lloe
2795 4954 2879 4997 est
2916 4960 3112 5014 corpus
3159 4961 3338 5000 meum
3371 4945 3584 5016 (Matth.
3625 4963 3796 5014 xxvi;

2215 5033 2345 5088 Luc.
2379 5038 2534 5106 xxii).
2561 5054 2579 5087 ι
2609 5035 2675 5088 Et
2703 5043 2883 5090 tantus
2915 5035 3016 5090 fuit
3049 5035 3103 5090 itt
3140 5036 3246 5102 illis
3281 5037 3464 5092 verbis
3487 5035 3712 5093 effectus
3739 5049 3801 5094 ut

2215 5125 2360 5178 illico
2385 5125 2540 5193 panis
2566 5125 2654 5179 ille
2680 5140 2841 5194 quem
2888 5125 3054 5181 dabat
3098 5125 3440 5182 Doutinicum
3485 5128 3638 5184 ﬁeret
3668 5143 3796 5184 cor-

2212 5229 2334 5283 pus.
2362 5213 2776 5308 Dixileltilll,.el
2801 5217 2983 5271 omnia
3031 5215 3176 5270 facta
3204 5227 3365 5283 sunt;
3400 5218 3698 5286 mandavit,
3742 5232 3801 5278 et

2212 5312 2399 5360 creata
2436 5314 2562 5360 sunt
2617 5303 2790 5377 (Pial.
2817 5307 3063 5379 chvnt).
3093 5308 3172 5362 Ex
3228 5309 3464 5380 quadam
3495 5311 3677 5380 itaque
3719 5313 3800 5366 si-

2211 5393 2536 5461 militudine,
2575 5397 2618 5451 si
2651 5398 2833 5454 dicere
2881 5399 3198 5465 audeamus,
3223 5409 3280 5455 et
3322 5400 3386 5454 Β.
3414 5399 3652 5459 Joannes
3682 5419 3796 5460 non

2211 5486 2384 5541 solum
2422 5488 2519 5542 lilii
2575 5489 2779 5558 potitus
2821 5500 2906 5545 est
2947 5490 3186 5558 nomine,
3222 5491 3316 5547 sed
3354 5501 3578 5562 propter
3623 5497 3796 5552 verba

2210 5577 2301 5632 illa
2347 5578 2663 5646 Domin-ica,
2712 5582 2980 5651 quoddam
3030 5584 3203 5653 majus
3253 5584 3671 5640 necessitudinis
3703 5603 3797 5640 sa-

2206 5683 2542 5729 cramentum
2573 5675 2714 5743 apud
2748 5675 2961 5729 beatam
2994 5675 3271 5746 Virginem
3299 5678 3498 5732 meruit
3519 5678 3788 5733 obtinere.

2275 5762 2696 5819 Consideremus
2721 5766 2925 5835 itaque,
2961 5767 3317 5833 dilectissimi,
3357 5779 3572 5838 quanta:
3601 5769 3796 5838 gloriae

2211 5868 2440 5926 magnus
2463 5855 2549 5910 vir
2599 5855 2704 5912 iste
2745 5857 3046 5914 credendus
3095 5869 3196 5926 cst,
3253 5860 3342 5930 qui
3375 5875 3472 5930 per
3513 5860 3794 5931 quoddam
