4178 6450
362 432 468 488 869

1822 411 2269 490 sattnb'mnv.

3515 446 3625 503 870

364 543 674 616 adoptionis
712 556 928 597 arcana
976 543 1293 614 mysterium
1350 551 1406 597 et
1456 542 1599 599 ﬁlius
1625 542 1863 614 Virginis
1895 555 1950 599 et
1977 555 2023 609 Α
2051 563 2174 602 eum
2217 549 2285 603 ad
2332 548 2517 619 gloria
2560 563 2697 604 mea
2738 549 3071 605 consortium
3128 551 3474 609 transferam.
3521 556 3632 611 Ve-

365 635 533 692 frater
576 644 661 689 est
704 632 1024 689 Salvatoris.
1082 634 1220 689 Hinc
1255 644 1339 689 est
1373 637 1516 704 quod
1561 643 1796 689 mentem
1831 648 1949 703 ejus

370 730 719 799 omnipotens
765 726 906 782 Deus
961 728 1027 781 ad
1079 738 1285 781 tantum
1334 729 1584 797 puritatis
1613 744 1677 784 ac
1706 729 1945 799 mystica

370 819 714 876 rea'elationis
743 818 953 872 culmen
1008 819 1189 873 evexit
1219 832 1276 872 ut
1305 819 1353 873 ei
1403 836 1507 873 non
1563 820 1721 874 modo
1749 830 1948 874 statum

366 911 621 967 Ecclesia
650 909 933 979 prasentis
958 911 1288 972 ostenderet,
1322 912 1415 965 sed
1452 910 1614 964 etiam
1641 911 1769 979 quid
1799 913 1948 966 dein-

370 1016 499 1070 ceps
530 1000 770 1053 futurum
818 1008 964 1053 esset
992 1014 1162 1067 usque
1211 1000 1264 1053 in
1292 1010 1615 1069 perpetuum
1661 1001 1948 1056 revelaret.

367 1095 521 1150 Unde
551 1102 607 1147 et
638 1092 785 1146 illam
816 1091 1051 1146 nobilem
1097 1108 1253 1147 suam
1303 1093 1523 1162 scripsit
1551 1093 1946 1164 Aperalypsim,
1982 1122 1985 1135 ν

370 1201 495 1256 qua
546 1183 801 1238 nimirum
863 1184 1029 1237 tantis
1083 1184 1433 1252 cognoscitur
1479 1185 1785 1239 redundare
1838 1200 1953 1255 my-

364 1275 543 1331 steriis
566 1283 626 1327 ut
644 1282 723 1327 tat
744 1272 993 1326 videatur
1014 1272 1215 1326 habere
1241 1281 1577 1327 sacramenta
1606 1284 1737 1342 quot
1761 1274 1948 1336 verba,

366 1369 477 1422 imo
533 1366 587 1421 in
638 1364 819 1420 verbis
864 1362 1093 1434 singulis
1142 1363 1471 1433 multiplices
1523 1363 1731 1417 lateant
1783 1362 1944 1417 intel-

365 1456 558 1512 lectus.

436 1546 565 1613 Qua
594 1546 838 1615 profecto
887 1558 1008 1599 cum
1044 1550 1250 1612 septem
1301 1543 1446 1598 Asia
1472 1542 1732 1600 Ecclesiis
1778 1543 1949 1599 mitti-

367 1646 473 1700 tur,
499 1637 645 1692 omni
693 1634 980 1689 universali
1028 1634 1301 1700 Ecclesia,
1338 1650 1460 1704 qua
1498 1637 1599 1690 sub
1648 1634 1949 1706 septiformi

368 1726 604 1796 Spiritus
630 1726 805 1781 sancti
837 1724 1040 1797 regitur
1072 1725 1409 1796 magisterio,
1447 1726 1773 1781 destinatur.
1797 1724 1951 1780 Unde

364 1830 703 1885 consequens
731 1825 815 1869 est
858 1823 917 1868 ut
948 1830 1140 1869 omnes
1189 1815 1447 1871 Ecclesia
1492 1829 1586 1885 per
1614 1816 1801 1871 orbem
1845 1824 1951 1870 ter-

2052 637 2218 695 niam,
2259 646 2320 691 ut
2347 638 2622 693 laboribus
2648 637 2766 706 ejus
2794 639 2969 709 digna
3010 642 3464 698 remunerationis
3491 659 3632 713 pra-

1998 723 2007 741 ‘
2052 729 2218 783 mium
2246 731 2486 785 reddam.
2519 731 2602 786 Ad
2648 731 2807 800 hujus
2837 731 3070 801 denique
3100 733 3476 801 promissionis
3503 733 3635 791 εσθ-

2049 832 2193 876 ctum
2222 823 2427 878 clarum
2451 824 2601 879 dedit
2636 825 2917 889 indicium,
2964 840 3087 879 cum
3135 825 3188 879 in
3230 824 3345 894 ejus
3365 827 3515 881 obitu
3542 842 3634 881 ra-

2050 910 2289 965 diantem
2327 911 2455 967 fecit
2480 912 2787 967 enitescere
2813 912 3011 978 lucem,
3056 927 3154 981 per
3185 929 3344 982 quam
3384 914 3635 969 videlicet

2055 1003 2258 1073 liquido
2306 1005 2483 1074 patuit
2528 1003 2702 1072 ipsum
2759 1003 2971 1058 caelitus
3015 1004 3298 1059 advenisse
3357 1004 3494 1060 lucis
3537 1021 3633 1059 au.-

2050 1105 2275 1149 ctorem.
2306 1095 2472 1150 Atl'uit
2493 1096 2678 1165 itaque
2708 1095 2968 1151 Dominus
2991 1097 3365 1166 promissionis
3391 1112 3502 1151 sua
3524 1113 3629 1150 non

2053 1184 2358 1251 immemor,
2388 1188 2479 1256 qui
2500 1195 2555 1240 et
2577 1187 2811 1240 animam
2844 1186 2962 1256 ejus
3009 1187 3061 1240 in
3089 1185 3179 1241 illa
3220 1200 3468 1255 superna
3506 1186 3631 1241 Hie-

2050 1275 2285 1329 rusalem
2324 1276 2506 1345 quiete
2553 1276 2853 1345 susciperet
2888 1284 2945 1329 et
2974 1277 3399 1331 sacratissimum
3429 1291 3627 1346 corpus

2053 1366 2108 1419 in
2146 1380 2230 1430 ea,
2260 1380 2380 1434 qua
2410 1366 2523 1435 ipse
2544 1366 2716 1431 novit,
2743 1365 2939 1420 secreti
2961 1380 3209 1421 recessus
3235 1380 3434 1421 arcana
3460 1374 3634 1420 trans-

2052 1454 2241 1510 ferret.
2266 1454 2401 1509 Nam
2423 1465 2480 1509 et
2501 1456 2567 1510 de
2593 1454 2657 1509 Β.
2688 1454 2876 1509 Enoch
2902 1454 3100 1524 legitur
3120 1454 3245 1523 quia
3277 1453 3637 1510 ambulaverit

2051 1559 2176 1597 cum
2207 1545 2337 1609 Deo,
2361 1552 2416 1599 et
2448 1559 2555 1599 non
2585 1544 2979 1609 inveniebatur,
3016 1544 3141 1613 quia
3176 1543 3449 1598 transtulit
3474 1542 3625 1597 illum

2051 1635 2194 1691 Deus
2216 1634 2369 1706 (Gen.
2392 1635 2469 1706 v).

2119 1724 2240 1779 Jam
2269 1740 2398 1779 vero
2428 1724 2557 1778 illud
2588 1724 2712 1794 quis
2737 1724 2899 1793 digne
2926 1724 3156 1779 miretur
3202 1725 3345 1795 quod
3372 1723 3426 1780 in
3449 1723 3630 1793 sepul-

2051 1830 2146 1869 cro
2171 1815 2288 1885 ejus
2316 1830 2510 1869 manna
2544 1817 2814 1884 reperitur
2857 1823 2912 1867 et
2966 1814 3019 1867 in
3051 1823 3209 1868 terra
3258 1828 3425 1884 specu
3475 1815 3629 1884 panis

363 1920 547 1961 rarum
575 1904 998 1973 circumquaque
1025 1903 1233 1959 diffusa
1274 1920 1380 1960 non
1418 1905 1665 1960 dubitent
1700 1904 1762 1959 Β.
1789 1904 1948 1960 Joan-
1982 1900 2027 1959 Β
2050 1904 2176 1958 οωιί
2198 1919 2327 1958 ’11οη
2354 1903 2545 1967 semel,
2590 1903 2684 1957 sed
2710 1903 2951 1973 quotidie
2988 1904 3269 1957 nascitur?
3312 1903 3389 1958 De
3432 1917 3629 1956 manna

363 2010 489 2052 nem
517 2008 856 2049 communem
890 2010 949 2049 se
988 1995 1191 2049 habere
1239 1995 1539 2051 doctorem.
1567 1995 1774 2063 Quibus
1802 1996 1951 2051 vide-

362 2086 487 2141 licet
511 2093 767 2153 tanquam
797 2084 1049 2155 egregius
1074 2084 1295 2155 quidam
1340 2084 1539 2155 regalis
1563 2085 1778 2155 imperii
1812 2100 1950 2140 nun—

365 2176 492 2239 tius,
518 2175 588 2229 ab
606 2174 734 2230 Jesu
776 2173 1013 2239 Christo,
1049 2175 1142 2245 qui
1190 2184 1276 2230 est
1310 2175 1466 2229 testis
1510 2174 1703 2239 ﬁdelis,
1752 2175 1952 2244 primo-

366 2265 581 2335 genitus
630 2265 876 2318 rivorum
927 2272 984 2320 et
1028 2272 1367 2319 mortuorum
1395 2306 1411 2330 ,
1458 2272 1514 2318 et
1561 2264 1814 2334 princeps
1865 2279 1953 2319 re-

363 2370 491 2425 gum
542 2362 701 2408 terra
749 2352 968 2408 caelitus
1020 2353 1360 2417 destinatus,
1407 2354 1634 2424 gratiam
1687 2352 1847 2407 simul
1897 2361 1954 2407 et

364 2461 549 2517 pacem
598 2447 667 2501 ab
697 2460 763 2501 eo
804 2446 899 2517 qui
935 2456 1039 2512 est,
1080 2454 1136 2502 et
1163 2446 1255 2516 qui
1300 2456 1437 2512 erat,
1467 2455 1524 2500 et
1563 2445 1653 2514 qui
1690 2434 1951 2499 venturus

364 2546 470 2604 est,
498 2535 678 2592 attulit
705 2545 761 2592 et
802 2536 971 2592 multa
1007 2537 1204 2593 secreti
1229 2536 1467 2592 caelestis
1496 2536 1753 2607 mysteria
1800 2543 1952 2605 pate-

362 2625 510 2681 fecit.

431 2714 551 2771 Jam
575 2730 705 2771 vero
734 2715 824 2770 illa
888 2715 1061 2773 beatae
1091 2715 1427 2787 migrationis
1456 2716 1575 2785 ejus
1604 2717 1816 2771 novitas
1847 2716 1949 2771 mi-

364 2803 557 2860 rabilis
575 2819 737 2874 quem
769 2819 876 2860 non
903 2807 1158 2861 moveat?
1193 2806 1326 2872 Quis
1354 2804 1679 2861 felicissima
1699 2821 1951 2862 consum-

364 2895 620 2950 mationis
647 2895 872 2967 gloriam
920 2912 1030 2951 non
1074 2896 1420 2966 Obstupescat
1446 2897 1473 2951 ἲ
1497 2895 1634 2963 Quia
1659 2897 1805 2950 enim
1852 2897 1952 2950 mi-

366 2983 615 3040 rabiliter
632 2985 794 3051 vixit,
826 2985 1150 3040 mirabiliter
1186 2984 1324 3041 obiit
1353 3001 1367 3046 ;
1396 2995 1452 3040 et
1500 2986 1628 3057 quia
1659 3002 1767 3041 non
1796 3000 1948 3041 com-

366 3089 585 3131 munem
614 3089 738 3131 cum
783 3076 1095 3131 hominibus
1121 3076 1286 3129 vitam
1332 3075 1505 3141 duxit,
1538 3092 1646 3131 non
1678 3078 1951 3132 communi

364 3163 643 3219 hominum
668 3174 843 3219 morte
884 3165 1157 3219 transivit.
1208 3162 1368 3231 Nam,
1403 3174 1465 3219 ut
1512 3166 1753 3221 historia
1778 3168 1951 3222 conti-

2048 1996 2267 2065 quippe,
2310 1994 2460 2051 salvo
2487 1994 2664 2050 altiori
2695 1995 2981 2065 mysterio,
3023 1997 3284 2065 scriptum
3324 2004 3408 2051 est
3436 2013 3450 2048 :
3478 2013 3498 2046 ι
3527 1995 3629 2049 Pa-

2049 2100 2171 2139 nem
2203 2086 2268 2140 de
2296 2089 2434 2140 calo
2480 2085 2673 2140 dedisti
2716 2084 2818 2149 eis,
2852 2085 3098 2150 Domine,
3152 2085 3441 2139 habentem
3468 2101 3630 2140 omne

2048 2174 2503 2230 delectamentutn
2531 2173 2682 2245 (Sap.
2720 2174 2852 2246 avt).
2878 2193 2897 2227 ι
2948 2174 3182 2229 Veniant
3229 2175 3393 2243 igitur
3436 2190 3628 2229 omnes

2050 2266 2299 2321 nationes
2348 2265 2609 2335 gentium,
2649 2274 2704 2320 et
2749 2266 3139 2335 obstupescant
3166 2264 3487 2319 miraculum
3514 2282 3632 2319 0m-

2050 2358 2209 2411 nibus
2241 2358 2441 2426 ubique
2490 2357 2707 2412 saculis
2748 2356 3071 2411 inauditum.
3105 2356 3357 2419 Veniant,
3388 2355 3629 2425 inquam,

2048 2458 2105 2504 et
2124 2448 2454 2503 admirantes
2474 2447 2740 2517 aspiciant
2758 2447 2883 2517 quia
2906 2447 2961 2501 in
2989 2446 3254 2516 sepulcro,
3279 2446 3420 2515 quod
3444 2444 3633 2515 procul

2049 2540 2214 2594 dubio
2240 2539 2431 2594 domus
2476 2548 2561 2594 est
2600 2539 2888 2605 vermium,
2919 2539 3075 2607 panis
3126 2538 3369 2591 nascitur
3406 2537 3630 2606 angelo-

2048 2646 2195 2694 rum,
2222 2630 2358 2684 adeo
2384 2637 2444 2683 ut
2486 2644 2609 2682 cum
2647 2627 2918 2697 Propheta
2952 2628 3005 2681 in
3055 2627 3231 2696 magni
3264 2627 3506 2681 muneris
3529 2626 3630 2681 ad-

2047 2718 2338 2774 miratione
2366 2718 2679 2789 pronuntiet
2710 2718 2852 2787 quod
2888 2716 3183 2772 Israelitico
3208 2715 3402 2786 populo
3432 2730 3628 2771 manna

2050 2810 2196 2864 Deus
2243 2808 2514 2865 concessit
2560 2810 2613 2863 in
2660 2810 2863 2874 cibum,
2922 2809 3149 2864 dicens:
3185 2827 3204 2859 ι
3254 2807 3454 2861 Panem
3506 2804 3631 2861 cceli

2050 2904 2198 2957 dedit
2247 2903 2327 2957 eis
2378 2920 2393 2969 ;
2454 2918 2648 2972 panem
2697 2901 3012 2971 angelorum
3072 2900 3425 2956 manducavit
3467 2899 3633 2954 homo

2051 2991 2225 3065 (Ρειι.
2254 2994 2459 3062 ιιιγιι)
2489 3008 2503 3059 ;
2528 3010 2545 3043 ι
2576 2993 2717 3061 quod
2751 2991 2857 3045 illis
2902 3000 3031 3045 tunc
3062 2991 3378 3045 mittebatur
3401 3003 3433 3044 e
3472 2987 3630 3052 calo,

2052 3100 2198 3139 nunc
2224 3085 2491 3140 scaturire
2521 3083 2858 3152 conspicitur
2891 3097 2923 3136 e
2946 3081 3215 3151 sepulcro.
3246 3080 3305 3136 Si
3331 3080 3476 3135 enim
3518 3094 3633 3133 ma-

2052 3191 2215 3246 guum
2242 3176 2299 3230 in
2332 3185 2476 3230 terra
2503 3174 2822 3229 miraculum
2850 3188 3046 3228 manna
3081 3188 3189 3227 non
3233 3180 3398 3237 esset,
3430 3187 3635 3242 nequa-

361 3264 515 3321 nent,
563 3256 884 3326 quadratam
934 3256 989 3310 in
1046 3255 1295 3311 Ecclesia
1346 3255 1465 3310 ﬁeri
1513 3254 1725 3311 foveam
1766 3257 1945 3327 jussit,
1976 3257 2022 3318 C
2052 3281 2213 3335 quam
2243 3265 2410 3337 Moysi
2448 3265 2708 3320 Dominus
2741 3264 2948 3319 servari
2979 3279 3075 3331 per
3103 3263 3298 3318 saecula
3336 3263 3466 3318 illud
3496 3277 3634 3333 pra-

364 3361 597 3418 moxque
633 3347 691 3401 in
718 3362 841 3401 eam
875 3346 1209 3402 descendens
1238 3347 1499 3419 extensis
1524 3347 1775 3401 manibus
1829 3355 1950 3415 post

362 3438 573 3509 prolixa
602 3438 736 3494 fusa
761 3438 1025 3493 orationis
1062 3439 1231 3494 verba
1260 3438 1535 3509 migravit.
1587 3438 1711 3493 Mox
1767 3450 1947 3493 autem

367 3538 518 3588 tanta
565 3547 729 3603 super
769 3546 893 3586 eum
926 3531 1017 3585 lux
1060 3531 1277 3586 calitus
1321 3541 1405 3586 est
1428 3532 1627 3587 emissa
1668 3541 1728 3586 ut
1768 3531 1948 3586 nullus

367 3637 489 3677 eam
526 3621 697 3677 ferret
752 3620 1001 3677 allectus.
1030 3619 1381 3677 Postmodum
1426 3636 1558 3676 vero
1603 3621 1821 3676 inventa
1861 3630 1947 3678 est

365 3712 524 3768 fovea
574 3712 705 3767 nihil
738 3712 881 3767 aliud
908 3712 961 3766 in
987 3726 1047 3767 se
1072 3712 1381 3779 continens,
1414 3713 1517 3769 nisi
1552 3729 1771 3778 manna,
1803 3715 1948 3785 quod

368 3803 643 3870 videlicet,
685 3802 825 3859 sicut
865 3802 1085 3869 dicitur,
1130 3816 1303 3872 usque
1339 3802 1499 3858 hodie
1527 3803 1793 3859 scaturire
1840 3819 1947 3859 non

362 3894 579 3950 desinit.

435 3985 600 4058 διο
638 3984 730 4040 Sic
767 3999 1046 4051 nimirum,
1080 3984 1160 4040 sic
1185 3985 1440 4040 dilectum
1480 3986 1688 4041 auctori
1717 3986 1841 4042 vita
1860 3987 1946 4042 di-

367 4082 631 4151 scipulum
677 4080 908 4134 transire
947 4080 1015 4136 de
1062 4079 1259 4134 saculo
1304 4080 1526 4150 dignum
1557 4079 1679 4146 fuit,
1724 4090 1785 4135 ut
1834 4090 1946 4135 tam

369 4174 526 4228 ﬁeret
550 4188 580 4226 a
611 4171 795 4227 dolore
820 4169 1012 4225 mortis
1041 4177 1332 4225 extraneas
1360 4184 1522 4240 quam
1545 4185 1577 4225 a
1600 4171 1947 4242 corruptione

363 4264 546 4319 carnis
588 4262 765 4316 fuerat
799 4260 1024 4316 alienus.
1057 4260 1115 4315 In
1138 4261 1414 4331 sepultura
1443 4260 1496 4315 in
1524 4260 1706 4315 crucis
1728 4262 1947 4317 modum

362 4356 548 4427 jacere
567 4353 756 4416 voluit,
789 4352 915 4421 quia
952 4366 1167 4406 crucem
1190 4351 1394 4423 jugiter
1427 4351 1660 4407 vivendo
1686 4353 1943 4423 portavit,

363 4456 418 4499 et
441 4444 585 4499 sicut
609 4442 803 4497 Petrus
830 4440 1145 4511 Magistrum
1197 4448 1419 4495 secutus
1441 4450 1547 4505 est,
1572 4454 1604 4494 a
1636 4451 1948 4510 persecuto-

369 4538 519 4591 ribus
544 4532 858 4598 cruciﬁxus,
898 4533 971 4586 ita
1001 4532 1397 4601 quodammodo
1420 4540 1473 4587 et
1506 4530 1742 4588 Joannes
1776 4533 1831 4587 in
1852 4548 1947 4589 ec—

366 4627 667 4683 clesiastica
697 4638 830 4695 pace
856 4622 1121 4693 sepultus.

435 4716 542 4773 Sed
567 4716 826 4770 Dominus
851 4714 993 4768 inter
1036 4728 1130 4769 eos
1180 4713 1296 4770 fore
1329 4714 1698 4770 diversitatem
1742 4715 1943 4780 docuit,

365 4824 487 4864 cum
516 4806 651 4863 dixit
672 4804 835 4860 Petro
868 4821 881 4857 :
912 4822 931 4856 ι
963 4803 1055 4858 Sic
1099 4819 1223 4858 eum
1249 4804 1371 4859 volo
1400 4820 1621 4859 manere
1655 4805 1826 4860 donec
1854 4820 1938 4859 ve-

366 4899 533 4952 niam.
561 4895 700 4963 Quid
716 4896 785 4951 ad
823 4895 920 4949 te?
947 4894 1026 4948 Tu
1057 4909 1143 4947 me
1168 4908 1397 4963 sequere
1426 4892 1609 4963 (Joan.
1631 4896 1769 4965 χχι).
1796 4914 1814 4946 ι
1842 4894 1944 4961 Qui

365 4990 511 5041 enim
544 4986 765 5041 Petrum
795 4984 965 5038 voluit
990 4998 1174 5037 secum
1205 4983 1259 5037 in
1279 4984 1458 5039 crucis
1477 4984 1723 5055 patibulo
1754 4986 1943 5039 trium—

366 5078 556 5147 pltare,
590 5077 705 5145 ipse
746 5073 987 5130 decrevit
1016 5072 1283 5127 Joannem
1329 5073 1382 5129 in
1417 5074 1781 5129 ecclesiastica
1810 5089 1945 5145 pace

367 5168 667 5237 quiescere,
691 5175 957 5235 quatenus
984 5174 1038 5218 et
1060 5164 1149 5218 ille
1172 5164 1432 5219 subeundi
1464 5165 1708 5237 martyrii
1734 5168 1945 5224 cateris

366 5257 634 5328 praheret
684 5253 988 5324 exemplum
1018 5293 1034 5319 ,
1077 5263 1133 5308 et
1162 5253 1264 5308 iste
1306 5262 1486 5308 erecta
1538 5271 1702 5325 supra
1751 5257 1945 5312 funda-

367 5336 608 5404 mentum
640 5347 762 5403 ﬁdei
804 5345 1059 5402 Ecclesia
1101 5346 1304 5402 fabrica
1340 5348 1557 5415 quietus
1596 5349 1855 5418 migraret
1877 5352 1944 5404 ad

367 5440 606 5506 calum;
635 5438 726 5494 ille
775 5439 1042 5493 secuturis
1085 5437 1414 5509 martyribus
1457 5450 1596 5494 esset
1631 5441 1945 5495 constantia

366 5530 560 5593 forma,
609 5531 715 5583 iste
758 5528 969 5582 noviter
1015 5527 1069 5581 in
1107 5527 1209 5582 ﬁde
1248 5528 1506 5597 plantatis
1557 5538 1702 5585 esset
1735 5544 1946 5584 morum

369 5633 531 5691 atque
555 5619 819 5675 virtutum
848 5617 1206 5687 spiritualium
1234 5619 1534 5688 disciplina.

444 5731 462 5762 ι
491 5711 583 5765 Sic
620 5725 745 5765 eum
775 5708 897 5764 volo
941 5723 1163 5764 manere
1189 5710 1360 5764 donec
1388 5710 1623 5765 veniam.
1645 5730 1664 5763 ι
1697 5708 1943 5775 Veniam,

394 5806 563 5876 inquit,
588 5818 646 5862 ut
677 5822 799 5862 eum
830 5807 1047 5864 vinculo
1082 5808 1264 5864 carnis
1299 5808 1592 5864 absolvam.
1618 5806 1864 5872 Veniam,
1888 5816 1950 5862 ut

2048 3355 2325 3425 cepisset:
2356 3373 2375 3406 ο
2412 3354 2601 3423 Imple,
2643 3353 2835 3422 inquit,
2899 3368 3086 3425 gnmor
3119 3367 3187 3407 ex
3225 3367 3309 3417 eo,
3354 3362 3409 3407 et
3443 3363 3630 3408 custo-

2047 3446 2227 3500 diatur
2267 3444 2322 3498 in
2368 3443 2580 3498 futuras
2635 3452 2782 3497 retro
2829 3441 3226 3512 generationes,
3274 3450 3337 3496 ut
3380 3442 3634 3497 noverint

2047 3552 2243 3607 panem
2288 3550 2397 3606 quo
2422 3535 2531 3590 alui
2561 3550 2657 3589 eos
2680 3536 2735 3589 in
2766 3532 3083 3597 solitudine,
3105 3530 3322 3601 quando
3350 3531 3510 3586 eduxi
3536 3546 3631 3585 eos

2047 3630 2114 3684 de
2150 3636 2294 3684 terra
2334 3624 2555 3696 Λεπριί
2601 3623 2797 3695 (Exod.
2825 3621 2961 3694 xvt).
2996 3641 3015 3675 ι
3050 3622 3188 3676 Ecce
3223 3621 3350 3691 quid
3392 3631 3633 3676 meretur

2046 3716 2308 3789 pudicitia
2355 3714 2659 3784 virginalis.
2708 3714 2847 3768 Ecce
2892 3721 3108 3781 quanta
3138 3711 3521 3781 magnitudinis
3549 3719 3633 3766 est

2046 3808 2320 3864 inviolata
2345 3808 2527 3862 carnis
2553 3806 2859 3876 integritas.
2889 3803 3098 3868 Videte,
3123 3802 3322 3857 l‘ratrcs
3348 3801 3475 3869 mei,
3500 3816 3632 3857 con-

2046 3900 2303 3963 siderate,
2359 3898 2713 3968 perpendite,
2757 3897 2886 3966 quid
2937 3896 3253 3951 deliciarum
3299 3894 3632 3964 incorruptio

2048 3989 2228 4046 carnis
2241 3988 2507 4042 habeatin
2536 3986 2697 4050 calo,
2723 3985 2767 4041 si
2793 3985 2973 4039 cibum
2998 3984 3143 4047 cali,
3166 3983 3436 4053 germinat
3464 3983 3517 4037 in
3547 3996 3634 4037 se-

2044 4080 2252 4152 pulcro.
2280 4078 2510 4145 Quantis
2538 4077 2648 4132 illic
2671 4075 2969 4130 honoribus
2990 4074 3313 4129 sublimatur
3341 4075 3499 4129 beata
3522 4074 3630 4128 \ir—

2045 4171 2262 4241 ginitas,
2306 4169 2397 4225 ubi
2425 4167 2680 4222 nimirum
2708 4165 2820 4221 sola
2847 4175 2931 4220 est
2959 4164 3156 4234 gloria,
3188 4164 3234 4218 si
3274 4174 3330 4218 et
3371 4162 3533 4234 357
3568 4163 3627 4218 in

2045 4261 2166 4316 loco
2210 4260 2401 4316 fetoris
2450 4268 2615 4329 atque
2661 4256 2963 4328 putredinis
3019 4265 3129 4310 tam
3182 4254 3503 4310 mirabiliter
3548 4262 3632 4310 est

2046 4352 2276 4423 gloriosa
2295 4353 2320 4409 ΐ

2119 4442 2275 4499 Unde
2335 4440 2434 4496 etsi
2481 4456 2587 4495 non
2612 4438 2910 4493 audeamus
2938 4446 3168 4508 ptemter
3207 4436 3454 4501 deﬁnire,
3480 4436 3628 4506 pium

2049 4542 2229 4589 tamen
2273 4541 2358 4588 est
2397 4530 2653 4585 arbitrari
2683 4539 2743 4584 ut
2778 4530 2919 4583 sicut
2943 4529 3010 4583 de
3056 4530 3211 4583 beata
3240 4526 3335 4581 Dei
3358 4524 3630 4581 Genitrice

1971 4597 2025 4659 D
2050 4624 2315 4688 creditur,
2342 4622 2416 4675 ita
2441 4620 2604 4675 etiam
2627 4619 2689 4673 Β.
2717 4618 2954 4673 Joannes
2978 4618 3089 4688 jam
3112 4614 3473 4671 resurrexisse
3499 4628 3625 4683 pro-

2047 4713 2299 4769 habiliter
2328 4718 2629 4775 asseratur,
2663 4718 2931 4779 quatenus
2971 4708 3115 4763 sicut
3150 4706 3206 4760 in
3237 4704 3478 4772 virginea
3506 4702 3626 4759 fue-

2049 4814 2174 4861 runt
2223 4804 2539 4875 integritate
2588 4803 2903 4873 participes,
2945 4801 3019 4854 ita
3081 4797 3430 4854 nihilominus
3475 4803 3531 4851 et
3569 4794 3624 4848 in

2048 4897 2349 4965 anticipata
2378 4894 2785 4950 resurrectione
2813 4890 3008 4947 merito
3036 4888 3318 4943 videantur
3341 4884 3577 4955 aquales
3606 4901 3624 4952 ;

2045 5001 2146 5042 nec
2165 4987 2236 5041 sit
2258 4986 2312 5041 in
2340 4984 2738 5041 resurrectione
2757 4980 3043 5035 diversitas
3070 4978 3268 5047 quibus
3282 4984 3430 5030 tanta
3455 4974 3632 5030 fuerat

2052 5076 2383 5133 unanimitas
2405 5072 2831 5131 conversationis
2876 5070 2930 5124 in
2958 5069 3091 5123 vita.
3121 5067 3181 5124 Si
3228 5068 3375 5123 enim
3424 5064 3627 5120 beatis-

2051 5167 2174 5224 simi
2203 5167 2444 5238 virgines
2472 5165 2582 5227 isti,
2621 5161 2858 5217 Joannes
2889 5158 3142 5214 videlicet
3162 5168 3217 5213 et
3243 5156 3433 5221 Maria,
3458 5154 3633 5211 nulla-

2052 5267 2211 5314 tenus
2254 5255 2641 5316 surrexissent,
2695 5268 2796 5307 cur
2829 5253 2886 5306 in
2936 5265 3124 5305 eorum
3157 5246 3376 5303 tumulis
3418 5244 3630 5316 sepulta

2049 5353 2320 5407 cadavera
2366 5364 2475 5404 non
2512 5346 2782 5415 jacerent,
2821 5359 2946 5399 cum
2987 5342 3197 5398 scilicet
3242 5338 3345 5393 BB.
3384 5337 3532 5392 Petri
3574 5344 3631 5391 et

2050 5439 2203 5494 Pauli
2234 5448 2662 5507 caterorumque
2699 5434 3065 5505 apostolorum
3095 5442 3152 5487 et
3178 5439 3474 5500 martyrum
3503 5441 3627 5483 cor-

2048 5547 2179 5602 pora
2219 5531 2335 5585 suis
2372 5541 2599 5599 quaque
2642 5534 2943 5581 noscantur
2987 5519 3279 5578 mausoleis
3318 5516 3630 5573 tumulata?

2050 5623 2183 5678 Nam
2210 5623 2353 5693 quod
2380 5637 2509 5677 vere
2544 5620 2606 5674 Β.
2637 5616 2874 5675 Joannes
2911 5616 3110 5671 obierit
3147 5629 3213 5669 ac
3252 5609 3440 5683 procul
3466 5609 3630 5664 dubio

2050 5696 2243 5769 mortis
2284 5713 2406 5784 jura
2463 5710 2803 5783 persolverit,
2836 5706 2984 5762 nullo
3033 5704 3195 5760 modo
3243 5701 3434 5758 melius
3464 5714 3627 5770 quam

2050 5822 2147 5877 per
2195 5804 2311 5874 ejus
2361 5804 2525 5861 verba
2580 5801 2719 5859 valet
2767 5799 3005 5873 probari.
3056 5796 3193 5854 Cum
3233 5795 3379 5853 enim
3427 5792 3629 5849 exisset

2600 5990 2653 6014 με.
