4178 6438
191 151 303 212 873

1717 140 1964 205 SERMO
2007 142 2207 201 LXIV.

3605 144 3710 204 874

191 274 313 333 Nec
369 273 586 332 mirum
630 271 678 329 si
727 271 973 331 diversis
1015 286 1146 329 eum
1200 271 1516 330 honoribus
1559 267 2289 344 cumulavit,Aprocinctn
2321 267 2644 341 spiritualis
2681 266 2909 325 militia
2949 268 3141 341 positi,
3181 269 3568 342 apostolorum
3603 288 3706 331 ve-

185 380 367 438 quem
394 371 450 425 et
482 364 547 423 in
578 363 938 421 consortium
971 360 1204 419 sibimet
1230 361 1515 435 adoptiva
1544 360 1915 420 fraternitatis

183 451 423 529 ascivit.
950 450 954 455 ’
1340 460 1341 463 ‘

265 542 467 600 Dictus
518 544 604 596 est
645 538 820 596 etiam
866 539 1041 598 frater
1079 540 1312 599 Domini
1357 539 1422 598 Β.
1472 537 1762 606 Jacobus;
1812 538 1913 596 sed

186 624 507 688 ille't‘rater
552 641 624 683 ex
674 632 901 698 natura,
932 626 1040 685 iste
1090 627 1263 685 frater
1305 644 1380 685 ex
1425 626 1644 701 gratia;
1696 625 1798 684 ille
1840 642 1914 684 ex

188 715 555 790 cognatione,
610 714 719 772 iste
780 730 854 772 ex
914 715 1205 789 pracipua
1256 714 1601 783 dilectione;
1663 714 1763 772 ille
1816 730 1916 788 per

196 807 415 864 lineam
454 810 731 862 materna
769 804 1310 876 consanguinitatis,
1342 804 1450 862 iste
1487 819 1589 878 per
1613 804 1915 863 vinculum

192 904 455 972 paterna
508 890 805 952 cbaritatis
848 912 861 951 :
915 912 943 947 «
988 892 1050 953 Si
1098 894 1249 969 quis,
1301 894 1515 968 inquit,
1567 893 1754 968 diligit
1801 910 1915 962 me,

194 999 527 1045 sermonem
588 996 789 1042 meum
849 982 1119 1051 servabit,
1163 990 1227 1041 'et
1280 982 1448 1042 Pater
1501 999 1666 1042 meus
1719 982 1920 1056 diliget

194 1090 356 1146 eum,
385 1079 439 1131 et
475 1071 547 1130 ad
586 1084 722 1129 eum
754 1069 1060 1129 veniemus
1086 1076 1140 1127 et
1174 1070 1536 1130 mansionem
1578 1073 1730 1144 apud
1780 1087 1917 1130 eum

196 1152 479 1221 faciemus
551 1162 724 1233 (Joan.
784 1163 932 1231 XIV).
986 1176 1015 1211 ι)
1078 1159 1149 1217 Et
1200 1160 1341 1232 quid
1389 1160 1641 1234 amplius
1689 1160 1919 1220 dicam?

198 1251 402 1309 Frater
429 1248 664 1307 Domini
709 1248 816 1308 fuit
856 1246 956 1306 ille
994 1246 1264 1317 carnalis,
1291 1249 1398 1307 iste
1435 1248 1772 1322 spiritualis.
1804 1247 1917 1307 Sed

194 1345 486 1414 quantum
527 1337 792 1411 cognatio
838 1335 1158 1410 spiritualis
1204 1337 1495 1396 carnalem
1540 1337 1918 1396 necessitudi-

197 1447 338 1489 nem
399 1429 676 1505 probatur
734 1427 1035 1499 excedere,
1091 1426 1152 1485 in
1203 1427 1388 1501 ipsius
1442 1427 1672 1486 Domini
1724 1426 1918 1485 verbis

195 1535 511 1595 possumus
548 1510 676 1576 luce
715 1516 933 1597 clarius
969 1516 1255 1575 invenire.
1290 1515 1388 1574 Ait
1424 1516 1581 1574 enim
1617 1534 1630 1573 :
1667 1515 1918 1590 Spiritus

197 1615 285 1668 est
312 1607 416 1684 qui
444 1606 720 1675 vivificat,
740 1619 877 1663 nam
908 1620 1040 1663 caro
1062 1620 1180 1663 non
1211 1604 1441 1678 prodest
1461 1604 1803 1680 quidquam.

269 1694 550 1756 Jacobum
600 1694 814 1767 itaque,
865 1698 930 1752 ut
996 1694 1169 1750 frater
1211 1699 1361 1750 esset
1406 1691 1662 1763 Domini,
1712 1700 1918 1752 natura

197 1784 448 1842 carnalis
474 1780 759 1850 instituit;
793 1780 1044 1840 Joannes
1081 1796 1219 1838 vero
1250 1787 1405 1839 tanto
1444 1779 1698 1839 nobilius
1743 1782 1932 1854 frater,

198 1880 306 1945 est,
336 1878 558 1948 quanto
585 1879 641 1930 et
672 1870 855 1946 ipsius
888 1877 1117 1931 natura
1142 1870 1427 1929 Dominus
1460 1886 1591 1929 eum
1642 1870 1705 1928 in
1735 1870 1918 1929 afﬁni-

198 1971 386 2023 tatem
425 1964 537 2023 sibi
584 1963 902 2038 spiritualis
963 1962 1287 2036 adoptionis
1345 1961 1672 2035 assumpsit.
1717 1960 1915 2030 Quan-

198 2069 378 2129 quam
400 2062 456 2111 et
477 2055 597 2129 ipse
616 2054 863 2113 Jacobns
893 2051 1105 2111 idcirco
1138 2051 1338 2109 beatus
1364 2051 1457 2120 sit,
1489 2051 1628 2124 quia
1656 2050 1915 2132 ejusdem

199 2144 518 2218 spiritualis
546 2157 680 2201 cum
715 2140 966 2200 Demino
1000 2134 1366 2214 participium
1413 2144 1580 2197 tenet;
1614 2139 1912 2212 Alioquin,

198 2235 316 2295 nisi
373 2232 618 2292 Domino
670 2247 772 2306 per
829 2228 1098 2304 spiritum
1166 2229 1551 2303 iungeretur,
1606 2242 1706 2301 per
1767 2228 1914 2286 illud

201 2332 452 2383 terrena
479 2319 1001 2394 consanguinitatis
1036 2319 1348 2378 “vinculum
1376 2335 1409 2377 a
1447 2318 1694 2377 Domino
1723 2318 1916 2376 nulla-

202 2421 374 2474 tenus
433 2404 768 2471 salvaretur.
823 2408 935 2470 Sed
999 2417 1159 2468 tanto
1217 2409 1596 2467 excellentius
1644 2407 1914 2478 Joannes,

200 2508 422 2581 quanto
464 2509 520 2560 et
566 2500 700 2558 ante
745 2515 975 2560 crucem
1026 2498 1374 2557 constitutus
1407 2496 1631 2555 audivit
1662 2515 1674 2554 :
1710 2518 1737 2549 «
1772 2497 1916 2554 Ecce

203 2593 387 2652 Mater
413 2598 512 2653 tua
543 2594 719 2659 (Joan.
754 2594 913 2660 XIX).
950 2611 978 2642 »
1007 2589 1211 2648 Merito
1240 2604 1375 2661 ergo
1403 2604 1518 2661 quo
1539 2602 1675 2645 eum
1697 2586 1917 2645 cateris

203 2682 337 2755 plus
386 2680 614 2748 dilexit,
673 2677 985 2737 sublimius
1031 2692 1163 2736 eum
1215 2676 1438 2735 cateris
1499 2674 1816 2733 honoravit.
1851 2673 1919 2730 Et

202 2788 330 2841 nos,
356 2770 559 2829 fratres
587 2766 939 2841 charissimi,
967 2783 1067 2842 pro
1090 2762 1328 2826 modulo
1358 2773 1551 2824 nostro
1566 2764 1758 2837 dignis
1781 2777 1916 2821 eum

206 2861 543 2919 studeamus
581 2859 784 2918 eﬁ‘erre
819 2858 1145 2933 praconiis,
1186 2857 1379 2931 dignis
1416 2871 1640 2929 semper
1678 2862 1919 2913 Venere-

206 2966 339 3009 mur
365 2949 678 3023 obsequiis.

275 3038 614 3097 Notandum
645 3044 860 3108 tamen,
892 3037 1029 3112 quia
1068 3051 1375 3109 nunquam
1417 3042 1530 3092 tam
1572 3034 1778 3106 digne,
1804 3039 1915 3091 tam

206 3135 538 3187 reverenter
565 3127 759 3186 beatos
787 3126 1071 3201 apostolos
1093 3126 1359 3193 colimus,
1391 3137 1724 3199 quamcum
1750 3137 1920 3195 apos-

203 3217 369 3277 tolica
403 3223 685 3291 pracepta
716 3230 1036 3285 servamus,
1064 3229 1197 3272 cum
1230 3229 1327 3272 eos
1357 3214 1418 3271 in
1451 3212 1542 3270 via
1577 3212 1678 3271 Dei
1713 3227 1918 3285 prace-

203 3304 406 3364 dentes
450 3320 674 3379 semper
720 3304 1096 3370 attendimus,
1128 3317 1265 3361 cum
1305 3317 1507 3360 eorum
1546 3300 1786 3373 vestigia
1823 3316 1919 3357 se-

203 3394 464 3469 quimur,
492 3408 625 3452 cum
673 3408 890 3451 eorum
938 3398 1243 3466 angustam
1293 3397 1348 3448 et
1390 3396 1604 3447 arctam
1651 3388 1915 3446 semitam

204 3483 331 3542 sine
362 3482 680 3542 oﬂ'ensione
721 3489 1008 3539 tenemus.
1040 3479 1354 3537 Enimvero
1383 3477 1443 3534 in
1472 3476 1754 3550 baptismo
1781 3490 1917 3550 apo-

205 3571 488 3631 stolorum
541 3572 816 3630 ducatum
862 3570 1040 3629 secuti
1090 3582 1315 3638 sumus,
1344 3567 1484 3642 quia
1532 3582 1634 3640 per
1688 3566 1919 3622 eosdem

210 3662 387 3719 ﬁdem
415 3667 629 3719 sancta
659 3661 961 3720 Trinitatis
989 3660 1140 3718 inter
1165 3657 1289 3730 ipsa
1318 3655 1770 3732 regenerationis
1795 3670 1922 3713 nos-

208 3756 314 3808 tra
344 3750 673 3808 rudimenta
702 3749 1043 3808 didicimus.
1081 3746 1201 3806 Sub
1229 3746 1397 3820 cujus
1426 3744 1689 3804 videlicet
1716 3742 1919 3818 ﬁgura

209 3839 505 3915 mysterio,
530 3839 850 3897 sacerdotes
870 3836 1199 3896 Israelitica
1212 3836 1395 3910 plebis
1413 3835 1549 3894 olim
1573 3841 1799 3892 transeu
1810 3832 1921 3889 ndo

205 3927 517 3987 Jordanem
550 3927 964 4001 pracedebant,
1008 3932 1063 3983 et
1105 3923 1358 3999 populus
1399 3921 1763 3996 sequebatur.
1808 3919 1920 3978 Sed

209 4033 328 4077 non
380 4015 642 4076 sufﬁcere
697 4018 814 4075 illis
868 4017 1061 4075 visum
1111 4021 1213 4086 est,
1271 4014 1321 4073 si
1372 4014 1732 4073 sacerdotum
1793 4018 1921 4070 tan-

211 4110 517 4168 tummodo
565 4108 807 4182 vestigia
844 4107 907 4165 in
966 4106 1212 4164 transitu
1267 4111 1664 4177 sequerentur,
1702 4102 1815 4160 nisi
1866 4108 1920 4159 et

209 4199 515 4258 duodecim
544 4198 763 4271 lapides
809 4196 879 4255 de
920 4194 1193 4255 Jordanis
1238 4193 1405 4252 alveo
1440 4193 1721 4259 tollerent,
1749 4197 1920 4263 atque

210 4289 269 4347 in
322 4286 576 4360 Galgalis
601 4301 706 4360 pro
756 4284 1083 4344 testimonio
1129 4287 1427 4358 ponerent.
1459 4304 1479 4333 αι
1512 4280 1695 4354 Elige,
1732 4279 1920 4352 inquit

211 4376 495 4436 Dominus
545 4377 616 4433 ad
669 4374 862 4445 Josue,
913 4373 1224 4433 duodecim
1281 4371 1455 4437 viros,
1511 4369 1769 4443 singulos
1820 4384 1923 4441 per

211 4466 477 4538 singulas
508 4465 711 4535 tribus,
756 4471 810 4522 et
860 4462 1105 4537 pracipe
1143 4461 1227 4519 eis
1257 4467 1323 4518 ut
1362 4457 1565 4516 tollant
1603 4457 1674 4514 de
1731 4456 1921 4514 medio

210 4553 361 4612 alvei
399 4552 687 4624 Jordanis,
735 4553 839 4612 ubi
877 4553 1140 4610 ﬁxerunt
1175 4547 1493 4608 sacerdotes
1537 4545 1728 4619 pedes,
1770 4544 1919 4602 duo-

212 4641 398 4701 decim
432 4641 651 4715 lapides
680 4640 1042 4709 durissimos,
1071 4654 1217 4714 quos
1249 4635 1474 4711 ponetis
1518 4634 1582 4692 in
1636 4633 1760 4693 loco
1794 4648 1918 4691 cas-

214 4736 456 4800 trorum,
484 4729 585 4788 ubi
614 4729 861 4788 iixeritis
892 4730 998 4787 hac
1028 4735 1191 4787 nocte
1220 4724 1462 4786 tentoria
1485 4726 1661 4797 (Iosue
1684 4725 1782 4793 1v).
1819 4743 1846 4774 »

1934 4332 1983 4391 D

1997 355 2167 429 stigia
2211 363 2541 414 constanter
2587 361 2643 414 et
2682 355 2929 414 ﬁrmiter
2984 362 3301 416 teneamus.
3349 357 3493 417 Nam
3540 359 3712 432 juxta

1998 445 2325 504 Salomonis
2348 444 2694 505 sententiam
2720 468 2734 503 :
2767 465 2794 498 «
2827 444 2938 514 Qui
2977 446 3169 504 mollis
3197 453 3253 504 et
3280 446 3597 506 dissolutus
3625 455 3708 506 est

1995 536 2055 593 in
2094 551 2267 609 opere
2303 551 2429 606 suo,
2470 536 2643 594 frater
2680 542 2765 595 est
2804 550 2907 595 sua
2945 550 3117 607 opera
3153 535 3489 609 dissipantis
3522 540 3704 605 (Prov.

1997 629 2201 697 XVIII);
2237 646 2265 679 ››
2311 624 2593 684 nimirum
2631 626 2733 700 qui
2788 624 2850 683 in
2900 625 3163 684 moribus
3215 626 3339 684 suis
3382 625 3589 685 molles
3641 641 3710 684 ac

1998 714 2167 773 ﬂuidi
2210 720 2365 778 sunt,
2399 728 2560 773 more
2597 730 2765 787 aqua
2804 713 3125 789 pracipiter
3159 714 3232 772 ad
3260 714 3378 772 ima
3406 714 3701 783 deﬂuunt;

1997 804 2100 876 qui
2142 820 2277 862 vero
2313 810 2640 862 constantes
2667 820 2735 862 ac
2764 804 2940 877 ﬁrmi,
2974 804 3037 863 in
3065 819 3255 863 arcem
3291 804 3549 878 quotidie
3585 806 3706 864 vir-

1996 893 2139 951 tutis
2194 900 2553 953 excrescunt.
2595 892 2760 962 Quod
2808 892 3093 952 nimirum
3142 899 3198 951 et
3243 892 3393 953 illud
3444 893 3705 967 ejusdem

1999 981 2255 1039 historia
2313 982 2644 1054 signiﬁcare
2691 982 3113 1056 perpenditur:
3157 998 3310 1051 nam,
3374 989 3704 1042 transeunte

1997 1069 2196 1128 eodem
2228 1069 2457 1143 populo,
2490 1085 2659 1145 aqua
2689 1069 3016 1143 superiores
3052 1069 3125 1128 ad
3151 1071 3334 1129 instar
3362 1071 3574 1130 montis
3610 1073 3705 1132 in-

1998 1165 2349 1229 tumescunt,
2401 1158 2703 1218 inferiores
2742 1175 2876 1225 vero
2920 1159 2983 1218 in
3024 1175 3180 1219 mare
3219 1168 3516 1220 mortuum
3548 1161 3702 1233 dela-

1998 1245 2219 1303 buntur
2243 1249 2371 1317 (Jos.
2398 1247 2476 1319 ω)
2502 1265 2515 1317 ;
2549 1248 2689 1322 quia
2709 1247 2962 1322 profecto
2988 1265 3062 1307 ex
3087 1249 3170 1310 eis
3192 1249 3296 1325 qui
3325 1251 3700 1325 baptizantur,

1994 1338 2095 1395 alii
2126 1339 2189 1396 in
2217 1344 2443 1411 accepta
2480 1338 2732 1398 calestis
2755 1340 2952 1414 gratia
2983 1340 3287 1399 dulcedine
3313 1350 3698 1417 perseverant,

1996 1427 2097 1486 alii
2135 1429 2197 1486 in
2241 1434 2602 1502 peccatorum
2654 1429 3109 1489 amaritudinem
3147 1431 3419 1503 defluere,
3465 1434 3705 1507 reprobe

1999 1517 2268 1590 vivendo,
2299 1534 2415 1577 non
2443 1525 2685 1590 cessant,
2719 1526 2776 1581 et
2798 1519 2956 1584 velut
2984 1521 3049 1579 in
3080 1522 3257 1581 maris
3287 1516 3498 1583 mortui
3525 1524 3709 1584 salsu-

1928 1606 2195 1681 Bginem
2243 1615 2542 1679 corruunt,
2592 1607 2733 1666 dum
2772 1609 3046 1682 sapiendo
3089 1616 3331 1685 terrena,
3371 1628 3473 1687 per
3509 1628 3703 1691 prava

2001 1695 2138 1754 vita
2164 1695 2411 1754 declivia
2437 1696 2509 1754 ad
2542 1704 2789 1756 mortem
2821 1698 3085 1756 tendunt.

2071 1787 2186 1845 Nos
2234 1794 2427 1846 autem
2476 1802 2591 1845 non
2632 1786 2733 1856 sic,
2777 1786 3160 1863 dilectissimi,
3198 1805 3315 1848 non
3354 1790 3454 1861 sic,
3492 1790 3590 1850 sed
3627 1793 3698 1850 ad

2000 1890 2198 1932 veram
2227 1875 2566 1948 sapientiam
2597 1875 2864 1934 animum
2897 1875 3323 1950 transferentes,
3352 1879 3433 1937 sic
3469 1895 3570 1953 per
3607 1880 3708 1940 Dei

2001 1963 2455 2022 misericordiam
2493 1964 2552 2021 in
2593 1964 2877 2023 virtutum
2908 1964 3243 2024 studeamus
3268 1965 3383 2024 alto
3412 1968 3707 2042 proﬁcere,

1998 2058 2064 2110 ut
2090 2052 2153 2110 in
2182 2051 2459 2109 vitiorum
2494 2051 2703 2124 pudeat
2741 2051 3077 2126 voraginem
3106 2052 3415 2112 declinare.
3454 2053 3551 2114 Sic
3576 2066 3709 2129 per-

1999 2156 2332 2199 severemus
2359 2156 2585 2213 semper
2613 2140 2683 2197 ad
2712 2156 2966 2215 superna
2995 2155 3320 2216 properare,
3352 2144 3506 2217 quod
3524 2144 3716 2203 ‘tendi-

2002 2245 2152 2300 mus,
2196 2235 2261 2287 ut
2303 2228 2492 2285 divini
2522 2229 2736 2287 amoris
2773 2230 3138 2288 dulcedinem
3170 2230 3233 2288 in
3263 2230 3473 2291 nostris
3494 2231 3712 2306 jugiter

2001 2318 2297 2376 mentibus
2324 2332 2736 2376 conservemus
2763 2338 2774 2376 :
2812 2318 2973 2377 illius
3002 2319 3197 2393 itaque
3225 2319 3524 2394 sapientia
3549 2320 3711 2380 labo-

2004 2420 2202 2463 remus
2242 2404 2547 2478 participes
2576 2405 2725 2477 tieri,
2768 2421 2885 2480 qua
2918 2407 3123 2465 beatus
3163 2406 3549 2481 Joannesper
3585 2423 3709 2469 am-

2002 2492 2204 2565 plioris
2270 2495 2471 2566 gratia
2541 2494 2846 2553 cumulum
2918 2496 3132 2554 meruit
3184 2494 3714 2568 incomparabiliter

2000 2580 2310 2650 illustrari;
2342 2581 2509 2655 cujus
2539 2581 2821 2640 nimirum
2849 2583 3152 2656 splendore
3181 2589 3471 2659 concepto,
3498 2584 3712 2643 calum

2002 2669 2165 2726 velut
2193 2670 2389 2744 aquila
2427 2676 2703 2743 penetrat,
2754 2672 2829 2729 ita
2882 2678 2946 2729 ut
2976 2676 3161 2730 creata
3189 2679 3395 2731 cuncta
3420 2676 3709 2748 transgre-

2001 2758 2187 2829 diens,
2239 2758 2311 2815 ad
2369 2759 2560 2833 ipsum
2605 2752 2801 2818 rerum
2851 2761 3115 2820 omnium
3170 2760 3443 2820 verticem
3500 2763 3712 2821 mentis

2013 2848 2493 2922 contemplatione
2508 2850 2688 2923 perlin
2697 2856 2809 2923 gat.

2075 2937 2284 3008 Nostis,
2331 2938 2537 2996 fratres
2567 2940 2703 3009 mei,
2736 2941 2872 3014 quia
2909 2937 2972 2997 in
3021 2937 3229 2999 mundi
3270 2942 3559 3000 nascentis
3592 2941 3710 3000 ori-

2004 3025 2139 3099 gine
2176 3027 2344 3086 tertio
2382 3026 2477 3085 die
2505 3029 2917 3102 germinaverit
2957 3035 3125 3098 terra,
3175 3034 3378 3103 quarto
3407 3030 3540 3088 cali
3568 3030 3713 3090 facta

2002 3120 2139 3174 sunt
2174 3108 2516 3185 luminaria,
2558 3115 2763 3190 quinto
2792 3115 3050 3175 volatilia
3079 3124 3217 3176 sunt
3244 3123 3433 3176 creata
3461 3120 3614 3189 (Gen.
3646 3125 3709 3188 1).

2004 3202 2191 3272 Quare
2243 3211 2436 3262 autem
2480 3204 2544 3261 in
2587 3202 2852 3265 creandis
2899 3203 3074 3262 rebus
3112 3205 3207 3263 hic
3256 3205 3395 3264 ordo
3434 3206 3711 3278 cucurrit,

2002 3292 2116 3349 nisi
2170 3297 2233 3349 ut
2276 3306 2381 3348 nos
2428 3290 2852 3349 instrueremur
2880 3291 3018 3365 quia
3061 3292 3223 3365 prius
3276 3308 3506 3351 necesse
3535 3299 3620 3351 est
3648 3301 3715 3352 ut

2001 3396 2167 3438 mens
2221 3389 2411 3438 nostra
2463 3379 2782 3437 virentium
2836 3380 3127 3437 virtutum
3177 3396 3350 3454 opera
3406 3384 3711 3455 germinet,

2001 3481 2285 3546 quatenus
2337 3472 2420 3529 sic
2458 3479 2746 3530 mereatur
2775 3469 3024 3528 cale‘stis
3066 3471 3311 3546 gratiam
3355 3472 3616 3545 luminis,
3647 3489 3714 3535 ac

2002 3567 2289 3633 postremo
2326 3558 2554 3617 evolare
2593 3558 2779 3616 valeat
2822 3559 2895 3616 ad
2927 3560 3426 3632 contemplandam
3463 3563 3708 3635 speciem

2003 3648 2304 3707 veritatis?
2353 3647 2757 3707 Germinemus
2791 3648 3006 3723 itaque,
3055 3649 3280 3722 fratres,
3316 3657 3381 3710 ut
3410 3651 3710 3713 illumine-

2002 3753 2159 3808 mur,
2217 3743 2503 3810 quatenus
2535 3736 2853 3795 illuminati
2886 3738 3167 3796 virtutum
3200 3742 3407 3812 pennis
3434 3742 3505 3799 ad
3535 3743 3711 3801 cale-

2003 3830 2111 3888 stia
2137 3830 2533 3888 sublevemur.
2570 3828 2695 3888 Non
2728 3846 2832 3889 nos
2863 3830 3065 3889 mundi
3102 3832 3273 3906 hujus
3295 3830 3538 3891 dulcedo
3569 3831 3713 3892 falsa

2002 3915 2343 3990 demulceat,
2378 3934 2495 3978 non
2529 3918 2779 3977 carnalis
2804 3917 3092 3977 illecebra
3120 3920 3384 3995 voluptas
3414 3919 3725 3995 luxuriosa.

2002 4007 2270 4066 resolvat.
2312 4007 2614 4080 Nusquam
2647 4013 2797 4064 certe
2831 4014 3182 4081 praceptum
3227 4007 3291 4065 in
3336 4006 3558 4066 Veteris
3600 4006 3713 4067 Te-

2003 4097 2274 4155 stamenti
2327 4095 2687 4155 caremoniis
2740 4094 3060 4167 invenitur,
3126 4102 3188 4154 ut
3246 4095 3361 4154 mel
3415 4095 3714 4156 sacriﬁciis

2003 4185 2329 4245 misceatur.
2376 4185 2480 4243 Per
2518 4183 2672 4257 quod
2723 4183 3090 4257 intelligitur,
3141 4184 3281 4259 quia
3314 4186 3425 4258 his,
3465 4186 3567 4262 qui
3598 4184 3715 4245 Deo

2009 4275 2140 4334 vita
2170 4289 2293 4334 sua
2317 4273 2662 4332 sacriﬁcium
2689 4272 2959 4342 offerunt,
2988 4272 3215 4331 nullam
3243 4273 3398 4334 Deus
3424 4274 3717 4334 carnalem

2011 4364 2133 4423 vult
2165 4364 2355 4421 inesse
2403 4361 2792 4431 dulcedinem,
2824 4361 2971 4418 nihil
3005 4361 3066 4419 in
3099 4363 3181 4421 eis
3213 4362 3430 4435 vivere,
3462 4363 3618 4440 quod
3645 4364 3718 4422 ad

2003 4452 2292 4512 carnalem
2347 4452 2627 4524 pertineat
2668 4451 3060 4523 voluptatem;
3117 4451 3313 4511 oleum
3348 4460 3543 4512 autem
3592 4453 3711 4512 fre-

2004 4548 2247 4617 quenter
2307 4540 2663 4611 immittitur,
2730 4548 2793 4598 ut
2854 4540 3048 4599 omnis
3100 4548 3311 4600 nostra
3364 4541 3712 4615 operationis

2003 4630 2214 4690 oblatio
2259 4629 2521 4688 hilariter
2556 4629 2828 4689 offeratur
2858 4654 2869 4688 :
2911 4650 2937 4683 «
2968 4629 3226 4687 Hilarem
3264 4630 3422 4687 enim
3453 4629 3709 4689 datorem

2003 4720 2193 4795 diligit
2246 4721 2398 4779 Deus
2455 4723 2525 4793 (II
2579 4723 2696 4779 Cor.
2750 4722 2851 4793 Ix).
2891 4741 2918 4772 »
2950 4719 3017 4777 In
3067 4719 3340 4777 omnibus
3395 4719 3568 4778 etiam
3628 4720 3708 4781 sal

285 4819 359 4879 Ut
396 4825 589 4877 autem
629 4834 746 4877 non
777 4819 995 4889 omnia,
1033 4818 1164 4874 licet
1198 4816 1371 4889 plena
1409 4812 1716 4887 mysteriis,
1748 4810 1924 4870 verba
2000 4811 2235 4884 jubetur
2262 4809 2588 4881 admisceri,
2620 4818 2683 4868 ut
2720 4825 2896 4869 omne
2936 4808 3073 4866 boni
3120 4808 3308 4880 operis
3337 4807 3706 4883 sacrificium,

214 4911 537 4981 discutiam,
571 4910 712 4983 quid
747 4925 848 4982 per
887 4909 994 4967 hoc
1031 4909 1243 4966 factum
1284 4905 1451 4963 nobis
1487 4902 1777 4972 innuitur,
1807 4901 1923 4959 nisi

218 5009 282 5060 ut
337 5006 644 5076 postquam
702 4999 929 5074 mystici
979 4996 1245 5056 Jordanis
1306 4995 1522 5052 ﬂuenta
1580 4994 1918 5064 transimus,

216 5097 519 5164 postquam
563 5086 635 5146 de
691 5087 903 5146 lavacri
954 5085 1222 5144 salutaris
1280 5084 1435 5142 fonte
1488 5083 1919 5155 consurgimus,

215 5176 560 5236 durissimos
586 5175 889 5235 duodecim
919 5174 1156 5249 lapides,
1188 5172 1249 5231 id
1278 5178 1382 5241 est,
1416 5171 1749 5239 ﬁrmissima
1782 5184 1922 5243 apo-

218 5266 504 5326 stolorum
538 5265 806 5341 exempla
848 5264 921 5324 ad
967 5263 1349 5321 imitationem
1386 5257 1532 5315 350
1579 5259 1742 5318 nobis
1784 5274 1919 5334 pro-

231 5370 443 5430 ponere
495 5355 874 5414 studeamus?
904 5353 1148 5428 Lapides
1197 5350 1427 5425 quippe,
1456 5347 1559 5407 ubi
1605 5349 1923 5406 sacerdotes

226 5443 399 5519 pedes
442 5444 715 5517 ﬁxerant,
758 5444 823 5503 in
867 5443 990 5503 loco
1034 5447 1353 5502 castrorum
1395 5437 1701 5514 ponimus;
1761 5438 1812 5497 si
1857 5438 1922 5496 in

507 5561 767 5624 PLTROL.
806 5558 1055 5620 CXLIV.
1761 5567 1787 5657 ᾖ

2004 4899 2261 4969 rationis,
2310 4898 2693 4968 discretionis,
2737 4914 2802 4957 ac
2835 4895 3080 4956 caelestis
3129 4896 3427 4970 sapientia
3464 4898 3583 4957 sale
3639 4901 3710 4959 sit

2005 4986 2326 5046 conditum.
2657 5014 2662 5019 ·

2077 5075 2200 5133 Hoc
2227 5082 2421 5134 autem
2454 5073 2671 5134 divina
2723 5071 3021 5144 sapientia
3058 5071 3176 5131 sale
3218 5073 3298 5131 ita
3335 5074 3528 5133 omnis
3562 5074 3706 5134 beati
3769 5070 3775 5075 ’

2004 5166 2244 5225 Joannis
2277 5165 2535 5222 doctrina
2579 5162 2809 5221 videtur
2848 5178 3126 5237 respersa,
3163 5169 3229 5222 ut
3256 5165 3461 5223 merito
3490 5164 3713 5223 dicatur

2005 5272 2069 5315 os
2109 5256 2235 5325 Dei,
2282 5254 2485 5327 lingua
2531 5252 2779 5327 Spiritus
2822 5255 3026 5327 sancti,
3069 5254 3276 5317 cedrus
3303 5255 3575 5333 paradisi,
3606 5255 3714 5314 lux

2008 5346 2299 5417 Ecclesia,
2343 5344 2519 5403 decus
2560 5344 2738 5413 orbis,
2784 5361 2971 5419 praco
3012 5346 3165 5417 cceli,
3226 5344 3428 5410 lumen
3486 5346 3714 5419 mundi,

2006 5436 2170 5496 sidus
2231 5434 2563 5508 hominum,
2595 5434 2887 5509 specimen
2927 5437 3291 5510 angelorum,
3335 5434 3483 5512 lapis
3524 5435 3718 5511 vivus,

3363 5555 3436 5616 28
