4178 6508
499 364 609 426 875

498 578 775 637 columna
799 574 938 632 351
966 576 1118 646 cali,
1141 576 1487 635 architectus
1510 576 1632 634 veri
1661 574 2032 645 tabernaculi,
2060 574 2227 650 quod

499 666 633 724 ﬁxit
661 664 830 734 Deus,
864 670 922 723 et
948 680 1067 723 non
1102 665 1292 723 homo.
1338 663 1483 722 Nam
1511 671 1565 722 et
1591 663 1895 741 cherubim
1923 665 2055 737 jure
2084 680 2215 738 per-

499 755 751 824 hibetur,
799 753 902 828 qui
951 754 1214 812 scientia
1243 754 1664 828 plenitudinem
1694 770 1767 812 ex
1805 753 1927 828 ipso
1959 755 2213 814 Redem-

500 842 685 918 ptoris
708 850 934 915 pectore
960 843 1284 916 percepisse
1309 843 1688 916 cognoscitur.

577 932 986 990 Verumtamen
1016 946 1151 989 cum
1178 946 1285 990 nos
1311 930 1744 1007 quantumlibet
1769 931 1970 989 eﬁ‘erre
1988 938 2217 990 conten-

499 1021 716 1090 dimus,
750 1017 1121 1078 celsitudinis
1144 1021 1272 1094 ejus
1312 1020 1511 1078 merita
1558 1035 1676 1078 non
1722 1035 2047 1094 aquamus;
2079 1021 2216 1095 quia

500 1108 604 1183 qui
647 1107 866 1166 divina
912 1106 1101 1165 laudis
1150 1108 1441 1182 praoonia
1486 1110 1717 1179 meruit,
1766 1108 1836 1166 ad
1882 1109 2006 1182 ejus
2044 1110 2216 1183 digne

500 1195 883 1257 collaudanda
933 1196 1137 1253 merita
1180 1197 1460 1254 humana
1517 1196 1733 1269 lingua
1775 1195 2054 1271 fragilitas
2097 1212 2215 1256 non

498 1282 767 1357 assurgit.
794 1282 924 1357 Ipse
947 1282 1161 1357 quippe
1180 1283 1307 1357 ejus
1327 1290 1413 1341 est
1437 1283 1584 1353 laus,
1606 1283 1709 1357 qui
1738 1282 1824 1341 illi
1852 1289 1908 1341 et
1933 1282 2072 1341 olim
2094 1297 2217 1358 pre-

505 1374 672 1447 tium,
701 1381 755 1432 et
784 1389 945 1433 nunc
978 1374 1162 1431 factus
1192 1380 1278 1431 est
1299 1375 1627 1447 praemium.

570 1463 679 1522 Per
702 1463 883 1536 hujus
905 1478 1040 1536 ergo
1065 1461 1326 1534 vestigia,
1360 1460 1745 1533 dilectissimi,
1775 1463 1845 1522 ad
1878 1461 2216 1537 Redempto-

498 1569 621 1611 rem
650 1560 913 1610 nostrum
943 1549 1115 1624 pleno
1138 1548 1327 1607 cordis
1348 1565 1544 1608 amore
1574 1551 1899 1623 tendamus,
1918 1552 2095 1624 hujus
2120 1551 2215 1609 do-

497 1642 745 1701 ctrinam
772 1641 933 1698 velut
962 1654 1257 1698 coruscam
1286 1639 1346 1697 in
1377 1639 1625 1697 tenebris
1650 1639 1975 1713 lampadem
2002 1640 2215 1698 nostris

498 1746 725 1804 semper
770 1728 1066 1804 gressibus
1113 1728 1511 1801 praferamus.
1553 1728 1770 1787 Pudeat
1807 1728 1928 1803 jam
1974 1730 2214 1788 terrenis

1127 362 1186 420 S.
1230 356 1451 421 PETRI
1491 358 1812 418 DAMIANI
1852 357 2008 418 OPP.
2051 357 2240 416 PARS
2284 356 2423 417 SEU
2466 356 2718 417 TOMUS
2757 356 2832 415 II.
2876 388 2942 399 —
2985 356 3401 418 SERMONES.

496 490 801 566 speculum
861 488 1027 555 lucis,
1078 486 1362 559 logotheta
1415 484 1758 552 divinitatis,
1813 483 1997 542 forma
2048 482 2270 552 ﬁdei,A
2292 497 2407 541 vox
2464 482 2692 542 divina
2744 482 3056 557 majestatis
3103 482 3380 555 intonuit,
3435 485 3635 545 dicens
3679 511 3693 544 :

3910 358 4010 421 876

3753 513 3778 536 κ
3833 486 4007 561 Euge,

2299 586 2464 630 serve
2493 571 2641 630 bone
2673 578 2727 631 et
2767 571 2974 645 ﬁdelis,
3012 572 3146 646 quia
3180 588 3352 647 super
3383 590 3564 647 pauca
3603 575 3764 635 fuisti
3806 576 4039 653 ﬁdelis,‘

2297 677 2471 736 supra
2510 664 2694 722 multa
2735 670 2786 724 te
2823 665 3195 734 constituam,
3237 665 3390 723 intra
3427 660 3575 720 352
3622 665 3682 724 in
3733 666 4008 738 gaudium

2299 751 2531 810 Domini
2553 754 2637 811 tui
2659 756 2881 823 (Matth.
2912 756 3084 822 XXV).
3118 779 3143 802 »
3179 752 3246 810 In
3269 752 3371 812 illa
3398 753 3705 812 festivitate
3729 754 4008 814 Dominus

2298 838 2483 898 exivit
2511 840 2581 898 de
2613 848 2778 899 utero
2817 840 3097 915 Virginis,
3126 843 3188 900 in
3226 842 3334 900 ista
3377 842 3725 901 venerabilis
3759 843 3881 915 ejus
3922 844 4007 900 fa-

2298 928 2499 989 mulus
2530 944 2797 1003 egressus
2825 934 2912 987 est
2934 929 3006 987 de
3038 929 3331 1004 ergastulo
3360 929 3570 989 carnis.
3600 930 3665 988 In
3705 930 3805 989 illa
3843 932 4005 990 Chri-

2297 1023 2419 1077 stus
2444 1034 2545 1091 pro
2587 1017 2756 1076 nobis
2787 1023 2872 1076 est
2902 1018 3112 1092 pannis
3155 1020 3476 1089 involutus,
3506 1019 3569 1077 in
3608 1019 3715 1076 ista
3750 1019 4010 1078 sacerdos

2296 1108 2424 1179 ejus
2461 1106 2606 1165 stola
2635 1114 2720 1166 est
2759 1107 2832 1166 ab
2865 1123 2932 1166 eo
2970 1108 3421 1167 immortalitatis
3461 1109 3720 1166 indutus.
3758 1107 3860 1166 Ille
3902 1124 4008 1167 an-

2296 1195 2516 1269 gustias
2561 1195 2775 1255 intrare
2829 1212 2945 1255 non
2997 1196 3345 1271 dedignatus
3390 1204 3476 1259 est
3520 1197 3688 1268 uteri,
3737 1204 3801 1254 ut
3842 1196 4008 1256 istius

2296 1286 2555 1345 animam
2588 1285 2831 1345 latitudo
2860 1287 3176 1360 susciperet
3199 1287 3352 1345 cali.
3384 1285 3490 1345 Ille
3519 1285 3813 1344 descendit
3839 1302 4009 1345 carne

2297 1372 2542 1444 velatus,
2572 1379 2641 1432 ut
2660 1374 2768 1432 iste
2791 1374 3125 1433 ascenderet
3152 1375 3297 1433 stola
3322 1374 3521 1448 gloria
3546 1374 3862 1433 decoratus.

2369 1463 2757 1535 Considerate,
2790 1462 3013 1533 fratres
3061 1463 3411 1535 charissimi,
3462 1469 3716 1539 quantus
3764 1463 3852 1521 vir
3897 1463 4007 1521 iste

2298 1553 2491 1624 fuerit,
2525 1568 2698 1628 quam
2731 1553 2976 1627 pleniter
3007 1552 3199 1623 illum,
3228 1562 3292 1612 ut
3322 1569 3520 1612 revera
3553 1552 4008 1611 sacratissimum

2299 1642 2597 1715 templum,
2658 1640 2914 1714 Spiritus
2958 1649 3193 1702 sanctus
3229 1641 3660 1713 inhabitaverit,
3704 1641 3805 1716 qui
3843 1647 3897 1698 et
3945 1641 4034 1701 in.

2296 1746 2432 1805 pace
2483 1734 2699 1791 sancta
2752 1729 3030 1789 Ecclesia
3085 1735 3165 1790 tot
3215 1729 3511 1789 miraculis
3561 1730 3896 1788 coruscavit.
3936 1729 4002 1787 In

496 1822 852 1891 incumbere,
877 1821 980 1894 qui
1008 1835 1108 1893 per
1138 1820 1260 1893 spei
1289 1819 1642 1879 desiderium
1674 1821 1743 1878 ad
1777 1822 2068 1879 caelestem
2097 1819 2462 1903 ca-Binitio
2498 1818 2712 1893 quippe
2753 1818 3041 1877 nascentis
3079 1818 3345 1878 Ecclesia
3382 1817 3471 1876 illi
3511 1818 3682 1876 etiam
3726 1816 4007 1875 miracula

495 1912 691 1985 pimus
712 1908 957 1984 gloriam
988 1908 1277 1966 festinare.
1299 1907 1413 1979 Qui
1435 1908 1505 1966 ad
1530 1909 1853 1968 calestium
1876 1909 2214 1983 nuptiarum
2297 1906 2602 1977 faciebant,
2633 1906 2736 1982 qui
2766 1909 2948 1966 lacere
2978 1908 3143 1981 signa
3164 1906 3328 1980 digni
3354 1921 3470 1965 non
3500 1907 3727 1964 fuerant
3754 1925 3766 1963 :
3793 1912 3848 1963 et
3879 1906 4005 1962 sine

494 2004 731 2062 delicias
777 2009 1061 2076 properat,
1115 2008 1355 2060 terrena
1403 2001 1717 2076 voluptatis
1754 2018 1921 2061 cano
1961 2001 2212 2062 volutari

494 2092 791 2161 erubescat
850 2109 863 2148 :
931 2090 1033 2164 qui
1080 2089 1263 2148 titulis
1316 2091 1594 2164 angelica
1664 2091 1961 2165 dignitatis
2018 2090 2210 2149 ornari

494 2189 685 2254 sperat
740 2181 799 2238 in
853 2179 1038 2253 patria
1092 2179 1410 2253 dignitatis,
1470 2179 1660 2238 locum
1718 2180 1782 2237 in
1818 2180 2028 2238 exsilio
2088 2195 2209 2238 non

496 2270 770 2343 requirat.
806 2268 1108 2327 Incassum
1144 2283 1311 2341 porro
1353 2276 1575 2327 terrena
1617 2268 1776 2326 lucra
1820 2270 2207 2343 congerimus,

497 2358 601 2433 qui
627 2356 864 2415 divitias
893 2355 1246 2414 immortales
1276 2356 1339 2413 in
1379 2356 1542 2428 regni
1571 2357 1818 2415 calestis
1845 2360 2049 2418 arario
2079 2376 2208 2433 pos-

493 2443 768 2503 sidemus.
830 2443 1013 2514 Quem
1060 2443 1236 2516 igitur
1269 2443 1497 2518 pondus
1541 2451 1781 2506 terrena
1826 2449 2209 2522 corruptionis

490 2542 782 2609 aggravat,
842 2549 1037 2592 rerum
1078 2535 1441 2593 extrinsecus
1476 2535 1838 2595 aﬂluentium
1883 2539 2042 2612 copia
2089 2555 2205 2598 non

493 2622 753 2681 extollat.
785 2621 895 2692 Qui
934 2623 1005 2681 ad
1044 2624 1153 2680 hoc
1196 2624 1542 2682 constitutus
1577 2632 1679 2695 est,
1713 2632 1777 2684 ut
1815 2627 1947 2684 totis
1983 2628 2208 2687 viribus

486 2711 704 2785 jugiter
731 2727 865 2770 cum
896 2710 1231 2769 adversario
1269 2712 1523 2784 dimicet,
1552 2713 1794 2787 torporis
1832 2715 1987 2775 hunc
2015 2726 2071 2778 et
2100 2736 2204 2778 ne-

494 2802 792 2877 gligentia
817 2803 1124 2862 dissolutio
1154 2820 1269 2863 non
1310 2814 1562 2863 enervet.
1599 2807 1712 2875 Sic,
1745 2807 1828 2865 sic
1855 2824 1957 2882 per
1986 2810 2205 2871 divina

491 2891 719 2966 pietatis
745 2891 1058 2963 auxilium,
1088 2902 1144 2951 et
1180 2894 1450 2954 ﬂorentes
1480 2896 1813 2969 virtutibus,
1845 2905 1900 2956 et
1927 2900 2084 2959 vitiis
2113 2917 2204 2959 re-

492 2982 733 3055 pudium
767 2981 988 3052 dantes,
1022 2982 1071 3039 si
1112 2982 1205 3040 hic
1244 2999 1380 3041 eum
1409 2986 1727 3058 sequimur,
1755 2988 1857 3061 qui
1899 2990 2067 3047 nobis
2101 2989 2206 3048 iter

490 3070 679 3129 crucis
730 3069 1015 3141 ostendit,
1062 3070 1204 3130 illuc
1247 3074 1655 3145 perveniemus
1719 3077 1787 3134 ad
1844 3094 2014 3150 eum,
2066 3080 2202 3153 qui,

2296 1998 2610 2057 virtutibus
2640 2013 2870 2057 morum
2901 1999 3160 2073 plerique
3187 1998 3543 2057 excellebant
3576 1997 3788 2056 virtute
3817 1996 4005 2071 signo—

2293 2103 2444 2146 rum.
2487 2087 2648 2146 Unde
2678 2095 2734 2146 et
2758 2088 2880 2162 ipsa
2913 2088 3139 2147 Veritas
3165 2088 3303 2147 dicit
3336 2112 3347 2146 :
3383 2108 3411 2141 «
3448 2086 3616 2147 Multi
3639 2085 3832 2144 dicent
3855 2086 3999 2143 mihi

2294 2177 2396 2235 illa
2447 2177 2540 2235 die
2575 2196 2588 2233 :
2620 2176 2885 2249 Domine,
2943 2176 3207 2249 Domine,
3261 2192 3455 2236 nonne
3504 2176 3568 2234 in
3619 2175 3854 2234 nomine
3902 2182 4001 2233 tuo

2293 2264 2810 2339 prophetavimus?
2838 2282 3031 2325 nonne
3057 2266 3119 2324 in
3140 2266 3379 2325 nomine
3404 2270 3503 2324 tuo
3527 2263 3768 2323 virtutes
3793 2262 4001 2322 multas

2295 2352 2578 2413 fecimus?
2600 2354 2672 2413 Et
2707 2358 2841 2413 tunc
2870 2354 3184 2413 conﬁtebor
3211 2354 3357 2413 illis:
3377 2352 3525 2424 Quia
3554 2368 3671 2411 non
3697 2352 3834 2411 novi
3860 2368 3995 2420 vos;

2291 2446 2565 2504 discedite
2595 2462 2630 2503 a
2667 2460 2780 2516 me,
2813 2445 3060 2519 operarii
3097 2444 3425 2519 iniquitatis
3459 2445 3676 2515 (Matth.
3711 2442 3832 2513 VII).
3866 2462 3891 2493 ι)
3925 2440 3999 2499 Ut

2291 2538 2449 2595 enim
2491 2536 2563 2595 ad
2612 2535 2784 2595 ﬁdem
2836 2541 3117 2595 cresceret
3158 2541 3350 2595 sancta
3399 2533 3675 2606 Ecclesia,
3704 2530 3996 2590 miraculis

2290 2627 2475 2686 fuerat
2504 2626 2844 2699 nutrienda;
2879 2628 3018 2701 quia
3059 2633 3117 2685 et
3163 2642 3268 2685 nos
3314 2641 3450 2684 cum
3493 2624 3727 2683 arbusta
3776 2621 3994 2696 planta-

2290 2732 2444 2787 mus,
2478 2717 2679 2775 tandiu
2725 2717 2809 2775 eis
2859 2732 3071 2792 aquam
3115 2714 3442 2785 fundimus,
3486 2729 3790 2788 quousque
3831 2728 3896 2769 ea
3931 2711 3991 2769 in

2288 2812 2436 2864 terra
2466 2805 2831 2881 convaluisse
2860 2806 3165 2876 videmus;
3196 2812 3254 2863 at
3279 2805 3327 2863 si
3356 2804 3533 2863 semel
3560 2803 3808 2862 radicem
3849 2801 3991 2859 ﬁxe-

2287 2902 2444 2966 runt,
2478 2895 2736 2967 irrigatio
2789 2895 3031 2953 cessabit
3080 2893 3254 2963 (118).
3297 2893 3450 2952 Hinc
3495 2898 3579 2950 est
3621 2890 3780 2949 enim
3842 2888 3990 2965 quod

2287 2984 2506 3066 Paulus
2535 2984 2704 3042 dicit:
2736 3007 2763 3038 «
2797 2985 3041 3059 Lingua
3061 2985 3123 3043 in
3148 2986 3382 3060 signum
3414 2988 3547 3044 sunt
3565 2999 3682 3042 non
3704 2981 3989 3053 ﬁdelibus,

2286 3076 2385 3134 sed
2416 3074 2754 3133 inﬁdelibus
2785 3078 2834 3145 (Ι
2861 3078 2978 3133 Cor.
3020 3081 3172 3144 XIV).

491 3162 705 3222 calcato
729 3161 933 3220 mortis
961 3162 1221 3237 imperio,
1257 3166 1469 3224 calum
1489 3184 1619 3227 cum
1655 3169 1990 3243 triumphali
2021 3170 2267 3263 gloriael
2360 3162 2472 3223 Sed
2504 3178 2639 3221 cum
2670 3163 2783 3221 ista
2814 3162 3080 3230 dicimus,
3111 3165 3490 3238 quastionem
3521 3161 3688 3221 nobis
3713 3161 3851 3220 oriri
3879 3175 3987 3219 non

496 3252 838 3327 penetravit,
861 3253 1034 3312 Jesus
1061 3250 1325 3313 Christus
1363 3254 1647 3316 Dominus
1686 3265 1899 3329 noster,
1925 3258 2027 3332 qui
2065 3275 2199 3318 cum

2286 3253 2413 3311 sine
2437 3250 2633 3325 aliqua
2671 3252 3010 3311 difficultate
3046 3253 3333 3313 videmus.
3367 3252 3429 3313 Si
3467 3252 3625 3311 enim
3659 3249 3823 3324 signa
3864 3265 3990 3324 pro-

2284 3348 2409 3415 pter
2434 3340 2697 3399 inﬁdeles
2728 3340 2860 3400 data
2898 3357 3023 3400 esse
3060 3341 3354 3413 dicuntur,
3399 3339 3540 3415 quid
3571 3345 3656 3397 est
3684 3339 3807 3409 hoc,
3840 3337 3988 3411 quod

2280 3429 2630 3502 Redemptor
2666 3435 2858 3487 uoster
2888 3430 2945 3488 in
2984 3430 3169 3504 patria
3209 3446 3314 3490 sua
3351 3436 3580 3505 propter
3617 3426 3987 3487 incredulita-

2283 3524 2398 3578 tem
2461 3519 2768 3577 hominum
2819 3519 2920 3578 vix
2968 3535 3177 3594 paucas
3219 3519 3461 3578 virtutes
3512 3518 3695 3576 facere
3738 3515 3985 3590 potuisse

520 3637 594 3684 ns
627 3635 852 3684 ΒΑΜ]Το
881 3636 1251 3686 ΒΑΒΒΑΤΙΑΝΟ
1282 3639 1653 3689 PRESBYTERO
1683 3644 1755 3689 ΕΤ
1779 3626 2164 3692 ceussssons.

2295 3609 2649 3681 Jerhibetur?
2690 3609 2857 3668 Sicut
2882 3610 3037 3668 enim
3070 3610 3297 3669 Marcus
3329 3607 3679 3680 evangelista
3710 3611 3980 3665 testatur:

1098 3706 1277 3769 (XXXI
1322 3703 1592 3774 DECEMB.)
2283 3719 2305 3748 ι
2336 3696 2507 3756 Multi
2537 3696 2839 3756 audientes
2865 3699 3302 3760 admirabantur
3340 3700 3403 3757 in
3430 3698 3688 3757 doctrina
3725 3695 3869 3769 ejus,
3899 3694 3987 3753 di-

554 3784 751 3860 Nuper
773 3785 1218 3858 celebravimus,
1244 3789 1447 3848 fratres
1470 3790 1817 3861 cliarissimi,
1841 3791 2194 3851 ineffabilem
2276 3792 2469 3843 centes
2500 3810 2512 3843 :
2545 3785 2707 3843 Unde
2741 3786 2877 3845 huic
2903 3788 3029 3846 hac
3056 3787 3298 3847 omnia?
3326 3788 3396 3846 Et
3423 3803 3554 3862 qua
3579 3794 3662 3845 est
3689 3786 3984 3859 sapientia,

483 3874 884 3950 Redemptoris
923 3877 1103 3934 nostri
1132 3876 1533 3952 nativitatem,
1583 3895 1740 3938 nunc
1776 3880 2064 3953 geminato
2101 3898 2193 3940 so-
2276 3889 2409 3947 quae
2460 3874 2588 3931 data
2638 3881 2723 3932 est
2759 3874 2869 3946 illi,
2900 3882 2956 3933 et
3000 3875 3245 3935 Virtutes
3282 3875 3439 3945 taIES,
3477 3891 3613 3948 qua
3645 3890 3745 3948 per
3781 3889 3988 3932 manus

480 3965 799 4025 lemnitatis
852 3966 1065 4039 gaudio
1122 3968 1515 4027 venerabilem
1575 3969 1821 4028 colimus
1876 3969 2192 4029 beatissimi
2274 3967 2400 4039 ejus
2431 3964 2761 4023 efﬁdunlut‘
2789 3967 2815 4023 ?
2845 3965 3051 4023 Nonne
3077 3965 3173 4024 hic
3208 3973 3291 4023 est
3329 3965 3475 4024 fabri
3500 3965 3657 4024 ﬁlius
3686 3962 3986 4036 etMarite,

479 4053 788 4113 sacerdotis
815 4055 940 4129 ejus
964 4056 1440 4130 assumptionem.
1475 4058 1539 4116 In
1570 4058 1670 4115 illa
1712 4059 2016 4117 festivitate
2062 4059 2190 4118 Sal-
2274 4054 2448 4111 frater
2471 4052 2685 4122 Jacobi,
2718 4058 2773 4110 et
2802 4053 3058 4126 Josephi,
3087 4060 3142 4113 et
3170 4053 3358 4124 Juda,
3382 4060 3436 4110 et
3466 4051 3989 4112 Simonis?Nonne

483 4153 643 4203 vator
670 4153 880 4217 noster,
912 4145 1255 4205 obumbrata
1307 4148 1617 4221 majestatis
1658 4164 1778 4207 sua
1821 4149 2027 4222 specie,
2060 4150 2189 4208 des-
2272 4149 2328 4201 et
2366 4158 2590 4202 sorores
2626 4145 2751 4217 ejus
2789 4143 3091 4203 nobiscum
3130 4142 3312 4202 sunt?
3350 4144 3420 4202 Et
3453 4143 3988 4203 scandalizabantur

478 4232 759 4291 cenditin
790 4233 1107 4301 mundum;
1142 4234 1202 4292 in
1233 4236 1341 4292 ista
1365 4235 1815 4308 gloriosissimus
1838 4239 1963 4310 ejus
1996 4239 2187 4296 famu—
2273 4232 2332 4290 in
2386 4232 2506 4291 illo.
2538 4258 2564 4281 ››
2624 4233 2784 4292 Unde
2836 4240 2892 4291 et
2946 4233 3121 4307 paulo
3167 4239 3290 4307 post
3340 4232 3649 4292 subditur:
3690 4257 3710 4283 ιι
3755 4232 3822 4290 Et
3870 4247 3984 4291 non

482 4320 593 4391 lus,
619 4319 874 4393 deposito
903 4321 1294 4393 corruptibilis
1320 4323 1512 4380 carnis
1539 4326 1808 4397 pondere,
1831 4326 1978 4385 liber
2000 4343 2193 4386 ascen-
2272 4329 2489 4396 poterat
2535 4321 2616 4380 ibi
2652 4324 2926 4380 virtutem
2965 4320 3145 4397 ullam
3186 4323 3389 4394 facere,
3431 4323 3544 4380 nisi
3583 4321 3737 4395 quod
3776 4336 3987 4395 paucos

480 4409 585 4467 dit.
615 4407 682 4466 In
715 4407 817 4487 illa
841 4407 1190 4482 Unigenitus
1218 4409 1320 4468 Dei
1350 4411 1536 4470 Filius
1566 4395 1943 4474 humanitatis
1980 4423 2190 4475 nostra
2273 4395 2536 4472 inﬁrmos
2592 4412 2879 4487 impositis
2934 4395 3204 4474 manibus
3254 4415 3510 4485 curavit;
3563 4398 3989 4474 et‘mirabatur

482 4499 726 4557 formam
771 4513 873 4573 pro
929 4504 1121 4556 nostra
1167 4501 1350 4559 salute
1396 4502 1684 4575 suscepit;
1717 4502 1778 4561 in
1835 4503 1943 4562 ista
1989 4505 2502 4577 beatushpropter
2530 4501 2999 4560 incredulitatem
3034 4502 3271 4561 illorum
3313 4504 3528 4577 (Matth.
3572 4506 3720 4576 XIIl).
3756 4529 3781 4555 υ
3833 4501 3984 4572 Quid

476 4558 789 4645 confessor‘
806 4585 931 4660 ejus
962 4584 1034 4643 ad
1072 4587 1351 4661 angelicae
1388 4558 1778 4649 hastam;
1811 4558 2181 4664 assem;
2206 4558 2508 4660 Βὲέίῑιόο,
2558 4558 2783 4660 naues,
2817 4558 3820 4663 quapiaag‘aamaagam
3843 4558 3986 4648 Ias:

474 4673 570 4733 lici
618 4680 803 4733 morte
847 4673 1129 4748 pervenit.
1171 4675 1236 4733 In
1290 4674 1389 4734 illa
1441 4676 1799 4737 solemnitate
1842 4679 2187 4756 Redemptor
2269 4680 2499 4739 delihus
2528 4681 2676 4750 data,
2720 4680 2949 4739 Marcus
2983 4684 3184 4741 asserit
3230 4690 3453 4758 propter
3496 4682 3761 4741 inﬁdeles
3803 4684 3987 4742 fuisse

474 4768 666 4822 noster
696 4763 954 4837 trophao
982 4763 1169 4857 carnis
1198 4763 1477 4835 indutus,
1494 4764 1565 4822 ad
1595 4766 1964 4827 debellandas
1991 4785 2186 4829 aereas
2270 4767 2614 4842 subtracta?
2655 4772 2852 4837 (Marc.
2902 4776 3010 4840 Vl.)
3048 4770 3329 4847 Nunquid
3374 4771 3686 4857 contrarias
3724 4770 3877 4828 inter
3926 4786 3988 4829 se

472 4858 779 4926 potestates
827 4854 887 4912 in
934 4852 1223 4912 mundum
1268 4854 1635 4929 praliaturus
1679 4857 1939 4927 accessit;
1976 4858 2037 4916 in
2077 4860 2187 4918 ista
2268 4855 2520 4914 invicem
2550 4856 2808 4930 proferre
2836 4859 3149 4918 sententias
3187 4867 3444 4933 possunt,
3477 4859 3577 4933 qui
3612 4852 3730 4918 uno
3758 4856 3984 4932 Spiritu

471 4956 607 4999 vero
630 4942 900 5015 egregius
929 4941 1098 5001 miles
1120 4943 1266 5016 ejus,
1296 4944 1647 5018 triumphato
1675 4946 1880 5004 mundi
1909 4947 2183 5022 principe,
2269 4946 2425 5020 pleni
2457 4944 2641 5005 sunt?

468 5029 700 5089 caleste
788 5030 1065 5103 palatium
1137 5032 1314 5091 victor
1395 5033 1650 5091 intravit.
1707 5033 1925 5092 Idcirco
1973 5036 2186 5110 quippe
2340 5033 2451 5093 Sed
2483 5036 2802 5095 notandum
2843 5043 2949 5108 est,
2989 5038 3127 5112 quia
3173 5037 3234 5096 in
3283 5037 3426 5111 ipsis
3473 5036 3812 5096 inﬁdelibus
3860 5044 3989 5097 erat

470 5118 627 5179 Dcus
665 5119 980 5187 descendit,
1018 5124 1083 5178 ut
1122 5120 1298 5180 homo
1331 5122 1697 5192 ascenderet;
1738 5122 1946 5181 idcirco
1985 5125 2182 5183 humi-
2264 5126 2506 5200 quidam
2535 5126 2885 5186 diversitatis
2925 5128 3151 5187 modus.
3186 5128 3295 5187 Par
3320 5129 3558 5203 quidem
3597 5143 3756 5186 error
3785 5127 3987 5185 fuerat

468 5207 597 5267 liari
633 5209 905 5282 dignatus
935 5215 1040 5279 est,
1075 5214 1139 5267 ut
1166 5210 1468 5269 hominem
1497 5211 1789 5271 exaltaret.
2263 5217 2535 5275 omnium
2576 5233 2693 5276 non
2729 5218 3108 5289 credentium,
3142 5218 3239 5277 sed
3271 5208 3477 5292 magna
3518 5218 3825 5276 diversitas
3856 5232 3987 5275 me-

540 5298 604 5357 In
635 5298 938 5357 natiﬂtate
960 5296 1264 5356 Dominica
1291 5315 1406 5357 vox
1430 5299 1689 5373 angelica
1716 5301 1913 5359 sonuit
1944 5325 1955 5358 :
1989 5323 2015 5355 «
2049 5302 2178 5361 Glo-
2265 5307 2309 5363 ri
2321 5315 2527 5365 torum.
2568 5307 2747 5366 Aliud
2779 5315 2866 5367 est
2892 5308 3048 5366 enim
3073 5309 3122 5367 si
3152 5310 3271 5368 sola
3296 5309 3429 5385 quis
3456 5308 3689 5367 fallatur
3714 5307 3988 5382 ignoran-

467 5388 551 5446 ria
583 5388 643 5447 in
677 5387 925 5448 excelsis
956 5387 1101 5458 Deo;
1133 5392 1189 5444 et
1227 5389 1285 5445 in
1323 5396 1469 5446 terra
1501 5405 1614 5462 pax
1649 5390 1987 5450 hominibus
2013 5391 2181 5453 bona
2264 5396 2359 5468 tia,
2399 5396 2559 5456 aliud
2591 5398 2639 5455 si
2678 5397 2951 5474 adjuncta
2981 5413 3217 5472 quoque
3251 5404 3401 5456 erret
3436 5397 3675 5456 malitia.
3708 5395 4001 5470 Ignoran-

475 5478 789 5538 voluntatis
827 5481 976 5553 (Luc.
1013 5479 1112 5551 II);
1153 5500 1174 5530 ι
1218 5476 1394 5537 hodie
1430 5476 1646 5539 ‘dilecto
1682 5496 1788 5541 suo
1832 5481 2179 5542 suavissima
2265 5484 2341 5542 tia
2387 5482 2608 5544 Paulus
2648 5491 2998 5560 peccaverat,
3044 5486 3147 5561 qui
3188 5486 3451 5547 dicebat:
3480 5508 3507 5541 ‹‹
3531 5486 3641 5557 Qui
3692 5485 3863 5560 prius
3901 5484 4001 5546 fui

495 3342 664 3401 Patre
693 3347 750 3399 et
779 3340 997 3415 Spiritu
1024 3348 1218 3402 sancto
1246 3343 1388 3403 vivit
1416 3351 1472 3404 et
1500 3354 1705 3422 regnat
1743 3363 1844 3422 per
1868 3348 2064 3406 omnia
2090 3364 2200 3407 sa-

492 3431 625 3490 cula
650 3428 1023 3490 saculorum.
1051 3431 1260 3492 Amen.

1104 3538 1353 3599 SERMO
1400 3541 1572 3600 LXV.

527 5661 668 5730 (118)
692 5664 818 5721 Haec
838 5665 1131 5733 Gregorius
1155 5665 1408 5751 similiter
1426 5679 1478 5722 st
1491 5667 1607 5722 ntit.
1631 5665 1783 5725 Hom.
1806 5667 1871 5721 29
1892 5680 2059 5735 super
2079 5670 2276 5735 Evang.
2300 5670 2476 5726 Marci.
