4178 6438
301 131 409 193 877

1829 130 2077 192 SERMO
2119 126 2291 187 LXV.

3692 141 3803 202 878

288 258 684 332 blasphemus,
733 265 786 318 et
831 264 1176 332 persecutor,
1219 265 1272 318 et
1326 258 1686 334 injuriosus;
1725 258 1819 316 sed
1875 254 2347 345 ideoAmatibus
2385 262 2620 315 constet.
2665 257 2810 317 Dicit
2842 261 3001 320 enim
3034 262 3187 321 inter
3213 271 3437 336 caetera,
3468 284 3605 341 quia
3632 272 3800 345 cuju-

290 344 743 406 misericordiam
803 355 1140 406 consecutus
1183 363 1335 419 sum,
1381 346 1517 421 quia
1575 345 1853 422 ignorans
1904 345 2008 403 feci

288 438 341 505 (I
385 439 524 494 Tim.
572 443 637 508 ι).
672 461 699 488 ιι
752 437 857 497 Per
901 438 1179 497 malitiam
1229 439 1406 498 Judas
1447 440 1725 511 peccavit,
1773 445 1829 495 et
1877 437 2009 494 ideo

287 539 662 601 nequaquam
695 528 893 586 venire
923 531 993 587 ad
1031 528 1454 603 indulgentiam
1490 525 1720 585 meruit.

368 611 475 671 Pro
524 612 643 673 illis
690 630 825 689 ergo
872 617 1210 677 infidelibus
1255 618 1420 691 signa
1463 615 1594 673 data
1645 621 1801 685 sunt,
1864 630 2010 689 quos

294 703 499 761 divina
530 705 890 778 providentia
932 708 1380 768 misericorditer
1408 705 1628 765 salvare
1659 705 2004 763 decreverat.

296 791 534 865 Propter
567 792 697 852 illos
726 810 861 853 vero
891 796 1179 855 subtracta
1209 802 1365 867 sunt,
1396 807 1543 868 quos
1574 794 1649 852 ab
1691 795 2009 853 electorum

295 888 465 949 sorte,
522 882 893 957 exigentibus
964 901 1168 944 eorum
1224 888 1490 959 peccatis,
1541 887 1686 945 353
1738 886 2011 945 districta:

297 970 620 1039 severitatis
638 972 867 1043 justitia
894 973 1226 1048 repellebat.
1262 975 1612 1037 Christianis
1647 983 1839 1036 autem
1869 984 2011 1033 tem-

296 1057 538 1130 poribus
566 1073 698 1118 cum
732 1060 851 1133 jam
894 1077 1038 1136 pene
1077 1069 1226 1123 totus
1270 1064 1485 1139 ubique
1530 1073 1811 1125 terrarum
1856 1063 2015 1123 orbis

300 1146 361 1204 in
386 1148 667 1208 catholica
695 1150 808 1209 ﬁde
831 1152 1177 1226 persisteret,
1205 1160 1260 1211 et
1284 1170 1481 1228 pacem
1506 1165 1720 1216 sanctae
1740 1153 2013 1213 Ecclesiae

299 1236 404 1293 vix
439 1235 559 1295 ulla
592 1246 1023 1312 persecutorum
1062 1242 1285 1301 saevitia
1322 1244 1701 1316 perturbaret,
1740 1260 1844 1303 cur
1878 1245 2014 1302 bea-

302 1325 568 1384 tissimus
605 1328 896 1388 confessor
925 1329 1136 1389 Christi
1172 1328 1557 1392 Barbatianiis
1586 1339 1667 1393 tot
1696 1333 2014 1392 miraculo-

304 1430 434 1473 rum
465 1416 782 1476 virtutibus
813 1419 1039 1488 claruit,
1082 1418 1195 1477 uisi
1232 1420 1369 1493 quia
1410 1428 1544 1480 ante
1582 1421 1800 1480 divinae
1832 1421 2014 1492 maje-

300 1506 463 1565 statis
529 1507 723 1567 oculos
805 1508 1217 1567 excellentium
1292 1514 1629 1569 meritorum
1702 1509 2016 1569 virtutibus

2090 344 2251 402 sdam
2310 344 2531 404 Juliani
2580 346 2771 406 filium
2825 356 3027 423 guttur
3077 352 3351 426 gravabat
3402 356 3804 418 miserabiliter

2095 433 2409 503 tumidum,
2439 436 2542 509 qui
2569 452 2701 494 cum
2735 437 2897 497 beato
2928 440 3052 499 viro
3079 440 3304 500 delatus
3336 444 3556 516 fuisset,
3584 454 3637 503 et
3664 463 3802 506 cum

2093 532 2248 598 pater
2291 539 2391 598 pro
2437 523 2557 583 ﬁlio
2600 526 3049 601 lacrymabiliter
3083 530 3417 603 postularet,
3460 533 3805 593 venerabilis

2092 614 2183 671 vir
2236 613 2551 687 quamdam
2596 614 3036 687 coniectionem,
3089 618 3159 675 de
3205 633 3354 691 pane
3405 618 3692 693 videlicet,
3748 629 3805 680 et

2090 717 2238 772 cera,
2286 708 2342 759 et
2375 700 2500 760 oleo
2548 703 2785 771 faciens,
2820 720 2992 777 super
3029 708 3155 780 ejus
3195 707 3433 764 vulnera
3467 709 3679 782 posuit,
3724 716 3802 781 et,

2092 789 2240 847 facto
2287 788 2474 848 crucis
2521 789 2835 864 signaculo,
2888 793 3080 851 statim
3118 794 3177 851 in
3218 794 3401 868 ipsius
3441 812 3539 855 ore
3593 805 3804 871 puncto

2092 892 2323 936 omnem
2361 885 2581 952 pestem
2614 879 2685 937 de
2714 880 2843 954 ejus
2869 887 3103 955 gutture
3131 884 3474 944 mirabiliter
3504 886 3799 961 effugavit.

2163 966 2445 1037 Audistis,
2516 968 2716 1026 fratres
2791 970 3135 1041 cbarissimi,
3191 988 3323 1047 quae
3373 972 3801 1047 pigmentorum

2095 1051 2244 1110 354
2296 1069 2511 1128 genera
2568 1056 2834 1129 egregius
2872 1067 3066 1118 noster
3122 1061 3382 1121 medicus
3423 1062 3647 1135 habuit,
3700 1065 3803 1140 qui

2099 1142 2338 1202 mortale
2370 1143 2587 1203 vulnus
2621 1151 2776 1204 tanta
2807 1147 3103 1207 velocitate
3139 1149 3412 1208 sanavit?
3445 1151 3680 1223 Panem,
3708 1168 3801 1211 ce—

2098 1249 2222 1291 ram
2249 1240 2305 1291 et
2331 1233 2545 1303 oleum,
2569 1250 2705 1308 quae
2724 1238 3111 1298 sustentandae
3140 1239 3276 1298 vitae
3296 1239 3585 1300 habebant
3606 1257 3800 1312 usum,

2096 1323 2158 1381 in
2211 1323 2572 1383 medicinalis
2628 1340 2784 1384 curae
2837 1328 3126 1386 transtulit
3186 1329 3679 1402 instrumentum;
3747 1337 3804 1390 et

2102 1411 2257 1470 unde
2298 1412 2475 1470 vitam
2512 1411 2698 1470 alebat
2746 1429 2931 1484 suam,
2979 1415 3114 1474 inde
3155 1426 3395 1477 mortem
3428 1419 3639 1492 repulit
3661 1419 3803 1478 alie-

2098 1515 2266 1569 nam;
2306 1498 2606 1573 speciebus
2647 1500 2913 1560 videlicet
2944 1510 3113 1561 utens
3159 1505 3510 1575 domesticis,
3550 1509 3803 1567 aestima-

303 1595 513 1656 fulsit?
545 1598 679 1655 Erat
705 1598 884 1668 enim,
915 1598 1062 1657 sicut
1102 1599 1173 1657 de
1217 1598 1439 1657 Joanne
1491 1600 1723 1671 dicitur,
1776 1599 2016 1658 lucerna

2113 1589 2312 1648 .ionem
2344 1589 2511 1663 pretii
2543 1590 2760 1648 minuit
2782 1590 3118 1665 peregrinis.
3147 1593 3481 1668 Aliquando
3504 1597 3803 1669 aegrotanti

304 1684 513 1743 ardens
545 1690 600 1743 et
629 1684 834 1744 lucens‘
864 1689 1042 1755 (Joan.
1070 1692 1153 1756 V),
1184 1685 1390 1746 ardens
1418 1687 1684 1745 videlicet
1713 1701 1814 1759 per
1851 1702 2011 1744 amo-

307 1788 426 1830 rem
453 1772 661 1845 cordis,
703 1774 905 1833 lucens
937 1774 1240 1847 splendore
1266 1774 1504 1833 eximiae
1542 1774 2011 1833 conversationis.

310 1859 420 1919 Sed
451 1868 590 1921 tunc
624 1863 859 1922 lucerna
892 1863 1001 1921 sub
1028 1863 1220 1922 modio
1241 1862 1515 1922 occultari
1546 1864 1826 1927 voluerat,
1857 1879 2015 1933 cum,

307 1951 457 2009 sicut
505 1952 564 2009 in
629 1953 1009 2011 sanctissimae
1070 1952 1204 2011 vitae
1259 1953 1385 2025 ejus
1438 1959 1705 2010 narratur
1754 1952 2016 2023 historia,

312 2039 491 2098 latens
535 2040 596 2098 in
649 2040 859 2098 cellula
909 2040 1261 2098 manifestari
1304 2040 1662 2114 principibus
1707 2040 2015 2098 devitabat.

311 2128 551 2187 Nolebat
606 2130 807 2188 mundi
851 2129 1086 2203 regibus
1130 2130 1505 2200 innotescere,
1543 2136 1607 2187 ut
1643 2129 1786 2201 Regi
1816 2145 2021 2200 regum

310 2218 588 2292 potuisset
628 2218 974 2277 familiarius
1020 2218 1315 2277 adhaerere
1342 2243 1353 2275 :
1378 2217 1675 2276 recusabat
1721 2218 1793 2275 ab
1831 2218 2022 2276 homi-

311 2309 489 2367 nibus
520 2309 889 2382 temporalem
919 2308 1211 2382 suscipere
1237 2308 1505 2381 gloriam,
1546 2316 1607 2365 ut
1645 2323 1778 2365 cum
1803 2307 2026 2379 angelis

315 2396 614 2472 acquirere
654 2406 975 2455 mereretur
1010 2405 1309 2455 aeternam.
1351 2396 1442 2454 Ad
1492 2397 1595 2453 hoc
1640 2395 1856 2470 quippe
1895 2411 2026 2469 per-
2074 2398 2077 2402 ’

318 2488 476 2559 tinet,
509 2489 659 2562 quod
694 2488 805 2554 his.
836 2489 1050 2564 quibus
1075 2488 1375 2547 sanitatem
1406 2487 1708 2545 restituere
1740 2487 2023 2559 cupiebat,

2099 1677 2225 1736 citri
2257 1679 2499 1750 peciam,
2526 1680 2803 1753 aliquand
2834 1681 3112 1740 ocaricam
3144 1683 3486 1757 porrigebat;
3520 1691 3576 1743 et
3602 1685 3808 1760 hujus-

2105 1768 2260 1827 modi
2291 1769 2605 1827 curationis
2646 1785 2855 1843 genere
2906 1770 3038 1830 illos
3062 1771 3132 1828 ad
3165 1775 3431 1846 perfectae
3461 1774 3809 1835 valetudinis

2104 1856 2296 1933 robur,
2339 1855 2583 1930 expulsa
2628 1858 2788 1915 omni
2838 1858 3133 1930 languoris
3170 1859 3449 1932 molestia,
3486 1862 3807 1935 revocabat,

2103 1961 2187 2013 ea,
2218 1945 2328 2003 nisi
2359 1945 2546 2013 fallor,
2574 1945 2915 2018 intentione,
2944 1955 3007 2006 ut
3037 1948 3173 2022 quia
3200 1955 3442 2023 uterque
3465 1950 3559 2008 hic
3589 1952 3811 2010 fructus

2105 2033 2164 2091 in
2219 2033 2497 2093 Romanis
2541 2034 2765 2094 ﬁnibus
2808 2036 2960 2110 apud
2998 2037 3278 2111 quosdam
3311 2039 3492 2098 rarior
3529 2043 3808 2114 cernitur,

2104 2122 2448 2181 medicinale
2485 2122 2708 2211 aliquid
2745 2123 2922 2183 fuisse
2956 2127 3260 2198 credatur;
3293 2133 3349 2185 et
3374 2127 3512 2186 dum
3553 2137 3809 2203 reparata

2108 2212 2267 2271 salus
2316 2212 2620 2271 medicinae
2661 2214 2953 2286 tribuitur,
2988 2216 3051 2274 in
3078 2216 3461 2282 aestimatione
3502 2218 3811 2279 hominum

2109 2301 2425 2360 sanctitatis
2450 2301 2575 2375 ejus
2606 2303 2803 2376 opinio
2834 2305 3151 2364 minuatur.

2181 2391 2330 2462 Quid
2364 2407 2498 2466 ergo
2536 2408 2642 2450 nos
2684 2393 2878 2452 miseri
2917 2393 3147 2466 dicturi,
3197 2395 3338 2469 quid
3374 2395 3580 2454 facturi
3622 2395 3681 2453 in
3724 2395 3814 2455 di-

2111 2483 2304 2540 stricto
2332 2480 2602 2539 examine
2630 2484 2912 2542 tremendi
2937 2483 3152 2557 judicis
3181 2500 3405 2554 sumus,
3433 2484 3538 2558 qui
3563 2491 3618 2543 et
3641 2484 3819 2545 virtu-

316 2593 469 2652 saepe
507 2579 1022 2652 superponendum
1051 2578 1211 2653 quid,
1245 2578 1407 2635 velut
1436 2577 1808 2651 emplastrum
1834 2602 1845 2634 :
1877 2592 2029 2650 saepe
2118 2577 2200 2627 tes
2237 2585 2351 2628 non
2376 2568 2678 2640 habemus,
2710 2579 2763 2628 et
2796 2580 2983 2629 tamen
3012 2571 3082 2630 de
3112 2572 3447 2631 meritorum
3474 2575 3819 2633 excellentia

318 2666 739 2725 comedendum
795 2667 1041 2742 aliquid,
1092 2666 1257 2741 quasi
1309 2665 1648 2725 medicinale
1702 2665 2028 2723 antidotum
2110 2662 2247 2716 ante
2296 2657 2586 2715 humanos
2622 2658 2820 2717 oculos
2857 2659 3273 2733 superbimus?
3309 2660 3411 2733 qui
3462 2663 3819 2721 sanctitatem

317 2757 682 2828 conferebat;
732 2771 798 2815 eo
843 2756 1140 2825 nimirum,
1183 2762 1244 2814 ut
1276 2756 1499 2829 opinor,
1535 2754 1745 2824 studio,
1797 2762 1858 2811 ut
1887 2755 2030 2813 dum
2113 2747 2325 2805 habere
2378 2756 2512 2804 ante
2562 2747 2779 2806 interni
2835 2749 3038 2807 arbitri
3087 2747 3284 2808 oculos
3339 2750 3499 2808 nullo
3537 2751 3823 2811 desiderio

319 2848 634 2907 herbarum
664 2849 870 2918 virtus,
898 2847 986 2905 vel
1020 2846 1460 2905 medicinalium
1490 2846 1809 2919 specierum
1834 2852 2030 2918 poten-
2113 2840 2453 2914 quaerimus,
2485 2845 2538 2897 et
2566 2839 2882 2896 sanctitatis
2909 2854 3120 2897 nomen
3153 2838 3307 2912 apud
3329 2839 3587 2898 humana
3605 2839 3825 2914 judicia

322 2940 399 2996 tia
438 2937 714 3008 creditur,
766 2952 1134 3011 nequaquam
1173 2935 1489 2995 sanctitatis
1529 2950 1649 2994 suae
1694 2933 1917 2993 viribus
1950 2949 2028 2992 re
2056 2930 2285 3015 Cnobis
2331 2928 2611 2987 fallaciter
2651 2943 2931 3002 usurpare
2967 2927 3328 3001 gaudemus?
3370 2928 3623 2999 Quantos
3668 2932 3824 2988 enim

318 3028 518 3087 stituta
565 3027 784 3085 sanitas
827 3025 1146 3084 ascribatur
1167 3044 1183 3095 ;
1229 3030 1284 3082 et
1331 3023 1475 3084 dum
1513 3024 1586 3081 ab
1628 3039 1695 3082 eo
1748 3022 2029 3080 medicina
2122 3021 2292 3080 hodie
2318 3022 2629 3090 cernimus,
2661 3019 2764 3094 qui
2802 3020 2851 3078 si
2883 3021 2954 3078 de
2991 3020 3306 3081 virtutibus
3332 3021 3691 3080 admirabilis
3717 3023 3827 3082 hu-

324 3116 659 3190 suscipitur,
721 3115 902 3188 magis
944 3114 1202 3172 medicus
1255 3129 1436 3186 quam
1487 3121 1719 3172 sanctus
1767 3127 1891 3170 esse
1944 3113 2055 3191 vi-o
2115 3111 2211 3183 jus
2242 3109 2355 3166 viri
2383 3108 2474 3167 vel
2509 3109 2777 3167 ultimam
2824 3109 3164 3183 particulam
3187 3112 3466 3184 attingere
3489 3111 3825 3185 potuissent,

325 3208 543 3267 deatur.
2120 3200 2192 3256 ad
2230 3198 2444 3257 crelum
2490 3214 2551 3256 se
2588 3196 2650 3255 in
2707 3197 2994 3270 superbiae
3030 3197 3304 3256 cornibus
3341 3197 3680 3269 exaltarent,
3725 3200 3828 3274 qui

399 3296 530 3368 Sed,
575 3296 667 3354 dic
710 3295 877 3366 mihi,
908 3311 941 3354 ο
974 3295 1123 3353 bone
1157 3294 1398 3364 medice,
1433 3291 1589 3351 unde
1618 3290 2033 3349 confectionem
2122 3304 2273 3360 saepe
2308 3288 2449 3346 forte
2479 3287 2707 3360 aliquid
2748 3288 2818 3345 de
2847 3288 3162 3346 virtutibus
3197 3287 3434 3354 faciunt,
3466 3287 3564 3346 sed
3594 3304 3695 3363 per
3725 3290 3832 3351 hoc

329 3390 447 3442 tam
477 3382 740 3454 efﬁcacis,
774 3389 886 3440 tam
917 3381 1127 3441 subitae
1155 3381 1386 3439 virtutis
1411 3378 1618 3436 nostris
1653 3375 1866 3434 finibus
1890 3385 2035 3434 attu-

325 3472 461 3544 listi,
510 3481 574 3530 ut
614 3486 731 3529 non
779 3471 987 3538 triduo,
1036 3486 1147 3528 non
1194 3468 1392 3537 biduo,
1425 3482 1541 3523 non
1569 3463 1660 3522 vel
1697 3464 1876 3521 unius
1911 3478 2033 3521 mo-

327 3562 508 3621 menti
536 3561 719 3635 spatio
745 3565 1126 3633 exspectatur,
1158 3557 1252 3615 sed
1286 3570 1422 3614 mox
1454 3560 1518 3612 ut
1548 3551 1807 3610 adhibita
1841 3551 2034 3623 fuerit,

327 3653 519 3710 statim
556 3652 744 3709 omnis
786 3650 1046 3721 languor,
1088 3662 1259 3705 omne
1302 3644 1518 3704 vulnus
1562 3641 1818 3716 pristinae
1862 3641 2037 3700 saluti

331 3739 707 3798 restituatur?
754 3736 1055 3810 Epithema
1100 3733 1386 3809 siquidem
1430 3730 1622 3790 curari
1676 3744 1789 3788 non
1836 3734 2034 3803 potest,

332 3831 445 3889 nisi
491 3829 692 3888 tandiu
729 3827 937 3886 tumori
978 3828 1231 3902 adjaceat
1257 3823 1702 3897 superpositum,
1736 3822 1917 3879 donec
1948 3819 2041 3878 vel

334 3920 591 3993 vigorem
623 3933 801 3976 suum
828 3932 929 3991 per
955 3915 1207 3974 occultos
1237 3919 1458 3971 meatus
1494 3912 1558 3969 in
1601 3910 1854 3982 corporis
1884 3909 2041 3967 inte-

334 4010 486 4068 riora
520 4007 900 4075 transfundat,
944 4003 1038 4063 vel
1082 4004 1392 4062 humorem
1430 3999 1767 4074 pestiferum
1814 3996 2041 4055 virtutis

336 4113 460 4156 suae
496 4096 746 4170 potentia
773 4093 841 4152 ad
884 4091 1168 4151 exteriora
1198 4088 1456 4163 trajiciat.
1499 4085 1839 4144 Antidotum
1882 4100 2041 4154 vero,

336 4185 488 4260 quod
533 4199 631 4243 ore
680 4181 991 4256 perﬁcitur,
1045 4192 1274 4237 necesse
1321 4184 1405 4233 est
1453 4180 1518 4232 ut
1564 4181 1802 4231 eatenus
1858 4189 2045 4230 moras

340 4276 528 4345 faciat,
565 4287 869 4347 quousque
895 4286 998 4344 per
1025 4283 1200 4327 venas
1229 4272 1285 4324 et
1309 4280 1476 4339 poros
1508 4262 1728 4321 occulta
1756 4261 2042 4319 viscerum

2126 3392 2238 3434 non
2269 3374 2511 3445 caelum,
2537 3375 2637 3438 sed
2681 3384 2888 3433 terram
2925 3383 3146 3448 petunt.
3176 3376 3523 3435 Alfectantes
3553 3378 3829 3438 nimirum

2123 3463 2324 3522 laudes
2361 3463 2688 3532 hominum,
2721 3463 2777 3519 in
2808 3463 3130 3537 semetipsis
3157 3464 3437 3537 dissipant
3462 3464 3713 3525 fructum
3748 3467 3831 3527 la-

2124 3553 2331 3612 borum
2358 3571 2373 3623 ;
2407 3567 2658 3626 cumque
2687 3569 2748 3610 se
2773 3551 3074 3610 ostendere
3095 3551 3303 3610 alienis
3329 3551 3513 3611 oculis
3534 3564 3830 3629 appetunt,

2127 3649 2259 3699 ante
2289 3641 2508 3699 divinae
2543 3640 2852 3713 majestatis
2879 3639 3155 3698 intuitum
3183 3641 3459 3698 damnant
3482 3655 3654 3700 omne
3679 3643 3832 3718 quod

2128 3738 2326 3803 agunt.
2363 3730 2526 3803 Saepe
2556 3731 2731 3788 etiam
2767 3745 2942 3786 sacrae
2974 3728 3115 3801 legis
3145 3727 3469 3787 eruditione
3490 3734 3545 3787 et
3569 3729 3713 3788 alios
3741 3730 3835 3788 in-

2129 3827 2384 3889 struunt,
2423 3834 2593 3876 omne
2632 3817 2785 3892 quod
2825 3818 3077 3875 sentiunt
3122 3817 3467 3876 testimoniis
3502 3818 3835 3893 accingunt,

2132 3925 2233 3967 nec
2278 3919 2467 3967 tamen
2518 3924 2616 3982 per
2655 3909 2762 3966 hoc
2807 3907 2979 3965 vitam
3018 3905 3400 3975 audientium,
3435 3906 3533 3964 sed
3578 3908 3839 3981 proprios

2136 4000 2358 4057 favores
2409 4005 2716 4073 quaerunt;
2765 3998 2903 4071 quia
2944 4012 3048 4052 nee
3106 3995 3356 4068 proferre
3402 3995 3518 4052 alia
3573 3995 3834 4070 cupiunt,

2136 4089 2247 4145 nisi
2303 4101 2440 4160 quae
2498 4085 2830 4144 auditorum
2901 4084 3069 4141 corda
3120 4081 3192 4139 ad
3248 4082 3585 4156 repetendas
3643 4083 3842 4142 laudes

2135 4177 2461 4249 excutiunt.
2522 4189 2635 4232 non
2679 4180 2871 4231 autem
2919 4172 2989 4228 ad
3040 4172 3321 4244 lacrymas
3371 4172 3636 4231 tendunt.
3682 4171 3846 4230 Mens

2136 4264 2349 4338 quippe
2404 4261 2790 4320 exterioribus
2849 4267 3138 4333 occupata,
3207 4261 3340 4331 igne
3392 4260 3582 4318 divini
3634 4261 3848 4319 amoris

346 4364 606 4422 funditus
639 4366 916 4435 penetret,
948 4363 1004 4416 et
1032 4356 1120 4414 vel
1166 4362 1434 4427 corrupta
1476 4352 1697 4423 solidet,
1731 4350 1820 4408 vel
1860 4347 2115 4408 tume-“
2142 4367 2256 4409 non
2295 4352 2460 4423 calet,
2493 4359 2548 4408 et
2578 4349 2788 4408 idcirco
2829 4350 2899 4407 ad
2943 4362 3333 4421 supernorum
3365 4347 3720 4407 desiderium
3755 4349 3848 4406 in—

346 4458 491 4514 facta
539 4453 735 4512 noxiis
786 4448 1135 4509 humoribus
1180 4452 1400 4522 purget.
1443 4443 1567 4502 Tua
1600 4458 1739 4513 vero
1768 4440 2053 4499 mirabilis
2138 4442 2435 4505 flammare.
2462 4440 2752 4498 auditores
2781 4453 2918 4497 suos
2952 4445 3247 4512 nequeunt
3280 4438 3455 4496 verba
3477 4453 3610 4511 quae
3642 4436 3849 4511 frigido

344 4546 637 4606 medicina
667 4560 775 4602 non
814 4558 1004 4602 moras
1034 4540 1292 4610 innectit,
1319 4552 1437 4596 non
1466 4551 1597 4610 quae
1624 4550 1657 4591 a
1688 4532 1925 4590 medicis
1951 4548 2054 4589 cu-
2139 4533 2307 4591 corde
2346 4531 2738 4604 proferuntur.
2771 4527 2972 4600 Neque
2999 4526 3157 4584 enim
3188 4542 3276 4583 res
3322 4541 3455 4598 quae
3479 4532 3534 4583 et
3561 4525 3621 4582 in
3647 4532 3848 4583 semet-

346 4638 609 4704 stoditur,
670 4635 840 4693 dictae
889 4631 1292 4691 discretionem
1346 4627 1576 4702 quaerit,
1636 4623 1736 4684 sed
1795 4637 1931 4680 mox
1990 4627 2055 4680 ut
2140 4623 2261 4696 ipsa
2291 4636 2407 4679 non
2448 4618 2673 4683 arserit,
2704 4618 2864 4676 aliud
2889 4615 3164 4704 accendit.
3206 4612 3368 4671 Unde
3412 4612 3848 4704 titplerumqua

345 4701 753 4786 summotenus
806 4724 1077 4797 tangitur,
1124 4721 1282 4780 salus
1326 4701 1693 4793 integerrima
1739 4719 2055 4789 reparatur.
2142 4718 2205 4770 ut
2232 4706 2863 4802 hypocritarumdicta,
2902 4710 2959 4761 et
2988 4702 3287 4802 audientes
3327 4716 3443 4802 non
3474 4701 3763 4802 erudiant,
3795 4710 3849 4758 et

352 4815 522 4876 Solve
563 4830 719 4888 ergo,
770 4787 956 4881 Pater,
995 4787 1172 4883 solve,
1215 4787 1475 4881 obsecro:
1502 4787 1828 4880 ligaturami.
1862 4811 1917 4862 et
1945 4810 2058 4861 tam
2142 4801 2372 4858 eosdem
2400 4798 2555 4889 ipsos
2583 4795 2683 4870 qui
2716 4793 3013 4889 proferunt
3042 4789 3218 4889 elatos
3243 4787 3515 4889 laudibus
3544 4790 3852 4889 deteriores

350 4877 821 4979 incomparabilis
844 4877 1347 4962 medicinae'nobis
1376 4877 1841 4957 trade‘notitiam.
2146 4889 2407 4979 reddant.
2456 4888 2775 4979 Attestante
2803 4879 3019 4979 etenim
3048 4877 3260 4979 Paulo,
3303 4900 3328 4929 «
3372 4877 3847 4979 Scientiadnilel,

431 4965 746 5055 Videamus
774 5002 825 5052 et
869 5009 974 5052 nos
999 4990 1436 5050 inaestimabiles
1462 4987 1888 5061 pigmentorum
1931 4989 2058 5042 tuo-
2149 4978 2396 5037 Charitas
2446 4973 2691 5066 aedificat
2726 4974 2775 5066 (ζ
2819 4970 2937 5026 Cor.
2981 4970 3184 5066 Viuit»
3222 4965 3554 5066 Gumgergo
3605 4967 3855 5066 charitas

360 5102 487 5147 rum
536 5085 776 5160 species,
822 5083 1128 5142 odoremus
1170 5058 1628 5153 jucundissimas
1686 5070 2063 5147 flagrantium
2149 5070 2442 5160 auditores
2475 5058 2816 5160 aediﬁcando
2858 5071 2972 5114 non
3001 5058 3190 5128 θνίςη,
3220 5058 3463 5116 meum
3500 5059 3853 5130 Ρτοῖθνθῐιίυδ

360 5151 688 5235 aromalum
733 5151 1062 5232 suavitates.
1109 5151 1234 5238 Eia,
1291 5167 1514 5236 fratres,
1561 5162 1776 5233 audite,
1831 5160 2066 5220 libellus
2155 5157 2414 5247 inflando
2439 5151 2729 5247 pervertit.
2826 5238 2839 5247 _
3000 5232 3003 5235 η
3211 5235 3233 5247 ﬂ
3300 5242 3308 5247 ι
3541 5237 3552 5247 .
3687 5236 3698 5247 .

362 5265 772 5324 sacratissima;
823 5262 951 5336 ejus
993 5259 1131 5317 vitae
1173 5235 1363 5316 coram
1410 5235 1631 5313 cunctis
1666 5252 1884 5326 aperiat
1924 5266 2069 5325 quas
2195 5240 2785 5337 'Plerumqueftiam
2826 5235 3163 5337 hypocritae,
3208 5235 3408 5295 fratres
3443 5237 3577 5337 mei,
3621 5236 3767 5337 mira
3796 5255 3859 5337 se

360 5360 683 5413 aromatum
708 5324 925 5427 species
952 5349 1077 5423 ejus
1106 5349 1164 5405 in
1194 5362 1256 5404 se
1275 5344 1562 5404 medicina
1587 5324 1877 5401 contineat
1899 5324 2070 5398 histo—
2157 5334 2504 5430 abstinentia
2537 5330 2827 5430 adﬁgunt,
2864 5340 3050 5430 omne.
3075 5324 3251 5426 robur
3287 5326 3541 5430 corporis
3584 5333 3855 5430 alterum.

266 5444 273 5449 ⁷
360 5446 471 5518 ria,
512 5415 784 5506 videlicet
816 5415 1235 5502 saluberrima:
1272 5436 1375 5496 illa
1399 5434 1680 5495 confectio
1707 5432 1925 5508 quibus
1945 5440 2072 5489 εω-
2163 5434 2223 5485 et
2251 5425 2418 5501 quasi
2445 5423 2636 5483 carnis
2658 5422 2836 5480 vitam
2865 5415 3129 5477 funditus
3162 5415 3227 5473 in
3263 5431 3437 5477 carne
3473 5418 3733 5479 viventes
3752 5435 3863 5480 ex-
