4178 6514
387 328 493 389 879
570 284 571 287 Ἰ
884 318 887 319 ν
1010 327 1068 387 S.
1112 325 1334 386 PETRI
1372 326 1699 387 DAMIANI
1737 327 1893 389 OPP.
1938 328 2130 390 PARS
2170 329 2313 392 SEU
2353 292 2604 395 TOMlJS
2641 335 2718 395 II.
2757 368 2826 380 —
2867 335 3282 398 SEBMONES.
3788 343 3898 403 880

386 452 711 527 stinguunt,
739 450 935 524 sicque
955 464 1058 524 per
1073 449 1481 511 abstinentiam
1505 451 1681 510 morti
1708 452 2095 526 appropriant,
2116 455 2289 529 Aper
2335 474 2432 517 eas
2475 459 2651 521 totius
2681 460 2887 520 mundi
2915 461 3183 519 decernat
3224 461 3534 536 caliginem
3565 464 3893 536 illustrare;

384 549 449 603 ut
474 558 623 617 pene
643 541 901 614 quotidie
929 539 1242 599 morientes
1270 541 1492 613 vivant,
1523 541 1621 600 sed
1649 541 1721 599 ad
1746 542 1857 601 hoc
1885 542 2095 602 huma-
2180 554 2245 605 ut
2276 546 2415 606 dum
2450 548 2731 622 fulgentia
2756 557 2908 609 astra
2946 549 3168 608 radiare
3198 566 3301 624 per
3338 551 3472 611 cali
3502 553 3733 614 climata
3769 571 3889 614 cer-

384 648 489 691 nos
511 632 709 691 oculos
734 637 1029 705 quarunt,
1087 630 1487 689 admirationis
1515 630 1758 704 gloriam
1788 638 2089 705 expetunt,
2174 635 2393 712 nimus,
2431 637 2714 697 inotTenso
2752 638 2894 712 pede
2932 639 3123 712 Operis
3158 638 3270 698 iter
3299 647 3513 699 nostra
3544 643 3726 701 noctis
3760 659 3891 702 am-

388 718 637 776 Veritate
679 723 999 787 attestante,
1042 732 1178 791 qua
1222 717 1304 774 ait
1350 740 1362 773 :
1409 737 1437 770 ‹‹
1486 716 1895 776 Exterminant
1935 719 2089 778 enim
2170 722 2464 783 bulemus.
2496 724 2662 785 Sicut
2692 727 2847 785 enim
2883 727 3440 787 matutinuslucifer
3469 728 3651 788 solem
3678 748 3892 805 prace-

380 809 557 867 facies
624 822 791 878 suas,
850 814 916 866 ut
993 815 1306 881 appareant
1378 806 1719 865 hominibus
1767 807 2095 881 jejunantes

381 899 597 969 (Matth.
641 898 743 970 VI).
788 921 815 946 ››
860 896 1006 955 Nam
1042 912 1141 955 ora
1178 894 1523 968 pallescunt,
1563 910 1773 968 corpus
1800 894 2091 954 debilitate

376 986 655 1059 quatitur,
685 992 885 1058 pectus
914 982 1484 1056 inter-rumpentibus
1511 981 1779 1057 suspiriis
1807 991 2082 1055 urgetur;

372 1073 472 1131 sed
497 1072 648 1131 inter
679 1073 803 1130 hac
828 1071 901 1130 ab
925 1086 1023 1130 ore
1050 1071 1448 1146 proximorum
1482 1085 1669 1129 sermo
1687 1070 2086 1131 admirationis

370 1164 670 1239 quarimr,
704 1162 973 1235 nihilque
1010 1176 1111 1235 pro
1151 1168 1308 1219 tanto
1346 1159 1541 1218 labore
1576 1159 1757 1232 aliud,
1790 1161 1902 1219 nisi
1934 1160 2086 1220 asti~
2170 1164 2551 1224 Antiochenis
2589 1165 2834 1237 ﬁnibus,
2876 1167 3033 1226 unde
3069 1169 3355 1229 oriundus
3392 1170 3595 1239 fuerat,
3635 1172 3797 1243 exiit,
3823 1180 3881 1231 et

368 1252 546 1311 matio
579 1252 856 1320 humana,
887 1249 1187 1322 cogitatur.
2168 1251 2413 1310 Romam
2444 1253 2853 1326 pertransiens,
2905 1253 3091 1313 multa
3128 1272 3257 1314 eam
3291 1258 3714 1319 miraculorum
3754 1261 3883 1319 luce

446 1338 593 1396 355
639 1339 1002 1414 Perpendite,
1052 1336 1409 1397 dilectissimi
1458 1338 1661 1395 fratres
1703 1339 1842 1408 mei,
1905 1352 2082 1410 quam
2164 1342 2417 1415 perfudit
2472 1366 2484 1401 :
2541 1350 2832 1417 postremo
2889 1344 3227 1405 Ravennam
3278 1364 3462 1422 usque.
3509 1351 3876 1425 perveniens,

368 1428 721 1488 miserabilis
754 1428 1037 1487 vecordia
1086 1435 1171 1486 est
1214 1426 1498 1485 laboriose
1544 1442 1731 1500 agere,
1764 1435 1820 1485 et
1863 1427 1937 1485 ab
1972 1443 2081 1486 .ore
2163 1430 2476 1503 Christum,
2528 1433 2630 1507 qui
2680 1439 2765 1492 est
2815 1435 2901 1493 sol
2942 1435 3206 1509 justitia,
3251 1438 3519 1513 plurimis
3563 1442 3877 1501 hominum

365 1519 678 1578 hominum
711 1518 912 1576 laudes
944 1517 1200 1589 inhiare;
1238 1516 1371 1574 forti
1409 1517 1925 1606 operepraceptis
1955 1531 2075 1606 ca-
2163 1521 2453 1580 mentibus
2499 1521 2834 1584 introduxit
2876 1549 2888 1584 :
2943 1527 3267 1587 Antiochia
3314 1530 3530 1588 scilicet
3565 1532 3877 1606 splendore

361 1607 606 1666 lestibus
632 1606 935 1696 inservire,
954 1606 1053 1696 sed
1078 1612 1324 1696 terrena
1347 1604 1744 1696 retributionis
1764 1605 2073 1696 pramium
2161 1609 2255 1669 sui
2304 1619 2467 1669 ortus
2513 1612 2770 1684 emicuit,
2801 1612 3004 1673 Roma
3052 1616 3334 1689 plurimos
3376 1604 3672 1694 signorum
3713 1622 3876 1696 igni-

367 1710 653 1770 quarere.
696 1694 856 1754 Sicut
893 1694 1051 1753 enim
1089 1695 1290 1753 beatus
1328 1693 1407 1750 ait
1455 1694 1789 1766 Gregorius,
1829 1693 1935 1768 qui
1970 1709 2073 1767 pro
2159 1699 2322 1758 culos
2367 1700 2595 1774 sparsit,
2624 1701 2832 1761 urbem
2882 1718 3019 1761 vero
3063 1703 3404 1766 Ravennam
3437 1693 3616 1768 velut
3662 1693 3874 1771 occasu

364 1787 579 1876 virtute
600 1799 780 1876 quam
807 1784 945 1876 agit,
982 1783 1307 1876 humanum
1330 1784 1594 1876 favorem
1621 1782 1924 1876 desiderat,
1950 1798 2068 1876 rem
2088 1814 2137 1876 Β
2159 1785 2304 1844 356
2353 1791 2722 1850 sacratissimi
2761 1794 2854 1852 sui
2891 1793 3083 1854 obitus
3120 1794 3452 1855 illustravit.
3484 1797 3569 1856 Ita
3603 1798 3875 1859 videlicet

363 1872 562 1946 magni
594 1872 784 1932 meriti
823 1871 925 1929 vili
964 1871 1147 1946 pretio
1184 1871 1443 1930 venalem
1475 1878 1677 1945 portat.
1730 1870 1894 1930 Unde
1938 1870 2131 1931 coeli"
2157 1877 2379 1935 meritis
2428 1880 2776 1939 sanctissimi
2821 1883 2999 1956 hujus
3040 1883 3171 1955 viri,
3196 1884 3352 1943 velut
3385 1886 3523 1945 novi
3561 1885 3873 1960 splendore

356 1979 600 2038 regnum
630 1962 839 2021 mereri
876 1961 1082 2035 potuit,
1116 1962 1251 2020 inde
1282 1976 1597 2020 nummum
1639 1962 1951 2021 transitorii
1983 1964 2070 2021 fa-
2155 1965 2406 2039 luciferi,
2456 1968 2518 2026 in
2568 1970 2753 2031 tribus
2797 1973 2920 2031 suis
2974 1972 3282 2047 pracipuis
3321 1974 3660 2048 regionibus
3716 1983 3871 2036 totus

356 2052 512 2110 voris
549 2050 774 2126 quarit.
804 2050 970 2109 Intus
1007 2066 1163 2124 ergo,
1197 2051 1399 2140 fratres
1430 2049 1567 2121 mei,
1599 2049 1759 2140 intus
1788 2052 2070 2128 servanda
2152 2057 2357 2116 rutilat
2385 2060 2661 2133 mundus,
2696 2062 2839 2122 dum
2862 2063 2926 2121 in
2953 2063 3067 2123 alia
3095 2064 3299 2123 mundi
3326 2064 3493 2139 plaga
3520 2067 3647 2140 ejus
3674 2068 3868 2126 cerni-

349 2149 487 2201 sunt
526 2142 695 2213 bona,
726 2156 861 2216 qua
895 2142 1144 2215 agimus,
1178 2142 1226 2199 si
1274 2140 1347 2198 ab
1383 2139 1617 2199 interno
1648 2139 1844 2213 judice
1878 2140 2065 2200 vicem
2153 2150 2246 2203 tur
2282 2154 2464 2219 ortus,
2505 2149 2567 2207 in
2608 2149 2724 2208 alia
2761 2152 3187 2225 quodammodo
3218 2153 3450 2213 videtur
3481 2139 3775 2228 ascensus,
3802 2155 3863 2213 in

352 2232 604 2304 recipere
650 2230 833 2289 nostri
881 2231 1070 2304 operis
1121 2236 1542 2304 exspectamus.
1574 2228 1729 2288 Hinc
1776 2240 1863 2289 est
1905 2232 2064 2290 enim
2154 2237 2317 2295 tertia
2343 2237 2669 2299 celebratur
2696 2256 2950 2300 occasus.

357 2320 511 2395 quod
543 2322 603 2377 in
653 2318 968 2391 Evangelio
1007 2318 1232 2378 Veritas
1277 2318 1415 2377 dicit
1446 2338 1457 2376 :
1501 2339 1530 2372 α
1562 2317 1787 2377 Nesciat
1830 2319 2065 2380 sinistra
2222 2325 2312 2395 Et,
2346 2327 2496 2386 sicut
2526 2328 2598 2386 de
2629 2331 3001 2403 compatriota
3029 2331 3153 2405 ejus
3181 2332 3513 2392 beatissimo
3537 2332 3863 2407 Apollinari

362 2417 459 2470 tua
485 2411 626 2485 quid
654 2412 824 2469 faciat
847 2411 1084 2468 dextera
1112 2416 1229 2480 tua,
1259 2417 1324 2467 ut
1349 2409 1422 2467 sit
1451 2408 1817 2484 eleemosyna
1860 2416 1958 2469 tua
2000 2410 2061 2468 in
2147 2414 2210 2472 in
2235 2416 2351 2475 alio
2378 2433 2652 2478 sermone
2672 2421 2810 2493 (119)
2828 2422 2949 2493 jam
2972 2421 3443 2497 diximus,quam
3456 2430 3605 2483 recte
3634 2425 3744 2483 sibi
3765 2426 3860 2484 lu-

356 2499 709 2569 abscondito,
740 2504 796 2558 et
846 2499 1012 2558 Pater
1062 2505 1218 2571 tuus,
1247 2500 1352 2573 qui
1396 2499 1554 2559 videt
1593 2500 1656 2557 in
1703 2499 2059 2572 abscondito,
2147 2503 2310 2563 ciferi
2340 2520 2556 2565 nomen
2581 2510 2980 2583 congruit,qui
3001 2509 3245 2570 Romam
3268 2511 3581 2586 ingressus,
3605 2514 3862 2588 primum

360 2589 557 2649 reddet
594 2589 696 2647 tibi
754 2592 977 2660 (Matth.
1017 2600 1126 2662 VI).
1164 2612 1190 2640 ι
1233 2588 1386 2648 Hinc
1420 2596 1520 2657 est,
1555 2588 1708 2662 quod
1745 2588 1815 2645 de
1849 2588 2059 2647 electo-
2147 2593 2389 2653 virtutis
2412 2612 2538 2654 sua
2555 2597 2903 2657 miraculum
2929 2598 2999 2657 de
3027 2598 3250 2658 lumine
3278 2600 3427 2660 fecit.
3456 2601 3677 2674 Regina
3696 2601 3860 2660 enim

347 2698 479 2742 rum
508 2682 758 2743 Ecclesia
786 2699 888 2758 per
925 2683 1285 2742 Psalmistam
1324 2683 1535 2742 dicitur
1576 2702 1588 2741 :
1634 2708 1661 2733 α
1694 2682 1896 2743 Omnis
1931 2685 2057 2758 glo-
2145 2682 2307 2741 Galla
2337 2683 2613 2758 Placidia,
2643 2693 2712 2746 ut
2746 2687 3014 2759 audistis,
3046 2687 3380 2762 suppliciter
3405 2690 3531 2764 ejus
3568 2689 3861 2764 ﬂagitabat

343 2772 429 2830 ria
477 2773 604 2846 ejus
655 2772 791 2832 ﬁlia
837 2774 989 2845 regis
1032 2773 1105 2831 ab
1153 2773 1312 2831 intus
1364 2775 1535 2842 (Psal.
1588 2780 1776 2842 XLIV).
1828 2794 1856 2825 ι)
1906 2773 2056 2832 Filia
2142 2772 2440 2832 auxilium
2472 2790 2583 2849 pro
2611 2775 2859 2847 quadam
2891 2791 2997 2835 sua
3026 2776 3383 2851 pedissequa,
3411 2792 3546 2851 qua
3576 2777 3856 2837 intolera-

355 2861 569 2936 quippe
608 2878 811 2936 regum
850 2871 934 2921 est
969 2872 1161 2921 sancta
1204 2862 1478 2934 Ecclesia,
1520 2877 1653 2938 qua
1682 2862 1738 2919 in
1784 2862 1933 2921 bono
1971 2871 2055 2922 est
2146 2861 2362 2921 bilibus
2422 2865 2787 2925 cruciabatur
2835 2865 3130 2925 doloribus
3177 2868 3477 2926 oculorum
3499 2885 3515 2937 ;
3556 2867 3669 2941 qui
3709 2883 3857 2926 mox

354 2964 525 3024 opere
553 2953 941 3025 spiritualium
970 2953 1302 3029 principum
1331 2953 1738 3027 pradicatione
1764 2962 2048 3027 generata,
2140 2942 2314 3024 pallio
2344 2969 2450 3012 suo
2495 2957 2624 3029 ejus
2671 2957 2869 3015 oculos
2917 2956 3074 3028 tangi
3121 2957 3408 3031 pracepit,
3439 2965 3492 3015 et
3545 2961 3626 3016 sic
3666 2956 3742 3016 ab
3783 2974 3859 3017 ea

346 3057 482 3116 qua
535 3041 677 3100 dum
729 3057 789 3100 se
840 3042 897 3099 in
950 3040 1265 3100 virtutibus
1328 3048 1540 3099 sancta
1601 3042 2052 3102 conversationis
2139 3041 2411 3113 protinus
2463 3058 2699 3102 omnem
2756 3044 3044 3118 pestifera
3108 3044 3472 3119 agritudinis
3522 3044 3851 3104 molestiam

2170 898 2330 958 diani
2343 900 2593 961 climatis
2612 904 2910 976 superiora
2929 905 3263 964 conscendit
3288 925 3299 962 :
3341 906 3415 964 ad
3437 914 3887 983 extremumque

2169 1002 2285 1059 quo
2310 1004 2530 1060 pronus
2567 990 2628 1049 in
2665 991 2973 1050 occiduum
3010 1008 3184 1050 axem
3222 993 3404 1067 vergit
3428 1013 3441 1064 ;
3465 995 3547 1053 sic
3575 996 3882 1066 nimirum,

2169 1075 2251 1135 sic
2305 1076 2679 1136 beatissimus
2727 1079 3020 1138 confessor
3072 1080 3287 1139 Christi
3335 1081 3756 1157 Barbatianus,
3808 1083 3883 1141 de

2170 809 2314 868 dens
2337 813 2411 870 ab
2438 811 2717 871 Orientali
2744 815 2906 888 prius
2934 814 3102 889 plaga
3127 816 3444 889 ednsurgit,
3471 817 3681 876 deinde
3708 818 3891 877 meri-
3982 816 3989 820 ’

342 3137 592 3203 exercet,
627 3128 766 3203 quia
799 3145 902 3204 per
935 3129 1046 3188 hoc
1091 3129 1197 3188 soli
1234 3130 1352 3188 Deo
1393 3129 1618 3202 placere
1670 3129 1877 3202 studet,
1932 3146 2046 3189 non
2068 3170 2113 3231 Ε
2138 3130 2432 3203 eﬂ‘ugavit.

338 3221 480 3279 foris
535 3218 799 3292 gloriam,
860 3220 959 3279 sed
1011 3221 1174 3280 intus
1229 3220 1419 3279 habet.
1451 3219 1601 3278 Hinc
1650 3219 1867 3279 Paulus
1917 3222 2043 3280 ait:

340 3337 366 3361 «
402 3310 598 3371 Gloria
652 3319 847 3371 nostra
899 3313 1024 3372 hac
1080 3317 1184 3384 est,
1222 3310 1618 3370 testimonium
1675 3312 2046 3371 conscientia

337 3408 544 3462 nostra
594 3406 668 3477 (II
693 3405 810 3463 Cor.
840 3404 898 3475 ι).
946 3428 972 3451 ι»
1018 3400 1273 3461 Gloriam
1322 3416 1486 3460 suam
1530 3400 1842 3475 Apostolus
1888 3402 2045 3461 testi-

334 3493 596 3554 monium
648 3491 1016 3552 conscientia
1069 3496 1394 3561 memorat,
1456 3490 1594 3565 quia
1643 3490 1865 3548 favores
1925 3491 2043 3548 oris

329 3582 504 3642 alieni
546 3598 662 3641 non
693 3586 966 3656 appetens
1003 3579 1138 3637 vita
1176 3594 1298 3638 sua
1328 3578 1538 3652 gaudia
1575 3584 1738 3636 extra
1768 3578 2041 3653 semetip-

329 3686 461 3730 sum
489 3686 700 3744 ponere
724 3667 1045 3745 ignorabat.

399 3758 749 3819 Occultanda
777 3764 914 3817 sunt
939 3771 1093 3832 ergo,
1125 3757 1325 3814 fratres
1355 3753 1701 3825 charissimi,
1725 3754 1876 3813 bona
1904 3770 2039 3829 qua

330 3847 578 3921 agimus,
610 3863 684 3905 ne
710 3847 835 3905 hac
865 3848 926 3904 in
954 3845 1131 3919 hujus
1154 3844 1290 3902 vita
1318 3844 1523 3902 itinere
1547 3843 1775 3901 incaute
1805 3852 2039 3917 portan-

331 3943 433 4008 tes,
489 3937 956 3996 latrocinantium
1039 3934 1350 4009 spirituum
1425 3934 1757 3992 incursione
1832 3933 2038 4006 perda-

327 4043 481 4087 mus.
512 4027 654 4087 Ecce
712 4027 867 4086 enim
923 4026 1017 4085 hic
1067 4025 1438 4084 beatissimus
1490 4025 1583 4083 vir
1632 4024 2033 4097 Barbatianus,

327 4120 493 4195 cujus
531 4119 704 4179 hodie
753 4118 921 4178 nobis
973 4118 1212 4177 festivus
1255 4116 1463 4176 natalis
1502 4116 1723 4189 illuxit,
1756 4131 1869 4174 non
1922 4117 2034 4175 hu-

330 4225 520 4268 mana
554 4209 742 4268 laudis
777 4210 1019 4284 gloriam
1058 4208 1239 4284 petiit,
1282 4215 1395 4266 nOn
1451 4207 1672 4266 favores
1727 4207 2028 4266 hominum

327 4298 650 4367 aﬂ'ectavit;
688 4312 803 4356 non
842 4297 1087 4356 ostensis
1125 4303 1204 4355 tot
1254 4296 1553 4355 miraculis
1596 4311 1869 4369 apparere
1912 4296 2034 4371 ipse

327 4388 612 4448 mirabilis
650 4388 852 4459 voluit,
890 4404 1005 4447 non
1048 4388 1119 4447 de
1157 4386 1376 4447 collatis
1406 4392 1485 4445 tot
1512 4386 1569 4444 in
1600 4387 1904 4460 languidos
1930 4388 2032 4446 be-

323 4479 547 4539 neficiis
580 4478 853 4537 humana
883 4476 1281 4536 retributionis
1311 4476 1618 4550 pramium
1645 4477 2026 4550 exspectavit;

322 4570 466 4644 quin
508 4570 683 4628 etiam
726 4568 1090 4627 medicinalis
1148 4566 1408 4624 exercitii
1456 4566 1849 4639 praetendebat
1899 4583 2030 4641 spe-

323 4662 491 4732 ciem,
544 4666 608 4719 ut
655 4659 1043 4718 clarissimum
1084 4654 1316 4713 virtutis
1365 4670 1487 4713 sua
1539 4656 1817 4729 potuisset
1862 4657 2031 4716 obfu-

322 4766 479 4810 scare
530 4750 796 4809 nitorem.
830 4748 899 4806 Et
948 4745 1107 4802 velut
1151 4759 1430 4816 magnum
1475 4745 1605 4802 cali
1649 4751 1871 4803 astrum
1916 4762 2033 4805 nu-

320 4840 450 4899 bem
486 4838 798 4898 virtutibus
826 4835 947 4895 suis
975 4831 1211 4892 curabat
1236 4847 1540 4905 opponere,
1572 4839 1638 4890 ut
1667 4833 1808 4891 dum
1835 4834 2034 4893 minus

323 4929 393 4987 ad
432 4928 719 4988 exteriora
754 4924 945 4982 radios
975 4937 1096 4980 sua
1129 4920 1273 4980 lucis
1303 4921 1670 4993 expanderet,
1710 4922 1874 4997 quasi
1913 4939 2029 4981 un-

323 5016 499 5093 dique
519 5016 582 5075 in
612 5013 915 5086 semetipso
931 5008 1220 5081 collectus,
1243 5009 1304 5069 in
1330 5016 1638 5084 conspectu
1669 5011 1868 5068 aterni
1894 5011 2032 5070 solis

321 5107 552 5181 plenius
578 5104 849 5163 eluceret.

394 5196 560 5255 Libet
609 5201 826 5264 autem,
870 5189 1248 5261 dilectissimi,
1282 5189 1587 5264 pulchrum
1640 5187 1860 5246 divina
1910 5189 2027 5247 dis-

318 5283 671 5358 pensationis
719 5281 983 5343 ordinem
1024 5280 1278 5339 studiose
1328 5279 1711 5354 perpendere,
1766 5278 2033 5337 videlicet

2206 3218 2560 3293 Quapropter
2590 3237 2723 3280 cum
2755 3222 3093 3296 dignitatem
3130 3229 3307 3293 tuam,
3338 3222 3671 3282 felicissima
3708 3222 3851 3282 urbs

2132 3310 2430 3383 Ravenna,
2484 3313 2692 3372 subtili
2736 3314 3108 3373 meditatione
3146 3313 3463 3385 considero,
3504 3312 3850 3386 largissimis

2130 3405 2185 3459 te
2224 3401 2637 3460 misericordia
2685 3402 2904 3461 divina
2943 3403 3237 3462 beneﬁciis
3275 3403 3510 3460 ditatam
3552 3418 3677 3461 esse
3721 3419 3849 3478 per-

2127 3488 2335 3560 pendo.
2370 3488 2551 3547 Video
2581 3490 2740 3548 enim
2771 3490 2908 3564 quia
2937 3507 3010 3550 ex
3036 3491 3159 3565 ipso
3186 3489 3451 3564 originali
3481 3490 3639 3549 fonte
3671 3490 3842 3549 Chri-

2129 3576 2333 3635 stiana
2378 3577 2696 3651 religionis,
2726 3587 3016 3653 perpetua
3060 3579 3321 3638 meruisti
3358 3578 3635 3653 poculum
3686 3581 3842 3640 hau—

2126 3664 2242 3724 rire
2272 3666 2497 3724 salutis.
2529 3666 2596 3725 In
2643 3667 2952 3727 Antiochia
3000 3683 3270 3741 namque,
3298 3668 3447 3727 sicut
3490 3670 3554 3727 in
3598 3669 3844 3728 Actibus

2123 3754 2515 3828 apostolorum
2544 3756 2775 3829 legitur,
2798 3757 3051 3832 primum
3079 3756 3390 3816 Christiani
3409 3757 3678 3830 discipuli
3702 3764 3843 3817 sunt

2130 3845 2310 3904 vocati
2348 3849 2493 3917 (Act.
2526 3851 2637 3915 x1).

2194 3934 2283 3993 Ex
2322 3935 2447 4009 ipso
2490 3934 2670 4004 igitur
2710 3944 2925 3995 sancta
2971 3936 3242 3995 Ecclesia
3282 3934 3658 3994 fundamento
3688 3951 3839 4009 qua-

2121 4022 2312 4082 dratos
2347 4023 2564 4097 lapides
2614 4025 2940 4097 suscepisti;
2981 4041 3153 4098 super
3187 4039 3332 4099 quos
3367 4022 3529 4082 velut
3564 4023 3836 4082 ﬁrmissi-

2122 4128 2244 4171 mas
2290 4113 2452 4171 bases
2501 4119 2708 4184 erecta,
2760 4112 3048 4172 immobili
3100 4129 3162 4171 es
3212 4112 3348 4171 fidei
3409 4120 3464 4171 et
3518 4110 3839 4170 sanctitatis

2118 4203 2403 4261 soliditate
2459 4201 2717 4260 fundata.
2787 4201 2930 4260 Inde
2986 4202 3143 4259 enim
3205 4200 3383 4259 habes
3439 4201 3836 4274 Apollinarem

2117 4291 2497 4365 apostolicum
2554 4298 2906 4364 martyrem,
2966 4292 3103 4349 inde
3156 4291 3331 4349 etiam
3418 4290 3834 4350 Barbatianum

2117 4383 2409 4457 egregium
2439 4383 2846 4455 confessorem,
2869 4385 2975 4458 qui
2995 4385 3157 4444 velut
3175 4385 3308 4442 dua
3326 4383 3834 4442 excellentissima

2118 4473 2273 4532 cedri
2314 4474 2587 4546 paradisi,
2615 4477 2698 4533 sic
2742 4484 2794 4533 te
2827 4475 3006 4534 ramis
3049 4491 3172 4535 sua
3216 4474 3583 4550 prolectionis
3619 4473 3834 4532 obum-

2120 4565 2306 4634 brant,
2341 4571 2405 4623 ut
2438 4566 2487 4622 si
2530 4564 2639 4623 sub
2668 4566 2751 4624 eis
2784 4565 3085 4624 humiliter
3123 4580 3357 4623 manere
3398 4562 3668 4632 volueris,
3699 4579 3832 4621 om-

2118 4667 2250 4709 nem
2278 4667 2312 4709 a
2346 4658 2397 4708 te
2425 4652 2716 4710 turbinem
2752 4652 3099 4711 adversaria
3130 4653 3475 4726 tempestatis
3504 4649 3829 4724 expellant.

2117 4741 2187 4799 Et
2217 4746 2281 4799 ut
2309 4741 2394 4798 eis
2435 4741 2633 4799 deesse
2692 4742 2778 4799 nil
2830 4742 3017 4801 valeat
3062 4742 3215 4816 quod
3251 4741 3322 4799 ad
3368 4738 3672 4799 cumulum
3713 4746 3835 4798 tua

2117 4830 2407 4888 felicitatis
2460 4820 2720 4897 attineat,
2754 4846 2891 4889 mox
2942 4838 3006 4889 ut
3061 4830 3131 4888 de
3183 4830 3562 4889 Antiochenis
3611 4829 3836 4889 ﬁnibus

2115 4924 2355 4990 exeunt,
2392 4917 2616 4988 Roma,
2648 4934 2782 4992 qua
2809 4918 3025 4992 absque
3050 4918 3227 4975 dubio
3256 4923 3430 4992 caput
3462 4924 3545 4976 est
3579 4925 3635 4974 et
3666 4918 3833 4990 prin-

2114 5009 2316 5083 cipalis
2355 5010 2517 5067 sedes
2574 5008 2750 5067 totius
2786 5014 2999 5081 sancta
3036 5006 3329 5077 Ecclesia,
3359 5012 3831 5078 commorantur;

2120 5098 2399 5157 nimirum
2441 5104 2504 5155 ut
2544 5097 2602 5155 in
2654 5097 2850 5155 schola
2894 5096 3043 5155 Petri
3090 5096 3363 5169 primitus
3396 5097 3634 5163 discant,
3669 5094 3837 5168 quod

2118 5195 2168 5245 te
2216 5186 2579 5260 postmodum
2620 5186 2692 5243 de
2724 5185 2984 5245 doctrina
3022 5186 3279 5244 veritatis
3326 5184 3635 5257 erudiant;
3673 5192 3728 5243 et
3759 5185 3839 5243 de

2114 5277 2426 5351 purissimo
2465 5278 2621 5336 fonte
2655 5276 3023 5335 abundanter
3056 5276 3276 5348 bibant,
3308 5276 3460 5353 quod
3499 5278 3565 5336 in’
3594 5283 3647 5335 te
3676 5276 3841 5337 salu-

327 5374 572 5447 qualiter
607 5372 971 5449 omnipotens
1009 5369 1160 5430 Deus
1197 5371 1267 5428 ad
1314 5368 1763 5428 illuminandam
1803 5374 2029 5428 noctem
2116 5366 2255 5424 taris
2294 5366 2574 5426 doctrina
2617 5366 2948 5442 magisterio
2988 5366 3148 5425 velut
3182 5366 3492 5426 eructando
3526 5366 3838 5425 transfun-

330 5463 463 5521 vita
490 5464 791 5538 prasentis
828 5463 1023 5523 stellas
1055 5477 1190 5521 suas
1217 5461 1278 5519 in
1305 5459 1437 5520 cali
1463 5460 1668 5519 faciem
1698 5458 1943 5532 mittere,
1974 5468 2030 5520 et
2113 5455 2277 5514 dant.
2315 5456 2620 5530 Tanquam
2658 5456 2818 5516 enim
2842 5455 3053 5517 iterum
3088 5455 3324 5527 Paulus,
3350 5455 3562 5515 iterum
3592 5455 3835 5530 Apollo,

383 5648 518 5718 (119)
537 5650 649 5704 Ser.
673 5653 720 5716 2,
751 5653 816 5706 de
841 5654 887 5706 s.
915 5651 1225 5719 Apollinari.
