4178 6462
354 337 458 399 881

1875 335 2127 401 SERMO
2165 341 2368 403 LXVI.

3767 348 3875 409 882

349 475 498 534 quos
526 457 627 518 ille
664 458 727 517 in
761 459 874 517 ﬁde
918 457 1215 546 plantavit,
1249 457 1356 517 iste
1385 459 1712 532 largissime
1755 461 2381 538 miraculo-Apertum
2435 467 2700 541 colimus,
2759 470 3139 543 dilectissimi,
3191 487 3322 532 ecce
3380 486 3571 531 novus
3616 467 3862 546 vii-ginis

355 565 489 608 rum
526 554 581 607 et
616 545 1046 621 praedicationis
1069 545 1256 604 imbre
1301 547 1530 620 rigavit.
1569 546 1680 606 Sed
1710 549 1849 622 quia
1881 565 2070 626 neque

355 639 458 711 qui
508 635 727 710 plantat
765 650 839 692 ex
885 650 945 692 se
983 641 1067 692 est
1117 634 1361 707 aliquid,
1397 639 1588 710 neque
1621 638 1724 710 qui
1763 637 1928 711 rigat,
1962 655 2071 699 nos

356 725 529 783 etiam
575 723 885 798 apostolica
939 727 1244 794 sequentes
1298 724 1470 782 verba
1515 725 1826 784 dicamus:
1866 727 2070 787 «Deus

353 820 554 872 autem
586 812 1015 870 incrementum
1050 810 1224 868 dedit.
1262 831 1289 864 »

427 902 550 960 Hos
578 903 758 975 igitur
791 909 904 959 tam
937 899 1241 973 praeclaros
1263 900 1510 960 caelestis
1536 904 1715 962 curiae
1759 911 2067 978 senatores,

359 991 560 1050 fratres
587 989 934 1059 charissimi,
962 989 1212 1062 perfecto
1242 990 1431 1047 cordis
1463 983 1659 1048 amore
1686 993 1928 1066 diligite,
1963 996 2071 1052 ho-

357 1094 488 1137 rum
534 1076 750 1134 imitari
789 1076 1056 1149 exempla
1093 1083 1206 1135 tota
1247 1077 1431 1134 animi
1478 1077 1782 1136 devotione
1829 1085 2065 1138 curate:

357 1182 495 1226 nam
525 1166 572 1224 si
610 1165 788 1224 vultis
832 1180 955 1222 esse
989 1165 1141 1238 quod
1182 1174 1338 1237 sunt,
1382 1181 1615 1224 necesse
1645 1176 1728 1226 est
1755 1169 1928 1228 etiam
1970 1186 2070 1228 vos

355 1256 543 1313 facere
569 1253 724 1328 quod
756 1253 1029 1311 fecerunt.
1069 1253 1176 1310 Per
1201 1262 1505 1327 angustam
1534 1271 1670 1330 ergo
1705 1263 1760 1314 et
1806 1273 2069 1331 asperam

355 1343 569 1402 laboris
604 1342 776 1413 viam,
804 1342 1184 1415 dilectissimi,
1220 1343 1278 1400 in
1311 1344 1420 1401 hoc
1450 1347 1665 1403 saeculo
1693 1361 1830 1404 cum
1855 1347 2069 1404 sanctis

357 1435 622 1508 incedite,
655 1442 716 1494 ut
740 1435 1106 1508 postmodum
1145 1434 1387 1493 valeatis
1411 1436 1482 1494 ad
1521 1452 1722 1496 eorum
1751 1438 1950 1511 gaudii
1981 1438 2068 1496 la—

356 1528 662 1586 titudinem
706 1528 1030 1600 pervenire.
1075 1525 1184 1596 Qui
1237 1526 1397 1583 enim
1445 1527 1583 1585 dicit
1625 1544 1684 1586 se
1729 1528 1791 1585 in
1841 1529 2067 1589 Christo

357 1631 608 1686 manere,
640 1615 807 1673 debet
843 1614 995 1672 sicut
1029 1614 1128 1672 ille
1161 1614 1507 1686 ambulavit,
1537 1624 1592 1674 et
1619 1617 1741 1690 ipse
1764 1619 2068 1677 ambulare

355 1711 405 1777 (Ι
447 1711 604 1762 Joan.
649 1710 730 1775 ιι).
783 1702 991 1762 Procul
1026 1703 1209 1762 dubio
1247 1711 1441 1762 autem
1480 1721 1512 1763 a
1540 1707 1798 1780 vestigiis
1850 1709 2067 1778 Christi

2153 556 2486 632 triumphus
2540 563 2806 632 occurrit,
2849 565 2950 638 qui
3006 562 3324 624 solemnem
3372 562 3540 622 nobis
3593 564 3856 624 laetitiam

2151 647 2438 718 germinat
2475 653 2645 721 atque
2683 656 2766 716 ut,
2789 649 3003 710 iterum
3042 650 3400 725 gaudeamus
3446 649 3674 721 invitat,
3714 651 3870 724 Apo-

2150 734 2295 793 stolo
2341 751 2449 794 nos
2487 739 2791 809 excitante,
2842 742 2945 813 qui
2981 741 3104 799 ait:
3133 761 3163 795 «
3191 740 3447 800 Gaudete
3496 741 3558 798 in
3611 739 3859 800 Domino

2151 839 2409 897 semper;
2459 825 2672 884 iterum
2710 827 2837 887 dico
2862 847 2873 886 :
2897 828 3155 888 Gaudete
3193 832 3422 901 (Philip.
3457 833 3563 897 IV).
3597 849 3624 882 »
3662 827 3858 902 Virgi-

2151 927 2260 969 neo
2312 912 2500 985 partui
2555 914 2795 973 victoria
2860 916 3164 989 virginalis
3216 917 3492 975 inseritur
3546 923 3601 975 et
3653 917 3856 976 erectis

2150 999 2343 1057 adhuc
2382 999 2645 1060 ﬁdelium
2689 1003 2902 1061 animis
2941 1003 3200 1061 rediviva
3236 1003 3447 1076 gaudia
3496 1010 3857 1075 reparantur.

2151 1089 2346 1162 Nuper
2384 1090 2453 1148 de
2493 1090 2729 1165 Virgine
2766 1093 3053 1152 Dominus
3082 1093 3382 1152 humiliter
3415 1093 3644 1167 prodiit,
3679 1094 3853 1152 hodie

2148 1191 2250 1249 per
2301 1178 2586 1250 virginem
2641 1180 2984 1239 mirabiliter
3052 1182 3454 1254 triumphavit.
3512 1182 3676 1240 Tunc
3727 1183 3859 1242 cceli

2149 1264 2422 1324 Conditor
2447 1268 2520 1325 ad
2551 1285 2674 1338 nos,
2709 1271 2976 1328 inviolata
3006 1271 3153 1330 uteri
3183 1271 3487 1344 virginalis
3511 1270 3858 1343 integritate,

2150 1353 2476 1425 descendit;
2545 1358 2715 1416 hodie
2764 1359 3102 1418 inconcussa
3149 1360 3393 1432 virginis
3437 1360 3548 1426 ﬁde
3598 1360 3852 1420 victoria;

2149 1441 2347 1502 titulos
2385 1446 2456 1503 ad
2507 1445 2718 1504 coelum
2764 1463 2897 1505 cum
2934 1448 3115 1522 gloria
3153 1449 3482 1522 reportavit,
3531 1449 3729 1508 dicens
3766 1450 3856 1509 illi

2147 1546 2324 1605 quam
2365 1535 2526 1593 soliis
2569 1537 2901 1595 ccelestibus
2945 1537 3260 1596 inferebat:
3291 1566 3315 1589 ιι
3344 1538 3546 1610 Surge,
3583 1554 3844 1612 propera,

2147 1621 2330 1678 amica
2392 1638 2540 1696 mea,
2598 1625 2868 1684 columba
2916 1641 3061 1694 mea,
3119 1625 3368 1684 formosa
3419 1641 3564 1696 mea,
3623 1633 3678 1683 et
3722 1626 3857 1684 veni

2147 1711 2327 1777 (Cant.
2371 1717 2459 1782 ιι).
2503 1736 2524 1765 ι
2569 1713 2734 1772 Tunc
2777 1714 2877 1774 Dei
2915 1713 3184 1773 Genitrix
3227 1714 3526 1774 Christum
3564 1714 3855 1774 custodie-

355 1795 662 1865 exorbitat,
712 1793 813 1867 qui
861 1797 1167 1865 angustam
1223 1793 1473 1866 fugiens,
1534 1795 1861 1854 latitudinis
1911 1798 2246 1881 viameat
2277 1801 2335 1858 in
2368 1805 2644 1878 praesepio
2679 1803 3026 1877 vagientem,
3063 1804 3234 1863 hodie
3264 1804 3329 1864 Β.
3372 1804 3653 1863 Columba
3690 1820 3854 1878 repe-

353 1884 547 1942 caleat.
583 1883 697 1940 Iste
733 1897 988 1956 namque
1018 1881 1388 1941 beatissimus
1419 1883 1532 1954 vir,
1573 1885 1742 1959 cujus
1785 1886 2066 1945 hodierna

353 1971 633 2032 solemnia
659 1971 1023 2044 frequentare
1047 1970 1387 2043 gaudemus,
1430 1987 1548 2030 non
1592 1979 1849 2032 terrenos
1878 1976 2063 2035 hono-

355 2080 446 2122 res
498 2061 704 2130 voluit,
755 2077 872 2120 non
915 2059 1144 2118 fallaces
1197 2061 1428 2122 divitias
1475 2059 1620 2118 357
1675 2066 2063 2138 congregavit,

351 2168 470 2210 non
502 2146 707 2208 mundi
738 2149 978 2223 gloriam
1017 2151 1202 2223 petiit,
1236 2166 1354 2210 non
1385 2152 1730 2212 transitoriae
1762 2155 2066 2227 possessio-

350 2240 444 2298 nis
467 2240 683 2316 praadia
713 2239 996 2308 dilatavit,
1027 2243 1383 2316 propinquos
1421 2243 1655 2316 sprevit,
1692 2245 1937 2317 patriam
1966 2245 2062 2302 de-

351 2329 602 2404 reliquit,
639 2329 1014 2404 semetipsum
1046 2346 1278 2404 quoque
1309 2346 1412 2404 pro
1444 2347 1639 2390 amore
1679 2333 1892 2391 Christi
1924 2335 2064 2393 fun-

351 2419 508 2478 ditus
536 2418 868 2492 abnegavit.

424 2507 604 2564 Nemo
642 2521 779 2578 ergo
817 2503 967 2564 dicat
1009 2506 1161 2579 quod
1201 2507 1290 2564 illi
1330 2508 1696 2568 solummodo
1734 2510 2064 2570 ecelestibus

349 2597 512 2671 digni
564 2595 820 2671 praemiis
871 2595 1193 2654 habeantur
1241 2597 1341 2670 qui
1377 2605 1807 2670 persecutorum
1855 2600 2064 2673 gladiis

353 2702 452 2761 pro
477 2685 688 2743 Christi
711 2685 949 2743 nomine
978 2685 1284 2743 feriuntur.
1321 2685 1617 2745 Conclusit
1643 2688 1796 2746 Deus
1826 2705 2061 2747 omnem

354 2784 564 2836 nostrae
605 2775 1093 2849 tergiversationis
1135 2775 1379 2848 aditum,
1413 2777 1706 2836 obstruxit
1739 2793 1912 2836 omne
1955 2796 2060 2837 ex-

350 2870 663 2930 cusationis
689 2870 962 2928 humanm
991 2885 1095 2927 con
1109 2868 1352 2942 fugiam.
1397 2869 1539 2928 Ecce
1563 2870 1679 2944 jam
1715 2886 1832 2929 non
1867 2873 2060 2929 valea-

356 2977 485 3019 mus
512 2977 644 3020 cum
677 2961 838 3020 beato
877 2959 1214 3034 Apollinare
1247 2975 1349 3034 pro
1393 2959 1510 3019 Deo
1550 2966 1797 3020 mortem
1841 2961 2058 3033 subire,

352 3067 663 3125 possumus
713 3051 914 3110 saltem
953 3066 1085 3108 cum
1131 3049 1297 3108 beato
1345 3050 1692 3109 Barbatiano
1733 3052 1910 3109 vitam
1945 3051 2062 3108 Deo

2151 1889 2225 1946 rit
2274 1907 2409 1949 eum
2463 1892 2524 1950 in
2579 1899 2832 1966 paterna
2882 1893 3193 1967 majestatis
3232 1891 3376 1951 solio
3437 1899 3852 1952 coruscantem.

2149 1977 2315 2036 T‘unc
2341 1979 2414 2037 ad
2447 1979 2698 2053 Virginis
2724 1987 2954 2053 partum
2984 1980 3348 2040 exsultavere
3380 1987 3652 2054 pastores,
3694 1996 3855 2039 nunc

2148 2067 2218 2125 ad
2265 2076 2636 2142 conspectum
2687 2067 2832 2124 358
2881 2071 3125 2145 virginis
3166 2070 3393 2130 confusi
3437 2075 3572 2128 sunt
3604 2069 3855 2144 impera-

2151 2160 2318 2213 tores.
2379 2157 2544 2215 Unus
2583 2165 2668 2216 est
2717 2159 2902 2229 enim,
2947 2160 3098 2218 sicut
3139 2161 3303 2218 beata
3346 2158 3525 2217 Mater
3570 2159 3696 2232 ejus
3749 2160 3854 2228 ait,

2148 2246 2250 2318 qui
2283 2249 2339 2301 et
2367 2265 2393 2297 α
2426 2245 2690 2319 deposuit
2731 2255 2984 2317 potentes
3028 2249 3100 2307 de
3147 2249 3299 2320 sede,
3343 2254 3398 2305 et
3427 2247 3704 2306 exaltavit
3735 2247 3851 2306 hu-

2149 2334 2315 2392 miles
2344 2335 2486 2407 (Luc.
2521 2337 2600 2406 II).
2633 2359 2655 2388 ι›
2710 2337 2879 2408 Nam,
2932 2339 3082 2396 sicut
3114 2338 3175 2395 in
3209 2337 3490 2410 descripta
3530 2336 3708 2394 beata
3737 2335 3848 2394 Co-

2144 2425 2361 2484 lumbaa
2399 2429 2679 2501 reperitur
2711 2429 2980 2501 historia,
3023 2430 3336 2503 imperator
3378 2426 3750 2495 Aurelianus,
3784 2433 3847 2485 ut

2145 2531 2271 2573 eam
2302 2522 2492 2589 posset
2527 2532 2560 2573 a
2597 2516 2844 2575 coelestis
2879 2515 3088 2591 Sponsi
3134 2517 3246 2575 ﬁde
3283 2516 3630 2588 convellere,
3672 2530 3847 2573 cona-

2145 2611 2238 2664 tus
2284 2613 2370 2663 est
2415 2622 2543 2664 eam
2587 2606 2706 2664 tilio
2746 2622 2852 2666 suo
2897 2607 3252 2665 matrimonii
3287 2605 3525 2664 vinculo
3563 2604 3850 2678 copulare.

2148 2692 2257 2752 Sed
2306 2694 2470 2766 virgo
2500 2694 2750 2766 prudens
2789 2694 2981 2752 aliena
3007 2710 3244 2768 prorsus
3285 2709 3318 2752 a
3349 2692 3609 2752 fatuitate
3655 2707 3850 2750 vecor-

2143 2782 2255 2840 diae
2284 2788 2614 2840 constanter
2641 2782 2825 2840 lenuit
2857 2783 3119 2856 regulam
3147 2782 3496 2855 disciplina),
3533 2780 3605 2838 ad
3649 2779 3852 2841 Salva-

2143 2870 2279 2928 toris
2321 2870 2501 2928 nostri
2537 2871 2802 2942 protinus
2844 2870 3088 2929 recurrit
3126 2869 3485 2943 exemplum,
3532 2870 3687 2943 quod
3727 2876 3854 2927 tan-

2141 2974 2316 3040 qyam
2343 2957 2837 3032 impenetrabilem
2871 2959 3145 3033 clypeum
3185 2957 3408 3016 fervida
3445 2956 3716 3015 bellatrix
3754 2973 3854 3015 ar-

2142 3045 2340 3120 ripuit,
2384 3053 2440 3105 et
2485 3052 2768 3105 venenata
2808 3047 2870 3106 in
2904 3063 2964 3106 se
3006 3046 3228 3120 spicula
3275 3046 3621 3120 dirigentem
3667 3045 3854 3106 divini

351 3139 670 3214 placentem
729 3139 955 3197 ducere.
1009 3138 1284 3212 Magnum
1349 3139 1562 3213 quippe
1622 3145 1709 3197 est
1761 3139 1908 3197 mori
1960 3155 2126 3239 proC
2153 3138 2324 3238 Verbi
2355 3138 2668 3197 Siromaste
2702 3137 2965 3210 perfodit.
3008 3136 3152 3208 Hoc,
3193 3135 3404 3239 inquit,
3442 3136 3859 3239 antiquus'ho-

354 3227 601 3302 Christo,
675 3228 772 3287 sed
837 3244 953 3286 non
1038 3235 1124 3285 est
1199 3228 1449 3287 inferius
1532 3229 1730 3287 vivere
1815 3228 2058 3288 Christo.

355 3316 679 3392 Utrumque
759 3317 916 3375 enim
997 3315 1059 3374 in
1126 3317 1347 3374 statera
1407 3315 1624 3376 Paulus
1681 3333 1848 3392 aequa
1903 3317 2065 3377 lance

352 3406 656 3480 pendebat,
727 3421 860 3465 cum
937 3405 1204 3463 diceret:
1253 3425 1279 3457 «
1323 3405 1502 3463 Nemo
1578 3406 1736 3464 enim
1804 3413 2062 3466 nostrum

354 3495 466 3553 sibi
494 3495 661 3564 vivit,
689 3501 744 3554 et
775 3509 947 3553 nemo
976 3493 1086 3552 sibi
1111 3494 1358 3551 moritur
1386 3512 1400 3562 ;
1440 3494 1563 3551 sive
1594 3493 1754 3552 enim
1784 3494 2063 3566 vivimus,

354 3584 599 3644 Domino
625 3584 914 3655 vivimus;
952 3582 1076 3641 sive
1130 3580 1435 3654 morimur,
1478 3580 1727 3641 Domino
1757 3582 2062 3656 morimur.

356 3671 492 3733 Sive
538 3688 672 3744 ergo
720 3672 998 3741 vivimus,
1049 3671 1175 3728 sive
1221 3671 1528 3740 morimur,
1577 3671 1811 3729 Domini
1861 3687 2067 3731 sumus

351 3762 523 3833 (Rom.
573 3762 719 3831 XIV).
755 3779 783 3812 »
824 3758 1099 3834 Quisquis
1135 3758 1313 3832 igitur
1359 3765 1511 3816 amat
1562 3761 1904 3834 martyrium
1963 3778 2066 3820 ex-

350 3848 546 3907 hibeat
573 3864 632 3907 se
659 3848 936 3924 martyrio
958 3847 1222 3919 dignum,
1276 3853 1330 3904 et
1369 3846 1632 3922 martyrii
1678 3856 2067 3922 consequetur

352 3939 552 4012 procul
582 3938 762 3997 dubio
792 3938 1123 4012 praemium.
1159 3937 1283 3997 Non
1327 3946 1510 4012 potest
1552 3939 1898 4012 sanguinem
1927 3941 2066 3998 fun-

353 4028 525 4086 dere:
576 4034 759 4102 potest
796 4029 1167 4103 semetipsum
1214 4029 1574 4102 pmnitentiae
1610 4031 1719 4088 telo
1769 4037 2067 4104 percutere

354 4122 410 4175 et
450 4117 511 4174 in
554 4117 740 4176 cordis
785 4119 1127 4176 contritione
1169 4124 1436 4176 mactare.
1477 4118 1839 4192 Praeparetur
1877 4119 1947 4176 ad
1982 4120 2061 4178 fe-

351 4205 620 4265 riendum
663 4206 924 4283 jugulus,
977 4223 1094 4266 non
1141 4207 1322 4265 deerit
1371 4201 1792 4278 remunerator,‘
1839 4209 2064 4269 etiamsi

351 4295 600 4355 defuerit
637 4296 886 4369 gladius.
929 4297 1098 4355 Deest
1133 4296 1391 4354 carnifex
1433 4297 1534 4371 qui
1572 4298 1855 4356 cervicem
1903 4307 2066 4356 exte-

352 4383 476 4443 rius
492 4385 688 4456 feriat;
724 4386 882 4443 adest
893 4385 1076 4461 judex
1099 4385 1200 4459 qui
1228 4385 1394 4444 bonae
1415 4385 1730 4445 voluntatis
1753 4388 2064 4461 prmmium

353 4473 573 4530 reddat.

2149 3227 2250 3286 stis
2305 3243 2447 3286 usus
2493 3232 2578 3285 est
2623 3232 2989 3300 argumento,
3051 3241 3186 3284 cum
3235 3224 3483 3284 Domino
3537 3239 3665 3283 meo
3717 3226 3853 3282 Jesu

2148 3315 2374 3374 Christo
2400 3313 2648 3374 ostendit
2674 3315 2874 3372 omnia
2915 3329 3092 3387 regna
3134 3313 3360 3384 mundi,
3392 3311 3627 3372 dicens:
3659 3337 3686 3362 α
3715 3311 3856 3370 Haec

2146 3404 2342 3463 omnia
2373 3403 2474 3462 tibi
2504 3403 2673 3474 dabo,
2703 3402 2754 3460 si
2787 3403 3089 3474 procidens
3126 3401 3455 3460 adoraveris
3503 3415 3594 3460 me
3633 3401 3849 3473 (Matth.

2148 3496 2252 3564 Ill).
2281 3517 2308 3542 »

2217 3582 2364 3652 Quid
2420 3587 2504 3640 est
2557 3583 2682 3650 hoc,
2742 3581 2942 3639 fratres
3008 3581 3145 3653 mei,
3201 3578 3339 3654 quia
3383 3579 3695 3652 imperator
3749 3577 3855 3635 iste

2147 3678 2266 3730 tam
2309 3677 2529 3746 potens,
2575 3678 2690 3728 tam
2736 3669 3009 3729 sublimis
3068 3674 3302 3742 tamque
3348 3665 3622 3725 terribilis
3680 3664 3854 3738 fragi-

2146 3761 2262 3818 lem
2307 3759 2560 3831 puellam
2601 3760 2721 3817 suis
2760 3757 2987 3831 legibus
3025 3755 3187 3814 nulla
3216 3755 3403 3829 potuit
3443 3755 3664 3812 ratione
3698 3753 3858 3811 subi-

2145 3863 2296 3923 gere,
2329 3855 2384 3906 et
2411 3847 2580 3906 modo
2604 3845 2992 3920 promittendo
3020 3859 3289 3916 regnum,
3321 3842 3490 3900 modo
3517 3841 3855 3899 intentando

2146 3937 2517 4011 supplicium,
2562 3936 2901 3993 nullatenus
2956 3949 2990 3990 a
3030 3948 3136 3991 suo
3186 3930 3369 3990 valuit
3421 3927 3710 4002 proposito
3762 3929 3854 3986 di-

2148 4028 2426 4086 movere?
2480 4025 2779 4098 Sceptrum
2860 4022 3121 4097 porrigit,
3207 4019 3592 4092 dedignatur;
3670 4016 3856 4075 vibrat

2145 4115 2426 4189 gladium,
2478 4129 2594 4172 non
2634 4119 2898 4171 terretur.
2957 4109 3052 4170 Sic
3099 4109 3312 4167 artifex
3351 4113 3408 4164 et
3453 4111 3691 4164 cruenta
3727 4121 3854 4164 cru-

2145 4203 2348 4262 delitas
2418 4209 2656 4261 cunctos
2713 4200 2952 4258 malitiae
3006 4214 3129 4258 sua;
3189 4212 3397 4256 nervos
3450 4201 3711 4266 exercet;
3776 4194 3858 4253 sic

2143 4291 2374 4350 blandis
2420 4291 2566 4349 dura
2609 4290 2928 4363 permiscet.
2977 4287 3253 4346 Acutiora
3291 4285 3508 4360 quippe
3552 4289 3692 4342 sunt
3729 4283 3857 4342 auri

2148 4379 2259 4438 tela
2295 4395 2471 4455 quam
2499 4379 2660 4450 ferri,
2691 4386 2747 4436 et
2778 4378 3029 4437 validius
3067 4381 3322 4435 mentem
3370 4372 3583 4448 frangit
3618 4372 3855 4430 honoris

2145 4467 2385 4528 ambitio
2452 4483 2632 4542 quam
2709 4473 3079 4525 tormentum.
3149 4462 3428 4524 Omnium
3506 4463 3698 4536 itaque
3756 4477 3855 4534 ge-

425 4559 772 4621 Studeamus
839 4563 1036 4636 igitur,
1094 4561 1478 4635 dilectissimi,
1541 4579 1676 4622 cum
1729 4536 2284 4624 beatissimoDnera
2347 4563 2536 4615 movet
2591 4570 2890 4614 armorum
2962 4560 3029 4614 ut
3109 4553 3287 4612 turris
3358 4550 3568 4610 Christi
3637 4549 3857 4623 quatiat

348 4653 673 4712 confessore
704 4652 918 4711 Christi
946 4652 1292 4712 Barbatiano
1319 4654 1515 4713 saeculi
1545 4653 1941 4712 blandimenta
1970 4655 2063 4713 de-

349 4740 588 4815 spicere,
649 4757 843 4800 rerum
901 4739 1308 4817 temporalium
1367 4743 1727 4803 afﬂuentiam
1782 4745 2057 4817 devitare,

346 4831 538 4890 carnis
585 4831 875 4890 incentiva
914 4833 1246 4906 reprimere,
1303 4848 1530 4892 crucem
1585 4838 1713 4908 post
1766 4833 2056 4893 Christum

347 4916 519 4974 etiam
567 4916 629 4975 in
677 4933 815 4990 pace
856 4918 1236 4977 ecclesiastica
1287 4919 1566 4992 bajulare,
1616 4927 1902 4992 quatenus
1957 4922 2060 4994 qui

350 5021 503 5064 nunc
530 5007 657 5080 ejus
684 5007 1027 5065 imitabilem
1053 5007 1355 5083 sequimur
1385 5009 1560 5068 vitam
1591 5025 1725 5068 cum
1752 5011 1877 5084 ipso
1905 5018 2059 5085 post-

348 5097 585 5155 modum
616 5097 1057 5156 desiderabilem
1083 5098 1468 5172 pertlueamur
1494 5099 1566 5156 ad
1603 5097 1870 5173 gloriam,
1916 5117 2059 5175 prae-

346 5193 532 5246 stante
557 5188 804 5248 Domino
834 5196 1026 5248 nostro
1054 5189 1191 5249 Jesu
1222 5189 1469 5261 Christo,
1501 5189 1604 5265 qui
1634 5205 1770 5248 cum
1801 5191 1967 5249 Patre
2003 5197 2059 5250 et

348 5275 566 5349 Spiritu
598 5284 794 5336 sancto
825 5279 968 5337 vivit
1006 5285 1060 5337 et
1101 5278 1386 5352 gloriatur
1433 5295 1530 5353 per
1574 5280 1803 5338 infinita
1844 5280 2055 5339 szecula

345 5368 716 5426 saeculorum.
755 5372 963 5428 Amen.

963 5458 1211 5519 SERMO
1237 5458 1439 5518 LXVI.

347 5558 421 5604 ns
447 5558 671 5606 sanam
711 5560 981 5607 COLUMBA
1012 5562 1255 5609 VIRGINE
1285 5562 1356 5607 ET
1385 5562 1666 5610 manas
1702 5552 1853 5624 (xxx
1881 5553 2052 5626 DEC.).

420 5634 569 5693 Dum
624 5644 929 5709 recentem,
987 5639 1102 5699 imo
1145 5646 1485 5713 praesentem
1528 5640 1739 5714 adhuc,
1799 5641 2056 5716 Virginis

2144 4647 2632 4718 fundamentum;
2702 4646 2784 4703 sic
2853 4644 3123 4704 columna
3182 4642 3284 4700 Dei
3340 4646 3663 4715 perseverat
3732 4639 3849 4697 im-

2143 4739 2375 4799 mobilis
2424 4743 2481 4796 et
2533 4743 2818 4796 armatum
2883 4751 3076 4808 regem
3147 4729 3390 4790 inermis
3446 4728 3639 4806 puella
3710 4745 3855 4790 con-

2142 4829 2364 4891 temnit.

2211 4919 2567 4994 Dedignatur
2625 4934 2746 4976 esse
2798 4931 2982 4975 nurus
3035 4910 3420 4987 imperatoris,
3469 4927 3588 4972 non
3640 4910 3854 4986 refugit

2139 5009 2364 5070 cruenti
2414 5007 2608 5066 subire
2653 5004 3039 5065 cruciamenta
3097 5001 3345 5061 tortoris.
3401 4998 3552 5070 Quid
3609 5005 3714 5070 est,
3761 4999 3857 5058 in-

2139 5117 2339 5177 quam,
2387 5100 2538 5177 quod
2586 5096 2812 5170 fragilis
2850 5110 3027 5155 sexus
3065 5093 3376 5152 inﬁrmitas
3430 5107 3464 5150 a
3504 5096 3660 5149 tanta
3711 5089 3855 5149 telo-

2139 5209 2268 5253 rum
2286 5191 2570 5267 grandine
2593 5202 2706 5247 non
2724 5186 3085 5247 concutitur?
3103 5185 3272 5245 Modo
3297 5182 3592 5242 blanditiis
3612 5179 3855 5240 delinita

2138 5297 2258 5342 non
2330 5278 2596 5348 ﬂectitur,
2659 5277 2830 5334 modo
2899 5275 3288 5334 intonantium
3370 5271 3668 5329 minarum
3748 5270 3854 5328 im-

2136 5373 2312 5449 petita
2353 5368 2698 5429 stridoribus
2738 5383 2854 5427 non
2901 5374 3186 5428 movetur.
3239 5363 3386 5436 Quid
3435 5370 3521 5423 est
3570 5363 3698 5436 hoc,
3739 5363 3856 5423 nisi

2137 5461 2276 5536 quia
2305 5459 2403 5518 ille
2439 5465 2650 5517 nostra)
2689 5459 2881 5517 carnis
2917 5459 3153 5517 inﬁrma
3187 5460 3517 5529 susceperat
3562 5453 3668 5528 qui
3699 5453 3858 5511 debi-

2137 5551 2293 5610 libus
2351 5555 2408 5607 et
2469 5548 2722 5607 inﬁrmis
2791 5548 2967 5608 robur
3011 5563 3132 5607 sua)
3171 5545 3530 5606 fortitudinis
3603 5543 3855 5602 admini-

2137 5641 2310 5714 strat?
2367 5641 2454 5700 Ad
2517 5639 2623 5698 hoc
2686 5637 2844 5704 enim
2903 5638 3007 5698 Dei
3061 5637 3249 5698 virtus
3299 5635 3600 5695 exinanita
3649 5638 3736 5692 est
3791 5638 3857 5690 ut
