4178 6456
391 502 497 564 883

1012 498 1074 558 8.
1112 495 1334 558 PETRI
1373 490 1696 555 DAMIANI
1732 488 1890 550 OPP.
1933 487 2127 549 PARS
2168 489 2312 551 SEU
2349 491 2602 556 TOMUS
2643 494 2721 555 II.
2762 526 2830 541 --
2870 493 3290 556 SERMONES.

3798 499 3910 561 884

394 628 627 687 infirma
655 631 849 684 nostra
876 625 1149 682 ﬁrmaret.
1181 621 1266 679 Ad
1298 620 1406 678 hoc
1436 618 1537 676 Dei
1564 614 1890 675 sublimitas
1928 614 2100 672 incli-
2130 616 2343 688 Aduod
2414 618 2553 676 foris
2617 624 2703 677 est
2769 618 3038 678 defendat
3098 616 3275 676 molle
3338 619 3493 692 quod
3571 622 3734 681 intus
3801 632 3910 685 est.

393 725 527 777 nata
550 723 634 775 est
663 723 723 774 ut
749 715 997 788 dejectos
1023 712 1285 785 erigeret.
1317 709 1404 767 Ad
1436 709 1542 766 hoc
1570 707 1685 765 vita
1707 705 2105 779 moridignata

396 814 481 869 est
511 813 575 867 ut
602 806 805 866 mortis
832 804 1146 878 imperium
1174 802 1494 867 destruens,
1528 798 1598 856 ad
1638 798 1818 856 vitam
1850 801 2107 855 mortuos

398 904 706 957 revocaret.
763 893 927 964 Quod
982 893 1264 951 nimirum
1318 890 1491 948 etiam
1573 888 1635 946 in
1705 886 1830 959 ipso
1883 886 2109 959 generis

399 984 645 1044 humani
714 982 1034 1042 declaratur
1102 977 1360 1038 exordio.
1396 975 1683 1050 Scriptum
1738 982 1824 1033 est
1871 974 2028 1032 enim
2093 991 2104 1029 :

403 1097 429 1125 α
459 1072 604 1144 Quia
632 1072 875 1131 immisit
902 1070 1182 1130 Dominus
1208 1081 1468 1140 saporem
1500 1065 1558 1123 in
1590 1064 1808 1135 Adam;
1853 1079 2109 1137 cumque

399 1163 799 1231 obdormisset,
832 1160 961 1218 tulit
1018 1174 1195 1217 unam
1243 1157 1315 1214 de
1365 1155 1537 1213 costis
1587 1153 1734 1226 ejus,
1761 1160 1817 1211 et
1867 1154 2108 1226 replevit

401 1270 633 1315 carnem
660 1269 761 1326 pro
788 1268 873 1321 ea,
915 1258 969 1310 et
1002 1248 1377 1308 readiﬁcavit
1406 1253 1641 1315 costam,
1676 1260 1852 1319 quam
1899 1245 2111 1303 tulerat

404 1344 690 1404 Dominus
765 1341 836 1400 de
898 1341 1085 1399 Adam
1157 1338 1222 1395 in
1298 1336 1603 1395 mulierem
1676 1336 1852 1404 (Gen.
1908 1346 1948 1391 ιι
1973 1337 2013 1403 ).
2081 1354 2108 1385 ››

408 1430 597 1504 Super
629 1444 745 1504 quo
772 1443 907 1486 cum
936 1426 1268 1500 loqueretur
1300 1421 1624 1494 Apostolus,
1659 1419 1859 1479 dicens
1890 1438 1902 1477 :
1939 1444 1963 1470 α
1997 1419 2111 1478 Re-

405 1518 631 1593 linquet
671 1519 842 1576 homo
871 1523 1087 1586 patrem
1118 1520 1173 1569 et
1214 1517 1454 1569 matrem
1485 1524 1672 1579 suam,
1704 1515 1760 1565 et
1794 1508 2113 1573 adhaerebit

406 1608 580 1667 uxori
629 1622 774 1677 sua,
831 1612 888 1664 et
945 1611 1117 1662 erunt
1167 1601 1283 1659 duo
1340 1601 1403 1657 in
1459 1613 1630 1657 carne
1685 1613 1805 1656 una
1834 1615 1850 1668 ;
1883 1616 1910 1650 »
1959 1609 2112 1670 pra-

408 1703 495 1756 sto
555 1694 867 1768 subjunxit
912 1709 924 1747 :
970 1713 997 1747 «
1045 1689 1478 1749 Sacramentum
1524 1688 1634 1745 hoc
1679 1700 1955 1759 magnum
2007 1694 2110 1743 est.

406 1786 530 1860 Ego
558 1792 753 1843 autem
779 1782 907 1841 dico
932 1781 996 1839 in
1018 1779 1242 1839 Christo
1268 1784 1321 1835 et
1350 1779 1411 1836 in
1444 1776 1695 1835 Ecclesia
1722 1777 1937 1847 (Ephes.
1969 1775 2048 1845 v).
2084 1794 2112 1827 »

410 1874 482 1933 Et
533 1888 665 1931 vere
722 1885 949 1943 magna
999 1868 1228 1928 virtutis
1278 1866 1587 1933 indicium,
1647 1863 1928 1921 miranda
1981 1876 2115 1936 pro-

2261 707 2607 781 Redemptor
2666 716 2873 780 noster,
2929 724 3065 768 cum
3124 708 3299 782 hujus
3355 710 3562 769 mundi
3634 729 3911 788 campum

2189 805 2553 868 pugnaturus
2581 798 2926 871 ingreditur,
2955 813 3089 857 cum
3114 798 3185 856 ad
3218 797 3594 859 debellandas
3626 804 3777 862 aeris
3806 804 3916 865 hu-

2188 881 2286 954 jus
2330 884 2620 957 nequitias
2662 885 2819 943 fortis
2859 886 3151 959 praliator
3186 892 3467 958 armatur,
3499 889 3640 962 quia
3689 906 3913 951 novum

2194 970 2435 1029 debebat
2496 974 2780 1033 instruere
2835 976 3146 1047 pralium,
3196 990 3416 1033 novum
3469 976 3661 1036 induit
3718 996 3916 1054 genus

2193 1076 2508 1131 armorum,
2535 1063 2801 1123 videlicet
2832 1073 2895 1123 ut
2927 1065 3082 1138 quod
3108 1064 3409 1123 inﬁrmum
3432 1073 3516 1124 est
3549 1084 3912 1142 superpone-

2198 1156 2299 1220 ret,
2334 1159 2389 1209 et
2420 1153 2571 1225 quod
2615 1154 2916 1212 robustum
2956 1160 3040 1211 est
3078 1156 3415 1223 occultaret,
3452 1155 3687 1215 loricam
3721 1159 3912 1232 siqui-

2194 1238 2326 1297 dem
2372 1240 2680 1299 imbecilla
2721 1243 2911 1299 carnis
2947 1242 3139 1301 induit
3174 1248 3231 1299 et
3266 1243 3722 1317 insuperabilem
3762 1248 3915 1307 divi-

2198 1328 2396 1387 nitatis
2441 1330 2841 1389 fortitudinem
2885 1332 3211 1392 occultavit.
3258 1332 3353 1393 Sic
3397 1335 3480 1392 sic
3531 1352 3634 1409 per
3674 1354 3917 1397 carnem

2198 1417 2465 1477 diabolus
2494 1434 2528 1475 a
2555 1421 2807 1489 secundo
2839 1421 3074 1479 homine
3114 1422 3365 1495 perdidit
3389 1424 3493 1497 qui
3535 1441 3637 1499 per
3674 1441 3915 1484 carnem

2196 1507 2419 1566 dudum
2472 1509 2725 1581 primum
2765 1511 3061 1569 hominem
3091 1512 3401 1584 superavit,
3438 1512 3759 1589 eademque
3799 1514 3916 1573 sibi

2202 1612 2359 1655 nunc
2400 1598 2587 1656 ruina
2625 1599 2772 1656 facta
2810 1605 2895 1658 est
2930 1615 3104 1659 causa
3145 1616 3277 1675 qua
3317 1602 3575 1661 victoria
3613 1605 3804 1664 fuerat
3842 1604 3919 1663 de

2200 1686 2389 1760 primo
2422 1693 2652 1760 parente
2680 1688 2937 1746 materia.

2277 1777 2395 1837 Hoc
2433 1795 2534 1853 per
2570 1780 2864 1855 allegoria
2904 1783 3245 1858 mysterium
3286 1799 3379 1843 res
3420 1784 3525 1843 illa
3558 1790 3918 1860 praemonuit

2205 1869 2356 1941 quod
2400 1869 2582 1928 David
2614 1887 2646 1929 a
2686 1872 2828 1931 facie
2858 1874 3012 1947 regis
3051 1872 3193 1932 Saul
3243 1875 3476 1949 fugiens
3511 1876 3573 1934 in
3608 1878 3922 1950 prasentia

411 1961 712 2021 funditatis
761 1966 846 2018 est
900 1962 1344 2016 sacramentum.
1409 1955 1513 2013 Per
1565 1952 1753 2012 Adam
1827 1952 2116 2026 siquidem
2141 1957 2382 2038 BAchis
2430 1958 2581 2031 regis
2626 1959 2773 2018 Geth
2829 1977 2888 2019 se
2936 1962 3127 2021 furere
3183 1962 3504 2024 simulavit.
3561 1966 3711 2024 Dicit
3757 1966 3918 2024 enim

409 2050 692 2119 Christus,
723 2063 822 2120 per
853 2046 1031 2106 Evam
1062 2045 1398 2117 designatur
1418 2042 1691 2101 Ecclesia.
1724 2040 1871 2111 Quid
1903 2046 1986 2099 est
2016 2056 2121 2099 au-

413 2147 527 2198 tem
575 2138 726 2212 quod
782 2135 946 2210 prius
997 2134 1181 2193 Adam
1226 2132 1510 2191 Dominus
1567 2130 1873 2205 soporavit,
1909 2128 2118 2187 deinde

411 2234 627 2286 costam
679 2241 753 2283 ex
810 2225 936 2297 ejus
1002 2224 1203 2292 latere,
1256 2222 1413 2280 unde
1456 2220 1669 2278 mulier
1722 2220 2071 2277 formaretur
2106 2264 2119 2287 ,

415 2314 641 2382 eduxit,
679 2311 795 2369 nisi
821 2310 960 2384 quia
986 2309 1149 2381 prius
1170 2308 1518 2381 Redemptor
1539 2307 1601 2364 in
1638 2313 1821 2364 morte
1849 2305 2125 2363 dormivit

414 2402 611 2475 sicque
637 2401 707 2459 de
735 2400 910 2457 latere
950 2397 1080 2470 ejus
1124 2398 1184 2454 in
1226 2395 1497 2454 Ecclesia
1535 2398 1960 2453 sacramentum
1998 2408 2124 2451 san-

412 2493 545 2566 guis
581 2499 636 2549 et
673 2504 822 2562 aqua
851 2485 1177 2560 proﬂuxit?
1205 2483 1506 2544 Translata
1530 2490 1616 2542 est
1638 2484 1759 2541 Eva
1793 2482 1864 2540 de
1898 2482 2008 2539 viri
2039 2482 2124 2538 la-

414 2587 532 2639 tere
560 2577 931 2645 dormientis;
962 2572 1110 2630 859
1137 2575 1323 2634 exivit
1346 2573 1596 2633 Ecclesia
1619 2574 1690 2631 de
1710 2573 1888 2631 latere
1920 2569 2123 2629 Salva-

415 2670 554 2730 toris
576 2670 633 2728 iu
662 2684 830 2727 cruce
856 2666 1178 2740 pendentis.

490 2757 603 2817 Sed
628 2755 771 2831 quid
805 2762 890 2814 est
933 2752 1086 2828 quod
1119 2752 1486 2827 omnipotens
1516 2751 1790 2810 Conditor
1825 2766 1960 2808 cum
1995 2764 2125 2807 mu-

418 2847 618 2907 lierem
669 2847 739 2904 de
781 2846 926 2911 viro,
967 2843 1023 2901 id
1073 2848 1177 2913 est,
1210 2840 1472 2914 fragilem
1523 2856 1730 2899 sexum
1781 2840 1853 2897 de
1902 2837 2125 2897 fortiori

421 2949 736 3009 propagare
772 2931 1117 3005 disponeret,
1170 2945 1288 2987 non
1330 2929 1442 2987 viri
1488 2944 1740 2998 carnem,
1772 2928 1871 2987 sed
1917 2943 2127 3015 os.po-

423 3021 542 3081 tius
604 3019 677 3077 ad
728 3018 1049 3076 faciendam
1097 3016 1375 3074 feminam
1422 3016 1534 3073 sibi
1590 3017 1776 3073 voluit
1830 3014 2130 3073 materiam

419 3108 752 3169 exhibere?
783 3107 973 3166 Potuit
1017 3106 1174 3165 enim
1216 3106 1370 3165 Deus
1414 3107 1639 3166 homini
1684 3121 1915 3164 carnem
1947 3105 2132 3163 detra-

424 3202 584 3272 here,
610 3199 767 3258 unde
796 3198 1015 3256 femina
1052 3196 1420 3269 formaretur,
1461 3204 1517 3255 et
1558 3198 1662 3255 hoc
1694 3202 1846 3255 certe
1883 3210 2129 3269 congru-

423 3293 619 3353 entius
666 3290 975 3351 videretur.
1012 3289 1235 3349 Sciebat
1265 3289 1425 3347 enim
1471 3303 1646 3347 sexus
1694 3286 1944 3345 debilior
1989 3286 2129 3361 quid

384 3430 389 3437 .
424 3382 705 3442 nimirum
732 3382 1182 3455 consequentius
1198 3379 1271 3438 de
1293 3380 1484 3438 carnis
1506 3379 1841 3439 infirmitate
1866 3394 2041 3454 quam
2056 3394 2130 3435 ex

420 3473 567 3533 ossis
600 3473 930 3550 procederet
968 3471 1326 3542 fortitudine,
1357 3478 1413 3530 et
1449 3478 1514 3530 ut
1552 3473 1735 3546 magis
1772 3478 2003 3545 stupeas
2041 3472 2131 3528 di-

422 3563 544 3623 vini
581 3564 769 3636 operis
808 3567 1255 3633 sacramentum,
1300 3578 1412 3620 non
1458 3577 1558 3635 pro
1596 3577 1723 3620 osse
1753 3577 1817 3620 os
1857 3561 2130 3629 reddidit,

422 3653 522 3711 sed
550 3634 724 3711 carne
767 3649 956 3723 potius
990 3649 1144 3723 quod
1198 3650 1262 3707 in
1304 3649 1417 3706 viri
1462 3634 1699 3724 corpore
1749 3649 1983 3707 vacabat
2015 3648 2126 3706 im-

420 3738 646 3815 plevit?
674 3737 839 3798 Unde
869 3737 1163 3811 Scriptura
1200 3753 1335 3797 cum
1376 3736 1526 3795 dixit
1560 3761 1572 3795 :
1604 3757 1631 3791 «
1660 3735 1819 3795 Tulit
1854 3752 2032 3794 unam
2064 3736 2135 3793 de

419 3829 592 3889 costis
637 3830 795 3903 ejus;
854 3848 881 3882 ι)
934 3843 1072 3886 mox
1124 3827 1390 3885 addidit:
1429 3852 1455 3876 «
1492 3826 1560 3883 Et
1607 3826 1847 3901 replevit
1893 3842 2134 3884 carnem

421 3936 525 3996 pro
562 3936 630 3980 ea
664 3923 809 3995 (Gen.
850 3923 1003 3986 ιι).ἰ›
1046 3920 1267 3978 Poterat
1304 3934 1513 3992 nempe
1546 3918 1614 3977 ad
1656 3917 1959 3976 mulierem
1993 3917 2137 3990 plas-

423 4009 696 4068 mandam
736 4025 966 4069 carnem
1006 4009 1133 4067 viro
1171 4006 1508 4069 detrahere.
1562 4013 1782 4082 poterat
1818 4023 1949 4066 osse
1987 4008 2133 4066 ossis

426 4099 798 4174 dispendium
840 4099 901 4157 in
956 4097 1222 4157 mutilato
1275 4111 1510 4170 corpore
1561 4103 1900 4170 restaurare,
1935 4097 2032 4155 sed
2075 4113 2139 4156 os

428 4189 564 4248 tulit
607 4193 662 4245 et
709 4203 937 4246 carnem
970 4186 1237 4256 reddidit,
1267 4185 1463 4261 sicque
1509 4185 1771 4259 fragilem
1814 4187 1885 4245 de
1928 4188 2140 4247 virtute

429 4277 719 4338 formavit.

504 4364 721 4424 Debilis
773 4364 964 4438 itaque
1023 4365 1207 4423 factus
1259 4370 1343 4423 est
1407 4363 1611 4429 Adam,
1644 4369 1708 4421 ut
1761 4365 1925 4423 fortis
1983 4365 2145 4424 ﬁeret

432 4455 573 4515 Eva.
614 4452 950 4511 Infirmatus
988 4458 1071 4510 est
1111 4451 1398 4519 Christus,
1445 4459 1509 4510 ut
1548 4452 1913 4511 roboraretur
1948 4453 2140 4511 Eccle-

430 4548 534 4605 sia.
586 4542 758 4603 Illius
806 4541 965 4600 euitu
1013 4539 1324 4599 infirmitas
1374 4547 1567 4598 nostra
1616 4547 1699 4598 est
1760 4541 2053 4611 fortitudo,
2090 4547 2146 4599 et

2210 2044 2524 2117 Scriptura,
2557 2048 2693 2120 quia
2731 2069 2758 2102 «
2789 2049 3124 2109 defluebant
3169 2052 3370 2111 saliva
3406 2054 3533 2128 ejus
3572 2054 3634 2112 in
3674 2054 3920 2114 barbam

2210 2138 2259 2200 (I
2293 2139 2421 2204 Reg.
2457 2140 2609 2195 xxn.
2644 2157 2671 2189 ι)
2718 2136 2867 2195 Sane
2910 2139 3048 2213 quia
3086 2138 3262 2198 barba
3301 2140 3414 2199 viri
3458 2146 3542 2200 est
3584 2143 3915 2217 proprium,

2208 2223 2350 2297 quid
2378 2231 2463 2283 est
2493 2241 2595 2298 per
2632 2225 2945 2299 mysticum
2983 2226 3366 2299 intellectum,
3398 2230 3510 2287 nisi
3553 2230 3788 2288 virtutis
3822 2228 3921 2287 in-

2209 2312 2427 2369 dicium
2450 2311 2477 2370 ?
2504 2313 2653 2382 Quid
2683 2330 2820 2387 ergo
2845 2330 2946 2388 per
2973 2316 3202 2387 salivas,
3242 2332 3375 2390 qua
3406 2318 3687 2378 nimirum
3719 2318 3922 2378 ﬂuida

2213 2406 2347 2456 sunt
2375 2407 2429 2457 et
2460 2401 2658 2471 fluxa,
2692 2402 2802 2460 nisi
2850 2403 3038 2461 carnis
3080 2403 3435 2464 inﬁrmitas?
3464 2406 3617 2477 Quid
3652 2424 3782 2467 vero
3819 2424 3923 2483 per

2210 2486 2468 2555 barbam,
2517 2490 2628 2548 nisi
2677 2489 2999 2549 divinitatis
3044 2492 3333 2551 innuitur‘
3367 2494 3687 2554 fortitudo?
3729 2496 3926 2555 Barba

2211 2591 2346 2649 ergo
2386 2577 2583 2636 salivis
2629 2578 3017 2639 deﬂuentibus
3062 2582 3337 2655 operitur,
3369 2584 3509 2657 quia
3556 2584 3747 2658 fragili
3793 2596 3923 2644 car-

2213 2665 2305 2723 nis
2354 2666 2639 2723 velamine
2677 2666 2999 2726 divinitatis
3043 2669 3225 2728 virtus
3260 2671 3544 2731 induitur.
3600 2671 3713 2732 Sed
3763 2674 3922 2749 quod

2214 2753 2396 2812 David
2444 2755 2888 2829 dispensationis
2944 2757 3146 2829 agebat
3201 2758 3507 2830 industria,
3569 2762 3674 2819 hoc
3732 2777 3767 2819 a
3827 2777 3927 2819 ne-

2214 2844 2532 2902 scientibus
2568 2845 2875 2917 putabatur
2906 2845 3152 2905 insania.
3194 2847 3353 2906 Unde
3382 2848 3556 2907 Achis
3581 2850 3765 2907 servis
3793 2852 3928 2909 suis

2214 2933 2296 2989 ait
2345 2952 2357 2990 :
2406 2954 2432 2984 «
2464 2932 2703 2991 Vidistis
2734 2934 3030 2992 hominem
3061 2935 3358 3008 insanum,
3410 2935 3553 2993 360
3583 2955 3762 3013 quare
3820 2940 3926 2998 ad-

2214 3021 2465 3080 duxistis
2493 3038 2627 3082 eum
2654 3021 2725 3081 ad
2756 3025 2891 3081 me?
2920 3025 3014 3081 An
3046 3024 3259 3083 desunt
3299 3026 3466 3085 nobis
3505 3027 3731 3100 furiosi,
3761 3029 3924 3104 quod

2216 3110 2617 3171 introduxistis
2648 3112 2824 3170 istum
2856 3119 2917 3170 ut
2944 3113 3163 3172 fureret
3199 3130 3289 3172 me
3313 3123 3593 3190 prasente
3615 3116 3644 3176 ?
3681 3140 3701 3170 ι
3735 3119 3924 3190 (Ιὸεὰ.)

2219 3199 2422 3259 Nonne
2457 3202 2631 3259 etiam
2659 3215 2798 3259 vero
2835 3199 3039 3274 David,
3071 3201 3439 3278 Redemptori
3478 3213 3698 3277 nostro,
3730 3205 3930 3265 simile

2217 3287 2359 3359 quid
2397 3287 2621 3358 accidit,
2657 3293 2719 3346 ut
2752 3287 3002 3349 insanus
3035 3290 3107 3348 ab
3146 3291 3579 3354 insanientibus
3622 3302 3928 3370 putaretur

2215 3383 2270 3436 et
2308 3378 2584 3436 miracula
2622 3394 2723 3453 per
2759 3379 3049 3440 damoues
3095 3397 3268 3455 agere
3298 3399 3331 3441 τι
3364 3383 3737 3444 damoniacis
3769 3386 3929 3445 dice-

2217 3469 2422 3524 retur?
2473 3467 2626 3524 Hiuc
2677 3474 2779 3536 est,
2839 3470 2991 3543 quod
3053 3469 3281 3530 Marcus
3334 3474 3691 3545 evangelista
3736 3473 3927 3533 dicit:

2221 3557 2345 3637 -_Et
2381 3572 2514 3615 cum
2544 3557 2824 3617 vidissent
2850 3559 2964 3630 sui,
2994 3560 3266 3619 exierunt
3312 3569 3506 3620 tenere
3549 3577 3703 3621 eum.
3758 3562 3931 3621 Dice-

2218 3646 2354 3704 bant
2399 3647 2560 3704 enim
2589 3666 2601 3704 :
2635 3648 2917 3717 Quoniam
2970 3650 3030 3706 in
3070 3650 3323 3709 furorem
3366 3666 3566 3710 versus
3606 3656 3693 3709 est
3732 3654 3928 3725 (Marc.

2219 3737 2313 3797 tu).
2352 3758 2372 3788 ι
2407 3734 2632 3805 Quibus
2670 3739 2863 3796 verbis
2892 3739 3159 3813 protinus
3193 3739 3414 3798 addidit
3449 3759 3461 3797 :
3516 3762 3537 3791 ι
3573 3738 3641 3796 Et
3685 3738 3929 3805 Scriba,

2215 3828 2318 3900 qui
2356 3827 2428 3885 ab
2466 3826 2888 3902 Hierosolymis
2939 3829 3379 3901 descenderant,
3414 3829 3683 3888 dicebant
3720 3853 3732 3886 :
3770 3826 3929 3898 Quo-

2221 3915 2376 3972 niam
2409 3913 2727 3975 Beelzebub
2752 3917 2944 3989 habet,
2976 3924 3031 3973 et
3061 3919 3200 3992 quia
3233 3918 3291 3975 in
3326 3917 3585 3992 principe
3613 3915 3935 3975 daemonio-

2221 4021 2353 4065 rum
2381 4005 2537 4078 ejicit
2571 4006 2860 4065 damonia
2896 4008 3097 4077 (Ibid)
3127 4029 3148 4058 ιι
3193 4006 3367 4066 Porro
3394 4014 3615 4075 autem,
3646 4006 3782 4080 quia
3835 4021 3930 4063 sa-

2224 4097 2359 4155 liva
2388 4097 2723 4170 frequenter
2764 4114 2840 4156 ex
2876 4097 3190 4157 infantium
3228 4114 3327 4157 ore
3356 4098 3696 4170 decurrunt,
3732 4112 3935 4156 nonue

2226 4188 2387 4246 velut
2435 4187 2724 4246 infantilia
2783 4188 3132 4249 videbantur
3185 4190 3404 4264 verba,
3453 4206 3588 4250 cum
3646 4189 3866 4248 diceret
3917 4211 3933 4247 :

2227 4298 2253 4331 ‹‹
2287 4277 2410 4335 Nisi
2453 4277 2942 4337 manducaveritis
2980 4294 3216 4337 carnem
3247 4279 3381 4338 Filii
3420 4278 3678 4338 hominis
3707 4282 3762 4336 et
3782 4277 3939 4336 bibe-

2226 4368 2352 4425 ritis
2392 4367 2518 4441 ejus
2540 4367 2904 4440 sanguinem,
2940 4384 3055 4427 non
3092 4368 3377 4427 habebitis
3404 4369 3583 4427 vitam
3629 4367 3690 4426 in
3723 4366 3890 4426 vobis
3911 4366 3940 4424 ?

2226 4455 2388 4526 Quod
2441 4456 2740 4514 audientes
2783 4455 3078 4530 discipuli,
3124 4456 3439 4515 dicebant:
3482 4457 3678 4515 Durus
3714 4461 3802 4513 est
3841 4453 3942 4513 hic

2228 4561 2435 4617 sermo,
2464 4552 2517 4604 et
2545 4546 2678 4621 quis
2706 4552 2889 4622 potest
2914 4561 3051 4605 eum
3077 4545 3375 4605 audire?»
3412 4549 3586 4612 (Ιοαη.
3611 4545 3718 4610 Vl.)
3738 4544 3806 4602 Et
3837 4544 3946 4603 sic-

432 4635 504 4694 ad
559 4636 666 4694 hoc
718 4630 818 4690 ille
875 4636 1129 4689 nostram
1179 4631 1416 4705 pertulit
1465 4630 1889 4700 infirmitatem,
1953 4638 2018 4689 ut
2072 4630 2294 4707 ad_ut
2325 4633 2679 4706 evangelista
2718 4633 2911 4699 refert,
2959 4633 3131 4707 «jam
3182 4650 3297 4694 non
3343 4647 3475 4691 cum
3523 4630 3626 4689 illo
3664 4629 3944 4690 ambula-

434 4739 600 4783 suam
647 4736 751 4779 nos
799 4726 1072 4789 statueret
1115 4696 1533 4778 fortitudinem.
1574 4743 1595 4771 ιι
1630 4718 1787 4789 Quod
1839 4696 2386 4779 infirmumeant.
2423 4696 2619 4778 {Sed
2673 4720 2799 4779 ista
2853 4696 3053 4779 saliva
3107 4721 3346 4780 barbam
3410 4718 3594 4778 David
3652 4716 3943 4792 tegebant,

435 4820 517 4871 est
549 4813 764 4884 Dei,ait
783 4811 1108 4884 Apostolus,
1134 4810 1337 4868 fortius
1360 4817 1442 4867 est
1468 4809 1808 4867 hominibus
1834 4814 1877 4877 tI
1895 4812 2014 4867 Cor.
2047 4820 2137 4875 ινδ·

436 4902 508 4962 Et
556 4902 741 4960 alibi:
798 4920 827 4954 «
884 4900 1030 4958 Nam
1085 4898 1191 4957 etsi
1243 4900 1561 4958 crucifixus
1615 4905 1699 4958 est
1750 4899 2016 4957 Christus
2070 4914 2144 4956 ex

438 4990 791 5051 inﬁrmitate.
820 4991 915 5049 sed
963 4989 1107 5048 vivit
1157 5006 1229 5048 ex
1279 4989 1488 5049 virtute.
1535 4990 1656 5049 Dei.
1689 4989 1831 5047 Nam
1882 4989 1991 5048 etsi
2042 5005 2146 5047 nos

439 5082 658 5143 inﬁrmi
682 5096 887 5140 sumus
918 5081 976 5137 in
1017 5080 1135 5149 illo,
1165 5079 1263 5139 sed
1291 5080 1547 5138 vivimus
1575 5095 1706 5137 cum
1736 5094 1802 5136 eo
1831 5095 1905 5136 ex
1937 5080 2146 5137 virtute

436 5175 540 5233 Dei
586 5178 666 5243 (H
708 5174 827 5230 Cor.
860 5177 1013 5239 xm).
1054 5192 1080 5223 »
1112 5171 1425 5228 Enimvero
1473 5168 1672 5227 saeculi
1729 5169 1904 5243 hujus
1952 5169 2144 5227 homi—

439 5282 560 5335 nes,
613 5264 715 5339 qui
766 5263 1049 5323 bellorum
1101 5260 1367 5319 ambiunt
1410 5260 1621 5318 virtute
1670 5261 1999 5330 clarescere,
2042 5261 2146 5335 qui

440 5372 541 5429 per
584 5372 682 5413 ora
738 5353 898 5427 vulgi
953 5366 1087 5410 suas
1131 5354 1327 5423 optant
1372 5349 1639 5408 victorias
1684 5351 1980 5424 celebrari,
2013 5368 2143 5410 cum

443 5443 754 5517 ingressuri
786 5448 923 5501 sunt
961 5440 1233 5516 pralium
1266 5438 1324 5496 in
1367 5454 1601 5513 corpore
1641 5455 1761 5507 suo,
1794 5441 1947 5514 quod
1976 5440 2143 5499 infir-

446 5546 609 5589 mum
640 5538 725 5589 est
760 5539 813 5589 et
842 5529 1020 5588 molle
1060 5526 1398 5602 subjiciunt,
1431 5529 1580 5601 quod
1623 5528 1833 5589 durum
1864 5537 1949 5587 est
1977 5536 2147 5605 atque

441 5618 511 5677 ad
540 5620 954 5693 penetrandum
987 5618 1217 5677 difficile
1244 5623 1658 5692 superponunt.
1689 5617 1908 5676 Loricis
1932 5619 2147 5693 quippe

440 5723 503 5768 se
544 5707 744 5765 ferreis
790 5708 1061 5779 induunt,
1113 5722 1365 5780 carnem,
1398 5723 1530 5782 qua
1574 5706 1740 5765 facile
1786 5707 1932 5765 redit
1983 5708 2142 5779 ictui,

439 5797 727 5859 custodire
787 5797 1163 5871 contendunt,
1225 5805 1289 5858 ut
1353 5798 1499 5860 illud
1576 5800 1790 5860 durum
1862 5815 1926 5857 ac
2004 5798 2146 5860 forte

2230 4809 2367 4883 quia
2414 4809 2525 4867 sub
2579 4808 2670 4866 his
2716 4809 3083 4870 infantilibus
3122 4811 3315 4870 verbis
3362 4809 3544 4868 virtus
3599 4806 3802 4866 divina
3857 4808 3946 4866 la-

2235 4898 2403 4956 tebat.

2304 4987 2509 5046 Factus
2564 4994 2649 5047 est
2706 5004 2840 5062 ergo
2892 4989 3240 5064 Redemptor
3295 4994 3487 5047 noster
3532 4986 3826 5054 infirmus,
3878 4991 3947 5043 ut

2234 5092 2337 5135 nos
2382 5078 2554 5137 fortes
2598 5077 2871 5150 efﬁceret;
2907 5079 3065 5138 visus
3109 5085 3196 5136 est
3247 5076 3481 5146 stultus,
3519 5081 3581 5134 ut
3623 5073 3693 5132 ad
3741 5087 3946 5132 veram

2234 5185 2339 5229 nos
2393 5170 2734 5243 sapientiam
2790 5177 3097 5228 revocaret.
3161 5167 3322 5226 Unde
3376 5167 3516 5225 dicit
3569 5162 3939 5239 Apostolus:

2239 5282 2260 5312 ι
2292 5258 2437 5328 Quia
2465 5260 2617 5333 quod
2658 5261 2901 5318 stultqu
2927 5266 3010 5316 est
3042 5260 3163 5327 Dei,
3205 5256 3527 5330 sapientius
3560 5259 3646 5312 est
3687 5250 3944 5312 homini-

2232 5354 2362 5412 bus.
2400 5376 2420 5403 ι
2458 5352 2527 5411 Et
2557 5351 2728 5425 paulo
2755 5353 3023 5427 superius
3054 5371 3064 5408 :
3124 5376 3142 5401 α
3172 5350 3323 5421 Quia
3352 5364 3469 5407 non
3497 5347 3734 5421 agnovit
3766 5360 3943 5404 mun-

2233 5441 2342 5499 dus
2360 5455 2461 5515 per
2499 5441 2839 5514 sapientiam
2864 5441 3069 5509 Deum,
3100 5438 3316 5513 placuit
3346 5436 3463 5496 Deo
3502 5449 3604 5508 per
3631 5430 3951 5491 stultitiam

2232 5529 2658 5604 praedicationis
2716 5530 2904 5587 salvos
2960 5530 3144 5587 facere
3201 5526 3498 5585 credentes
3556 5526 3607 5590 (Ι
3633 5523 3772 5601 σον..
3814 5524 3882 5589 ι).
3916 5543 3947 5569 ι»

2235 5620 2348 5678 Nec
2375 5620 2685 5692 indignum
2716 5635 2887 5693 super
2921 5618 3166 5678 Domino
3208 5616 3299 5676 Sal
3314 5621 3505 5674 vatore
3544 5619 3739 5671 nostro
3770 5609 3950 5669 inﬁro

2234 5710 2511 5777 mitatetn,
2556 5710 2642 5768 vel
2685 5709 2988 5768 stultitiam
3032 5708 3169 5779 dici,
3210 5722 3345 5765 cum
3392 5705 3564 5763 etiam
3609 5717 3711 5777 per
3752 5700 3952 5775 lepro-

2232 5814 2384 5871 sum,
2429 5808 2546 5860 tum
2588 5800 2759 5858 etiam
2797 5814 2898 5872 per
2932 5800 3257 5871 serpentem
3308 5808 3428 5852 non
3478 5790 3825 5865 dedignatus
3869 5789 3953 5847 sit
