4178 6610
404 325 516 386 885
1917 324 2166 386 SERMO
2205 327 2404 389 LXVI.
3811 327 3919 389 886

407 448 646 524 mystice
673 445 930 521 ﬁgurari.
967 446 1132 504 Unde
1175 455 1260 506 est
1292 448 1465 522 quod,
1511 448 1805 524 Scriptura
1840 454 2103 517 testante,
2127 449 2502 526 Arecolligit.
2534 453 2604 512 Et
2631 452 2938 513 colubrum
2969 451 3150 511 cauda
3185 457 3358 524 tenet,
3391 452 3529 527 quia
3551 466 3705 521 eum,
3735 467 3912 527 quem

404 538 556 596 dixit
593 537 748 596 Deus
785 535 1008 624 Moysi:
1041 557 1070 589 «
1095 536 1256 624 Mitte
1298 552 1538 596 manum
1581 538 1642 596 in
1679 537 1878 624 sinum
1928 545 2118 596 tuum.
2213 536 2510 595 mortalem
2565 543 2699 596 ante
2737 540 3095 612 despexerat,
3143 538 3586 612 Redemptorem
3629 553 3803 596 suum
3848 538 3913 596 in

405 625 520 696 Qui
562 640 695 684 cum
727 623 976 682 misisset
1003 624 1064 681 in
1095 623 1314 694 sinum,
1346 625 1587 698 protulit
1618 623 1907 698 leproSam
1941 624 2122 682 instar
2209 626 2414 686 ultima
2439 629 2558 702 jam
2592 634 2748 703 parte
2785 629 3059 688 Ecclesiae
3084 629 3410 688 conﬁtetur.
3458 628 3569 688 Sed
3615 644 3751 688 mox
3791 644 3915 687 ser-

406 715 582 773 nivis.
631 712 899 782 Retrahe,
949 711 1049 783 ait,
1104 727 1342 770 manum
1393 713 1454 771 in
1505 713 1704 771 sinum
1759 720 1945 770 tuum.
2001 711 2117 770 Re-
2208 731 2350 787 pens
2382 716 2439 774 in
2477 717 2698 791 virgam
2731 719 2894 788 redit,
2927 718 3066 792 quia
3093 717 3283 776 statim
3320 725 3382 777 ut
3421 717 3698 777 Judaicus
3728 733 3914 792 popu-

408 804 605 872 traxit,
657 807 714 860 et
752 801 990 876 protulit
1030 801 1261 871 iterum,
1302 807 1357 858 et
1405 808 1525 859 erat
1562 800 1771 859 similis
1797 800 1956 858 carni
1993 801 2122 858 reli-
2209 801 2300 860 lus
2330 804 2390 861 in
2411 804 2848 879 Redemptorem
2868 812 3128 865 nostrum
3154 805 3645 878 crediderit,idem
3665 805 3915 863 Redem-

408 910 542 968 qure
582 894 775 966 (Emod.
817 894 920 963 IV).
959 918 978 941 ι»
1024 892 1172 962 Quid
1210 893 1315 950 hoc
1354 893 1475 951 loco
1508 908 1608 966 per
1653 907 1890 950 manum
1934 891 2119 967 Moysi
2209 896 2794 969 ptoradjudiciumin
2820 902 3092 971 potestate
3113 912 3235 955 sua;
3255 894 3574 954 divinitatis
3593 894 3913 968 apparebit,

412 982 748 1053 designatur
782 979 890 1036 nisi
916 977 1100 1037 Filius
1128 977 1277 1036 Dei?
1311 977 1472 1036 Unde
1498 979 1712 1037 dicitur
1739 980 1799 1036 in
1833 978 2066 1038 Psalmo
2100 1006 2112 1037 :
2206 989 2270 1041 ut
2303 983 2354 1041 ei
2373 984 2496 1057 jam
2527 1001 2760 1058 serpens
2791 986 2951 1059 virga
2983 985 3075 1056 sit,
3099 986 3236 1060 quia
3256 985 3305 1042 is
3335 984 3437 1057 qui
3469 984 3530 1042 in
3563 991 3712 1041 terra
3742 983 3914 1042 homo

423 1096 444 1125 ι
473 1071 598 1128 Fiat
644 1085 856 1127 manus
903 1075 998 1126 tua
1037 1073 1100 1124 ut
1133 1066 1314 1125 salvet
1351 1082 1442 1124 me
1479 1068 1646 1133 lPsal-
1699 1068 1926 1137 CXVIIIl-
1966 1089 1986 1116 ³
2035 1068 2118 1125 ΑΟ
2203 1073 2504 1146 despectus
2533 1081 2636 1146 est,
2668 1074 2738 1133 de
2773 1075 2918 1132 cmlo
2955 1074 3211 1144 veniens,
3245 1087 3418 1146 super
3465 1072 3702 1144 angelos
3749 1073 3912 1131 video

416 1163 466 1220 si
495 1162 706 1220 diceret
731 1179 744 1216 :
768 1158 892 1216 Fiat
922 1158 1042 1227 ille,
1081 1172 1180 1230 per
1216 1172 1390 1230 quem
1437 1156 1581 1214 facta
1611 1162 1746 1214 sunt
1779 1155 1995 1227 omnia,
2028 1161 2113 1226 ut,
2205 1161 2359 1220 bitur
2387 1162 2557 1221 Deus.

412 1253 553 1313 dum
607 1251 704 1308 ille
753 1255 999 1317 creatur,
1049 1262 1082 1303 a
1124 1251 1316 1303 reatus
1354 1245 1446 1304 sui
1500 1245 1758 1318 contagio
1816 1244 2111 1302 liberetur.
2277 1250 2435 1308 Sicut
2483 1266 2618 1324 ergo
2670 1251 2972 1320 Dominus,
3025 1257 3078 1307 et
3125 1251 3250 1308 sine
3300 1249 3455 1322 lepra
3508 1247 3806 1321 leprosus,
3859 1256 3914 1306 et

411 1341 550 1399 Hmc
595 1353 802 1397 manus
844 1336 908 1394 in
953 1335 1088 1393 sinu
1136 1333 1318 1391 Patris
1369 1341 1472 1404 est,
1521 1334 1670 1391 sicut
1703 1333 1956 1392 Joannes
2002 1332 2113 1390 Ba-
2203 1337 2328 1395 sine
2372 1353 2596 1396 veneno
2640 1354 2873 1412 serpens
2913 1354 3015 1412 per
3055 1337 3389 1413 mysterium
3431 1337 3678 1407 dicitur;
3715 1337 3790 1394 ita
3819 1335 3913 1393 ni-

407 1430 579 1504 ptista
601 1428 773 1486 dicit:
809 1451 828 1475 ι
852 1425 1057 1492 Filius,
1087 1423 1188 1496 qui
1220 1428 1304 1480 est
1343 1423 1402 1480 in
1434 1422 1567 1480 sinu
1597 1421 1800 1493 Patris,
1828 1421 1949 1496 ipse
1978 1437 2113 1479 nar-
2202 1422 2539 1496 hilominus,
2589 1432 2644 1484 et
2701 1427 2827 1484 sine
2881 1427 3137 1484 fatuitate
3188 1423 3418 1494 stultus,
3460 1430 3516 1482 et
3560 1423 3683 1481 sine
3725 1423 3914 1481 imbe-

408 1517 555 1577 ravit
592 1521 768 1586 (Joan.
814 1518 954 1583 11).»
1007 1511 1117 1571 Sed
1151 1528 1361 1570 manus
1405 1513 1525 1569 haec
1554 1527 1686 1570 cum
1714 1512 1785 1569 de
1816 1511 1950 1570 sinu
1980 1526 2112 1585 pro-
2199 1511 2433 1572 cillitate
2490 1515 2822 1587 perhibetur
2871 1515 3162 1572 inﬁrmus.
3203 1513 3312 1584 Qui
3368 1513 3650 1571 nimirum
3703 1512 3787 1570 sic
3851 1527 3912 1569 se

406 1607 520 1665 lata
569 1612 670 1674 est,
709 1605 816 1662 hoc
854 1609 954 1672 est,
994 1617 1128 1661 cum
1166 1617 1268 1675 per
1306 1600 1650 1675 mysterium
1693 1601 2111 1658 incarnationis
2200 1609 2412 1659 nostra:
2470 1603 2794 1660 inﬁrmitati
2850 1603 3141 1676 componit
3192 1609 3362 1678 atque
3407 1607 3798 1674 contemperat
3845 1607 3909 1659 ut

405 1697 694 1771 apparuit,
763 1699 1113 1767 peccatorem
1175 1708 1333 1762 eum,
1409 1697 1463 1748 et
1528 1700 1798 1764 tanquam
1878 1690 2111 1749 sceleris
2197 1696 2252 1746 et
2277 1705 2408 1748 cum
2437 1689 2849 1749 dimicantibus
2875 1695 3066 1760 certet,
3101 1697 3311 1748 etcum
3347 1689 3698 1763 patientibus
3728 1689 3905 1750 simul

403 1787 564 1860 lepra
600 1785 921 1860 pertusum,
966 1781 1015 1838 is
1057 1781 1213 1839 unde
1254 1785 1602 1854 processerat
1649 1777 2174 1869 populus/aesti-B
2199 1780 2479 1869 supplicia
2509 1781 2724 1840 toleret.

405 1873 602 1932 mavit.
648 1872 809 1931 Unde
854 1871 992 1929 dicit
1040 1869 1252 1928 Isaias:
1288 1890 1309 1920 α
1342 1869 1412 1925 Et
1458 1883 1562 1926 nos
1600 1865 1934 1941 putavimus
1975 1865 2167 1925 eum—
2272 1868 2424 1938 Quid
2462 1886 2597 1944 ergo
2646 1871 2860 1929 mirum
2915 1873 2962 1930 si
3013 1872 3177 1930 beata
3214 1870 3513 1941 Columba,
3545 1869 3689 1928 dum
3727 1868 3906 1928 tribu-

403 1963 568 2037 quasi
615 1961 924 2036 leprosum,
965 1965 1020 2016 et
1055 1969 1398 2032 percussum
1431 1972 1464 2014 a
1495 1957 1611 2014 Deo
1641 1963 1695 2014 et
1725 1955 2103 2015 humiliatum
2203 1960 2433 2018 natibus
2475 1961 2657 2019 rabidi
2704 1963 3085 2035 persecutoris
3131 1961 3443 2031 assisteret,
3484 1965 3539 2018 et
3580 1959 3745 2017 fortis
3791 1965 3912 2017 erat

404 2056 556 2123 (Isai.
591 2057 733 2121 LIII).
770 2075 796 2098 ιι
846 2048 956 2108 Sed
995 2064 1202 2107 manus
1246 2048 1370 2106 haec
1406 2063 1540 2106 cum
1580 2047 1642 2104 in
1677 2047 1873 2105 sinum
1915 2047 2104 2118 rediit,
2199 2050 2261 2108 in
2313 2050 2628 2124 suppliciis,
2685 2057 2737 2108 et
2796 2051 3022 2126 sapiens
3056 2053 3119 2110 in
3163 2051 3489 2124 responsis;
3524 2049 3592 2119 si,
3631 2050 3770 2108 dum
3809 2048 3913 2107 illa

402 2142 619 2216 lepram
693 2153 958 2213 prorsus
995 2135 1218 2205 amisit;
1293 2134 1428 2208 quia
1502 2134 1848 2208 Redemptor
1916 2141 2109 2193 noster
2203 2138 2588 2210 torquebatur,
2636 2153 2737 2211 per
2790 2155 2917 2197 eam
2967 2139 3121 2198 alius
3145 2139 3522 2213 loquebatur?
3571 2137 3678 2195 Illa
3731 2135 3903 2195 nimi-

399 2237 703 2307 postquam
749 2227 820 2286 ad
867 2227 1094 2284 Patrem
1126 2225 1338 2283 calcato
1373 2224 1577 2283 mortis
1615 2224 1860 2298 imperio
1916 2223 2103 2294 rediit,
2199 2242 2328 2285 rum
2381 2227 2636 2301 linguam
2696 2229 2981 2298 movebat,
3023 2230 3120 2287 sed
3169 2229 3323 2287 alius
3379 2226 3552 2285 verba
3606 2225 3908 2284 formabat.

393 2321 514 2394 jam
571 2319 634 2376 in
684 2317 802 2374 line
841 2313 1041 2373 saeculi
1096 2329 1206 2370 non
1258 2319 1517 2387 peccator
1564 2313 1758 2383 homo,
1816 2312 1913 2370 sed
1974 2327 2108 2370 vere
2202 2343 2226 2365 ‹‹
2261 2317 2385 2376 Non
2417 2320 2594 2389 enim,
2628 2319 2838 2394 inquit,
2868 2335 2970 2378 vos
2996 2320 3130 2378 estis
3157 2320 3257 2395 qui
3285 2317 3612 2393 loquimini,
3644 2319 3742 2376 sed
3775 2315 3910 2392 Spi-

400 2409 552 2468 Deus
607 2414 658 2465 et
714 2407 884 2465 homo
936 2403 1155 2463 Judteis
1226 2404 1500 2462 omnibus
1566 2403 1878 2477 apparebit.
1949 2401 2106 2462 Scri-
2199 2407 2343 2465 ritus
2375 2407 2556 2466 Patris
2586 2409 2780 2476 vestri,
2814 2409 2915 2482 qui
2949 2409 3207 2484 loquitur
3237 2409 3298 2466 in
3328 2407 3489 2466 vobis
3521 2409 3740 2479 (Matth.
3776 2410 3904 2474 xl.»

400 2505 561 2571 ptum
613 2495 824 2570 quippe
874 2499 1001 2552 est:
1040 2517 1064 2542 α
1093 2491 1239 2562 Quia
1278 2491 1326 2548 si
1386 2492 1560 2550 fuerit
1604 2507 1914 2550 numerum
1963 2491 2106 2550 ﬁlio—
2196 2494 2363 2552 Illius
2411 2502 2531 2552 erat
2582 2512 2869 2569 exponere
2912 2511 3122 2569 corpus
3163 2496 3235 2553 ad
3276 2510 3527 2569 pmnam,
3556 2493 3716 2552 alteri
3759 2508 3910 2551 com-

397 2601 528 2644 rum
557 2583 731 2642 Israel
773 2581 921 2641 sicut
959 2597 1135 2639 arena
1169 2579 1364 2651 maris,
1408 2580 1676 2654 reliquize
1708 2579 1885 2638 salva:
1934 2585 2104 2637 erunt
2194 2583 2420 2655 petebat
2453 2583 2684 2642 virtutis
2718 2599 2784 2643 ac
2820 2583 3112 2657 patientiae
3143 2583 3470 2642 ministrare
3505 2582 3902 2641 constantiam.

395 2676 708 2742 (Rom.1x).
746 2694 770 2720 ι»
2194 2670 2507 2730 Assistebat
2551 2673 2788 2746 quidem
2851 2673 3242 2731 tribunalibus
3296 2672 3481 2746 regis,
3533 2671 3905 2746 torquebatur

468 2761 575 2819 Per
600 2764 922 2834 serpentem
956 2772 1186 2832 quoque
1217 2757 1498 2829 ﬁguratus
1535 2763 1641 2828 est,
1670 2773 1804 2816 cum
1835 2758 1906 2815 ad
1935 2773 2100 2815 eum-
2193 2760 2463 2818 manibus
2499 2761 2753 2834 subjecta
2787 2760 3092 2830 carniﬁcis,
3125 2760 3223 2818 sed
3264 2760 3555 2818 deridebat
3589 2767 3907 2834 utrumque

393 2855 525 2913 dem
564 2852 798 2928 Moysen
834 2851 1121 2910 Dominus
1144 2849 1260 2907 ait:
1293 2873 1311 2899 α
1339 2848 1486 2918 Quid
1519 2855 1601 2906 est
1633 2849 1786 2922 quod
1836 2853 1994 2906 tenes
2039 2847 2102 2905 in
2191 2853 2244 2903 et
2287 2847 2581 2920 judicante
2637 2848 2944 2907 sublimior
2981 2853 3035 2904 et
3070 2847 3347 2921 puniente
3392 2847 3698 2906 robustior.
3743 2847 3904 2906 Unde

395 2957 572 3000 manu
629 2939 767 2999 tua?
822 2939 1140 3013 Respondit
1172 2961 1183 2994 :
1223 2936 1479 3010 Virgam.
1532 2936 1628 2995 Ait
1660 2956 1670 2994 :
1707 2937 1924 3009 Projice
1975 2951 2101 2994 eam
2190 2950 2438 3009 sponsus
2476 2939 2539 2995 in
2568 2937 2835 3007 Canticis,
2871 2937 3030 2995 velut
3055 2938 3126 2995 ad
3165 2952 3292 2994 eam
3333 2950 3658 2995 sermonem
3688 2937 3901 3010 specia-

393 3029 453 3088 in
504 3034 734 3088 terram.
791 3027 1050 3101 Projecit,
1102 3033 1158 3085 et
1201 3042 1366 3084 versa
1412 3034 1495 3084 est
1535 3025 1593 3082 in
1645 3025 1969 3096 colubrum,
2023 3025 2102 3082 ita
2191 3027 2320 3085 liter
2348 3027 2564 3102 dirigit,
2594 3043 2726 3087 cum
2757 3029 2836 3086 ait
2869 3047 2881 3086 :
2921 3051 2942 3080 ι
2973 3028 3155 3098 Quam
3187 3027 3427 3100 pulchra
3465 3033 3550 3086 est
3586 3033 3640 3084 et
3674 3027 3898 3100 decora,

391 3126 457 3178 ut
492 3119 711 3192 fugeret
744 3118 987 3192 Moyses.
1021 3116 1296 3189 Dixitque
1323 3115 1641 3174 Dominus:
1678 3115 1939 3173 Extende
1975 3129 2097 3172 ma-
2123 3159 2165 3192 η
2191 3116 2547 3187 charissima,
2611 3118 2673 3174 in
2723 3116 2968 3178 deliclis!
3024 3117 3253 3176 Statura
3306 3123 3404 3176 tua
3449 3117 3765 3176 assimilata
3815 3123 3900 3176 est

394 3166 457 3178 ...
493 3166 711 3192 ...οων
744 3166 987 3192 κυεην-.
1021 3166 1295 3189 ,ιη---.ιη
1323 3166 1641 3174 ---η-π-.
1678 3166 1936 3173 -----ν---
1977 3166 2067 3172 ----
2194 3166 2547 3187 ---.-ην..--,
2725 3166 2968 3178 --.--..-.
3025 3166 3253 3176 me--.“
3309 3166 3404 3176 -..ν
3449 3166 3765 3176 ..-υ.-..-.-...
3817 3166 3900 3176 νη-

390 3225 534 3268 num
561 3215 742 3279 tuam,
773 3213 829 3265 et
852 3204 1219 3280 apprehende
1249 3204 1490 3262 caudam
1516 3205 1660 3276 ejus.
1704 3204 1997 3275 Extendit,
2045 3212 2100 3262 et
2123 3166 2167 3226 α
2191 3206 2399 3280 palma:
2426 3207 2600 3278 (Cant.
2642 3207 2761 3279 VII).
2805 3230 2831 3254 η
2883 3205 3047 3264 Mens
3083 3206 3298 3280 quippe
3335 3210 3529 3264 sancta
3565 3205 3901 3265 charissima

390 3297 596 3367 tenuit,
647 3310 927 3370 versaque
979 3300 1065 3353 est
1111 3293 1170 3351 in
1219 3293 1440 3366 virgam
1489 3296 1690 3362 (Ewod.
1743 3299 1849 3360 IV).
1879 3317 1905 3343 »
1947 3292 2097 3362 Quid
2189 3295 2246 3352 in
2281 3294 2505 3352 deliciis
2547 3293 2775 3364 dicitur,
2810 3295 2949 3368 quia
2985 3293 3126 3353 dum
3160 3293 3664 3368 persecutionibus
3705 3293 3896 3352 attrita

386 3403 488 3462 per
510 3387 768 3460 Moysen,
805 3383 918 3441 nisi
945 3382 1226 3442 Judaicus
1255 3380 1546 3456 populus?
1575 3381 1645 3438 Et
1673 3381 1810 3455 quid
1842 3396 1942 3454 per
1972 3380 2097 3437 vir-
2190 3383 2329 3442 foris
2355 3383 2655 3456 afﬂigitur,
2697 3383 2808 3456 piis
2845 3389 3098 3441 aestuans
3127 3382 3430 3442 desideriis
3474 3381 3774 3441 suavitatis
3801 3380 3897 3439 iu-

386 3491 540 3550 gam,
597 3476 711 3534 nisi
766 3478 1012 3548 potestas
1051 3469 1191 3527 361
1248 3471 1621 3530 Divinitatis?
1672 3471 1742 3528 Et
1797 3469 1936 3544 quid
1996 3484 2098 3541 per
2189 3471 2344 3531 timus
2398 3472 2707 3532 dulcedine
2770 3478 3076 3530 recreatur.
3139 3471 3319 3546 Cujus
3390 3479 3606 3532 statura
3687 3472 3896 3546 palmae

385 3570 733 3637 serpentem,
780 3562 893 3621 nisi
948 3561 1266 3619 mortalitas
1309 3560 1488 3618 nostri
1541 3557 1942 3632 Redemptoris
1997 3572 2096 3614 ex-
2185 3563 2394 3622 similis
2423 3562 2652 3630 dicitur,
2682 3563 2816 3636 quia
2845 3562 2994 3620 sicut
3033 3577 3149 3620 non
3202 3562 3478 3620 vitiorum
3531 3562 3896 3620 titillantium

384 3651 702 3726 primitur?
759 3651 906 3721 Quia
967 3649 1121 3708 enim
1178 3664 1278 3723 per
1338 3652 1664 3722 serpentem
1717 3662 1889 3713 mors,
1946 3650 2095 3704 recte
2184 3652 2440 3722 ﬂatibus,
2491 3653 2570 3710 ita
2624 3667 2730 3709 nec
2779 3651 3242 3724 persecutionum
3297 3647 3442 3706 362
3505 3651 3900 3722 quarumlibet

389 3741 703 3800 mortalitas
731 3741 790 3799 in
823 3749 1108 3814 serpente,
1149 3740 1241 3798 vel
1283 3745 1455 3811 certe,
1497 3754 1630 3797 cum
1663 3737 1940 3811 scriptum
1974 3736 2088 3794 sit:
2187 3740 2500 3799 terroribus
2550 3739 2882 3798 inclinatur.
2937 3739 3203 3813 Dumque
3252 3754 3378 3796 eam
3422 3739 3898 3812 persequentium

391 3853 412 3882 ι
458 3830 650 3889 Eslote
703 3831 1008 3904 prudentes
1077 3829 1224 3887 sicut
1283 3833 1576 3901 serpentes
1631 3829 1847 3897 (Matth.
1902 3830 1999 3895 Xl;
2062 3816 2106 3876 η’
2187 3833 2374 3892 rabies
2396 3832 2554 3890 velut
2595 3832 2857 3905 impactis
2898 3832 3188 3890 minarum
3229 3830 3506 3888 arietibus
3555 3830 3762 3904 pulsat,
3800 3827 3897 3887 illa

382 3917 518 3991 Quia
565 3916 691 3990 ipsa
729 3932 958 3975 summa
999 3915 1325 3991 prudentia,
1372 3915 1432 3973 id
1479 3919 1584 3987 est,
1633 3915 1735 3972 Dei
1789 3913 2090 3987 sapientia,
2184 3921 2563 3980 fundamento
2602 3921 2836 3979 invictae
2874 3920 3011 3978 ﬁdei
3054 3924 3384 3978 constanter
3417 3918 3648 3987 innixa,
3696 3931 3896 3975 revera

384 4005 675 4064 incarnari
716 4004 949 4078 dignata
993 4011 1098 4074 est,
1144 4011 1292 4062 recte
1337 4005 1462 4078 ejus
1501 4002 1814 4061 mortalitas
1860 4002 1920 4058 in
1970 4016 2082 4058 ser-

2184 4018 2342 4071 stans
2375 4021 2430 4070 et
2458 4012 2895 4088 supereminens
2939 4008 3349 4085 insuperabilis
3386 4014 3730 4083 perseverat.
3781 4007 3894 4065 Ne-

381 4101 550 4168 pente
590 4095 889 4167 ﬁguratur.
939 4093 1104 4152 Unde
1156 4098 1211 4151 et
1248 4093 1307 4152 in
1357 4093 1674 4166 Evangelio
1717 4090 1788 4148 de
1827 4091 2082 4163 passione

2184 4118 2478 4177 quaquam
2509 4101 2624 4159 illis
2659 4101 2888 4172 similis,
2921 4101 3091 4176 cujus
3131 4115 3233 4173 per
3261 4100 3596 4173 prophetam
3628 4097 3700 4156 de
3722 4097 3890 4156 mati-

381 4202 486 4245 Sua
531 4185 809 4260 Ῑοίίιιίίιπν
851 4186 1049 4244 dicens
1074 4210 1086 4242 τ
1115 4207 1143 4240 ί(
1175 4184 1334 4244 δίουῑ
1379 4184 1604 4257 Μοῖεθε
1653 4182 1931 4240 θκὸηᾶνίῖ
1969 4197 2090 4239 581‘-
2181 4192 2313 4265 gnis
2349 4182 2648 4266 spiritibus
2691 4191 2945 4249 dicitur:
2985 4216 3006 4241 σι
3041 4189 3187 4260 Quia
3237 4189 3699 4249 humiliaverunt
3741 4195 3794 4245 te
3838 4193 3895 4245 et

381 4282 610 4350 pentem
639 4275 961 4346 indeserto,
981 4275 1057 4334 ita
1085 4275 1325 4333 exaltari
1348 4279 1568 4347 oportet
1589 4271 1808 4330 Filium
1833 4269 2089 4328 hominis
2182 4282 2458 4340 dixerunt
2512 4281 2725 4339 anima;
2785 4287 2899 4338 tua;
2957 4303 2968 4336 ε
3022 4279 3357 4350 Incurvare,
3414 4283 3478 4337 ut
3532 4284 3892 4336 transeamus

377 4369 555 4436 (ιΤοαη-
588 4370 697 4435 1H)-
733 4391 758 4413 ’³
1907 4399 1911 4403 -
2182 4372 2328 4444 (Isai.
2388 4370 2502 4441 LI);
2565 4393 2584 4418 η
2647 4367 2742 4425 sed
2801 4365 2949 4424 illud
3004 4367 3195 4438 potius
3251 4381 3488 4425 servans
3544 4363 3698 4438 quod
3757 4362 3894 4421 ﬁliis

448 4453 671 4527 Moyses
701 4470 836 4528 ergo
867 4455 1091 4527 virgam
1123 4454 1326 4524 tenuit,
1355 4451 1494 4527 quia
1529 4451 1805 4510 Judaicus
1834 4448 2086 4522 populus
2110 4518 2153 4528 _
2182 4455 2353 4514 Israel
2396 4455 2681 4515 Dominus
2735 4452 2815 4512 ait
2846 4478 2858 4512 ε
2910 4480 2934 4503 ι(
2971 4453 3090 4528 Ego
3141 4469 3293 4525 sum,
3349 4452 3557 4527 inquit,
3610 4450 3891 4510 Dominus

372 4552 506 4602 ante
533 4518 931 4616 Redemptoris
957 4518 1270 4600 adventum
1299 4518 1601 4599 i'n‘divina
1626 4518 2075 4614 potestate—con-
2110 4518 2352 4616 DDeus,
2411 4545 2510 4618 qui
2550 4544 2736 4618 eripui
2781 4559 2882 4600 vos
2928 4542 2999 4601 de
3019 4518 3324 4616 ergastulo
3367 4518 3786 4615 Egyp'tiorum,
3827 4544 3892 4597 ut

377 4634 518 4692 fisus
546 4639 630 4692 est
662 4651 674 4691 :
708 4633 804 4691 sed
835 4632 1059 4707 virgam
1103 4633 1164 4689 in
1208 4637 1415 4690 terram
1457 4631 1712 4704 projecit,
1754 4631 1893 4703 quia
1932 4628 2088 4686 idem
2178 4635 2522 4693 incederetis
2553 4633 2691 4692 recti
2717 4634 2917 4706 (Exod.
2952 4633 3052 4705 v1).
3098 4657 3118 4684 ι

373 4722 620 4796 populus
639 4737 740 4796 per
765 4721 1118 4796 patriarchas
1141 4738 1206 4780 ac
1229 4722 1534 4796 prephetas
1564 4720 1750 4779 Deum
1778 4719 2086 4777 incarnano

371 4811 508 4869 dum
537 4828 659 4870 esse
687 4809 995 4869 nuntiavit.
1027 4809 1198 4884 Virga
1231 4826 1364 4868 vero
1395 4811 1452 4868 in
1485 4810 1789 4869 colubrum
1821 4807 2083 4877 vertitur,

371 4902 512 4976 quia
549 4901 896 4973 Redemptor
942 4906 1132 4959 noster
1163 4901 1314 4958 Deus
1352 4899 1412 4957 in
1441 4915 1500 4957 se
1534 4913 1900 4972 permanens,
1929 4911 2084 4954 mor-

373 4990 498 5048 talis
535 4991 688 5049 inter
715 4988 984 5048 homines
1023 4988 1205 5047 factus
1236 4995 1340 5045 est.
1373 4986 1481 5046 Sed
1525 4987 1745 5062 Moyses
1777 4986 2084 5046 colubrum

369 5079 728 5153 conspiciens
765 5078 1064 5153 pertimuit
1096 5085 1151 5135 et
1197 5078 1362 5150 fugit,
1402 5077 1537 5151 quia
1576 5077 1856 5136 Judaicus
1896 5092 2083 5151 popu-

368 5169 460 5229 lus
506 5170 650 5229 dum
700 5168 1135 5242 Redemptorem
1195 5166 1436 5224 humani
1499 5167 1727 5238 generis
1777 5169 2083 5227 mortalem

371 5259 534 5330 vidit,
566 5259 706 5317 dum
731 5258 1005 5329 crederet,
1030 5257 1192 5330 quasi
1226 5254 1639 5316 formidolosus
1677 5259 1931 5332 expavit.
1972 5257 2081 5320 Cui

366 5350 602 5422 jubetur
644 5355 708 5408 ut
738 5347 1044 5406 colubrum
1078 5345 1258 5404 cauda
1286 5351 1495 5414 teneat,
1529 5345 1664 5419 quia
1697 5347 1951 5422 perﬁdus
1981 5348 2083 5407 ille

369 5439 636 5513 populus,
668 5436 769 5510 qui
798 5436 969 5495 modo
999 5434 1229 5493 credere
1261 5440 1501 5504 recusat,
1536 5435 1599 5492 in
1628 5441 1889 5494 extrema
1924 5444 2082 5512 parte

370 5529 660 5589 Dominici
698 5527 974 5601 corporis,
1007 5525 1063 5584 id
1088 5530 1192 5595 est,
1234 5524 1533 5599 posteriori
1561 5531 1833 5597 tempora)
1865 5535 2082 5587 sanctae

369 5619 664 5690 Ecclesiae,
713 5619 976 5678 videlicet
1024 5619 1081 5676 in
1143 5619 1259 5676 ﬁne
1311 5618 1540 5693 mundi,
1596 5635 1718 5677 sese
1765 5621 1835 5678 ad
1899 5621 2073 5679 fidem

2251 4725 2319 4783 Et
2343 4723 2618 4800 quoniam
2664 4723 2848 4797 palma
2877 4722 3016 4780 solet
3059 4735 3296 4778 manum
3333 4731 3538 4776 ornare
3571 4714 3889 4788 victricem,

2180 4819 2327 4873 recte
2380 4819 2578 4872 sancta
2634 4820 2689 4870 et
2740 4800 3152 4886 insuperabilis
3215 4806 3410 4865 anima
3488 4804 3699 4880 palmas
3767 4819 3892 4864 esse

2177 4901 2390 4960 similis
2434 4901 2792 4976 perhib.:tur,
2825 4899 2961 4973 quia
3007 4913 3107 4971 per
3139 4910 3370 4954 omnem
3415 4893 3508 4952 sui
3557 4892 3892 4952 certaminis

2175 5010 2417 5054 cursum
2449 4999 2690 5068 peractae
2728 4990 2983 5050 victoriae
3010 4987 3318 5064 praemium
3348 4985 3676 5044 meditatur.
3700 4985 3890 5061 Atque

2178 5082 2392 5142 idcirco
2443 5080 2806 5155 ﬂoccipendit
2855 5094 3027 5138 omne
3071 5078 3227 5154 quod
3281 5078 3340 5135 in
3397 5075 3619 5135 inﬁmis
3669 5074 3891 5147 tolerat,

2177 5172 2278 5245 qui
2308 5179 2490 5232 erecta
2525 5171 2683 5229 velut
2710 5170 2921 5245 palma,
2955 5168 3011 5225 id
3045 5169 3197 5241 quod
3225 5166 3284 5226 in
3309 5165 3640 5225 caelestibus
3667 5164 3889 5240 aspicit,

2176 5262 2420 5322 ﬂrmiter
2475 5266 2680 5335 sperat.
2727 5260 2855 5319 Huc
2899 5257 3137 5327 accedit,
3171 5257 3309 5331 quia
3349 5271 3480 5314 cum
3523 5254 3652 5313 creti
3693 5254 3890 5313 Domi-

2175 5369 2317 5412 num
2349 5349 2610 5408 eamdem
2643 5348 2929 5422 passionis
2960 5349 3113 5407 viam
3144 5347 3496 5423 percurrisse
3535 5359 3888 5404 commemo-

2178 5452 2284 5512 rat,
2311 5445 2431 5517 jam
2471 5458 2549 5511 se,
2592 5457 2724 5516 quae
2768 5440 2968 5515 pulvis
3006 5447 3060 5499 et
3101 5439 3250 5498 cinis
3290 5445 3394 5509 est,
3438 5438 3529 5497 sui
3573 5437 3888 5497 Salvatoris

2177 5532 2392 5592 imitari
2423 5529 2658 5604 vestigia
2714 5532 3084 5589 vehementer
3110 5527 3382 5587 exsultat.
3419 5526 3582 5586 Unde
3614 5531 3670 5583 et
3696 5525 3883 5584 eidem

2174 5635 2400 5696 sponsas
2419 5635 2680 5694 sponsus
2711 5618 2792 5677 ait
2823 5638 2836 5677 :
2892 5640 2912 5669 ι
2947 5617 3144 5677 Comae
3177 5614 3379 5690 capitis
3411 5613 3496 5674 tui
3531 5618 3595 5673 ut
3626 5627 3885 5688 purpura
