4178 6458
356 1852 359 1855 ’
399 1850 403 1857 λ
431 1855 614 1914 redes.

433 4706 633 4795 culum
682 4716 869 4786 super
892 4712 1196 4773 brachium
1249 4722 1413 4775 tuum
1464 4720 1644 4785 (Cant.
1698 4730 1843 4777 Vill).
1887 4744 1912 4767 η

429 354 537 459 est

932 361 939 369 ‘
1045 393 1125 459 S.,
1148 392 1372 454 PETRI
1412 388 1731 454 DAMIANI
1768 391 1925 454 OPP.
1968 393 2161 454 PARS
2201 390 2347 454 SEU
2382 387 2634 487 TOMUS
2670 386 2747 449 II‘.
2790 386 3321 450 —‘SERMONES.

3858 298 3884 315 ἕο

430 524 583 603 regis
621 523 821 599 juncta
847 521 1145 581 canalibus
1204 524 1365 592 (Cant
1410 523 1532 595 VII).
1569 547 1601 573 »η
1641 522 1804 583 Sicut
1835 539 1937 597 per
1974 519 2366 596 caputAluta.
2434 494 2649 578 «‘Pone
2712 533 2805 577 me
2839 564 2855 589 ,
2910 518 3121 593 inquit,
3180 500 3246 577 ut
3320 492 3690 593 signaculum
3734 528 3948 598 ‘super

430 610 818 687 intelligimus
856 616 1130 683 mentem,
1157 610 1236 668 ita
1274 624 1377 684 per
1422 626 1612 669 comas
1648 612 1850 685 capitis
1894 626 2011 669 non
2053 611 2144 667 in-

431 700 842 761 convenienter
915 699 1229 773 accipimus
1296 699 1688 774 cogitationes.
1772 700 1933 759 Sicut
1978 698 2139 756 enim

432 788 626 864 capilli
690 786 761 847 de
826 787 1041 848 vertice
1103 787 1414 863 prodeunt,
1467 787 1546 846 ita
1616 788 1991 862 cogitationes
2065 802 2139 844 ex

394 874 401 883 λ
434 886 625 940 mente
667 880 1007 954 procedunt.
1049 879 1385 953 Purpureus
1426 896 1564 939 vero
1599 879 1775 952 color,
1819 881 1956 952 quia
2003 894 2137 937 san-

383 963 387 967 ’
430 969 637 1043 guinis
662 970 835 1028 habet
861 969 1126 1044 speciem,
1162 969 1305 1043 quid
1344 978 1445 1042 per
1481 969 1844 1042 mysterium,
1876 968 1989 1033 nisi
2022 967 2138 1025 Do-
2168 1004 2173 1009 -

430 1057 706 1117 minicam
750 1057 948 1116 innuit
983 1059 1345 1131 passionem?
1373 1056 1525 1126 Quid
1564 1072 1704 1115 vero
1740 1056 1990 1125 canales,
2024 1054 2137 1112 nisi

431 1138 759 1205 sanctorum
805 1145 1134 1221 signiﬁcant
1172 1146 1428 1204 mentes?
1460 1145 1623 1205 Sicut
1664 1144 1822 1203 enim
1861 1144 1923 1201 in
1966 1157 2139 1200 cana-

430 1235 587 1295 libus
616 1234 1036 1294 conchiliorum
1073 1234 1309 1307 sanguis
1337 1233 1679 1303 effunditur,
1708 1239 1773 1291 ut
1807 1233 1870 1290 in
1917 1247 2137 1304 purpu-

430 1340 597 1384 reum
625 1324 872 1383 colorem
898 1324 1041 1382 lana'
1056 1329 1314 1381 vertatur
1344 1347 1358 1381 :
1401 1325 1484 1381 sic
1514 1323 1573 1381 il]
1609 1329 1940 1381 sanctorum
1975 1337 2135 1379 IIICI]-

426 1413 585 1473 tibus
624 1414 945 1472 Dominicaa
990 1412 1272 1487 passionis
1315 1427 1485 1470 cruor
1524 1411 1895 1470 meditatione
1933 1410 2137 1469 recoli-

362 1564 391 1590 “
406 1586 413 1590 Δ
429 1508 560 1590 tur;
589 1509 645 1561 et
669 1503 748 1560 ita
769 1499 1194 1590 quodammodo
1217 1500 1311 1590 pia
1335 1499 1611 1575 quaelibet
1633 1501 1829 1590 anima
1856 1498 2141 1590 sanguine

406 1586 695 1666 “tingitur,
746 1598 810 1651 ut
862 1589 1063 1649 aeterni
1110 1589 1255 1663 Regi
1304 1605 1621 1663 purpuram
1673 1589 1953 1649 imitetur.
2017 1589 2139 1646 Hoc

430 1682 711 1740 nimirum
784 1680 955 1740 modo
1026 1679 1313 1738 eﬂicimur
1387 1679 1672 1738 Salvatori
1745 1686 1939 1737 nostro
1997 1694 2138 1737 con-

432 1768 667 1840 form'es,
709 1774 774 1828 ut
824 1768 1010 1827 simus
1058 1767 1230 1826 etiam
1284 1769 1488 1826 merito
1534 1767 1901 1842 postmodum
1954 1767 2138 1827 cohae-

444 1986 469 2037 -Ι
499 1945 676 2039 Coma
718 1967 852 2026 ergo
898 1948 1100 2039 capitis
1154 1948 1334 2010 beatae
1387 1950 1658 2039 martyris
1703 1947 2025 2039 Columbae,
2069 1957 2135 2009 ut

427 2035 686 2113 purpura
715 2043 835 2097 erat
860 2038 1011 2112 regis
1052 2035 1253 2111 juncta
1288 2037 1612 2108 canalibus,
1647 2037 1785 2112 quia
1823 2037 2131 2096 constituta

354 2122 367 2211 ς
426 2126 489 2211 in
517 2125 781 2201 passione
808 2125 1329 2200 propriicorporis,
1349 2126 1634 2184 recolebat
1659 2126 1895 2185 assidue
1918 2126 2135 2200 suppli-

427 2208 579 2272 Cium
643 2212 1068 2287 Redemptoris,
1120 2228 1195 2272 ne
1265 2212 1532 2273 videlicet
1586 2214 1645 2272 in
1712 2229 1819 2272 sua
1869 2214 2141 2288 passione

428 2302 843 2372 succumberet,
893 2302 1036 2361 dum
1078 2308 1571 2361 remuneratorem
1611 2319 1786 2362 suum
1833 2318 1937 2375 per
1976 2318 2138 2361 eam-

341 2378 347 2389 “
427 2390 557 2448 dem
614 2389 792 2447 viam‘
821 2404 880 2447 se
921 2388 1281 2462 prmcessisse
1333 2397 1618 2464 pensaret.
1678 2391 1875 2450 Passio
1924 2392 2136 2465 quippe

340 2472 345 2479 ’
427 2478 661 2540 Domitii
711 2479 875 2555 quasi
916 2479 1135 2538 vicaria
1166 2480 1437 2552 quaedam
1476 2481 1641 2540 nobis
1664 2498 1891 2540 .mensa
1930 2496 2136 2554 propo-

344 2632 369 2653 ᾖ
431 2569 539 2627 sita
566 2574 672 2653 est,
700 2576 764 2629 ut
790 2569 1010 2647 quique
1035 2569 1107 2629 ad
1134 2585 1260 2628 eam
1292 2571 1518 2629 invitati
1550 2571 1996 2641 discumbimus,
2030 2586 2135 2629 nos

342 2644 369 2657 ”
429 2652 601 2716 etiam
651 2654 864 2718 similia
916 2644 1332 2734 praeparemus.
1383 2659 1469 2717 Ad
1512 2676 1685 2734 quam
1737 2677 1842 2719 nos
1893 2675 2137 2735 sponsus

430 2745 641 2805 in'vitat
684 2748 743 2807 in
794 2748 1079 2808 Canticis:
1123 2771 1151 2803 «
1180 2750 1490 2822 Comedite,
1526 2751 1736 2827 inquit,
1779 2753 1951 2810 amici
2000 2753 2133 2822 mei,

429 2840 486 2892 et
520 2835 718 2907 bibite,
761 2845 817 2896 et
861 2839 1256 2910 inebriamini,
1294 2841 1617 2899 charissimi
1665 2846 1839 2915 (Cant.
1881 2845 1961 2912 v).
2010 2866 2030 2892 ι
2066 2842 2138 2900 Et

428 2924 491 2982 in
557 2922 882 3007 Proverbiis
935 2925 1258 2988 Salomonis
1310 2948 1327 2987 :
1386 2955 1411 2979 ‹‹
1449 2928 1511 2988 Si
1570 2930 1830 3001 sederis,
1898 2932 2131 3007 inquit,»

429 3025 659 3069 caenare
694 3006 773 3068 ad
810 3028 1066 3071 mensam
1121 3017 1389 3090 potentis,
1453 3018 1824 3077 considerans
1875 3019 2141 3093 intellige

431 3115 567 3174 quas
586 3108 959 3175 apponuntur
974 3102 1097 3177 tibi,
1126 3110 1182 3162 et
1207 3106 1290 3164 sic
1310 3106 1471 3165 mitte
1490 3122 1730 3166 manum
1754 3115 1936 3179 tuam,
1950 3110 2138 3167 sciens

431 3188 710 3262 quoniam
739 3189 876 3250 talia
903 3200 1122 3266 oportet
1149 3199 1205 3252 te
1234 3210 1556 3269 praeparare
1588 3199 1765 3265 (Prov.
1796 3201 1855 3266 I).
1898 3221 1919 3250 ι

434 3278 439 3281 ’
502 3277 784 3348 Quaenam
826 3289 913 3341 est
948 3282 1049 3342 illa
1088 3284 1284 3342 mensa
1312 3284 1725 3358 potentis,nisi
1753 3289 1908 3347 unde
1947 3289 2136 3347 sumi-

434 3374 528 3429 tur
568 3370 779 3444 corpus
831 3381 893 3432 et
938 3376 1176 3448 sanguis
1235 3375 1379 3450 ejus,
1441 3375 1544 3451 qui
1598 3392 1765 3435 suam
1814 3394 1916 3452 pro
1968 3379 2136 3437 nobis

378 3452 381 3457 λ
427 3458 683 3518 animam
715 3460 950 3535 posuit?
986 3462 1057 3521 Et
1085 3463 1225 3537 quid
1252 3470 1335 3522 est
1360 3463 1432 3522 ad
1462 3479 1592 3522 eam
1623 3466 1842 3536 sedere,
1873 3465 1990 3523 nisi
2022 3467 2136 3523 hu-

431 3547 647 3608 militer
683 3564 748 3608 ac
793 3559 1120 3612 reverenter
1159 3551 1468 3611 accedere?
1502 3553 1609 3612 Ubi
1657 3570 1793 3628 quas
1830 3553 1997 3612 nobis
2033 3570 2136 3627 ap-

432 3645 745 3712 ponuntur
778 3640 1225 3715 considerantes,
1263 3642 1649 3719 intelligimus
1695 3644 1744 3702 si
1782 3643 1956 3718 digne
1999 3644 2137 3701 tanti

435 3729 693 3787 muneris
742 3730 987 3801 gratiam
1043 3732 1384 3807 Cogitamus.
1443 3734 1513 3792 Et
1568 3739 1710 3794 tunc
1760 3733 1838 3791 ita
1895 3748 2138 3791 manum

434 3817 719 3899 mittimus
750 3825 815 3878 ut
842 3821 1093 3881 sciamus
1120 3823 1254 3897 quia
1288 3822 1423 3882 talia
1456 3838 1560 3882 nos
1599 3822 1867 3896 expediat
1910 3837 2137 3896 praepa-

433 3886 576 3993 rare:
595 3888 742 3966 “iam
771 3910 1083 3983 prudenter
1104 3886 1489 3985 intelligimus
1519 3912 1658 3987 quia
1679 3886 1846 3970 Isicut
1876 3886 2142 3969 Christus

432 3996 537 4070 pro
579 3998 747 4057 nobis
795 4001 938 4057 mori
995 4000 1267 4073 dignatus
1317 4008 1420 4074 est,
1473 4002 1551 4060 ita
1603 4016 1706 4059 nos
1756 4017 1860 4075 pro
1914 4001 2038 4075 illo,
2092 4003 2140 4060 si

434 4080 602 4145 detur
670 4079 816 4143 363
897 4092 1119 4150 occasio
1148 4136 1161 4163 ,
1245 4091 1523 4150 debemus
1596 4091 1821 4151 animas
1909 4108 2138 4165 ponere.

352 4252 355 4257 Α
441 4172 652 4257 «Quid
689 4174 868 4247 enim,
901 4178 982 4235 ait
1029 4175 1350 4249 Psalmista,
1392 4179 1702 4238 retribuam
1755 4180 2003 4240 Domino
2041 4197 2142 4254 pro
2176 4220 2179 4225 -

368 4322 371 4347 τ
435 4256 709 4322 omnibus
748 4280 880 4337 quae
921 4268 1186 4326 retribuit
1233 4268 1431 4326 mihi?
1463 4269 1710 4327 Calicem
1752 4268 2021 4327 sal-utaris
2057 4287 2146 4328 ac—

396 4348 1076 4437 ‘cipiain'(Psal."CXV).
1113 4377 1135 4407 ι
1186 4355 1339 4414 Hinc
1386 4364 1468 4414 est
1500 4357 1669 4414 etiam
1724 4358 1877 4429 quod
1923 4358 2179 4418 dilectae-

372 4432 401 4439 ”
438 4440 571 4498 sua!
593 4455 837 4513 sponsus
885 4441 946 4499 in
992 4441 1243 4501 Canticis
1295 4460 1428 4502 cum
1480 4444 1855 4518 praemisisset
1898 4466 1910 4504 :
1966 4469 1991 4499 «
2025 4438 2175 4507 Sub~

435 4529 638 4588 arbore
679 4531 829 4589 malo
868 4533 1140 4593 suscitavi
1179 4540 1254 4606 te,
1295 4557 1320 4588 »
1366 4543 1785 4610 consequenter
1824 4538 2096 4613 adjunxit
2130 4565 2140 4598 :

438 4642 466 4675 ‹‹
502 4621 656 4683 Pone
685 4638 775 4681 me
830 4628 893 4682 ut
923 4620 1286 4700 signaculum
1322 4644 1494 4702 super
1520 4643 1618 4686 cor
1644 4636 1830 4699 tuum,
1858 4639 1921 4688 ut
1949 4631 2137 4704 signa-

1969 4722 2051 4778 Ac
2097 4720 2145 4778 si

393 4870 407 4888 λ
434 4798 585 4858 dicat
623 4818 636 4858 :
693 4798 840 4872 Quia
876 4818 981 4875 ego
1016 4810 1067 4862 te
1106 4804 1167 4862 in
1196 4811 1417 4864 tantum
1456 4806 1638 4865 dilexi
1680 4815 1743 4866 ut
1784 4824 1882 4879 per
1901 4815 2145 4867 mortem

332 4900 335 4903 '
394 4886 407 4888 ί
434 4886 624 4950 crucis
663 4899 715 4950 te
761 4900 1049 4953 mortuam
1092 4894 1466 4967 Suscitarem;
1518 4904 1579 4955 tu
1627 4898 1800 4955 etiam
1852 4914 1946 4955 me
1980 4898 2146 4957 alter-

434 4987 631 5040 utrum
661 4980 926 5054 [alterum
975 4985 1216 5059 tantum]
1262 4985 1439 5059 dilige
1468 5030 1481 5056 ,
1523 5001 1731 5059 meque
1774 4986 1835 5043 in
1885 4987 1999 5045 tuis
2029 5003 2145 5045 non

435 5066 617 5131 modo'
656 5070 1118 5146 cogitationibus,
1163 5073 1257 5132 sed
1300 5081 1355 5132 et
1392 5072 1684 5148 OpeI-ibus,
1724 5074 1886 5132 velut
1932 5074 2141 5149 integri

431 5158 602 5237 atque
664 5157 895 5235 perfecti
930 5163 1152 5221 amoris
1210 5158 1577 5236 signaculum
1624 5179 1794 5236 pone.
1851 5162 1996 5221 Nam
2044 5180 2146 5238 per

435 5250 698 5309 arborem
750 5252 969 5310 malum
1018 5250 1390 5309 'Dominicam
1439 5267 1670 5311 crucem
1730 5252 2011 5311 debemus
2058 5268 2147 5310 ac-

433 5342 639 5413 cipere,
691 5342 785 5400 cui
833 5339 1103 5399 videlicet
1155 5340 1347 5399 arbori
1408 5343 1599 5415 ipsum
1660 5342 1801 5400 alibi
1845 5341 2139 5401 Christum

435 5436 747 5503 comparat,
805 5431 1006 5489 dicens
1053 5454 1065 5488 :
1114 5455 1141 5480 ‹‹
1166 5429 1329 5490 Sicut
1388 5432 1577 5490 malus
1634 5433 1783 5491 inter
1836 5433 1993 5504 ligna
2051 5432 2146 5490 sil-

437 5512 659 5588 varum,
694 5520 775 5578 sic
804 5519 1240 5579 dilectusmeus
1263 5521 1411 5579 inter
1446 5522 1596 5581 tilios
1627 5525 1803 5594 (Cant.
1834 5524 1893 5593 I).
1929 5548 1954 5571 ››

505 5606 693 5664 Arbor
724 5622 857 5682 ergo
883 5608 1021 5667 mali
1052 5624 1198 5668 crux
1245 5616 1330 5668 est
1365 5608 1598 5683 Christi,
1634 5627 1733 5685 per
1755 5626 1928 5685 quam
1968 5611 2145 5670 susci-

433 5697 547 5751 tata
576 5697 661 5753 est
687 5694 901 5767 anima,
936 5697 1135 5757 mortis
1165 5696 1381 5757 scilicet
1427 5703 1660 5759 aeternae
1692 5698 1944 5759 vinculis
1967 5699 2139 5760 abso-

2225 622 2322 666 cor
2376 612 2585 677 tuum,
2635 612 2700 664 ut
2749 605 3117 678 signaculum
3179 620 3354 679 super
3408 606 3708 683 brachium
3767 617 3943 668 tuum

2224 697 2397 769 (Cant.
2454 703 2594 765 VIII}.
2652 720 2679 744 »ι
2736 692 2887 764 Quid
2944 710 3046 768 per
3105 709 3205 753 cor
3236 738 3250 765 ,
3315 694 3428 753 nisi
3491 697 3870 772 cogitationes
3927 718 3943 757 :

2224 783 2364 859 quid
2417 798 2519 856 per
2573 781 2875 843 brachium
2908 829 2923 852 ,
2984 781 3099 839 nisi
3178 782 3368 855 operis
3426 774 3723 844 debemus‘
3758 786 3943 845 intel-

2224 870 2401 943 ligere
2462 868 2908 929 fortitudinem?
2963 869 3258 928 Christum
3321 886 3457 944 ergo
3527 866 3802 947 tanquam
3856 874 3943 933 si-

2222 961 2538 1035 gnaculum
2587 961 2650 1019 in
2689 960 2858 1029 corde
2904 967 3099 1019 nostro
3156 961 3437 1021 debemus
3484 962 3840 1038 imprimere,
3870 971 3942 1024 ut

2225 1052 2390 1111 nulla
2423 1053 2529 1110 hoc
2572 1052 2753 1110 valeat
2797 1052 3021 1111 hostilis
3068 1052 3314 1125 irruptio
3353 1052 3591 1112 violare.
3635 1054 3935 1115 Christum

2204 1142 2393 1200 .etiam
2444 1142 2718 1215 operibus
2773 1142 2983 1200 nostris
3023 1140 3303 1199 debemus
3346 1143 3691 1217 insculpere,
3720 1152 3786 1202 ut
3833 1160 3942 1218 per

2221 1245 2393 1288 omne
2432 1229 2586 1303 quod
2628 1229 2874 1302 agimus,
2913 1229 3194 1299 Cruciﬁxi
3239 1232 3605 1304 praeceptoris
3648 1233 3943 1308 discipulo

2221 1322 2701 1381 demonstremus.
2757 1321 2883 1383 Hoc
2933 1319 3299 1397 signaculum
3355 1321 3627 1379 exteriori
3699 1338 3945 1398 quoque

2224 1412 2359 1469 vitas
2387 1426 2510 1468 suae
2536 1410 2830 1484 signanter
2856 1410 3204 1484 impressum
3230 1411 3546 1487 Apostolus.
3568 1413 3940 1485 ostendebat,

2223 1516 2355 1558 cum
2385 1499 2630 1558 diceret:
2654 1521 2674 1550 ι
2697 1499 2818 1571 Ego
2839 1499 3102 1573 stigmata
3122 1499 3154 1560 J
3159 1515 3261 1559 esu
3289 1501 3346 1559 in
3367 1516 3601 1575 corpore
3624 1516 3754 1560 meo
3771 1507 3944 1576 porto

2221 1591 2363 1662 (Gal.
2409 1590 2510 1661 VI).
2545 1614 2572 1638 »ι
2624 1587 2695 1646 Et
2751 1587 2962 1646 iterum
3011 1609 3024 1647 :
3084 1613 3105 1641 ι
3147 1587 3383 1665 Semper
3431 1590 3938 1649 mortiﬁcationem

2220 1681 2251 1740 J
2256 1697 2357 1739 esu
2391 1682 2453 1741 in
2481 1696 2716 1754 corpore
2734 1686 2927 1740 nostro
2949 1683 3416 1740 circumferentes
3442 1686 3517 1751 (Π
3542 1683 3660 1739 Cor.
3690 1686 3795 1754 IV).
3837 1704 3861 1734 ιι

2295 1768 2473 1827 Plane
2515 1770 2565 1827 si
2602 1786 2707 1830 nos
2749 1769 3007 1832 Salvator
3039 1777 3231 1829 noster
3276 1771 3383 1830 hoc
3412 1764 3739 1830 charactere
3777 1770 3940 1831 scul-

2150 1883 2195 1943 B
2220 1865 2346 1934 ptos
2395 1876 2520 1920 esse
2570 1862 2889 1936 perpendit,
2922 1868 2977 1921 et
3021 1862 3141 1935 ipse
3186 1878 3290 1921 nos
3329 1850 3487 1935 grata
3535 1860 3940 1941 vicesibimet

2219 1951 2583 2023 signaculum
2629 1952 3002 2026 ponit..Sicut
3033 1951 3170 2027 duci
3210 1952 3437 2011 Judzeaa
3483 1950 3799 2011 Zorobabel
3833 1968 3938 2026 per

2218 2044 2499 2115 Aggamm
2533 2044 2870 2116 prophetam
2909 2043 3200 2125 pollicitus
3230 2048 3346 2125 est,
3379 2042 3581 2100 dicens
3620 2066 3633 2100 :
3667 2030 3938 2125 «“In‘illa

2220 2130 2313 2189 die
2368 2130 2678 2205 suscipiam
2713 2138 2828 2203 .te,,
2867 2118 3209 2201 Zorobabel,
3265 2118 3350 2189 ﬁli
3412 2129 3708 2201 Salathiel,
3766 2120 3936 2189 serve

2221 2235 2407 2290 meus,
2443 2226 2497 2277 et
2532 2236 2741 2294 ponam
2793 2228 2845 2279 te
2897 2220 3046 2279 sicut
3089 2208 3456 2294 signaculum
3512 2220 3575 2277 in
3608 2220 3936 2293 ‘conspectu

2222 2323 2349 2366 meo
2381 2309 2546 2379 (Agg.
2582 2309 2658 2381 II).
2693 2332 2719 2359 η
2761 2308 2927 2378 Quod
2972 2308 3020 2367 si
3061 2304 3337 2385 nosejus,
3373 2300 3528 2383 quOd
3579 2298 3752 2377 absit,
3781 2306 3935 2365 obli-

2200 2396 2519 2465 viscimur,
2561 2413 2792 2461 necesse
2820 2404 2906 2456 est
2943 2404 3088 2456 utet
3127 2386 3238 2470 ipsi
3284 2392 3469 2456 ab'eo
3513 2402 3940 2470 consequenter

2220 2487 2504 2545 oblivioni
2546 2486 2884 2557 tradamur:
2920 2480 3180 2566 Sicutjde
3217 2470 3400 2560 impio
3432 2490 3564 2560 rege
3592 2486 3883 2565 Dominus
3920 2506 3933 2543 :

2228 2599 2248 2626 ε
2285 2575 2345 2635 Si
2399 2574 2594 2645 fuerit,
2651 2574 2887 2647 inquit,
2943 2573 3249 2633 Jechonias
3297 2575 3555 2634 annulus
3613 2575 3816 2659 dexter
3873 2574 3941 2632 in

2222 2678 2401 2721 manu
2454 2678 2602 2734 mea,
2655 2662 2791 2721 inde
2844 2662 3091 2721 evellam
3137 2678 3272 2721 eum
3321 2664 3453 2733 (Jer.
3508 2659 3693 2733 X'XII);
3730 2672 3783 2713 ἰγ
3814 2661 3943 2721 Hoc

2224 2752 2393 2826 plane
2450 2751 2816 2825 signaculum
2878 2750 3042 2810 beata
3106 2740 3320 2810 Christi
3382 2750 3587 2826 sponsa
3650 2750 3942 2810 Columba

2224 2841 2382 2899 intus
2424 2847 2479 2897 et
2554 2840 2918 2911 extrinsecus
2953 2841 3101 2921 ,sibi
3162 2840 3453 2916 signanter
3517 2840 3941 2912 impresserat,

2222 2944 2355 2987 cum
2415 2944 2531 2988 non
2580 2944 2707 2986 eam
2762 2928 2983 3003 regales
3033 2929 3273 2987 thalami
3322 2928 3393 2986 ad
3439 2927 3723 2986 lenocinia
3768 2928 3942 2986 ﬂuxa

2223 3018 2528 3089 resolvere,
2562 3033 2678 3076 non
2717 3017 2955 3085 honoris
2999 3017 3239 3106 ambitio
3276 3014 3619 3107 provocare,
3649 3032 3769 3074 non
3821 3014 3939 3073 mi-

2225 3121 2434 3165 narum
2462 3104 2857 3169 intonantium
2886 3095 3385 3201 furor'inIie'ctere,
3417 3102 3537 3162 no'n'
3567 3095 3697 3162 eam
3724 3111 3879 3162 certe
3904 3120 3939 3160 a

2224 3194 2316 3253 sui
2341 3210 2549 3257 cursus
2564 3195 2785 3268 impetu
2811 3195 3133 3269 quamlibet
3152 3190 3298 3253 dura
3309 3190 3380 3269 ,et’
3398 3190 3695 3269 exquisita
3716 3190 3940 3266 poterat

2228 3291 2643 3351 tormentorum
2679 3299 2892 3357 genera
2934 3283 3241 3344 retardare.
3283 3274 3406 3342 Hoc
3445 3280 3747 3356 signaculo
3793 3274 3940 3354 prae-

2218 3369 2509 3437 munitum
2538 3374 2712 3447 Regis
2740 3375 2943 3445 aeterni
2977 3364 3297 3451 sacrarium
3332 3373 3499 3432 nulla
3546 3373 3732 3445 potuit
3777 3372 3935 3431 acies

2218 3465 2442 3523 hostilis
2497 3464 2819 3538 irrumpere
2846 3508 2861 3535 ,
2919 3462 3084 3543 nulla
3149 3465 3418 3543 fraudum
3495 3462 3936 3547 subrepentium

2217 3549 2531 3615 valuerunt
2556 3555 2861 3613 molimina
2911 3554 3153 3637 violare,
3456 3552 3463 3561 ’
3518 3558 3521 3561 λ

2292 3642 2487 3701 Armis
2510 3641 2702 3715 igitur
2729 3624 2987 3719 accincta
3017 3624 3846 3726 virtutum:gl0ri05a'rﬁartyr
3884 3649 3941 3699 et

2221 3733 2403 3805 virgo,
2442 3747 2543 3805 per
2588 3732 2849 3802 ferrum,
2881 3748 2983 3807 per
3034 3733 3218 3808 ignes,
3262 3749 3363 3807 per
3407 3728 3665 3813 immane
3712 3729 3941 3813 suppli-

2220 3804 2378 3879 cium
2410 3804 2736 3895 properavit
2773 3821 2847 3891 ad
2882 3804 3397 3908 regnavcmlorulm.
3434 3804 3743 3879 Ubi‘lnun‘c
3770 3810 3944 3878 ‘inter

2223 3910 2749 3984 virginumchoros
2778 3908 3066 3968 canticum
3100 3905 3327 3987 novum
3354 3906 3706 3987 modulando
3732 3905 3941 3980 conju-

2222 3982 2385 4071 bilat,
2443 4003 2498 4056 et
2553 3998 2808 4068 victoriae
2858 3998 3109 4072 palmam
3165 3982 3346 4055 beatis
3400 3982 3671 4054 manibus
3731 3999 3939 4067 portat.

2224 4086 2336 4147 Ubi
2367 4087 2539 4147 castis
2581 4088 2777 4160 sponsi
2824 4087 2933 4158 sui,
2969 4102 3157 4172 quem.
3181 4082 3687 4172 dilexerat,g'ulni‘s
3723 4083 3941 4141 astrin-

2222 4181 2402 4254 gitur,
2443 4178 2589 4238 stola
2633 4177 2855 4241 decoris
2891 4168 3177 4249 induitur,
3208 4168 3657 4255 corona‘gIOrize
3697 4172 3946 4230 feliciter

2225 4248 2557 4328 adornatur.
2604 4268 2772 4328 Nunc
2818 4269 3011 4344 itaque
3060 4248 3229 4328 velut
3267 4248 3442 4325 Asidu'sj
3490 4262 3744 4351 aureum.
3791 4261 3946 4319 inter

2229 4360 2752 4432 ignitossupernaa
2800 4332 3169 4433 Hierusalem
3222 4356 3440 4443 lapides
3487 4332 3945 4443 emicat,‘f'et_in

2229 4447 2390 4506 illius
2435 4447 2733 4506 obtutibus
2781 4463 3005 4522 semper
3054 4439 3272 4507 festiva
3316 4446 3595 4523 coruscat,
3649 4439 3752 4513 qui
3807 4439 3947 4497 vitae

2232 4540 2360 4596 fons
2394 4584 2407 4608 ,
2468 4545 2525 4595 et
2575 4537 2723 4597 lucis
2792 4538 2955 4611 origo
3008 4542 3267 4613 cunctos,
3298 4526 3556 4613 lsibimet
3610 4528 3951 4588 assistentes

2166 4600 2619 4687 D364'radiis,
2657 4600 2946 4688 inoccidui
3023 4606 3345 4705 splendoris
3401 4606 3649 4683 illustrat
3701 4620 3949 4693 ,‘Jesus

2229 4718 2488 4776 Christus
2517 4718 2800 4777 Dominus
2834 4722 3044 4789 noster,
3064 4702 3181 4792 qui
3214 4702 3349 4776 cum
3373 4710 3487 4774 Deo
3516 4712 3691 4771 Patre
3724 4715 3780 4768 et
3808 4708 3942 4783 Spi-

2231 4808 2345 4866 ritu
2389 4813 2586 4865 sancto
2634 4806 2775 4865 vivit
2824 4815 2879 4865 et
2932 4814 3133 4881 regnat
3184 4807 3244 4864 in
3297 4803 3511 4864 saecula
3563 4800 3937 4862 saeculorum.

2229 4897 2435 4953 Amen.

2399 5134 2814 5221 SERMONES
2900 5157 3575 5223 EXTRAVAGANTES
3661 5154 3764 5214 DE

2892 5261 3242 5322 SANCTIS.

2227 5396 2453 5460 Sermo
2486 5396 2529 5458 Ι.
2571 5396 2641 5458 In
2679 5394 2905 5457 Natali
2935 5403 3325 5457 sanctarum
3358 5392 3727 5470 virginum.

2229 5493 2457 5557 Sermo
2494 5493 2567 5555 ΙΙ.
2604 5495 2682 5555 De
2702 5495 2967 5556 eisdem.

2225 5596 2450 5659 Sermo
2483 5598 2531 5659 1.
2563 5597 2647 5658 De
2682 5598 3086 5662 dedicatione
3116 5598 3411 5662 ecclesiae.

2226 5693 2457 5758 Sermo
2488 5694 2565 5758 ΙΙ.
2609 5693 2692 5756 De
2713 5694 2964 5758 eadem.
