4178 6464
307 417 441 480 ε889
532 457 600 473 -.

331 541 560 605 Sermo
589 541 702 605 III.
737 541 822 605 De
876 492 1124 605 eadem.

332 637 563 701 Sermo
590 637 688 702 IV.
724 639 808 700 De
842 641 1100 703 eadem.

898 749 1166 852 'SEBMO
1219 793 1449 856 LXVII.

851 890 911 938 IN
945 892 1160 939 NATALI
1187 893 1505 943 VIBGINUM.

408 987 567 1045 Inter
611 990 816 1045 cuncta
847 992 1393 1069 sanctorumgesta,
1438 991 1642 1050 fratres
1686 990 2040 1060 charissimi,

338 1076 484 1134 nihil
507 1080 592 1132 est
618 1074 772 1148 quod
797 1073 930 1148 plus
953 1091 1129 1148 quam
1153 1091 1449 1136 sacrarum
1478 1079 1712 1138 victoria
1740 1079 2042 1152 virginum

274 1176 280 1186 ‘
334 1165 430 1239 pia
478 1164 666 1233 corda,
723 1162 816 1222 vel
873 1163 946 1221 ad
1004 1180 1260 1223 amorem
1337 1167 1662 1227 Conditoris
1708 1167 2039 1239 accendere,

334 1254 430 1312 vel
485 1253 554 1311 ad
606 1253 830 1311 fortiter
885 1255 1173 1326 agendum
1229 1255 1413 1314 valeat
1475 1258 1718 1340 uberius
1764 1249 2084 1316 .excitare.‘

333 1341 477 1412 Quis
508 1341 686 1411 enim,
715 1341 911 1400 audito
950 1343 1187 1400 nomine
1218 1342 1484 1416 virginis,
1516 1361 1632 1404 non
1669 1347 1936 1420 protinus
1981 1347 2038 1404 in

335 1431 679 1489 memoriam
741 1439 965 1488 revocet
1014 1432 1288 1489 humanae
1343 1433 1546 1506 salutis
1592 1423 1934 1504 exerdium,
1977 1450 2077 1512 ac,

336 1518 696 1590 singularem
746 1516 917 1576 illum
956 1535 1072 1578 non
1127 1518 1334 1578 recolat
1383 1520 1740 1580 intemeratae
1785 1521 2063 1595 Virginis

336 1617 586 1683 partum.
644 1608 774 1668 Huc
827 1609 1042 1667 accedit
1078 1610 1219 1684 quia
1260 1626 1393 1669 cum
1450 1611 1667 1684 fragilis
1714 1628 1890 1671 sexus
1921 1628 2039 1670 cer-

313 1697 574 1755 ztaminis
630 1696 720 1755 sui
776 1696 1075 1756 victoriam
1131 1698 1450 1758 obtinuisse
1503 1701 1886 1774 cognoscitur,
1946 1717 2043 1759 au-

265 1817 268 1820 ~
331 1784 549 1843 dientis
582 1783 816 1842 animus
859 1785 929 1842 ad
961 1786 1215 1843 certandi
1255 1785 1512 1846 laborem
1550 1787 1780 1845 avidius
1812 1787 2040 1858 inflam-

334 1879 544 1932 matur.
1983 1859 1989 1878 ‘

405 1961 528 2020 Hoc
573 1961 773 2034 itaque
810 1960 980 2020 modo
1021 1961 1316 2035 virgineus
1357 1962 1548 2022 adhuc
1576 1963 1870 2036 germinat
1903 1980 2050 2038 par:

335 2057 472 2120 tus,
529 2050 719 2108 adhuc
772 2049 1075 2124 virginalis
1135 2051 1234 2108 illa
1315 2052 1634 2110 fecunditas
1710 2045 2038 2110 caelestium

331 2147 590 2214 segetum
628 2141 854 2199 fructus
875 2141 1222 2211 accumulat,
1253 2157 1388 2201 cum
1432 2142 1702 2201 mulieris
1730 2139 2049 2200 infirmitas

334 2244 449 2287 non
487 2229 655 2287 modo
682 2244 892 2288 sexum
921 2236 1172 2303 superat,
1205 2230 1304 2288 sed
1346 2239 1403 2287 et
1438 2231 1638 2288 mundi
1672 2231 1849 2303 hujus
1876 2231 2037 2305 prin-

332 2317 518 2391 cipem
536 2318 913 2392 insuperabili
943 2319 1155 2377 mentis
1203 2319 1673 2393 magnanimitate
1701 2320 2036 2393 triumphat.

332 2408 426 2467 Ad
473 2409 582 2466 hoc
627 2424 880 2483 namque
929 2408 1033 2467 Dei
1082 2409 1269 2469 Filius
1320 2410 1615 2470 vernantis
1664 2411 1862 2468 vulvas
1905 2411 2043 2482 flore

330 2508 640 2571 conceptus
689 2506 814 2568 est,
865 2505 927 2564 ut
983 2500 1331 2557 fermentum
1410 2506 1575 2559 vetus
1639 2499 1697 2555 in
1769 2489 2041 2572 azymum

241 2631 244 2636 -
331 2595 598 2658 verteret,
649 2597 702 2647 et
731 2606 842 2662 per.
869 2605 1121 2660 carnem,
1165 2607 1298 2664 quae
1348 2591 1494 2649 victa
1531 2591 1736 2662 fuerat,
1784 2581 2040 2650 humano

330 2679 529 2751 generi
563 2677 861 2736 victoriam
899 2687 1204 2752 repararet.
1248 2679 1512 2738 Loricam
1561 2680 1774 2758 quippe
1822 2679 1936 2737 sibi
1970 2679 2040 2736 de

333 2774 524 2827 nostra
573 2768 880 2841 fragilitate
923 2769 1288 2841 composuit,
1336 2769 1398 2826 in
1439 2785 1552 2844 qua
1611 2768 1912 2827 exsultans
1975 2776 2039 2828 ut

331 2856 513 2929 gigas,
544 2863 600 2914 et
623 2863 826 2930 potens
855 2873 920 2913 ac
956 2855 1117 2914 fortis
1147 2857 1207 2918 in
1238 2855 1464 2929 praelio,
1492 2863 1798 2929 potestates
1844 2873 2038 2916 aereas

329 2945 661 3004 debellavit.
709 2944 804 3004 Sic
843 2945 1040 3018 itaque
1081 2945 1152 3003 de
1205 2945 1546 3012 inﬁrmitate
1589 2945 1926 3011 constantia,
1969 2945 2040 3005 de

331 3035 665 3108 captivitate
710 3034 970 3102 victoria,
1001 3035 1071 3096 de
1099 3035 1271 3094 ruina
1301 3042 1388 3094 est
1417 3037 1674 3100 ascensio
1714 3040 2038 3109 procurata,

328 3123 481 3182 Hinc
517 3124 801 3199 siquidem
845 3124 1057 3182 factum
1115 3133 1198 3186 est
1243 3132 1308 3185 ut
1357 3127 1636 3202 antiquus
1687 3126 1888 3210 hostis,
1939 3127 2044 3200 qui

1807 375 2094 481 saeuo
2134 405 2365 480 LXVII.

2057 517 2463 610 Aattenditur.
2506 517 2652 603 Nam
2702 553 2838 604 cum’
2879 533 3289 618 praemisisset:
3327 566 3348 596 ι
3385 544 3514 603 Non
3550 544 3622 603 ad
3670 562 3834 606 men-

2085 701 2090 705 ,
2128 647 2322 690 suram
2355 630 2451 690 dat
2490 633 2651 704 Deus
2682 625 3004 707 Spiritum;
3030 653 3056 686 »
3087 631 3352 706 protinus
3391 633 3588 692 intulit
3622 651 3635 693 :
3671 654 3700 688 α
3730 635 3834 695 Pa-

2084 775 2086 778 ,
2129 729 2213 780 ter
2262 720 2450 795 diligit
2501 721 2738 793 Filium,
2795 730 2849 782 et
2899 721 3103 792 omnia
3144 719 3300 778 dedit
3360 721 3420 779 in
3477 737 3655 782 manu
3710 724 3837 798 ejus

3701 408 3843 483 “390

2130 814 2307 898 (Joan.
2351 815 2411 881 1).
2443 813 2470 862 »‘
2509 808 2668 868 Unde
2697 817 2750 868 et
2775 805 2915 869 alib'i
2933 810 3082 894 dicit
3111 819 3124 867 ε
3167 832 3188 858 ιι
3219 807 3333 868 Nos
3358 809 3430 868 de
3467 810 3830 884 plenitudine

2082 891 2084 894 ’
2127 895 2252 972 ejus
2301 900 2649 972 accepimus.
2705 921 2732 954 »
2787 891 3105 958 Concordat
3152 907 3288 972 ergo
3348 914 3482 958 cum
3531 900 3832 960 Psalmista

2125 989 2400 1062 Joannes,
2441 990 2581 1064 quia
2622 990 2760 1048 huic
2796 990 2900 1048 iste
2945 1003 3283 1048 mensuram
3323 988 3489 1060 tollit,
3521 1004 3699 1064 quem
3734 989 3834 1049 ille

2118 1073 2368 1139 unctum
2397 1097 2517 1156 pl‘tB
2547 1071 2911 1140 consortibus
2939 1081 3158 1139 asserit.

2199 1167 2362 1236 Quod
2411 1176 2607 1227 autem
2659 1165 2965 1243 Apostcilus
3016 1168 3350 1228 mensuram
3399 1168 3578 1243 ponit,
3616 1168 3727 1227 hoc
3762 1168 3834 1227 de

2126 1255 2455 1330 quibusque
2494 1256 2766 1316 ﬁdelibus
2810 1257 2934 1316 vult
2971 1257 3238 1332 intelligi;
3279 1258 3461 1318 Juxta
3502 1271 3834 1314 mensuram

2094 1413 2096 1422 ι
2126 1360 2379 1418 namque
2400 1344 2635 1418 spiritus
2651 1345 3022 1420 inestcuique
3040 1360 3370 1404 mensuram
3387 1339 3641 1414 virtutis,
3657 1349 3833 1416 atque

2126 1427 2484 1506 constantiae,
2517 1437 2602 1493 'ut
2643 1435 2735 1493 vel
2783 1433 2938 1493 vitiis
2971 1421 3382 1493 attentantibus
3416 1434 3477 1492 in
3517 1447 3652 1508 pace
3687 1432 3833 1491 resi-

2126 1529 2254 1595 stat,
2317 1523 2408 1582 vel
2468 1523 2530 1581 in
2586 1524 2898 1602 certamine
2951 1523 3298 1582 constitutus
3360 1518 3835 1596 insuperabiliter

2125 1622 2411 1673 tormenta
2459 1609 2772 1694 percurrat.
2819 1613 3064 1672 Samson
3117 1611 3334 1688 quippe
3379 1612 3584 1670 donec
3617 1617 3834 1685 septem

2124 1703 2314 1770 crines
2353 1704 2576 1773 habuit,
2618 1702 3032 1786 insuperabilis
3070 1702 3178 1761 fuit
3222 1701 3420 1773 tJudic.
3462 1703 3610 1772 XVI),
3641 1699 3837 1774 et'lqui

2124 1795 2474 1870 septiformis
2504 1797 2676 1854 habet
2712 1787 2913 1869 gratiae
2945 1793 3248 1868 Spiritum,
3274 1792 3558 1854 invictum
3597 1807 3656 1850 se
3682 1805 3838 1865 prae-

2053 1897 2100 1957 B
2121 1884 2216 1943 bet
2245 1883 2552 1958 ingruente
2586 1883 2980 1958 quorumlibet
3014 1887 3343 1956 tempestate
3367 1879 3676 1939 bellorum.

2196 1973 2349 2033 Hinc
2369 1982 2473 2046 est,
2499 1976 2652 2049 quod
2679 1975 2806 2032 haec
2841 1971 3222 2032 sacratissima
3273 1971 3456 2044 virgo,
3490 1965 3673 2043 cujus
3709 1969 3835 2042 glo-

2114 2063 2340 2122 riosum
2378 2063 2684 2122 recolimus
2725 2062 3002 2120 hodierna
3037 2059 3398 2120 solemnitate
3444 2058 3828 2132 triumphum,

2121 2151 2350 2209 facilius
2399 2151 2583 2224 potuit
2612 2151 2780 2219 mori,
2809 2165 2982 2224 quam
3013 2149 3084 2207 ab
3116 2164 3203 2218 eo,
3234 2147 3596 2221 quod’semel
3627 2161 3833 2204 conce-

2127 2247 2301 2314 perat,
2339 2248 2531 2298 sancto
2577 2242 2826 2314 potuerit
2859 2240 3146 2314 proposito
3184 2236 3458 2296 revocari.
3501 2235 3637 2295 Erat
3675 2236 3836 2294 enim

2125 2329 2405 2404 templum
2447 2329 2568 2399 Dei,
2602 2325 2736 2390 aula
2759 2325 2931 2402 regis
2973 2327 3192 2397 aeterni,
3223 2325 3618 2386 sanctuarium
3649 2324 3834 2399 Spiri-

2123 2427 2216 2479 tus
2253 2421 2456 2492 sancti.
2497 2419 2678 2479 Virile
2715 2421 2928 2495 quippe
2966 2419 3141 2477 robur
3191 2418 3442 2476 enitebat
3479 2417 3542 2475 in
3579 2416 3837 2474 femineo

2121 2514 2366 2583 pectore,
2397 2510 2553 2585 quod
2587 2525 2702 2566 non
2734 2507 3124 2580 blandilbquis
3148 2505 3626 2580 persuasionibus
3652 2505 3838 2575 ﬂecti,

2122 2615 2236 2658 non
2272 2598 2562 2658 minarum
2590 2594 2891 2672 asperitate
2928 2596 3148 2666 terreri,
3189 2611 3304 2654 non
3341 2595 3602 2669 denique
3632 2607 3839 2668 poena-

2123 2705 2253 2747 rum
2303 2687 2696 2761 quarumlibet
2747 2686 2934 2762 potuit
2997 2679 3306 2759 generibus
3347 2684 3644 2756 ‘superari.
3702 2683 3836 2740 Erat

2122 2777 2278 2836 enim
2327 2775 2562 2842 nobilis,
2593 2783 2647 2834 et
2695 2773 3041 2833 inﬂexibilis
3078 2773 3334 2844 animus,
3369 2769 3498 2830 ideo
3536 2771 3692 2829 vinci
3728 2785 3834 2828 ne-

2123 2865 2296 2936 scius,
2345 2867 2483 2939 quia
2528 2870 2581 2922 et
2629 2864 2761 2922 fidei
2821 2862 3092 2936 flagrabat
3147 2861 3350 2919 ardore
3397 2873 3736 2931 succensus,
3779 2866 3835 2917 et

2123 2952 2265 3024 ideo.
2301 2960 2572 3028 tanquam
2616 2953 2678 3009 in
2718 2951 2929 3010 excelsi
2977 2949 3349 3008 montis‘erat
3376 2947 3587 3006 vertice
3617 2945 3833 3004 consti-

2124 3047 2304 3100 tutus.
2333 3040 2601 3118 Subesse
2638 3031 2756 3099 {sibi
2781 3029 3089 3113 judicabat
3129 3035 3389 3108 judicem
3445 3036 3510 3094 in
3557 3033 3831 3094 cathedra

2126 3129 2468 3204 pestilentiae
2498 3127 2928 3212 praesidentem,
2961 3126 3236 3185 horrebat
3254 3124 3560 3197 blandum,
3585 3123 3836 3182 subsan-

213 3225 240 3254 ι’
327 3212 440 3270 sibi
484 3212 816 3286 provenisse
861 3212 1161 3276 victoriam
1209 3229 1312 3287 per
1358 3214 1538 3278 unius
1579 3214 1815 3273 feminae
1854 3213 2298 3314 vecor-Cnabat
2333 3215 2566 3302 iratum,
2609 3215 2867 3293 tantiqu‘e
2903 3217 3054 3291 apud
3094 3215 3486 3286 eam'erat,rsi
3520 3213 3747 3285 minax,
3772 3227 3838 3270 ac

324 3301 484 3358 diam
537 3299 957 3373 applaudebat;
1009 3315 1110 3373 per
1174 3300 1388 3360 multas
1443 3318 1503 3360 se
1564 3303 1686 3376 jam
1742 3303 2037 3370 devictum

315 3398 496 3465 atque
537 3390 844 3449 confusum
896 3391 1140 3452 feminas
1161 3393 1481 3451 erubescat.
1517 3393 1696 3451 Juxta
1746 3394 2036 3467 prophetae

295 3481 535 3554 quippe
588 3497 787 3540 vocem
845 3501 856 3539 :
915 3504 936 3534 ι
975 3481 1342 3555 Computruit
1374 3482 1584 3555 jugum
1651 3498 1684 3539 a
1735 3481 1880 3542 facie
1924 3481 2035 3548 olei

227 3591 230 3608 ί
303 3574 467 3643 -(Isaz'.
523 3572 621 3642 x).
676 3593 703 3623 »
735 3571 915 3641 .Quia
965 3587 1123 3643 mox,
1180 3578 1244 3630 ut
1312 3572 1496 3645 gratia
1549 3573 1732 3654 sancti
1789 3571 2038 3647 Spiritus

322 3659 616 3719 mentibus
666 3659 940 3720 humanis
980 3661 1236 3727 inﬂuxit,
1289 3661 1766 3734 homoprotinus
1805 3669 1859 3720 et
1895 3663 2037 3739 jugo

208 3759 210 3762 ’
274 3750 584 3825 “pristinae
663 3751 960 3810 servitutis
1014 3749 1334 3809 absolvitur
1398 3757 1454 3808 et
1519 3767 1688 3810 novas
1757 3752 2037 3811 libertatis

325 3839 494 3898 titulo
567 3839 884 3898 decoratur.
966 3838 1131 3898 Unde
1208 3845 1292 3897 est
1351 3836 1538 3898 ‘illud
1608 3838 1669 3897 in
1739 3839 2032 3898 Canticis:

330 3953 356 3977 α
387 3927 593 3988 Oleum
645 3930 895 3988 effusum
953 3944 1164 3988 nomen
1208 3936 1372 3989 tuum
1415 3931 1584 4004 (Cant.
1619 3932 1734 4004 1).»
1790 3933 2038 3990 Chrtsma

327 4014 543 4086 Graece,
607 4016 806 4074 Latine
871 4009 1084 4076 dicitur
1134 4021 1336 4075 unctio.
1390 4020 1441 4078 A
1508 4017 1818 4082 chrismate
1904 4032 2038 4091 ergo

328 4105 636 4176 Christus,..:
673 4113 727 4162 et
803 4121 837 4162 a
908 4104 1133 4168 Christo
1214 4105 1421 4164 dicitur
1499 4109 1862 4164 Christianus.
1931 4105 2038 4164 Per

2125 3311 2400 3392 terribilis
2451 3307 2759 3388 frenderet,
2792 3307 2850 3365 'si
2903 3307 3054 3365 certe
3107 3306 3302 3379 plagas
3348 3303 3690 3365 ae'mlnera
3728 3318 3835 3392 ex-

2122 3389 2356 3474 quisitae
2407 3397 2563 3456 necis
2611 3395 2916 3474 inﬂigeret,
2953 3394 3153 3468 quanti
3194 3393 3244 3450 si
3281 3391 3666 3464 gemmarum,
3713 3389 3836 3450 sive

2124 3480 2481 3545 vibrantium
2536 3483 2900 3564 metallorum
2949 3482 3174 3556 pondus
3221 3481 3470 3540 offerret.-
3522 3479 3676 3536 Hinc
3726 3485 3831 3548 est,
3907 3480 3911 3483 ’

2099 3575 2277 3648 quod
2323 3590 2568 3647 sponsus
2616 3573 2694 3630 ait
2736 3573 2820 3630 in'
2846 3570 3099 3630 Canticis
3134 3593 3158 3628 ε·
3197 3590 3225 3623 ‹‹
3272 3568 3482 3643 Surge,
3524 3565 3741 3641 aquilo,
3782 3572 3839 3624 et

2097 3663 2276 3732 veni,
2315 3667 2528 3732 auster,
2559 3662 2734 3734 perﬂa
2766 3661 3000 3719 hortum
3035 3664 3344 3730 meum;'et
3365 3658 3550 3716 ﬂuant
3578 3660 3835 3714 aromata

2123 3739 2485 3822 illius-(Cant.
2525 3758 2630 3820 IV).
2669 3747 2702 3803 »²
2725 3749 2874 3820 Quid
2907 3765 3008 3822 per
3031 3748 3386 3821 aquilonem,
3419 3744 3526 3819 qui
3556 3744 3836 3804 nimirum

2123 3849 2333 3914 ventus
2378 3831 2476 3898 est
2523 3839 2790 3912 frigidus,
2851 3837 2982 3896 nisi'
3025 3834 3441 3910 persecutionis
3483 3831 3838 3906 ‘asperitas?

2123 3929 2271 4004 Quid
2315 3937 2414 4006 per
2470 3931 2660 3990 austri
2706 3929 3145 4004 teporem,'-nisi
3208 3929 3358 4000 male
3405 3918 3832 3986 b’landientium

2121 4020 2382 4080 remissio
2432 4019 2812 4093 designatur“?
2861 4017 2973 4077 Sed
3010 4017 3516 4090 inter’utriusque
3567 4029 3832 4089 persecu-

2123 4109 2296 4169 tionis
2335 4124 2566 4183 genera,
2606 4101 3048 4181 inter'utraqué
3085 4107 3334 4180 maligni
3384 4105 3626 4179 spiritus
3661 4121 3838 4178 argu-

324 4193 520 4253 oleum
579 4201 769 4254 autem
830 4193 975 4250 365
1028 4195 1280 4270 Spiritus
1351 4201 1580 4255 sanctus
1659 4195 1801 4255 solet
1866 4187 2078 4266 intel-_
2124 4187 2335 4265 menta',
2380 4195 2745 4256 ecclesiastici
2776 4189 2950 4274 horti
2999 4195 3498 4271 ﬂuere‘jubentur'
3543 4201 3836 4265 aromata;

323 4283 444 4358 ligi,
474 4284 624 4344 sieut
680 4301 784 4358 per
817 4285 1180 4346 Psalmistam
1227 4286 1526 4365 Salvatori,
1556 4294 1748 4347 nostro
1779 4287 1990 4370 dicitur
2021 4306 2032 4345 :
2073 4285 2076 4289 ’
2121 4277 2258 4361 quia
2285 4285 2451 4370 [fortis
2478 4283 2890 4368 animusinter
2926 4282 3051 4343 haec
3077 4285 3392 4362 certamina
3415 4284 3835 4359 deprehensus,

325 4394 346 4422 ι
401 4371 583 4430 Unxit
608 4378 662 4429 te
693 4373 847 4431 Deus
882 4374 1035 4433 Deus
1067 4380 1222 4444 tuus,
1253 4375 1378 4447 oleo
1408 4363 1624 4435 laetitiae
1651 4392 1772 4449 prae
1804 4363 2036 4458 consor:
2121 4363 2302 4450 aperit
2331 4374 2618 4450 quidquid
2652 4365 2895 4444 virium,
2921 4371 3394 4448 quidquid‘iidei,
3425 4375 3710 4449 quidquid
3739 4375 3840 4432 in-

322 4461 475 4521 tibus
526 4463 640 4522 tuis
679 4465 1012 4537 (Psal.XLV).
1051 4489 1070 4516 -
1125 4465 1330 4536 Oleum
1376 4483 1510 4539 ergo
1547 4467 1800 4536 effusum
1829 4474 1914 4525 est
1943 4483 2038 4525 no-
2121 4465 2290 4524 victae
2333 4463 2691 4539 fertitudin‘is
2741 4471 2981 4522 eatenus
3031 4464 3363 4535 occultavit,
3399 4466 3657 4524 etivelut
3695 4461 3838 4520 366

317 4567 448 4609 men
492 4535 728 4624 Christi,
762 4554 901 4626 quia
943 4535 1004 4612 in
1053 4562 1133 4612 tot
1175 4554 1425 4629 Spiritus
1440 4535 1653 4614 ﬁsancti
1692 4535 1876 4629 gratia
1913 4571 2039 4629 pro-
2063 4557 2377 4654 Daromata‘
2405 4535 2559 4654 foras
2597 4551 2918 4650 profluunt,
2947 4552 3028 4651 ad.
3059 4553 3376 4637 humanam
3412 4553 3677 4654 notitiam
3715 4551 3837 4609 vir-

319 4646 579 4715 pagatur,
627 4649 765 4714 quot
809 4648 948 4700 sunt
980 4643 1083 4717 qui
1123 4643 1338 4702 Christi
1370 4643 1717 4703 vocabulum
1761 4643 2039 4702 veraciter
2063 4639 2109 4654 ⁴⁴
2130 4643 2280 4702 tutes
2307 4640 2611 4716 prodeunt,
2641 4656 2708 4698 ac
2737 4639 2845 4714 pias
2873 4639 3162 4715 opinionis
3189 4641 3389 4700 odores
3423 4639 3588 4713 longe
3615 4641 3840 4716 lateque

311 4730 661 4791 sortiuntur.
737 4773 741 4782 ς
999 4789 1024 4796 ,,
1241 4801 1245 4803 _
1515 4783 1518 4786 .
2127 4727 2482 4788 diffundunt.

397 4816 506 4877 Sed
567 4833 800 4878 movere
856 4826 1039 4895 potest
1087 4836 1192 4882 cur
1236 4822 1487 4881 Joannes
1541 4821 1792 4896 Baptista
1843 4821 2040 4896 perhi-
2198 4817 2338 4876 Haec
2384 4818 2582 4891 itaque
2626 4816 2986 4875 venerabilis
3025 4815 3204 4888 virgo
3227 4815 3423 4873 emisit
3478 4822 3733 4876 aromata
3773 4817 3836 4875 in

327 4906 476 4977 beat,
520 4907 660 4980 quia
704 4929 732 4962 «
775 4924 894 4978 non
938 4909 1009 4967 ad
1065 4925 1399 4968 mensuram
1437 4909 1534 4967 dat
1573 4909 1725 4968 Deus
1768 4909 2036 4982 spiritum
2125 4924 2326 4982 campo
2358 4905 2715 4976 certaminis,
2746 4921 2880 4979 quae
2923 4905 3186 4979 prius=in
3223 4904 3315 4964 sui
3336 4906 3535 4965 cordis
3565 4907 3836 4981 tegeban-

330 4997 506 5066 (Joan.
538 4999 697 5071 xm);
739 5017 768 5052 »
807 5014 940 5058 cum
987 4997 1206 5069 Paulus
1251 4997 1569 5056 econtrario
1614 4998 1800 5057 dicat:
1841 5024 1868 5048 «
1895 4996 2038 5056 Uni-

328 5085 542 5160 cuique
589 5091 846 5147 nostrum
897 5088 1027 5147 data
1076 5095 1160 5146 est
1200 5087 1382 5162 gratia
1429 5087 1747 5147 secundum
1797 5103 2036 5147 mensu-

328 5189 450 5232 ram
496 5175 824 5236 donationis
867 5177 1077 5236 Christi
1105 5179 1327 5250 (Ephes.
1366 5181 1471 5247 IV).
1503 5202 1528 5226 »
1566 5176 1865 5249 Quomodo
1903 5194 2038 5252 ergo

318 5280 442 5322 non
487 5265 558 5324 ad
607 5282 960 5338 mensuram,
1012 5274 1066 5325 et
1103 5266 1391 5341 quomodo
1445 5266 1764 5326 secundum
1808 5258 2038 5326 mensu-

327 5353 495 5413 ram?
536 5358 760 5424 (Coloss.
800 5364 885 5428 II.)
927 5358 1038 5417 Sed
1077 5356 1233 5430 quod
1272 5357 1523 5416 Joannes
1560 5357 1762 5414 asserit
1813 5371 1929 5414 non
1963 5355 2032 5413 ad

319 5459 663 5504 «mensuram
712 5448 984 5521 spiritum
1045 5447 1189 5519 dari,
1247 5447 1317 5506 de
1384 5447 1764 5519 Redemptore
1838 5453 2032 5505 nostro

237 5557 242 5570 ι
325 5533 530 5607 procul
557 5535 736 5594 dubio
762 5536 926 5596 debet
959 5536 1203 5610 intelligi
1229 5556 1243 5605 ;
1283 5536 1342 5594 in
1372 5551 1488 5610 quo
1519 5534 1786 5594 videlicet
1814 5535 2033 5604 habitat

295 5623 518 5681 "omnis
560 5623 862 5697 plenitudo
900 5624 1222 5690 divinitatis
1268 5623 1657 5706 corporaliter.
1708 5622 1869 5694 Quod
1927 5625 2031 5697 p’a-

266 5790 273 5795 ,
327 5719 514 5775 tenter
563 5715 906 5789 agnoscitur,
963 5715 1011 5775 si
1063 5716 1185 5790 ipsa
1239 5721 1429 5777 textus
1482 5713 1802 5788 evangelici
1854 5712 2029 5774 series

2124 5005 2220 5058 tur
2293 4996 2539 5068 arcanis,
2607 4995 2797 5054 attrita
2853 4993 3055 5067 'praelo
3113 4993 3552 5067 persecutionis,
3599 4994 3842 5069 aspersit

2123 5089 2359 5149 odorem
2406 5085 2696 5147 aromatis.
2734 5085 3032 5157 Pugnabat
3075 5083 3234 5144 enim
3275 5084 3339 5144 in
3372 5083 3649 5144 ea-David
3683 5085 3841 5144 velut

2121 5181 2185 5240 in
2228 5197 2358 5239 arce
2413 5177 2549 5238 Sion
2593 5181 2790 5236 contra
2836 5175 3041 5234 faciem
3094 5176 3397 5248 Damasci;
3427 5177 3515 5234 vel
3554 5177 3742 5250 potius
3780 5183 3846 5236 ut

2121 5269 2183 5326 in
2253 5281 2398 5326 sexu
2469 5265 2659 5338 fragili
2718 5263 2843 5339 ipse
2889 5265 3305 5340 parvulus,‘ac
3354 5264 3656 5338 despectus
3716 5281 3837 5325 uno

2121 5364 2315 5416 contra
2343 5367 2618 5427 magnum
2640 5350 2868 5411 Goliath
2895 5353 3085 5427 lapide
3112 5352 3424 5412 dimicabat
3449 5355 3493 5426 (Ι
3511 5359 3642 5424 Reg.
3665 5355 3835 5426 xvn),

2119 5444 2189 5502 de
2217 5458 2332 5519 quo
2360 5441 2532 5499 etiam
2564 5441 2625 5499 in
2660 5439 2809 5499 libro
2840 5441 3064 5515 Regum
3101 5441 3258 5500 velut
3285 5441 3343 5499 in
3384 5457 3612 5516 magnae
3651 5442 3839 5504 laudis

2120 5532 2410 5614 praeconio
2463 5530 2677 5588 dicitur
2715 5549 2734 5586 ε’
2775 5551 2802 5582 ‹‹
2841 5529 3025 5589 David
3070 5530 3275 5588 sedens
3322 5529 3392 5587 in-
3435 5532 3704 5590 cathedra
3753 5549 3838 5591 sa-

2116 5621 2516 5697 pientissimus
2564 5619 2828 5696 princeps
2877 5621 3026 5680 inter
3083 5626 3196 5680 tres
3243 5624 3336 5695 (H
3384 5626 3516 5693 Reg.
3571 5627 3774 5698 XXIII).
3815 5647 3835 5676 ι

2115 5712 2243 5787 Ipse
2267 5709 2433 5787 quasi
2455 5709 2810 5771 'tenerrimus
2835 5709 2981 5784 ligni
3009 5710 3387 5788 vermiculus,
3413 5713 3514 5788 qui
3541 5713 3840 5787 octingen-
