4178 6470
463 341 566 403 891

1080 339 1139 401 S.
1183 339 1404 401 PETRI
1444 338 1764 401 DAMIANI
1803 338 1960 399 OPP.
2006 337 2202 398 PARS
2243 336 2389 397 SEU
2427 334 2681 396 TOMUS
2718 334 2797 395 II.
2837 367 2905 381 —
2945 333 3371 395 SERMONES.

3877 334 3987 395 892

470 476 558 530 tos
599 470 887 530 interfecit
942 469 1159 543 impetu
1213 484 1353 529 uno.
1407 469 1558 539 Quid
1616 473 1719 539 est,
1779 467 1934 543 quod
1978 468 2183 539 David,
2210 468 2471 534 Aﬂuunt
2501 468 2724 541 impetu
2762 465 2834 524 de
2865 464 3086 523 Libano
3124 464 3299 537 (Cant.
3332 463 3428 537 IV).
3468 486 3489 515 ι
3531 462 3683 521 Hinc
3724 470 3781 522 et
3824 463 3985 522 Psal-

473 566 588 620 tam
609 575 798 631 nova,
830 564 943 618 tam
976 557 1253 618 inaudita
1298 560 1586 632 praconio
1642 558 1830 619 laudis
1856 556 2190 618 attollitur?

392 678 401 687 ι
469 648 611 720 Quis
650 656 735 708 est
771 649 882 707 iste
930 654 1045 708 tam
1093 648 1354 719 humilis,
1385 656 1622 723 tamque
1663 644 1982 707 sublimis?
2026 645 2190 716 Quis,

469 739 735 812 inquam,
788 742 875 795 est
916 736 1022 795 iste
1058 736 1241 796 David
1286 737 1364 796 ita
1404 737 1614 795 debilis
1647 744 1821 811 atque
1867 735 2192 808 despectus,

469 835 533 889 ut
562 826 872 888 vermiculi
924 827 1169 902 speciem
1213 827 1521 902 gerat?1ta
1550 826 1711 886 fortis
1752 842 1817 884 ac
1845 825 2092 896 validus,
2129 831 2195 884 ut

472 935 589 979 uno
621 920 844 994 impetu
875 919 1233 994 octingentos
1264 919 1528 977 homines
1556 915 1908 976 interﬁciat?
1935 915 2003 974 In
2030 916 2192 989 palea

473 1025 686 1084 nempe
717 1010 922 1069 littera
953 1010 1182 1069 videtur
1211 1025 1333 1068 esse
1368 1009 1681 1068 ridiculum
1707 1056 1721 1079 ,
1754 1007 1802 1066 si
1833 1022 1945 1065 non
1978 1006 2039 1064 in
2071 1022 2194 1064 me-

475 1102 642 1163 dulla
670 1102 918 1177 spiritus
947 1101 1116 1161 lateat
1143 1106 1588 1160 sacramentum.

566 1194 706 1266 Quis
745 1210 879 1269 ergo
917 1191 1276 1266 vermiculus
1298 1190 1444 1264 iste,
1476 1191 1592 1249 nisi
1639 1189 1735 1248 ille
1763 1189 1863 1263 qui
1893 1202 1996 1261 per
2027 1201 2198 1244 eum-

494 1283 627 1342 dem
666 1282 849 1342 David
882 1281 1036 1342 canit
1065 1282 1126 1340 in
1170 1280 1401 1339 Psalmo
1434 1304 1446 1339 :
1483 1301 1504 1331 ι
1537 1280 1654 1353 Ego
1683 1284 1877 1336 autem
1906 1291 2037 1334 sum
2065 1290 2198 1333 ver-

494 1371 624 1442 mis,
654 1378 855 1431 etnon
908 1371 1082 1430 homo
1127 1373 1297 1441 (Psal.
1332 1373 1491 1439 XXI).
1520 1394 1547 1418 υ
1584 1367 1746 1428 Sicut
1777 1365 1935 1424 enim
1982 1365 2199 1423 vermis

495 1477 571 1520 ex
610 1460 729 1519 sola
765 1459 911 1534 ligni
951 1459 1188 1518 materia
1227 1460 1508 1533 gignitur,
1539 1457 1619 1517 ita
1655 1455 1949 1515 Christum
1981 1453 2199 1526 absque

497 1547 654 1607 virili
691 1546 912 1617 semine
949 1546 1021 1605 de
1058 1546 1177 1606 solo
1222 1546 1497 1619 virginali
1535 1551 1700 1605 utero
1738 1543 2000 1617 genitum
2057 1542 2199 1599 ﬁdes

495 1636 775 1696 catholica
820 1636 1143 1695 conﬁtetur.
1188 1635 1297 1695 Sed
1349 1634 1617 1711 quamvis
1655 1633 1869 1693 vermis
1915 1632 1987 1691 sit
2039 1637 2201 1689 tener

494 1731 552 1784 et
579 1723 788 1784 debilis
819 1766 835 1797 ,
865 1723 1010 1799 ligni
1039 1739 1175 1784 vero
1201 1724 1416 1783 duritia
1459 1723 1618 1783 fortis
1644 1738 1710 1782 ac
1739 1720 1951 1789 solida;
1984 1719 2199 1778 vermis

2277 560 2491 618 mista:
2551 584 2577 607 κ
2626 556 2916 616 Fluminis
2952 556 3205 629 impetus
3246 553 3498 614 latiﬁcat
3541 555 3834 614 civitatem
3885 555 3989 614 Dei

2277 653 2443 721 (Psal.
2475 653 2617 711 XLV)
2627 691 2640 705 .
2676 674 2703 698 ι)

2349 738 2502 796 Huic
2544 752 2681 810 ergo
2716 737 2838 810 regi
2869 742 2984 795 tam
3020 736 3254 808 humili,
3305 742 3541 811 tamque
3570 735 3830 808 sublimi,
3872 740 3991 794 tam

2278 827 2533 897 inﬁrmo,
2588 826 2685 885 sed
2737 826 2815 884 ita
2871 825 3182 885 fortissimo
3228 824 3439 897 gratias
3497 826 3837 896 referamus,
3888 826 3995 898 qui

2280 914 2491 974 idcirco
2534 915 2660 974 ﬁeri
2705 914 2978 987 dignatus
3022 922 3107 974 est
3156 913 3371 973 vermis
3417 914 3479 972 in
3527 914 3705 989 ligno,
3763 920 3827 973 ut
3885 929 3995 973 nos

2280 1003 2651 1063 constitueret
2699 1003 2853 1063 cives
2892 1003 2952 1061 in
3001 1003 3165 1062 calo.
3212 1002 3348 1061 Ideo
3398 1008 3692 1061 vetustum
3741 1001 3993 1062 humani

2282 1096 2508 1169 generis
2544 1095 2849 1155 inimicum
2878 1095 2938 1152 in
2980 1110 3039 1153 se
3078 1093 3341 1167 permisit
3372 1094 3693 1168 insurgere,
3729 1099 3793 1151 ut
3819 1109 3896 1151 ex
3924 1108 3996 1151 eo

2282 1188 2649 1262 postmodum
2682 1203 2799 1246 non
2841 1187 3008 1246 modo
3052 1202 3153 1260 per
3198 1188 3370 1258 viros,
3409 1187 3505 1244 sed
3565 1187 3736 1245 etiam
3773 1201 3877 1259 per
3910 1186 3994 1244 fe-

2285 1279 2473 1338 minas
2507 1279 2907 1354 triumpharet,
2937 1280 2969 1338 J
2974 1295 3110 1337 esus
3148 1276 3411 1336 Christus
3438 1277 3725 1335 Dominus
3750 1281 3954 1335 noster

2285 1368 2386 1442 qui
2419 1383 2553 1427 cum
2582 1368 2700 1427 Deo
2730 1368 2894 1426 Patre
2924 1373 2978 1425 et
3034 1367 3251 1441 Spiritu
3291 1371 3487 1425 sancto
3516 1364 3662 1423 vivit
3692 1371 3745 1424 et
3791 1370 4002 1438 regnat

2284 1458 2347 1517 in
2376 1458 2587 1517 sacula
2614 1458 2986 1519 saculorum.
3023 1459 3235 1515 Amen.

2870 1547 3117 1608 SERMO
3148 1545 3406 1604 LXVIII.

2760 1651 2819 1697 II.
2853 1651 2914 1696 IN
2943 1650 3159 1696 NA'I‘ALI
3187 1648 3502 1696 VIRGINUM.

2357 1724 2564 1797 Hodie,
2616 1727 2818 1785 fratres
2872 1724 3219 1796 charissimi,
3274 1724 3557 1797 virginale
3607 1723 3772 1782 nobis
3817 1723 4001 1780 decus

497 1821 691 1874 tamen
729 1813 956 1886 lignum
986 1813 1155 1872 vertit
1190 1813 1254 1872 in
1283 1813 1517 1884 cariem,
1569 1820 1623 1871 et
1658 1824 2035 1872 cavernosum
2066 1808 2196 1867 red-
2219 1829 2265 1889 Β
2284 1813 2503 1887 illuxit,
2536 1815 2688 1889 quod
2716 1820 2928 1873 nostra
2960 1813 3252 1873 memoria
3283 1813 3502 1872 divina
3541 1811 3775 1871 virtutis
3805 1812 3999 1870 victo-

494 1902 598 1977 dit,
635 1909 692 1962 et
741 1918 969 1961 cavum.
1012 1902 1097 1960 Ita
1148 1901 1495 1975 Redemptor
1531 1909 1724 1961 noster
1766 1915 1940 1959 verus
1997 1898 2199 1973 utique

495 2006 674 2059 manu
725 1990 887 2049 fortis
938 1998 1110 2064 atque
1159 1990 1556 2049 desiderabilis
1593 2036 1606 2057 ,
1664 1991 1765 2065 qui
1824 1987 2194 2062 semetipsum

491 2076 839 2149 exinanivit,
867 2077 971 2151 qui
1006 2093 1117 2136 non
1146 2078 1370 2137 habens
1407 2078 1654 2153 speciem
1693 2094 1878 2152 neque
1907 2073 2194 2149 decorem,

492 2165 788 2225 invalidus
824 2181 890 2224 ac
925 2165 1223 2240 despectus
1267 2168 1531 2241 apparuit
1580 2191 1592 2225 :
1638 2168 1965 2226 humanum
2009 2181 2195 2238 genus

490 2254 645 2314 unde
674 2260 833 2314 ortus
869 2260 975 2324 est,
1006 2255 1285 2328 paulatim
1314 2272 1348 2313 a
1384 2271 1490 2315 suo
1534 2256 1722 2330 rigore
1768 2257 2034 2328 mollivit,
2071 2270 2194 2314 ma-

486 2357 788 2418 gnumque
816 2343 1049 2402 sibimet
1076 2344 1134 2401 in
1167 2345 1361 2402 electis
1393 2345 1515 2404 suis
1543 2346 1915 2406 habitationis
1945 2347 2194 2420 spatium

488 2429 835 2506 procuravit.
867 2430 979 2489 Hic
1008 2430 1202 2504 itaque
1224 2432 1407 2491 David
1442 2431 1602 2489 sedet
1638 2433 1700 2490 in
1731 2433 2021 2504 cathedra,
2056 2434 2195 2510 quia

484 2520 548 2579 in
586 2529 843 2594 paterna
880 2519 1192 2594 majestatis
1223 2519 1407 2594 gloria
1448 2521 1818 2593 constitutus,
1856 2522 2057 2580 omnia
2090 2522 2193 2597 ju-

2279 1905 2424 1963 riam
2457 1906 2777 1964 renovavit.
2811 1906 2985 1964 Porro
3017 1912 3235 1978 quanto
3263 1902 3520 1977 fragilior
3547 1918 3740 1971 sexus,
3772 1906 3997 1975 quanto

2277 1991 2572 2051 inﬁrmius
2614 1994 2917 2053 vasculum
2966 1993 3118 2065 quod
3156 1997 3407 2066 reportat
3454 2007 3529 2050 ex
3576 1992 3735 2049 hoste
3777 1989 4008 2047 trium-‘

2281 2083 2480 2157 phum,
2519 2089 2677 2143 tanto
2722 2085 2927 2159 majori
2966 2082 3232 2142 diabolus
3281 2082 3586 2157 opprobrio
3629 2078 3995 2140 confusionis

2277 2171 2561 2243 induitur,
2592 2179 2747 2232 tanto
2774 2171 3096 2231 mirabilior
3134 2171 3288 2229 Deus
3318 2171 3379 2229 in
3418 2171 3540 2231 suis
3570 2169 3781 2228 sanctis
3807 2182 3993 2242 agno-

2277 2260 2477 2332 scitur,
2529 2267 2684 2320 tanto
2726 2261 2901 2319 etiam
2937 2275 3040 2318 rex
3086 2265 3409 2334 martyrum
3456 2256 3720 2316 Christus
3762 2255 3823 2313 in
3863 2270 3995 2328 pro-

2276 2350 2714 2423 pugnatricibus
2770 2349 2895 2409 suis
2939 2348 3258 2424 jucundius
3312 2347 3646 2406 delectatur.
3700 2345 3855 2404 Hinc
3906 2353 3994 2402 est

2276 2442 2469 2513 etiam,
2520 2441 2674 2516 quod
2718 2440 2982 2500 Salvator
3017 2444 3209 2498 noster
3249 2439 3309 2496 in
3358 2438 3540 2512 hujus
3587 2438 3788 2496 mundi
3836 2451 3996 2495 cam-

2275 2548 2416 2607 pum
2468 2538 2773 2606 potestates
2813 2548 3007 2591 aereas
3057 2529 3449 2588 debellaturus
3501 2528 3834 2597 adveniens,
3870 2541 3991 2584 non

485 2609 656 2680 dicat.
696 2609 795 2669 cui
833 2608 998 2668 Pater
1033 2609 1113 2667 ait
1154 2629 1167 2667 ε
1208 2635 1230 2660 α
1263 2609 1409 2669 Sede
1458 2626 1492 2668 ἃ
1535 2610 1758 2669 dextris
1804 2611 1967 2670 meis.
1996 2632 2023 2665 ν)
2089 2613 2192 2672 Sa-
2274 2622 2448 2695 elegit
2484 2622 2743 2679 rhetores
2778 2628 2833 2679 et
2872 2620 3262 2694 philosophos,
3302 2618 3399 2677 sed
3444 2617 3735 2691 simplices
3783 2632 3853 2674 ac
3900 2614 3994 2672 lit-

484 2697 880 2774 pientissimus
910 2702 1013 2770 est,
1043 2698 1183 2771 quia
1203 2697 1327 2772 ipsa
1356 2699 1544 2758 Patris
1571 2698 1864 2774 Sapientia
1890 2707 1992 2760 est.
2278 2710 2471 2768 teralis
2519 2708 2828 2769 industria
2880 2724 3116 2783 prorsus
3170 2708 3439 2782 ignaros;
3498 2713 3563 2765 ut
3614 2706 3673 2762 in
3738 2711 3991 2778 utroque

556 2791 670 2850 Sed
723 2789 1016 2864 quomodo
1052 2789 1239 2849 David
1286 2790 1501 2850 dicitur
1540 2792 1804 2866 princeps
1855 2792 2007 2850 inter
2057 2796 2191 2863 tres,
2275 2814 2420 2857 sexu
2471 2814 2671 2856 verum
2728 2798 2822 2869 sit,
2866 2796 3018 2871 quod
3067 2795 3374 2871 Apostolus
3421 2794 3501 2851 ait
3550 2818 3562 2852 ε
3614 2820 3639 2843 α
3674 2791 3824 2863 Quia
3867 2806 3989 2851 non

480 2897 618 2941 cum
641 2880 741 2940 ille
776 2896 890 2940 non
932 2881 1081 2940 inter
1106 2879 1254 2940 alios
1289 2881 1607 2955 quemlibet
1644 2881 2056 2956 principatum,
2092 2882 2189 2941 sed
2275 2886 2444 2945 multi
2492 2886 2779 2959 sapientes
2830 2885 3149 2945 secundum
3197 2900 3448 2953 carnem,
3498 2897 3612 2941 non
3662 2881 3841 2939 multi
3901 2896 3997 2955 po-

476 2983 650 3040 super
677 2981 879 3025 omnes
904 2967 1091 3041 potius
1116 2968 1325 3042 regalis
1352 2970 1558 3043 sceptri
1585 2978 1804 3029 teneret
1829 2970 2139 3044 imperium
2164 2968 2193 3028 ?
2275 2982 2479 3046 tentes,
2511 2990 2629 3034 non
2661 2975 2833 3034 multi
2866 2975 3104 3045 nobiles,
3138 2975 3237 3033 sed
3276 2989 3409 3048 qua
3436 2971 3608 3031 stulta
3636 2976 3777 3030 sunt
3805 2969 3993 3044 hujus

482 3060 531 3131 (Ι
547 3060 697 3116 Psal.
713 3060 854 3128 CIX.)
879 3056 1035 3116 Laus
1060 3058 1219 3116 enim
1240 3059 1349 3117 ista
1368 3058 1671 3133 depreciat,
1686 3075 1806 3118 non
1825 3058 2072 3130 exaltat;
2097 3058 2192 3116 de-
2273 3065 2503 3136 mundi,
2535 3064 2708 3139 elegit
2748 3065 2900 3123 Deus
2928 3070 2993 3124 ut
3031 3063 3346 3123 confundat
3376 3062 3543 3121 fortia
3575 3085 3588 3118 :
3621 3066 3677 3118 et
3705 3060 3996 3134 ignobilia

477 3147 698 3222 primit,
731 3161 848 3204 non
879 3145 1123 3217 attollit;
1158 3162 1291 3205 cum
1317 3146 1417 3205 ille
1444 3163 1560 3206 non
1593 3155 1705 3205 tam
1734 3147 2183 3206 tribusinteres-
2207 3191 2251 3228 η
2274 3153 2476 3213 mundi
2533 3159 2589 3212 et
2632 3153 3086 3228 contemptibilia
3139 3153 3311 3225 elegit
3364 3152 3532 3222 Deus,
3582 3156 3639 3208 et
3682 3166 3819 3224 qua
3866 3164 3988 3208 non

479 3242 583 3319 set,
613 3249 791 3310 quam
820 3234 1094 3293 omnibus
1131 3245 1471 3309 superesset.
1510 3234 1620 3295 Sed
1653 3252 1789 3295 cum
1825 3237 1899 3296 ab
1928 3237 2031 3295 illo
2070 3237 2181 3296 Da-
2208 3234 2251 3252 ν’
2274 3250 2428 3315 sunt,
2485 3250 2549 3302 ut
2600 3259 2665 3303 ea
2714 3259 2847 3319 qua
2894 3249 3030 3301 sunt
3066 3241 3407 3313 destrueret,
3444 3246 3511 3299 ut
3550 3254 3664 3297 non
3707 3236 3993 3311 glorietur

478 3318 577 3383 vid
631 3323 895 3383 videatur
932 3325 1214 3384 sententia
1251 3324 1359 3389 ista
1393 3324 1693 3397 dissidere,
1739 3332 1822 3385 est
1856 3326 1951 3386 cui
2006 3326 2188 3385 valeat
2272 3333 2464 3394 omnis
2517 3348 2649 3391 caro
2702 3318 2765 3391 in
2803 3339 3114 3407 conspectu
3151 3332 3276 3405 ejus
3313 3334 3383 3404 (Π
3416 3332 3535 3388 Cor,
3582 3331 3639 3402 ι),
3676 3348 3702 3379 ››
3745 3325 3993 3385 Talibus

477 3412 772 3487 aptissime
819 3414 1149 3473 convenire.
1203 3413 1416 3474 Beatus
1490 3414 1676 3486 enim,
1733 3431 1799 3475 ac
1872 3415 2186 3489 singularis
2272 3422 2428 3481 enim
2468 3422 2832 3495 omnipotens
2870 3422 3026 3481 Deus
3058 3421 3386 3481 uberiorem
3426 3434 3580 3492 sape
3621 3416 3994 3491 pradicatio-

474 3503 571 3562 ille
604 3504 797 3576 homo,
828 3505 930 3578 qui
967 3505 1206 3581 mystice
1247 3505 1436 3566 dictus
1474 3512 1559 3565 est
1599 3508 1834 3579 vermis,
1877 3523 2017 3566 mox
2061 3513 2183 3566 uta

478 3589 664 3652 Verbo
690 3592 753 3651 in
803 3592 1021 3652 unitate
1058 3609 1316 3669 persona
1355 3594 1692 3668 suscipitur,
1725 3597 1787 3653 in
1816 3603 2011 3654 sancta
2048 3595 2180 3655 Tri-

474 3683 649 3742 nitate
678 3699 796 3744 non
824 3684 1192 3759 inaqualiter
1220 3685 1597 3760 principatur.
1636 3684 1909 3760 Princeps
1939 3693 2020 3745 est
2049 3701 2183 3759 ergo

472 3772 622 3832 inter
667 3781 802 3848 tres,
840 3775 977 3849 quia
1024 3775 1226 3835 unitus
1262 3782 1347 3834 est
1390 3775 1593 3849 Verbo,
1627 3792 1762 3850 qua
1813 3792 1928 3834 una
1982 3782 2067 3834 est
2113 3776 2175 3833 iu

470 3871 665 3923 sancta
694 3864 976 3924 Trinitate
1012 3880 1276 3939 persona.
1338 3863 1447 3923 Hic
1474 3864 1835 3938 octingentos
1889 3863 2181 3923 interfecit

466 3953 689 4028 impetu
718 3969 856 4013 uno.
892 3952 1230 4015 Octonarius
1257 3969 1543 4013 numerus
1574 3953 1646 4012 ad
1674 3953 2176 4026 resurrectionem,

463 4043 831 4103 centenarius
892 4044 1138 4116 pertinet
1191 4044 1264 4104 ad
1315 4044 1745 4119 perfectionem.
1805 4043 1986 4102 David
2041 4059 2176 4118 ergo

467 4146 586 4190 uno
653 4131 868 4205 impetu
925 4132 1285 4207 octingentos
1347 4131 1651 4200 interfecit,
1713 4132 1851 4207 quia
1919 4131 2180 4191 Salvator

469 4227 659 4279 noster
701 4235 903 4279 omnes
948 4221 1051 4294 qui
1101 4222 1196 4280 vel
1240 4223 1650 4295 perfectionem
1698 4220 1832 4279 ﬁdei
1877 4226 2175 4294 appetunt,

469 4307 560 4366 vel
596 4309 1030 4369 resurrectionis
1066 4308 1311 4383 gloriam
1356 4308 1791 4384 concupiscunt,
1838 4309 2032 4384 gladio
2082 4309 2173 4368 sui

465 4396 707 4470 spiritus
757 4394 1061 4468 interfecit,
1123 4398 1264 4457 dum
1317 4412 1415 4457 eos
1486 4413 1586 4471 per
1640 4397 2055 4458 incarnationis
2111 4412 2178 4457 ac

465 4486 654 4545 crucis
694 4501 821 4546 sua
855 4486 1201 4560 mysterium
1240 4486 1312 4545 ab
1341 4502 1537 4547 amore
1574 4487 1780 4548 mundi
1809 4487 1989 4559 hujus
2021 4502 2171 4545 mor-

466 4579 594 4635 tuos
629 4575 917 4648 reddidit;
944 4582 1000 4635 et
1036 4572 1181 4631 367
1214 4578 1319 4637 hoc
1348 4592 1467 4637 uno
1507 4584 1770 4652 operatus
1808 4585 1895 4636 est
1930 4577 2170 4651 impetu,

464 4660 523 4722 id
551 4672 656 4736 est,
699 4680 819 4724 uno
866 4680 992 4724 sua
1022 4665 1443 4726 incarnationis
1472 4666 1748 4726 adventu.
1785 4666 1975 4726 Semel
2014 4666 2171 4725 enim

463 4771 564 4828 pro
594 4755 839 4828 peccatis
867 4757 1079 4817 nostris
1107 4766 1371 4818 mortuus
1421 4763 1527 4829 est,
1550 4758 1672 4832 jam
1708 4759 1858 4818 ultra
1887 4774 2004 4817 non
2050 4776 2171 4817 lllO-

460 4845 611 4906 ritur
651 4852 819 4918 (Rom.
854 4854 957 4919 VI).
993 4848 1083 4907 An
1125 4865 1242 4909 non
1277 4850 1403 4925 ejus
1438 4850 1724 4908 adventus
1761 4850 1892 4923 jure
1937 4857 2174 4909 vocatur

462 4937 734 5012 impetus,
763 4938 837 4997 de
870 4954 984 5013 quo
1018 4939 1289 4999 Salomon
1314 4940 1395 4998 ait
1431 4963 1443 4998 :
1479 4961 1507 4993 α
1546 4938 1689 4996 Ecce
1723 4940 1833 4997 iste
1865 4939 2078 4998 saliens
2110 4941 2168 4998 in

462 5026 781 5099 montibus,
821 5029 1151 5089 transiliens
1185 5030 1365 5089 colles
1403 5031 1578 5101 (Cant.
1632 5030 1717 5102 11).
1761 5052 1781 5081 ι
1828 5028 1899 5086 Et
1936 5028 2118 5088 David
2155 5048 2166 5087 :

463 5142 491 5166 «
522 5116 875 5192 Exsultavit,
922 5120 1137 5196 inquit,
1186 5126 1249 5178 ut
1292 5120 1453 5194 gigas
1498 5118 1570 5177 ad
1616 5119 1961 5178 currendam
2019 5119 2169 5177 viam

460 5209 628 5276 (Psal.
671 5208 864 5280 XVIII).
899 5233 925 5257 ››
956 5208 1066 5278 Qui
1101 5208 1259 5267 enim
1300 5208 1483 5268 currit
1521 5206 1719 5282 procul
1758 5207 1934 5266 dubio
1987 5207 2170 5281 impe-

462 5304 587 5356 tum
615 5298 769 5358 facit.
803 5297 950 5357 Nam
978 5306 1033 5355 et
1060 5296 1316 5356 Verbum
1350 5297 1454 5356 Dei
1483 5306 1757 5373 tauquam
1799 5297 1961 5356 rivus
1991 5313 2169 5373 aqua-

462 5397 592 5442 rum
635 5384 960 5445 viventium
998 5400 1133 5444 cum
1167 5384 1388 5457 impetu
1430 5385 1623 5457 venit,
1656 5394 1710 5443 et
1758 5385 1905 5445 sicut
1950 5392 2170 5443 torrens

461 5480 673 5531 cuncta
722 5473 1121 5532 doctrinarum
1172 5473 1503 5531 ardentium
1553 5473 1994 5547 inquinamenta
2039 5474 2171 5533 sub-

464 5560 654 5618 vertit.
719 5560 880 5621 Unde
927 5570 985 5620 et
1032 5563 1092 5620 in
1155 5560 1406 5621 Canticis
1468 5562 1824 5621 canticorum
1878 5563 2092 5622 dicitur
2152 5583 2164 5621 :

471 5647 678 5706 «Fons
713 5649 1033 5725 hortorum,
1075 5659 1286 5725 puteus
1320 5667 1606 5731 aquarum
1645 5650 1993 5726 viventium,
2034 5668 2166 5727 qua

2273 3513 2365 3571 nis
2393 3512 2638 3585 gratiam
2672 3511 2896 3584 tribuit,
2929 3518 3102 3586 atque
3130 3527 3233 3586 per
3269 3525 3366 3569 eos
3403 3513 3637 3567 versuta
3667 3505 3991 3566 mundana

2272 3600 2572 3676 sapientia
2600 3606 2945 3673 argumenta
2977 3600 3289 3660 convincit.
3326 3598 3477 3657 Hinc
3503 3603 3589 3656 est
3625 3597 3779 3670 quod
3808 3610 3991 3669 spon-

2271 3706 2373 3748 sus
2399 3689 2471 3748 ad
2500 3704 2768 3763 sponsam
2809 3690 2948 3749 dicit
2993 3691 3054 3748 in
3089 3688 3384 3748 Canticis:
3425 3710 3444 3739 α
3482 3685 3807 3746 Umbilicus
3849 3692 3989 3743 tuus

2269 3787 2454 3838 crater
2502 3778 2811 3851 tornatilis,
2871 3794 3170 3852 nunquam
3213 3777 3484 3851 indigens
3532 3772 3757 3850 poculis
3797 3775 3986 3843 (Cant.

2272 3873 2398 3936 vn).
2436 3889 2456 3914 -
2516 3866 2836 3925 Umbilicus
2890 3873 3085 3925 autem
3139 3864 3505 3939 fragilissima
3555 3877 3685 3937 pars
3728 3859 3991 3934 corporis

2268 3962 2372 4012 est.
2413 3952 2565 4024 Quid
2604 3968 2739 4027 ergo
2776 3969 2875 4027 per
2912 3953 3182 4012 Ecclesia
3223 3952 3558 4025 designatur
3619 3948 3988 4019 umbilicum,

2272 4044 2382 4102 nisi
2422 4050 2603 4103 catus
2646 4043 3013 4102 inﬁrmorum
3063 4049 3235 4118 atque
3278 4039 3609 4101 debilium?
3652 4039 3802 4110 Quid
3846 4057 3987 4100 vero

2269 4149 2370 4208 per
2407 4139 2706 4204 craterem,
2755 4133 2869 4190 nisi
2903 4132 3348 4206 pradicatorum
3388 4128 3777 4203 intelligimus
3821 4128 3986 4187 ordi-

2268 4238 2402 4282 nem
2431 4241 2443 4281 :
2475 4224 2576 4297 qui
2604 4222 2885 4281 nimirum
2918 4222 3212 4280 mentibus
3237 4219 3573 4278 auditorum
3596 4218 3845 4277 caelestis
3876 4218 3987 4277 do-

2265 4313 2470 4371 ctrina
2500 4312 2639 4370 vina
2666 4310 2993 4385 propinant,
3031 4325 3243 4384 easque
3268 4308 3493 4384 poculis
3521 4314 3736 4366 sancta
3768 4306 3987 4382 pradi-

2265 4400 2508 4461 cationis
2540 4399 2834 4458 inebriaut
2859 4399 2886 4457 ?

2336 4489 2660 4549 Umbilicus
2701 4504 2836 4561 ergo
2875 4488 3146 4547 Ecclesia
3168 4486 3386 4546 crateri
3425 4486 3628 4544 merito
3687 4500 3986 4558 compara-

2194 4550 2400 4652 Dtur,
2468 4579 2609 4654 quia
2666 4550 3008 4652 plerumque
3080 4576 3288 4635 debilis
3358 4582 3413 4634 et
3489 4575 3765 4633 inﬁrmus
3823 4550 3986 4629 .368

2261 4667 2504 4742 quilibet
2562 4683 2660 4725 vas
2718 4666 2997 4725 doctrina
3059 4666 3305 4725 calestis
3363 4663 3629 4722 eﬂicitur.
3689 4662 3803 4733 Qui
3864 4679 3983 4721 non

2261 4756 2480 4828 indiget
2528 4754 2772 4829 poculis,
2832 4753 2969 4829 quia
3019 4753 3266 4813 calestis
3317 4751 3532 4826 eloquii
3588 4766 3704 4810 non
3762 4750 3986 4810 desinit

2260 4844 2519 4919 irriguus
2555 4859 2678 4902 esse
2729 4842 2980 4902 ﬂuentis.
3027 4842 3190 4901 Unde
3232 4842 3379 4900 bene
3415 4845 3597 4899 crater
3636 4839 3733 4898 hic
3778 4844 3982 4898 torua-

2264 4933 2380 4991 tilis
2418 4933 2649 5004 dicitur,
2695 4939 2855 4991 torno
2895 4931 3183 5006 siquidem
3221 4930 3353 5006 quis
3397 4928 3625 5011 facilius
3675 4935 3977 5002 operatur.

2261 5022 2606 5096 Expeditius
2666 5024 2821 5081 enim
2878 5037 3029 5096 sape
3080 5028 3253 5095 atque
3318 5019 3603 5078 inoﬁ'ense
3658 5017 3722 5075 in
3777 5024 3984 5076 sancta

2261 5113 2670 5187 pradicatione
2713 5113 3068 5184 discurrunt,
3118 5110 3217 5186 qui
3258 5107 3685 5184 pradicationis
3728 5106 3977 5180 gratiam

2260 5218 2373 5260 non
2433 5217 2537 5262 suo
2600 5203 2790 5262 studio
2824 5246 2838 5273 ,
2894 5200 2993 5259 sed
3045 5198 3331 5258 divinitus
3384 5204 3747 5270 acceperunt.
3806 5195 3980 5253 Hanc
4026 5210 4033 5216 ·

2256 5291 2686 5367 pradicationis
2714 5290 2958 5365 gratiam
2987 5290 3132 5349 viris
3170 5286 3557 5361 simplicibus,
3591 5285 3717 5343 sive
3755 5285 3981 5344 sanctis

2260 5380 2604 5439 mulieribus
2641 5379 3009 5439 tribuendam
3048 5377 3147 5435 illa
3191 5375 3434 5436 Samson
3476 5373 3715 5433 victoria
3757 5373 3982 5447 ﬁgura-

2256 5471 2383 5540 vit,
2446 5487 2561 5544 qua
2621 5469 2889 5529 videlicet
2946 5466 3345 5527 niandibulam
3406 5464 3555 5523 asini
3628 5461 3987 5522 fervefactus

2254 5563 2557 5636 arripiens,
2594 5560 2756 5619 mille
2801 5556 3288 5618 Philisthinorum
3323 5555 3474 5634 viros
3518 5552 3723 5613 occidit
3766 5554 3980 5625 (Judic.

2256 5659 2385 5725 XV).
2420 5651 2569 5726 Quid
2609 5651 2765 5711 enim
2813 5666 2914 5724 per
2947 5647 3343 5709 mandibulam
3379 5645 3550 5717 asini,
3583 5642 3737 5719 quod
3770 5642 3982 5721 utique
