4178 6428
310 425 420 486 893

1789 422 2038 484 SEBMO
2077 421 2336 482 LXVIII.

3710 427 3814 488 894

313 553 564 627 simplex
602 557 684 610 est
725 549 962 619 animal,
992 549 1102 608 nisi
1140 550 1406 625 imperita
1437 550 1796 625 simplicium
1828 551 2088 612 homi-A
2116 549 2270 609 Deus
2299 551 2358 608 in
2392 547 2550 617 viris,
2594 547 2918 608 mirabilius
2949 555 3138 608 tamen
3178 557 3232 609 et
3267 552 3577 624 gloriosius
3615 551 3823 613 trium-

315 657 460 700 num
490 656 589 700 ora
614 636 965 712 signantur?
994 636 1234 696 Samson
1275 639 1489 712 itaque,
1514 654 1627 697 non
1661 654 1794 698 cum
1822 639 2019 708 armis,

318 745 434 788 non
468 744 602 788 cum
630 726 872 786 diversis
902 725 1146 784 telorum
1174 726 1508 798 generibus,
1540 728 1640 786 sed
1677 743 1815 786 cum
1855 743 2024 786 man-

316 816 523 876 dibula
570 814 718 874 asini
768 813 926 872 mille
975 813 1132 871 viros
1184 814 1428 883 occidit;
1481 817 1620 890 quia
1677 815 2025 889 Redemptor

315 912 531 976 noster,
595 919 769 978 quem
818 902 917 960 ille
966 902 1244 975 signabat,
1304 919 1437 962 cum
1490 904 1774 977 imperitis
1825 912 1879 962 et
1937 919 2029 962 ru-

316 995 492 1053 dibus
521 994 834 1068 perfectum
865 992 1195 1050 inﬁdelium
1235 1008 1546 1051 numerum
1578 1009 1610 1050 a
1654 993 1771 1050 vita
1821 992 2028 1050 veteris

317 1084 536 1141 erroris
566 1081 869 1140 exstinxit.

391 1172 542 1242 Quid
599 1179 791 1230 autem
837 1171 1054 1229 mirum
1100 1171 1148 1228 si
1203 1177 1426 1231 sanctos
1468 1172 1873 1246 praedicatores
1930 1188 2031 1246 per

317 1262 470 1320 asini
509 1260 809 1318 maxillam
853 1275 1078 1318 sacrum
1125 1259 1385 1333 designet
1423 1261 1745 1334 eloquium,
1792 1275 1928 1318 cum
1975 1269 2031 1317 et

317 1350 514 1423 ipsum
565 1347 989 1422 praedicationis
1047 1347 1288 1406 verbum
1341 1365 1440 1421 per
1489 1349 1768 1408 hordeum
1838 1364 2030 1422 quan-

319 1439 510 1512 doque
549 1437 873 1506 denuntiet,
920 1436 1072 1508 quod
1104 1443 1189 1493 est
1224 1437 1424 1510 utique
1472 1437 1756 1510 pabulum
1790 1437 2029 1507 jumen-

320 1532 532 1585 torum.
564 1524 725 1594 Quod
767 1532 916 1582 certe
949 1539 1063 1581 non
1104 1524 1273 1582 modo
1311 1540 1410 1596 per
1453 1526 1816 1596 evangelicos
1854 1525 2030 1599 quin-

318 1632 433 1690 que
473 1631 647 1690 panes
683 1615 1036 1687 agnoscitur,
1083 1611 1182 1670 sed
1227 1628 1328 1685 per
1378 1613 1481 1671 hoc
1527 1613 1696 1672 etiam
1749 1615 1905 1687 quod
1970 1613 2031 1670 in

319 1707 471 1766 libro
497 1705 771 1765 Judicum
803 1705 1105 1778 reperitur.
1135 1705 1280 1762 Nam
1309 1720 1444 1761 cum
1477 1703 1706 1763 Gedeon
1736 1704 2029 1764 ausculta-

321 1793 496 1851 tionis
525 1792 708 1865 gratia
739 1791 811 1848 ad
856 1796 1042 1849 castra’
1070 1791 1321 1862 Madian,
1355 1792 1600 1850 Domino
1643 1793 2028 1866 praecipiente,

318 1882 617 1955 dirigitur,
667 1880 977 1938 Madianita
1014 1880 1304 1954 quispiam
1344 1880 1488 1938 alter
1527 1883 1600 1941 ad
1652 1882 1899 1940 alterum
1935 1881 2090 1976 vi-B

320 1973 475 2032 disse
502 1989 561 2030 se
591 1971 885 2030 somnium
911 1971 1207 2043 profitetur
1233 1971 1594 2044 [conﬁtetur].
1631 1993 1657 2024 «
1687 1970 2024 2042 Videbatur,

320 2065 537 2140 inquit,
592 2063 734 2121 mihi
787 2062 954 2137 quasi
1000 2062 1418 2121 subcinericius
1473 2064 1634 2135 panis
1682 2081 1756 2122 ex
1816 2063 2029 2122 hordeo

319 2153 501 2223 volvi,
533 2159 588 2210 et
628 2153 685 2210 in
728 2159 910 2210 castra
947 2151 1172 2210 Madian
1216 2152 1561 2210 descendere
1600 2155 1800 2222 (Judic.
1843 2157 1966 2220 Vill.
1999 2174 2026 2205 »

319 2240 589 2315 Cumque
634 2241 987 2314 pervenisset
1032 2239 1102 2297 ad
1143 2239 1600 2309 tabernaculum,
1646 2242 1929 2312 percussit
1967 2241 2030 2298 il-

319 2328 446 2397 lud,
484 2333 656 2401 atque
705 2327 1004 2397 subvertit,
1059 2334 1114 2386 et
1168 2333 1332 2384 terra;
1379 2326 1639 2384 funditus
1684 2327 2024 2399 coaequavit.

318 2417 634 2490 Respondit
663 2417 889 2475 auditor
928 2433 940 2466 :
978 2437 1005 2470 «
1035 2416 1157 2474 Non
1193 2422 1277 2474 est
1311 2417 1419 2474 hoc
1453 2415 1632 2489 aliud,
1657 2415 1770 2474 nisi
1801 2417 2032 2488 gladius

319 2506 608 2566 Gedeonis
635 2506 742 2564 filii
778 2506 910 2566 Joas
941 2505 1218 2574 Israelitaa
1244 2524 1257 2563 :
1300 2506 1530 2564 tradidit
1557 2505 1714 2562 enim
1746 2505 2028 2565 Dominus

317 2597 378 2654 in
431 2611 610 2655 manu
656 2595 780 2666 ejus
827 2595 1078 2664 Madian,
1129 2604 1184 2654 et
1222 2597 1418 2654 omnia
1454 2601 1637 2653 castra
1670 2597 1813 2669 ejus.
1859 2620 1880 2648 ι
1922 2597 2030 2655 Per

319 2683 573 2755 Gedeon,
630 2683 731 2758 qui
787 2699 900 2741 non
943 2687 1224 2748 circuitus,
1266 2684 1364 2742 sed
1415 2687 1734 2741 circumiens
1780 2689 1840 2741 in
1876 2693 2026 2743 utero

318 2772 551 2843 dicitur,
605 2771 704 2828 ille
758 2772 957 2831 merito
1014 2773 1369 2846 designatur,
1417 2774 1518 2848 qui
1564 2775 1704 2832 dum
1749 2775 2024 2848 virginali

316 2862 681 2921 clauderetur
727 2861 786 2919 in
855 2862 985 2920 alvo
1035 2868 1208 2920 totam
1267 2863 1472 2921 mundi
1537 2863 1866 2922 machinam
1923 2881 2027 2924 suo

318 2951 712 3010 circumdabat
763 2967 827 3008 ac
877 2950 1213 3024 disponebat
1273 2951 1535 3024 imperio.
1618 2954 1724 3012 Per
1797 2954 2024 3013 Madian

318 3047 536 3110 autem,
587 3041 690 3113 qui
738 3043 805 3096 de
849 3040 1066 3110 judicio
1120 3040 1544 3113 interpretatur,
1602 3044 1852 3117 populus
1901 3044 2030 3102 inﬁ-

317 3131 466 3189 delis
511 3131 806 3204 accipitur,
838 3130 909 3188 de
946 3145 1060 3206 quo
1101 3129 1385 3190 Dominus
1413 3132 1492 3190 ait
1523 3155 1536 3189 :
1568 3155 1588 3183 ι
1624 3133 1735 3204 Qui
1766 3150 1880 3192 non
1907 3151 2030 3194 cre-

319 3221 427 3291 dit,
448 3221 570 3294 jam
590 3220 881 3295 judicatus
907 3227 994 3279 est
1013 3225 1188 3290 (Joan.
1220 3227 1326 3291 III).
1361 3243 1388 3275 »

2117 639 2252 711 phat
2307 638 2364 694 in
2423 635 2673 694 feminis.
2733 636 2884 694 Huic
2934 653 3101 709 porro
3170 638 3392 697 militias
3453 639 3654 698 Judith
3711 647 3831 700 erat

2115 726 2378 800 ascripta,
2411 742 2544 800 quae
2570 726 2710 784 dum
2746 725 3049 785 deauratos
3077 733 3252 802 atque
3290 734 3606 801 gemmatos
3647 729 3831 788 Holo-

2113 816 2293 874 fernis
2349 815 2629 873 thalamos
2673 814 2912 889 respuit,
2945 815 3173 874 ebrium
3221 815 3507 876 luxuriosi
3552 816 3829 891 principis

2113 912 2283 979 caput
2318 903 2546 980 pr0prio
2600 905 2780 978 ipsius
2814 905 3064 979 pugione
3079 895 3389 965 itruncavit
3426 909 3641 978 (Judz‘th
3670 913 3828 977 XIII).

2115 993 2308 1068 Hujus
2334 995 2559 1054 militiae
2581 1010 2816 1053 consors
2843 1003 2961 1052 erat
3003 995 3226 1067 Esther,
3261 1011 3392 1069 quae
3429 996 3568 1054 dum
3610 997 3829 1054 feroces

2116 1086 2352 1143 Assueri
2393 1086 2545 1158 regis
2588 1085 2816 1142 animos
2852 1085 3168 1144 artificibus
3221 1084 3491 1143 delinivit
3533 1083 3824 1160 alloquiis,

2116 1179 2170 1231 et
2205 1173 2628 1232 Mardocbaeum
2659 1172 2729 1230 ab
2769 1172 3131 1230 imminentis
3169 1173 3450 1232 sententia
3482 1173 3682 1230 mortis
3711 1172 3827 1230 eri-

2117 1262 2241 1336 puit
2267 1270 2321 1320 et
2349 1262 2407 1320 in
2439 1268 2608 1336 caput
2643 1264 2850 1333 Aman,
2886 1263 2986 1337 qui
3017 1264 3175 1322 necis
3207 1263 3383 1338 hujus
3421 1270 3622 1322 auctor
3645 1261 3827 1320 exsti-

2119 1356 2278 1418 terat,
2337 1352 2530 1424 dignas
2557 1351 2944 1410 damnationis
2982 1361 3320 1427 argumenta
3360 1353 3586 1412 retorsit
3611 1355 3831 1422 (Esther

2117 1445 2264 1508 VIII).
2299 1439 2462 1498 Hanc
2497 1441 2785 1513 gaudebat
2814 1440 3070 1514 bajulare
3105 1442 3372 1500 militiam
3409 1442 3655 1513 Debora,
3695 1457 3830 1517 quae

2115 1529 2255 1586 dum
2284 1528 2659 1587 Israeliticam
2693 1528 2916 1602 plebem
2956 1528 3302 1601 propheticis
3334 1531 3683 1603 gubernaret
3710 1545 3831 1588 ora-

2115 1617 2282 1684 culis,
2319 1618 2376 1674 in
2407 1616 2676 1690 praelium
2709 1631 2943 1691 quoque
2975 1615 3137 1675 velut
3165 1615 3428 1688 quaedam
3456 1616 3558 1674 Dei
3594 1616 3831 1675 Bellona

2115 1708 2491 1781 congrediens
2527 1709 2827 1783 copiosum
2859 1707 3027 1765 .labin
3079 1707 3229 1780 regis
3270 1706 3590 1766 exercitum
3636 1705 3833 1781 perdi-

2117 1799 2197 1857 dit
2225 1804 2280 1856 et
2315 1797 2591 1870 populum
2623 1797 2724 1854 Dei
2764 1797 3094 1854 durissimae
3122 1797 3264 1871 jugo
3308 1797 3602 1854 servitutis
3638 1795 3835 1855 absol-

2117 1888 2200 1946 vit
2255 1889 2450 1960 (Judic.
2491 1894 2589 1960 IV).
2657 1885 2810 1945 Huic
2861 1885 3086 1944 militiae
3145 1885 3418 1943 deserviit
3464 1885 3629 1945 Jahel
3683 1901 3836 1944 uxor

2116 1975 2326 2045 Haber,
2383 1990 2515 2033 cum
2572 1973 2825 2033 Sisaram
2898 1973 3208 2047 fugientem
3289 1974 3441 2031 intra
3493 1973 3833 2032 tabernacu-

2119 2065 2242 2122 lum
2313 2062 2547 2138 quidem
2608 2061 2813 2120 blande
2876 2061 3146 2137 suscepit,
3200 2062 3296 2120 sed
3356 2061 3660 2120 cerebrum
3705 2061 3832 2134 ejus

2114 2154 2277 2211 clavo
2331 2151 2679 2210 tabernaculi
2738 2166 2836 2224 per
2887 2158 3110 2225 tempus
3167 2156 3483 2226 utrumque
3542 2149 3836 2209 transfixit

2117 2243 2328 2310 (Ibid).

2188 2330 2381 2403 Hujus
2442 2337 2593 2388 certe
2649 2329 2873 2388 militiae
2925 2330 3207 2404 particeps
3260 2327 3364 2386 fuit
3420 2327 3669 2401 insignis
3730 2327 3834 2386 illa

2114 2418 2408 2488 bellatrix,
2440 2419 2656 2477 scilicet
2703 2418 2866 2476 beata
2917 2417 3220 2488 Felicitas,
3255 2432 3386 2491 quae
3427 2417 3571 2474 dum
3618 2423 3834 2490 septem

2115 2506 2225 2565 sibi
2267 2505 2418 2565 ﬁlios
2459 2508 2521 2564 in
2553 2522 2734 2581 agone
2767 2505 3066 2580 praemisit,
3099 2505 3260 2563 salvo
3289 2504 3402 2561 sibi
3435 2510 3490 2562 et
3519 2504 3611 2561 sui
3646 2509 3828 2562 certa-

2116 2596 2292 2653 minis
2322 2597 2581 2668 prmmio,
2615 2595 2970 2669 septelnplici
3001 2597 3058 2652 in
3087 2594 3282 2653 sobole
3310 2593 3588 2666 martyrio
3616 2593 3828 2650 trium-

2115 2683 2334 2756 phavit.
2379 2683 2544 2742 Hanc
2595 2698 2824 2757 quoque
2870 2682 3138 2739 militiam
3180 2687 3412 2738 strenue
3459 2679 3738 2752 bajulavit
3779 2685 3836 2738 et

2115 2775 2239 2832 haec
2281 2774 2441 2846 virgo
2480 2774 2820 2843 clarissima,
2867 2773 3039 2846 cujus
3087 2770 3256 2829 hodie
3311 2770 3505 2828 votiva
3552 2770 3833 2828 festivitas

2115 2861 2343 2920 colitur.
2411 2862 2552 2932 Qum
2614 2860 2878 2919 videlicet
2941 2859 3188 2932 duplicis
3256 2873 3470 2932 pugnae
3533 2857 3832 2916 victoriam

2116 2951 2482 3020 tenuit,dum
2512 2957 2566 3009 et
2597 2949 2890 3008 titillantia
2928 2950 3116 3006 carnis
3156 2947 3449 3004 incentiva
3489 2947 3834 3020 perdomuit,

2115 3047 2172 3100 et
2221 3041 2376 3099 illata
2421 3041 2530 3099 sibi
2584 3039 2851 3098 horriﬁca
2901 3053 3204 3112 poenarum
3245 3042 3532 3095 tormenta
3575 3036 3833 3096 calcavit.

2117 3131 2162 3190 Ο
2195 3129 2428 3206 quantis
2471 3129 2578 3186 ista
2619 3127 3012 3187 cumulabitur
3064 3125 3325 3200 praamiis
3361 3125 3419 3182 in
3464 3123 3838 3184 retributione

2049 3222 2429 3322 Cjustoruin!
2476 3225 2713 3294 quanta,
2753 3216 3349 3322 judican'te'C‘hristo,
3399 3214 3674 3322 ditabitur
3710 3215 3837 3288 glo-

396 3308 571 3367 Porro
602 3318 794 3368 autem
826 3326 1011 3383 usque
1047 3311 1119 3368 ad
1153 3310 1466 3372 Salvatoris
1503 3315 1842 3384 adventum,
1878 3304 2094 3373 moreu
2119 3311 2222 3380 ria,
2265 3326 2395 3384 quas
2435 3315 2590 3366 tanto
2637 3307 2824 3365 crucis
2875 3305 3088 3364 Christi
3138 3306 3247 3363 fuit
3294 3304 3543 3378 pondere
3588 3320 3834 3378 praegra-

323 3399 522 3457 hordei
563 3400 671 3459 sub
713 3401 894 3474 paleis
949 3401 1289 3473 litterarum,
1345 3410 1399 3461 et
1455 3405 1592 3479 legis
1643 3413 1924 3480 praecepta
1979 3413 2034 3465 et

320 3491 732 3564 prophetarum
780 3493 1118 3566 tegebantur
1162 3493 1424 3566 oracula;
1457 3497 1552 3555 sed
1597 3504 1895 3572 postquam
1937 3497 2034 3555 ille

317 3580 588 3647 veniens,
617 3595 792 3653 panes
821 3581 1167 3640 bordeaceos
1197 3583 1383 3657 fregit,
1409 3585 1682 3660 deditque
1709 3585 2032 3659 discipulis,

321 3674 386 3726 ut
408 3667 592 3726 turbis
619 3677 968 3742 apponerent
991 3690 1002 3728 :
1028 3670 1198 3744 cujus
1221 3673 1393 3730 etiam
1413 3674 1602 3747 operis
1621 3673 1905 3747 expositio
1927 3680 2031 3743 est,

321 3755 476 3829 quod
523 3757 874 3830 evangelista
912 3758 1050 3818 dicit
1078 3761 1095 3816 ε’
1127 3782 1154 3813 ‹‹
1180 3760 1466 3831 Quoniam
1495 3762 1723 3836 aperuit
1755 3763 1872 3820 illis
1898 3779 2034 3820 sen-

321 3860 477 3915 sum,
507 3851 572 3904 ut
615 3845 1005 3920 intelligerent
1048 3847 1372 3921 Scripturas
1417 3853 1562 3924 (Luc.
1613 3854 1813 3924 XXIV);
1856 3875 1877 3904 κ
1909 3851 2030 3926 jam

322 3949 395 3992 ex
442 3935 675 4007 hordeo,
716 3938 866 4013 quod
899 3939 1083 3997 brutis
1123 3939 1426 3997 videbatur
1464 3940 1835 4010 animalibus
1892 3957 2032 3999 con--

323 4039 552 4096 gruere,
593 4042 802 4100 panem
843 4028 1025 4086 facere
1062 4029 1336 4102 dignatus
1367 4037 1452 4088 est
1487 4029 1839 4090 animarum.
1876 4031 2037 4092 Sicut

327 4114 485 4172 enim
544 4116 824 4175 hordeum
873 4118 1025 4176 inter
1075 4118 1286 4177 molam
1339 4125 1645 4194 utramque
1699 4121 2034 4192 conteritur,

327 4211 390 4263 ut
445 4221 476 4262 a
533 4206 732 4264 farinae
789 4209 1075 4283 farragine
1139 4209 1478 4268 cantabrum
1545 4217 1902 4281 secernatur;
1957 4211 2036 4269 ita

324 4293 486 4351 velut
534 4293 682 4352 inter
727 4295 892 4367 duos,
924 4297 1066 4370 legis
1111 4297 1327 4356 scilicet
1352 4306 1407 4356 et
1451 4299 1774 4372 Evangelii,
1817 4299 2036 4373 lapides

322 4387 536 4440 sancta
602 4383 874 4443 Ecclesiae
939 4385 1197 4444 doctrina
1253 4387 1646 4459 commolitur,
1710 4393 1772 4445 ut
1833 4387 2036 4445 litterae

324 4471 657 4544 superficies
678 4489 711 4530 a
739 4473 1008 4532 medullis
1057 4474 1295 4547 spiritus
1329 4473 1706 4533 discernatur.
1743 4474 1849 4533 Sed
1885 4482 1948 4533 ut
1973 4475 2034 4533 in

329 4560 417 4618 his
460 4562 653 4620 verbis
706 4578 817 4620 non
866 4563 1086 4622 diutius
1119 4564 1516 4634 immoremur,
1558 4564 1681 4622 haec
1711 4564 1908 4621 hordei
1949 4563 2030 4622 fa-

326 4649 470 4719 rina,
514 4653 660 4709 sacri
715 4649 1072 4724 baptismatis
1110 4668 1263 4726 aqua
1307 4667 1610 4727 conspersa
1661 4653 1924 4714 conﬂata.
1983 4657 2035 4709 et

325 4741 506 4799 sancti
539 4741 787 4814 Spiritus
823 4742 957 4815 igne
995 4750 1271 4815 percocta,
1299 4741 1364 4800 ﬁt
1401 4742 1584 4815 panis,
1629 4743 1730 4817 qui
1771 4741 2037 4800 videlicet

325 4832 557 4891 Madian
617 4839 797 4891 castra
839 4833 1141 4903 subvertit,
1184 4834 1322 4906 quia
1360 4829 1506 4888 369
1553 4841 1786 4892 cunctas
1828 4831 2035 4890 intide-

327 4924 471 4982 lium
518 4923 814 4983 machinas
863 4925 1125 4983 destruit.
1160 4924 1270 4982 Hic
1308 4926 1494 4999 panis,
1524 4926 1698 4998 juxta
1727 4925 1844 4984 veri
1878 4925 2039 4984 illius

328 5011 654 5086 interpretis
696 5014 1108 5088 conjecturam,
1141 5012 1428 5071 Gedeonis
1455 5019 1540 5070 est
1577 5012 1844 5086 gladius;
1878 5014 2036 5089 quia,

327 5100 476 5158 sicut
507 5101 830 5174 {Apostolus
873 5103 992 5161 ait:
1032 5125 1053 5154 α
1092 5100 1330 5160 Gladius
1369 5099 1618 5174 Spiritus
1645 5107 1727 5159 est
1780 5101 2039 5161 Verbum

328 5191 431 5249 Dei
458 5193 675 5265 (Ephes.
709 5199 808 5266 VI).
853 5216 874 5245 ι)

400 5281 524 5341 Hoc
575 5283 754 5341 sancti
802 5284 1050 5358 Spiritus
1097 5282 1289 5358 gladio
1333 5296 1437 5339 rex
1475 5282 1840 5342 exercituum
1879 5282 2042 5341 Chri-

328 5377 454 5430 stus
498 5387 633 5430 suos
682 5378 866 5430 armat
906 5372 1138 5440 milites,
1185 5371 1294 5430 hoc
1337 5371 1508 5428 etiam
1555 5386 1692 5429 suas
1737 5372 2041 5446 praecingit

328 5478 393 5519 ac
437 5462 665 5520 roborat
704 5462 1049 5521 bellatrices.
1097 5462 1186 5519 Ex
1244 5466 1493 5532 utroque
1544 5460 1832 5534 siquidem
1891 5478 2038 5521 sexu

328 5550 554 5608 militia:
610 5542 1014 5608 suae'cuneos
1079 5550 1334 5618 instruit,
1387 5549 1652 5622 aciesque
1727 5550 2036 5623 componit,

328 5641 465 5716 quia
493 5640 648 5698 viros
679 5655 745 5698 ac
768 5638 1012 5698 feminas
1038 5639 1105 5697 ad
1144 5639 1493 5712 procinctum
1534 5637 1681 5696 beati
1711 5639 2042 5696 certaminis

329 5727 724 5789 indifferenter
779 5727 1045 5790 admittit.
1098 5728 1165 5785 Et
1221 5742 1557 5803 quanquam
1618 5726 1903 5785 mirabilis
1966 5726 2036 5784 sit

2117 3404 2243 3454 vala
2273 3401 2282 3454 !
2317 3396 2460 3453 Nam
2488 3395 2656 3469 juxta
2703 3392 2973 3450 Veritatis
3000 3406 3222 3462 vocem,
3263 3415 3282 3442 α
3319 3407 3540 3462 semen,
3576 3392 3728 3465 quod
3772 3391 3835 3448 in

2117 3493 2328 3546 terram
2358 3483 2581 3553 cecidit,
2604 3481 2762 3541 aliud
2791 3481 3171 3554 trigesimum,
3197 3479 3358 3538 aliud
3381 3480 3831 3551 sexagesimum,

2114 3575 2268 3634 aliud
2305 3573 2682 3632 centesimum
2715 3570 2905 3629 attulit
2930 3570 3182 3628 fructum
3215 3570 3432 3641 (Matth.
3468 3569 3613 3642 XIII).
3648 3591 3669 3620 ι»

2189 3665 2331 3722 Cum
2387 3677 2542 3735 ergo,
2598 3661 2745 3718 sicut
2801 3658 3121 3716 authentici
3187 3657 3447 3715 doctores
3508 3663 3832 3730 exponunt,

2120 3753 2441 3827 virginitati
2500 3753 2721 3810 fructus
2767 3748 3070 3823 centuplus
3111 3748 3409 3818 debeatur,
3445 3746 3677 3820 quantis
3713 3747 3840 3805 haec

2118 3844 2282 3903 beata
2349 3841 2512 3914 virgo
2573 3838 3035 3898 accumulabitur
3093 3836 3291 3908 donis,
3336 3852 3513 3910 quam
3587 3835 3838 3908 insignis

2117 3933 2319 4008 gratias
2355 3929 2715 3989 decorabitur
2750 3927 2974 3997 infulis,
3015 3940 3149 4000 quas
3204 3931 3510 3999 postquam
3568 3929 3838 3981 centenos

2122 4022 2345 4081 fructus
2390 4021 2460 4079 de
2503 4018 2832 4093 virginitate
2873 4021 3204 4087 messuerat,
3242 4014 3414 4072 etiam
3456 4012 3716 4087 martyrii
3741 4026 3837 4069 co-

2122 4128 2323 4171 ronam
2364 4127 2494 4170 cum
2547 4114 2700 4167 tanta
2736 4105 2919 4180 gloria
2956 4102 3321 4177 reportabat?
3353 4102 3499 4161 Nam
3529 4116 3663 4160 cum
3689 4107 3840 4158 esset

2119 4203 2180 4261 in
2227 4203 2539 4260 certamine
2581 4197 2912 4268 constituta,
2963 4193 3141 4252 lorica
3194 4192 3329 4250 ﬁdei
3388 4185 3734 4266 praemunita
3782 4195 3838 4246 et

2121 4291 2298 4351 armis
2331 4290 2564 4348 invictas
2602 4284 2894 4362 patientiae
2927 4299 2994 4341 ac
3026 4283 3277 4358 geminas
3313 4277 3611 4338 charitatis
3640 4276 3837 4335 accin-

2121 4390 2228 4449 cta,
2258 4377 2591 4453 duplicibus
2627 4376 2989 4434 diversorum
3047 4371 3302 4430 hostium
3350 4369 3683 4443 agminibus
3708 4367 3836 4425 cin-

2120 4470 2380 4544 gebatur.
2449 4465 2614 4522 Intus
2675 4467 2873 4521 contra
2934 4460 3235 4518 seditiosos
3301 4457 3595 4531 pugnabat
3661 4455 3836 4526 cives,

2123 4557 2265 4616 foris
2316 4555 2593 4613 adversus
2659 4554 3094 4625 persecutorum
3144 4563 3209 4604 ac
3262 4545 3396 4603 ﬁdei
3449 4544 3836 4603 resistentium

2045 4622 2096 4680 D
2123 4647 2274 4706 acies
2322 4622 2795 4702 dimicabatfPro
2839 4637 3070 4697 duobus
3112 4637 3312 4695 castris
3343 4635 3528 4694 stabat
3557 4650 3674 4694 una
3717 4635 3837 4695 bel-

2123 4733 2319 4792 latrix.
2382 4730 2536 4790 Hinc
2592 4727 2886 4805 pudicitiae
2935 4725 3289 4794 clausulam;
3349 4721 3512 4781 illinc
3558 4724 3839 4796 impresso

2126 4821 2331 4896 Sponsi
2369 4819 2459 4878 sui
2503 4820 2848 4888 charactere,
2882 4814 3022 4872 ﬁdei
3063 4810 3431 4887 signaculum
3472 4810 3830 4869 defendebat.

2128 4911 2223 4971 Sic
2272 4909 2436 4968 docta
2481 4922 2689 4966 manus
2745 4904 2815 4961 ad
2861 4900 3152 4976 praelium,
3207 4899 3552 4959 circumacto
3606 4900 3836 4957 virtutis

2125 5003 2389 5077 undique
2415 4999 2634 5075 clypeo,
2664 4996 2831 5055 modo
2853 4994 2951 5052 lita
2977 5007 3202 5050 veneno
3225 4990 3334 5048 tela
3361 4989 3637 5063 luxuriae,
3665 4991 3837 5049 modo

2123 5093 2467 5153 imminente
2515 5086 2754 5164 perﬁdia
2792 5083 3123 5160 jaculorum
3170 5081 3567 5157 ingruentium
3602 5081 3836 5157 grandi-

2125 5200 2259 5244 nem
2291 5181 2658 5257 propellebat.

2205 5272 2349 5330 3'70
2379 5270 2613 5331 Dicebat
2653 5283 2788 5341 ergo
2837 5265 3178 5339 agonotheta
3218 5263 3320 5322 Dei
3354 5279 3366 5319 :
3407 5284 3428 5313 ι
3461 5262 3637 5336 Nigra
3676 5276 3831 5334 sum,

2124 5367 2222 5426 sed
2275 5365 2568 5432 formosa,‘
2606 5359 2745 5417 tilias
2816 5355 3204 5425 Hierusalem,
3265 5353 3414 5412 sicut
3470 5347 3837 5409 tabernacula

2125 5455 2326 5525 Cedar,
2356 5453 2504 5510 sicut
2553 5449 2721 5524 pellis
2776 5445 3101 5508 Salomonis
3151 5446 3326 5517 (Cant.
3370 5444 3426 5516 ι).
3470 5463 3496 5494 ››
3530 5439 3710 5500 Cedar
3743 5440 3833 5498 iu-

2126 5547 2468 5617 terpretatur
2493 5540 2755 5596 tenebrae:
2789 5537 2832 5595 ii
2864 5541 2999 5593 sunt
3031 5532 3291 5592 infideles
3331 5530 3520 5590 lucem
3551 5528 3685 5586 ﬁdei
3717 5542 3835 5586 non

2125 5634 2419 5696 habentes.
2453 5656 2472 5683 α
2503 5631 2677 5704 Nigra
2715 5644 2866 5698 sum,
2900 5652 2925 5677 η
2975 5625 3188 5702 inquit,
3221 5628 3448 5699 propter
3486 5621 3837 5696 persecutio-

2127 5726 2217 5786 nis
2253 5730 2480 5797 testum,
2513 5726 2740 5800 propter
2774 5721 3032 5792 adversa,
3065 5733 3201 5795 quae
3236 5716 3422 5794 patior
3449 5732 3482 5774 a
3509 5714 3648 5777 ﬁliis
3678 5721 3835 5773 tene-
