4178 6516
400 290 506 384 879

1023 324 1082 383 s.
1125 322 1347 382 PETRI
1385 324 1711 384 DAMIANI
1751 324 1906 386 OPP.
1952 326 2144 388 PARS
2183 327 2326 390 SEU
2367 290 2617 394 TOMUS
2654 333 2731 394 II.
2770 367 2839 379 —
2880 335 3294 398 SEBMONES.

3799 342 3906 403 880

398 448 724 523 stinguunt,
752 446 948 521 sicque
968 461 1071 520 per
1086 446 1494 507 abstinentiam
1517 449 1694 508 morti
1721 450 2108 524 appropriant,
2129 452 2302 527 Aper
2347 472 2444 515 eas
2488 457 2664 519 totius
2694 459 2899 519 mundi
2928 460 3196 520 decernat
3236 460 3545 536 caliginem
3576 463 3901 535 illustrare;

397 544 462 598 ut
487 553 635 613 pene
655 538 914 611 quotidie
942 536 1254 596 morientes
1283 537 1505 610 vivant,
1536 538 1635 597 sed
1662 538 1734 597 ad
1760 539 1869 598 hoc
1898 540 2106 600 huma-

395 643 501 687 nos
524 627 722 686 oculos
746 633 1041 701 quarunt,
1100 626 1500 686 admirationis
1527 626 1771 701 gloriam
1800 635 2102 702 expetunt,

401 713 649 773 Veritate
691 720 1011 784 attestante,
1055 729 1191 787 qua
1234 713 1316 771 ait
1362 737 1374 770 :
1421 733 1449 767 «
1498 713 1907 773 Exterminant
1947 717 2101 775 enim

391 805 569 862 facies
636 818 803 874 suas,
862 810 928 862 ut
1005 811 1318 877 appareant
1390 803 1731 863 hominibus
1779 804 2107 878 jejunantes

392 895 609 965 (Matth.
653 894 756 966 VI).
799 917 826 942 »
871 892 1019 951 Nam
1053 908 1152 951 ora
1189 891 1535 965 pallescunt,
1575 907 1784 966 corpus
1811 892 2103 951 debilitate

388 982 666 1054 quatitur,
696 988 896 1055 pectus
926 978 1496 1052 ‘interrumpentibus
1523 978 1791 1054 suspiriis
1819 989 2093 1053 urgetur;

383 1069 483 1127 sed
509 1068 659 1127 inter
690 1068 815 1127 hac
839 1067 912 1126 ab
936 1082 1034 1127 ore
1062 1067 1459 1143 proximorum
1494 1082 1681 1126 sermo
1699 1067 2098 1129 admirationis

381 1160 681 1234 quaritur,
715 1158 984 1232 nihilque
1020 1172 1122 1231 pro
1162 1163 1319 1216 tanto
1357 1156 1552 1215 labore
1587 1156 1768 1229 aliud,
1801 1158 1913 1216 nisi
1947 1158 2098 1217 asti-

380 1247 558 1307 matio
589 1248 867 1317 humana,
898 1246 1199 1319 cogitatur.

457 1333 604 1391 355
650 1335 1013 1410 Perpendite,
1063 1333 1420 1394 dilectissimi
1470 1334 1673 1392 fratres
1715 1337 1853 1406 mei,
1915 1350 2093 1408 quam

380 1424 731 1483 miserabilis
765 1425 1048 1483 vecordia
1097 1432 1182 1483 est
1225 1423 1509 1482 laboriose
1554 1439 1743 1497 agere,
1774 1433 1831 1483 et
1874 1424 1949 1483 ab
1984 1440 2092 1483 .ore

376 1514 688 1574 hominum
721 1514 923 1571 laudes
954 1514 1211 1585 inhiare;
1250 1512 1383 1571 forti
1419 1527 1590 1586 opere
1635 1514 1935 1588 praceptis
1970 1529 2087 1572 ca-

372 1602 616 1661 lestibus
642 1602 945 1673 inservire,
965 1602 1064 1660 sed
1090 1608 1334 1660 terrena
1356 1602 1755 1661 retributionis
1774 1603 2083 1675 pramium

2192 551 2258 602 ut
2289 544 2427 604 dum
2462 546 2743 620 fulgentia
2769 556 2921 608 astra
2959 549 3180 608 radiare
3212 566 3313 624 per
3351 551 3483 611 cali
3514 553 3745 613 climata
3779 571 3898 613 cer-

2187 633 2406 710 nimus,
2444 635 2727 695 inoffenso
2764 637 2907 711 pede
2945 639 3135 712 operis
3171 639 3281 698 iter
3310 647 3525 699 nostra
3555 643 3737 701 noctis
3771 658 3901 702 am-

2182 720 2476 781 bulemus.
2509 722 2675 783 Sicut
2705 725 2860 784 enim
2895 727 3219 787 matutinus
3243 727 3451 787 lucifer
3480 728 3662 789 solem
3688 746 3902 805 prace-

2182 807 2327 867 dens
2349 810 2422 868 ab
2450 809 2729 870 Orientali
2756 814 2919 887 prius
2946 814 3113 888 plaga
3139 814 3455 889 cOusurgit,
3483 817 3691 875 deinde
3720 818 3901 877 meri-
3986 816 3994 821 ’

2182 896 2342 956 diani
2356 898 2605 959 climatis
2624 903 2922 976 superiora
2941 905 3275 963 conscendit
3299 925 3311 963 :
3353 905 3426 963 ad
3448 912 3897 982 extremumque

2181 999 2297 1056 quo
2322 1002 2542 1059 pronus
2579 989 2640 1047 in
2677 990 2985 1049 occiduum
3022 1007 3195 1050 axem
3234 992 3452 1067 vergit;
3476 995 3558 1053 sic
3586 995 3892 1065 nimirum,

2181 1073 2263 1133 sic
2317 1074 2691 1135 beatissimus
2739 1078 3032 1137 confessor
3083 1080 3298 1139 Christi
3348 1080 3767 1156 Barbatianus,
3820 1083 3894 1141 de

2181 1163 2563 1223 Antiochenis
2601 1164 2845 1236 finibus,
2888 1167 3044 1225 unde
3081 1169 3367 1229 oriundus
3404 1170 3606 1239 fuerat,
3645 1171 3809 1243 exiit,
3835 1179 3892 1230 et

2179 1248 2424 1309 Romam
2456 1253 2864 1325 pertransiens,
2916 1253 3103 1312 multa
3140 1271 3269 1314 eam
3302 1258 3723 1318 miraculorum
3762 1260 3893 1318 luce

2176 1340 2429 1413 perfudit
2484 1365 2496 1399 :
2552 1348 2844 1415 postremo
2900 1343 3239 1404 Ravennam
3289 1364 3474 1422 usque.
3521 1351 3885 1425 perveniens,

2174 1428 2487 1501 Christum,
2539 1431 2641 1506 qui
2691 1438 2776 1490 est
2826 1434 2913 1492 sol
2952 1434 3218 1507 justitia,
3263 1437 3531 1512 plurimis
3576 1441 3887 1501 hominum

2174 1519 2464 1579 mentibus
2509 1520 2845 1582 introduxit
2887 1548 2899 1582 :
2954 1525 3278 1587 Antiochia
3325 1530 3543 1588 scilicet
3577 1531 3886 1605 splendore

2172 1607 2265 1667 sui
2315 1616 2477 1667 ortus
2524 1610 2781 1683 emicuit,
2812 1610 3016 1672 Roma
3063 1615 3345 1688 plurimos
3387 1619 3684 1694 signorum
3724 1621 3886 1695 igni-

378 1706 663 1765 quarere.
706 1690 867 1749 Sicut
903 1690 1061 1749 enim
1100 1690 1300 1749 beatus
1338 1689 1418 1747 ait
1465 1690 1798 1764 Gregorius,
1840 1690 1945 1764 qui
1981 1707 2084 1765 pro
2170 1696 2333 1756 culos
2378 1698 2605 1771 sparsit,
2634 1699 2843 1759 urbem
2894 1717 3030 1761 vero
3074 1702 3414 1765 Ravennam
3442 1689 3628 1768 vvelut
3673 1689 3883 1771 occasu

374 1782 590 1874 virtute
611 1794 790 1874 quam
817 1780 955 1874 agit,
993 1779 1319 1874 humanum
1343 1780 1605 1874 favorem
1631 1779 1935 1874 desiderat,
1960 1796 2079 1874 rem
2099 1811 2148 1874 B
2168 1782 2315 1843 356
2363 1789 2733 1849 sacratissimi
2771 1793 2864 1851 sui
2901 1792 3093 1853 obitus
3130 1794 3463 1854 illustravit.
3495 1797 3580 1856 Ita
3614 1798 3884 1858 videlicet

373 1868 572 1941 magni
604 1868 795 1928 meriti
833 1867 937 1960 vili
975 1867 1158 1960 pretio
1192 1867 1453 1960 venalem
1485 1874 1688 1942 portat.
1739 1867 1904 1960 Unde
1948 1867 2142 1929 cali—
2168 1875 2389 1933 meritis
2438 1878 2785 1938 sanctissimi
2831 1882 3008 1955 hujus
3050 1882 3180 1955 viri,
3206 1883 3363 1942 velut
3394 1886 3533 1944 novi
3571 1885 3883 1960 splendore

366 1974 611 2048 regnum
641 1958 849 2048 mereri
886 1957 1092 2031 potuit,
1127 1958 1261 2048 inde
1293 1973 1623 2048 nummum
1648 1959 1962 2019 transitorii
1992 1961 2080 2019 fa-
2165 1963 2416 2037 luciferi,
2466 1966 2529 2025 in
2578 1969 2763 2029 tribus
2808 1971 2931 2030 suis
2984 1971 3292 2046 pracipuis
3331 1957 3669 2048 regionibus
3725 1983 3881 2035 totus

366 2045 784 2139 vorisquarit.
815 2045 991 2139 Intus
1017 2062 1173 2120 ergo,
1207 2047 1409 2139 fratres
1441 2046 1577 2117 mei,
1608 2046 1781 2139 intus
1798 2049 2080 2139 servanda
2162 2055 2366 2114 rutilat
2395 2059 2671 2130 mundus,
2706 2060 2848 2121 dum
2873 2062 2937 2120 in
2963 2062 3077 2121 alia
3104 2045 3310 2122 mundi
3336 2045 3503 2139 plaga
3530 2067 3655 2139 ejus
3684 2067 3878 2126 cerni-

360 2145 497 2197 sunt
537 2138 705 2210 bona,
736 2152 870 2212 qua
905 2137 1154 2211 agimus,
1188 2138 1237 2196 si
1284 2137 1358 2194 ab
1393 2136 1627 2227 interno
1658 2136 1854 2210 judice
1888 2138 2075 2198 vicem
2163 2148 2256 2201 tur
2292 2152 2474 2217 ortus,
2515 2148 2577 2205 in
2618 2148 2733 2207 alia
2771 2150 3197 2223 quodammodo
3228 2136 3460 2212 videtur
3491 2136 3783 2227 ascensus,
3811 2154 3872 2213 in

362 2228 614 2300 recipere
660 2226 843 2285 nostri
891 2227 1079 2301 operis
1130 2233 1552 2301 exspectamus.
1584 2226 1738 2285 Hinc
1785 2237 1873 2288 est
1914 2230 2074 2288 enim
2164 2236 2327 2294 tertia
2353 2236 2679 2298 celebratur
2706 2254 2959 2299 occasus.
3274 2270 3277 2273 ι

367 2317 522 2390 quod
553 2319 612 2374 in
662 2315 977 2388 Evangelio
1018 2315 1241 2375 Veritas
1287 2315 1425 2374 dicit
1455 2335 1467 2373 :
1501 2336 1539 2407 _«
1571 2314 1796 2374 Nesciat
1838 2316 2074 2377 sinistra
2232 2323 2322 2394 Et,
2355 2325 2506 2385 sicut
2536 2327 2607 2385 de
2638 2330 3010 2402 compatriota
3038 2330 3162 2403 ejus
3190 2330 3523 2391 beatissimo
3547 2331 3871 2407 Apollinari

372 2413 468 2496 tua
494 2407 634 2496 quid
664 2407 833 2465 faciat
856 2407 1092 2465 dextera
1122 2413 1238 2477 tua,
1268 2415 1334 2464 ut
1359 2406 1432 2464 sit
1461 2405 1825 2481 eleemosyna
1869 2414 1967 2467 tua
2010 2408 2071 2466 in
2156 2412 2219 2470 in
2244 2415 2360 2474 alio
2387 2432 2661 2477 sermone
2681 2419 2819 2491 (119)
2836 2420 2958 2491 jam
2981 2405 3619 2496 diximus,quamrecte
3643 2424 3753 2483 sibi
3774 2424 3868 2484 lu-

366 2495 719 2587 abscondito,
749 2501 805 2555 et
855 2496 1021 2555 Pater
1072 2503 1227 2569 tuus,
1247 2498 1361 2587 qui
1405 2496 1563 2556 videt
1603 2497 1665 2555 in
1698 2497 2068 2587 abscondito,
2155 2501 2319 2562 ciferi
2349 2518 2565 2564 nomen
2590 2508 2989 2582 congruit,qui
3010 2507 3255 2568 Romam
3277 2495 3590 2585 ingressus,
3614 2513 3871 2587 primum

369 2584 567 2644 reddet
604 2585 725 2643 tibi
763 2588 987 2657 (Matth.
1026 2598 1135 2659 Vt).
1173 2609 1199 2637 ιι
1242 2585 1395 2645 Hinc
1429 2593 1529 2656 est,
1564 2586 1717 2660 quod
1754 2585 1824 2643 de
1858 2586 2068 2646 electo-
2156 2592 2398 2651 virtutis
2421 2610 2548 2653 sua
2564 2596 2912 2655 miraculum
2938 2596 3008 2655 de
3036 2596 3259 2657 lumine
3286 2598 3437 2659 fecit.
3466 2584 3686 2673 Regina
3704 2601 3867 2659 enim

357 2694 488 2738 rum
517 2678 767 2739 Ecclesia
796 2695 897 2754 per
934 2680 1294 2739 Psalmistam
1333 2681 1544 2739 dicitur
1584 2700 1597 2738 :
1643 2706 1670 2731 α
1703 2680 1905 2741 Omnis
1940 2683 2065 2756 glo-
2153 2679 2317 2740 Galla
2345 2682 2622 2756 Placidia,
2652 2691 2721 2745 ut
2755 2686 3023 2758 audistis,
3055 2686 3390 2761 suppliciter
3415 2690 3541 2762 ejus
3578 2688 3868 2763 ﬂagitabat

353 2767 438 2825 ria
486 2768 613 2841 ejus
664 2768 800 2827 ﬁlia
846 2771 997 2842 regis
1041 2770 1114 2828 ab
1161 2770 1321 2828 intus
1374 2772 1544 2839 (Psal.
1596 2776 1785 2840 XLIV).
1837 2792 1865 2823 ιο
1914 2771 2065 2831 Filia
2150 2770 2449 2830 auxilium
2481 2788 2591 2846 pro
2620 2774 2867 2845 quadam
2900 2790 3007 2834 sua
3036 2775 3392 2850 pedissequa,
3421 2791 3556 2850 qua
3586 2775 3864 2836 intolera-

364 2856 577 2931 quippe
616 2873 819 2931 regum
859 2867 943 2916 est
978 2869 1170 2918 sancta
1213 2860 1488 2931 Ecclesia,
1529 2874 1662 2935 qua
1690 2861 1747 2917 in
1792 2860 1941 2919 bono
1979 2869 2064 2920 est
2154 2859 2371 2918 bilibus
2431 2864 2796 2923 cruciabatur
2843 2863 3139 2923 doloribus
3186 2866 3525 2937 oculorum;
3577 2866 3679 2940 qui
3719 2882 3865 2925 mox

362 2959 533 3020 opere
561 2948 950 3020 spiritualium
980 2949 1311 3025 principum
1340 2950 1747 3023 pradicatione
1774 2960 2056 3024 generata,
2149 2940 2323 3021 pallio
2353 2966 2459 3009 suo
2504 2954 2633 3026 ejus
2679 2955 2878 3012 oculos
2925 2954 3082 3027 tangi
3130 2956 3417 3030 pracepit,
3448 2964 3503 3014 et
3555 2960 3637 3015 sic
3675 2955 3752 3015 ab
3792 2973 3865 3016 ea

355 3052 490 3112 qua
543 3037 684 3095 dum
738 3052 797 3096 se
848 3037 905 3095 in
959 3036 1274 3096 virtutibus
1337 3044 1549 3095 sancta
1610 3039 2061 3099 conversationis
2148 3037 2420 3110 protinus
2471 3054 2708 3099 omnem
2765 3042 3054 3115 pestifera
3117 3043 3482 3118 agritudinis
3531 3043 3857 3103 molestiam

350 3132 600 3228 exercet2
635 3124 774 3199 quia
807 3141 910 3200 per
944 3125 1055 3183 hoc
1100 3126 1205 3185 soli
1243 3126 1361 3184 Deo
1402 3125 1627 3198 placere
1680 3125 1886 3198 studet,
1941 3143 2055 3186 non
2077 3168 2121 3228 ϐ
2147 3127 2440 3200 eﬂ'ugavit.

347 3216 488 3274 foris
543 3214 807 3288 gloriam,
869 3216 967 3274 sed
1019 3217 1181 3275 intus
1236 3215 1428 3274 habet.
1459 3215 1611 3274 Hinc
1659 3215 1876 3275 Paulus
1926 3219 2004 3277 ait
2038 3214 2121 3276 z“
2214 3215 2568 3291 Quapropter
2598 3234 2731 3278 cum
2763 3220 3100 3293 dignitatem
3138 3227 3315 3291 tuam,
3346 3221 3680 3281 felicissima
3716 3222 3858 3281 urbs

348 3333 374 3357 «
410 3305 607 3367 Gloria
661 3314 855 3367 nostra
907 3309 1033 3367 hac
1088 3313 1192 3380 est,
1230 3306 1627 3366 testimonium
1684 3309 2054 3367 conscientia
2141 3308 2439 3380 Ravenna,
2493 3310 2701 3369 subtili
2745 3312 3116 3371 meditatione
3154 3311 3471 3383 considero,
3514 3311 3856 3385 largissimis

344 3404 553 3458 nostra
602 3401 677 3472 (II
701 3400 818 3458 Cor.
848 3399 906 3471 1).
955 3423 981 3447 η
1026 3396 1282 3457 Gloriam
1330 3412 1495 3455 suam
1539 3396 1850 3471 Apostolus
1897 3398 2053 3457 testi-
2139 3401 2193 3455 te
2232 3398 2645 3457 misericordia
2693 3400 2912 3460 divina
2950 3400 3244 3459 beneﬁciis
3282 3400 3519 3459 dilatam
3561 3417 3686 3460 esse
3729 3418 3856 3477 per-

341 3489 604 3548 monium
657 3487 1025 3548 conscientia
1077 3491 1402 3557 memorat,
1465 3486 1602 3561 quia
1650 3486 1873 3544 favores
1933 3487 2052 3545 oris
2135 3485 2343 3558 pendo.
2378 3485 2559 3545 Video
2589 3488 2747 3545 enim
2780 3488 2916 3562 quia
2944 3505 3018 3547 ex
3044 3488 3166 3562 ipso
3194 3487 3459 3562 originali
3489 3489 3649 3548 fonte
3680 3489 3849 3548 Chri-

337 3578 513 3637 alieni
554 3594 670 3637 non
701 3583 974 3652 appetens
1011 3575 1145 3634 vita
1184 3590 1307 3634 sua
1336 3574 1546 3648 gaudia
1583 3580 1745 3632 extra
1776 3575 2049 3650 semetip-
2136 3573 2341 3632 stiana
2386 3574 2704 3649 religionis,
2734 3584 3023 3651 perpetua
3069 3577 3328 3636 meruisti
3366 3576 3643 3651 poculum
3694 3580 3849 3639 hau-

336 3681 468 3725 sum
497 3681 708 3739 ponere
732 3664 1052 3740 ignorabat.

406 3753 756 3814 Occultanda
785 3760 922 3813 sunt
947 3767 1101 3827 ergo,
1132 3753 1333 3810 fratres
1363 3750 1709 3822 charissimi,
1732 3751 1884 3810 bona
1912 3767 2047 3826 qua

338 3842 586 3917 agimus,
618 3858 692 3901 ne
716 3842 843 3901 hac
874 3843 934 3900 in
962 3841 1138 3915 hujus
1161 3841 1298 3899 vita
1325 3840 1531 3899 itinere
1556 3839 1782 3898 incaute
1813 3848 2045 3913 portan-

338 3938 441 4003 tes,
497 3933 964 3992 latrouinantium
1045 3931 1358 4006 spirituum
1432 3930 1765 3989 incursione
1839 3929 2045 4003 perda-

336 4038 488 4082 mus.
520 4022 661 4083 Ecce
719 4023 874 4082 enim
930 4023 1025 4081 hic
1075 4021 1447 4081 beatissimus
1498 4021 1590 4079 vir
1640 4020 2041 4094 Barbatianus,

334 4115 501 4189 cujus
538 4115 712 4174 hodie
760 4115 928 4174 nobis
980 4115 1220 4173 festivus
1263 4112 1471 4172 natalis
1509 4111 1731 4185 illuxit,
1763 4128 1878 4170 non
1930 4113 2042 4171 hu-

337 4219 528 4262 mana
561 4204 750 4262 laudis
785 4205 1027 4278 gloriam
1066 4204 1247 4279 petiit,
1290 4211 1403 4261 nOn
1458 4202 1680 4261 favores
1734 4203 2037 4261 hominum

334 4291 658 4362 affectavit;
695 4305 810 4350 non
851 4292 1095 4350 ostensis
1134 4297 1212 4349 tot
1262 4290 1561 4349 miraculis
1603 4306 1877 4364 apparere
1921 4291 2042 4366 ipse

334 4382 620 4441 mirabilis
657 4382 861 4453 voluit,
897 4398 1014 4440 non
1057 4381 1127 4440 de
1165 4381 1384 4441 collatis
1414 4387 1493 4440 tot
1521 4380 1577 4439 in
1608 4381 1912 4456 languidos
1938 4384 2040 4442 be-

331 4473 555 4532 neﬁciis
587 4472 861 4530 humana
892 4470 1288 4529 retributionis
1319 4472 1626 4544 praemium
1652 4474 2034 4546 exspectavit;

328 4563 475 4638 quin
516 4563 691 4621 etiam
734 4560 1097 4620 medicinalis
1156 4562 1416 4619 exercitii
1464 4562 1856 4635 praetendebat
1907 4579 2038 4638 spe-

330 4656 499 4725 ciem,
552 4660 616 4713 ut
662 4652 1051 4711 clarissimum
1091 4649 1323 4710 virtutis
1372 4666 1494 4709 sua
1545 4652 1824 4725 potuisset
1869 4653 2038 4714 obfu-

329 4760 487 4803 scare
537 4743 803 4802 nitorem.
836 4742 906 4800 Et
955 4741 1114 4799 velut
1157 4755 1435 4814 magnum
1481 4742 1611 4800 coeli
1656 4749 1878 4800 astrum
1923 4759 2040 4802 nu-

2134 3661 2250 3721 rire
2280 3663 2506 3722 salutis.
2537 3664 2605 3722 In
2652 3665 2959 3725 Antiochia
3006 3681 3277 3739 namque,
3305 3665 3454 3725 sicut
3498 3669 3561 3726 in
3606 3668 3851 3727 Actibus

2130 3752 2523 3825 apostolorum
2551 3753 2783 3827 legitur,
2806 3754 3059 3829 primum
3087 3754 3398 3814 Christiani
3417 3755 3686 3828 discipuli
3711 3764 3850 3815 sunt

2137 3842 2318 3901 vocati
2356 3846 2501 3913 (Act.
2535 3849 2645 3913 XI).

2202 3931 2292 3990 Ex
2330 3932 2455 4006 ipso
2498 3931 2677 4001 igitur
2718 3942 2933 3992 sancta
2979 3934 3250 3992 Ecclesia
3289 3933 3665 3992 fundamento
3695 3949 3846 4008 qua-

2129 4020 2319 4079 dratos
2355 4020 2571 4094 lapides
2622 4022 2948 4095 suscepisti;
2988 4038 3161 4097 super
3195 4037 3340 4097 quos
3375 4021 3536 4080 velut
3572 4021 3843 4080 firmissi-

2128 4124 2251 4167 mas
2297 4110 2461 4168 bases
2509 4116 2715 4181 erecta,
2767 4110 3055 4169 immobili
3108 4126 3169 4169 es
3219 4110 3355 4168 fidei
3416 4117 3471 4169 et
3525 4109 3846 4169 sanctitatis

2126 4199 2411 4258 soliditate
2466 4198 2725 4257 fundata.
2795 4197 2938 4257 Inde
2993 4199 3150 4257 enim
3212 4199 3390 4257 habes
3446 4199 3843 4272 Apollinarem

2125 4288 2504 4362 apostolicum
2561 4294 2913 4362 martyrem,
2973 4289 3111 4347 inde
3164 4289 3339 4347 etiam
3425 4288 3841 4348 Barbatianum

2124 4380 2416 4454 egregium
2447 4380 2853 4452 confessorem,
2877 4382 2982 4456 qui
3002 4382 3164 4442 velut
3182 4383 3316 4440 dua
3333 4381 3840 4441 excellentissima

2126 4470 2281 4529 cedri
2322 4472 2594 4544 paradisi,
2622 4473 2705 4531 sic
2749 4482 2801 4530 te
2835 4473 3013 4531 ramis
3055 4489 3178 4533 sua
3224 4472 3591 4548 protectionis
3628 4472 3839 4531 obum-

2126 4562 2313 4631 brant,
2348 4568 2412 4620 ut
2446 4564 2494 4620 si
2537 4561 2646 4620 sub
2675 4563 2758 4620 eis
2791 4563 3092 4621 humiliter
3130 4578 3365 4621 manere
3406 4562 3676 4631 volueris,
3705 4577 3835 4619 om-

2122 4664 2257 4706 nem
2286 4664 2319 4705 a
2353 4655 2404 4706 te
2432 4648 2724 4707 turbinem
2759 4648 3106 4708 adversaria
3136 4651 3485 4724 tempestatis
3514 4648 3833 4723 expellant.

2123 4738 2194 4796 Et
2224 4744 2288 4796 ut
2316 4738 2401 4795 eis
2442 4738 2640 4796 deesse
2699 4739 2785 4796 nil
2836 4739 3024 4797 valeat
3068 4739 3222 4813 quod
3257 4739 3329 4797 ad
3374 4739 3679 4797 cumulum
3719 4744 3838 4797 tua

327 4833 459 4892 bem
493 4831 805 4891 virtutibus
832 4831 954 4889 suis
981 4828 1217 4888 curabat
1242 4845 1545 4903 opponere,
1578 4836 1643 4889 ut
1673 4831 1815 4889 dum
1842 4830 2041 4890 minus
2124 4826 2414 4884 felicitatis
2466 4817 2726 4893 attineat,
2760 4843 2898 4885 mox
2948 4836 3013 4887 ut
3067 4828 3138 4885 de
3191 4828 3569 4887 Antiochenis
3617 4828 3839 4888 finibus

330 4922 401 4981 ad
440 4921 726 4981 exteriora
761 4918 951 4978 radios
980 4934 1101 4977 sua
1134 4917 1279 4977 lucis
1309 4919 1676 4991 expanderet,
1716 4920 1880 4994 quasi
1920 4935 2036 4978 un-
2122 4919 2362 4986 exeunt,
2399 4914 2623 4984 Roma,
2654 4931 2789 4989 qua
2815 4915 3032 4988 absque
3056 4914 3233 4973 dubio
3262 4921 3436 4989 caput
3468 4922 3552 4974 est
3586 4923 3642 4973 et
3672 4917 3835 4989 prin-

329 5010 506 5087 dique
526 5010 589 5068 in
619 5008 921 5082 semetipso
937 5005 1225 5079 collectus,
1248 5007 1308 5067 in
1335 5014 1644 5082 conspectu
1673 5007 1874 5065 aterni
1900 5007 2039 5066 solis
2121 5005 2323 5079 cipalis
2362 5007 2524 5064 sedes
2581 5005 2757 5063 totius
2793 5012 3005 5064 sancta
3043 5004 3335 5075 Ecclesia,
3365 5011 3833 5076 commorantur;

327 5101 558 5175 plenius
585 5099 855 5158 eluceret.
2127 5093 2407 5152 nimirum
2447 5101 2510 5152 ut
2550 5094 2609 5151 in
2660 5094 2855 5152 schola
2900 5093 3049 5152 Petri
3097 5094 3369 5167 primitus
3402 5095 3641 5162 discant,
3676 5092 3839 5166 quod

398 5189 566 5249 Libet
615 5196 831 5259 autem,
875 5185 1254 5256 dilectissimi,
1288 5185 1594 5259 pulchrum
1646 5183 1866 5242 divina
1916 5185 2034 5243 dis-
2125 5190 2175 5241 te
2223 5182 2585 5256 postmodum
2627 5182 2698 5240 de
2731 5183 2990 5242 doctrina
3028 5184 3285 5242 veritatis
3332 5183 3641 5255 erudiant;
3678 5191 3734 5241 et
3764 5183 3839 5241 de

324 5278 676 5352 pensationis
725 5276 989 5337 ordinem
1029 5275 1284 5334 studiose
1335 5273 1716 5348 perpendere,
1772 5274 2038 5333 videlicet
2120 5273 2433 5347 purissimo
2472 5274 2628 5332 fonte.
2661 5274 3029 5333 abundanter
3063 5274 3282 5347 bibant,
3314 5274 3467 5350 quod
3505 5276 3567 5333 in’
3600 5282 3653 5333 te
3681 5275 3839 5335 salu-

333 5368 578 5440 qualiter
613 5366 977 5442 omnipotens
1014 5364 1167 5423 Deus
1204 5364 1273 5422 ad
1321 5362 1769 5423 illuminandam
1809 5371 2036 5424 noctem
2120 5363 2261 5420 taris
2300 5363 2580 5422 doctrina
2623 5363 2954 5438 magisterio
2994 5364 3153 5422 velut
3188 5365 3497 5424 eructando
3532 5364 3835 5424 transfun-

336 5457 469 5515 vita
496 5458 798 5532 prasentis
834 5456 1030 5517 stellas
1061 5470 1196 5514 suas
1223 5455 1284 5513 in
1311 5453 1442 5514 cali
1469 5454 1673 5514 faciem
1704 5455 1948 5529 mittere,
1979 5463 2036 5516 et
2119 5451 2283 5511 dant.
2321 5452 2626 5527 Tanquam
2664 5453 2824 5512 enim
2848 5453 3059 5513 iterum
3093 5452 3329 5524 Paulus,
3356 5454 3566 5513 iterum
3596 5454 3831 5527 Apollo,

389 5641 524 5712 (119)
542 5644 654 5698 Ser.
678 5648 725 5710 2,
756 5646 822 5699 de
847 5647 894 5699 S.
921 5645 1230 5713 Apollinari.
