4178 6476
357 341 460 404 881

1879 337 2130 404 SERMO
2168 343 2370 404 LXVI.

3770 347 3878 407 882

351 480 500 540 quos
529 462 630 523 ille
667 463 729 521 in
763 463 877 521 ﬁde
921 460 1219 536 plantavit,
1252 460 1360 520 iste
1389 461 1716 534 largissimo
1759 463 2139 528 miraculo-A
2154 471 2385 540 partum
2438 468 2704 540 colimus,
2761 471 3142 542 dilectissimi,
3193 487 3325 530 ecce
3383 485 3574 530 novus
3619 466 3865 545 virginis

358 569 492 612 rum
528 559 584 612 et
619 549 1049 625 praedicationis
1072 548 1260 607 imbre
1306 550 1534 622 rigavit.
1573 549 1683 609 Sed
1714 551 1853 624 quia
1885 567 2074 627 neque

358 645 462 716 qui
510 639 730 715 plantat
768 654 842 696 ex
888 653 949 696 se
986 643 1070 694 est
1121 636 1366 710 aliquid,
1401 643 1592 713 neque
1625 641 1728 712 qui
1766 639 1932 712 rigat,
1966 657 2074 700 nos

359 730 532 788 etiam
578 727 888 802 apostolica
941 730 1248 797 sequentes
1302 726 1473 784 verba
1519 727 1831 786 dicamus:
1871 729 2074 788 «Deus

357 825 556 877 autem
589 817 1019 874 incrementum
1054 813 1229 870 dedit.
1266 833 1293 866 »

430 907 552 966 Hos
580 907 762 980 igitur
793 913 908 962 tam
941 903 1246 976 praeclaros
1267 903 1515 962 caelestis
1541 906 1719 963 curiae
1763 913 2071 979 senatores,

362 996 563 1055 fratres
590 992 938 1064 charissimi,
965 992 1216 1065 perfecto
1246 992 1435 1050 cordis
1467 987 1663 1051 amore
1691 994 1932 1067 diligite,
1967 997 2074 1054 ho-

359 1099 491 1143 rum
538 1081 753 1139 imitari
793 1080 1060 1153 exempla
1097 1087 1210 1139 tota
1252 1079 1436 1137 animi
1483 1080 1786 1138 devotione
1834 1087 2070 1139 curate:

361 1187 498 1231 nam
529 1172 576 1228 si
615 1171 791 1229 vultis
835 1185 959 1227 esse
992 1168 1147 1241 quod
1187 1177 1342 1240 sunt,
1386 1185 1619 1227 necesse
1649 1179 1732 1228 est
1760 1171 1933 1229 etiam
1974 1187 2075 1230 vos

359 1261 546 1318 facere
573 1258 728 1332 quod
759 1257 1033 1316 fecerunt.
1073 1257 1180 1314 Per
1205 1265 1508 1330 angustam
1539 1274 1675 1332 ergo
1710 1265 1765 1316 et
1811 1275 2073 1332 asperam

359 1348 574 1407 laboris
609 1347 780 1418 viam,
808 1346 1188 1418 dilectissimi,
1224 1346 1282 1404 in
1315 1347 1424 1404 hoc
1454 1349 1670 1405 saeculo
1698 1363 1834 1406 cum
1860 1348 2073 1407 sanctis

361 1441 626 1513 incedite,
660 1447 720 1499 ut
744 1439 1111 1512 postmodum
1149 1437 1392 1496 valeatis
1415 1439 1488 1497 ad
1526 1455 1727 1498 eorum
1757 1440 1954 1512 gaudii
1985 1440 2072 1497 la-

361 1532 667 1591 titudinem
711 1532 1035 1605 pervenire.
1079 1529 1189 1599 Qui
1242 1530 1402 1586 enim
1450 1528 1588 1588 dicit
1630 1546 1689 1588 se
1734 1530 1796 1588 in
1847 1531 2072 1590 Christo

361 1635 613 1690 manere,
645 1619 812 1678 debet
849 1618 1000 1677 sicut
1033 1618 1133 1676 ille
1167 1618 1512 1688 ambulavit,
1541 1627 1597 1677 et
1623 1619 1745 1692 ipse
1769 1620 2073 1678 ambulare

359 1717 410 1782 (I
452 1715 610 1767 Joan.
654 1715 735 1779 11).
789 1706 994 1766 Procul
1032 1707 1214 1765 dubio
1252 1714 1446 1766 autem
1485 1723 1517 1765 a
1546 1709 1802 1781 vestigiis
1855 1709 2071 1780 Christi

2157 558 2489 633 triumphus
2543 563 2808 632 occurrit,
2851 564 2952 638 qui
3008 562 3326 623 solemnem
3375 560 3543 621 nobis
3597 563 3859 622 laetitiam

2154 647 2442 720 germinat
2477 654 2649 722 atque
2687 657 2769 716 ut,
2792 649 3006 709 iterum
3045 650 3403 725 gaudeamus
3449 649 3678 720 invitat,
3717 650 3873 724 Apo-

2154 735 2298 794 stolo
2344 752 2452 795 nos
2490 739 2794 808 excitante,
2845 742 2948 813 qui
2984 742 3106 799 ait:
3136 760 3165 794 «
3194 740 3450 800 Gaudete
3499 740 3562 797 in
3614 738 3862 800 Domino

2154 840 2412 898 semper;
2463 825 2676 884 iterum
2713 827 2840 886 dico
2865 847 2877 887 :
2901 827 3159 888 Gaudete
3196 831 3425 900 (Philip.
3460 833 3566 896 IV).
3600 848 3627 882 »
3665 827 3861 901 Virgi-

2155 928 2264 970 neo
2316 913 2503 986 partui
2558 915 2798 973 victoria
2863 916 3167 990 virginalis
3219 917 3496 975 inseritur
3549 923 3605 974 et
3657 917 3860 975 erectis

2154 1000 2346 1058 adhuc
2386 1000 2648 1061 ﬁdelium
2692 1003 2905 1061 animis
2943 1003 3204 1062 rediviva
3239 1003 3450 1076 gaudia
3500 1009 3861 1074 reparantur.

2156 1090 2350 1163 Nuper
2388 1091 2457 1148 de
2496 1091 2733 1166 Virgine
2770 1094 3056 1153 Dominus
3086 1093 3385 1152 humiliter
3418 1092 3648 1167 prodiit,
3683 1093 3856 1151 hodie

2152 1193 2255 1250 per
2306 1179 2590 1252 virginem
2645 1180 2988 1239 mirabiliter
3057 1182 3458 1254 triumphavit.
3516 1182 3680 1240 Tunc
3731 1182 3863 1241 cmli

2153 1265 2426 1325 Conditor
2452 1269 2524 1326 ad
2555 1285 2679 1338 nos,
2713 1271 2982 1328 inviolata
3011 1271 3157 1329 uteri
3187 1270 3491 1344 virginalis
3516 1269 3862 1342 integritate,

2154 1354 2481 1425 descendit;
2549 1358 2720 1416 hodie
2768 1359 3106 1418 inconcussa
3153 1359 3398 1432 virginis
3442 1360 3552 1426 ﬁde
3602 1359 3856 1418 victoria

2154 1442 2351 1502 titulos
2389 1446 2460 1503 ad
2511 1445 2722 1504 cmlum
2768 1462 2901 1505 cum
2938 1447 3119 1522 gloria
3158 1449 3486 1522 reportavit,
3535 1448 3734 1507 dicens
3771 1448 3860 1508 illi

2151 1547 2328 1606 quam
2369 1535 2530 1594 soliis
2573 1536 2906 1595 cmlestibus
2949 1537 3264 1595 inferebat:
3295 1565 3319 1588 ιι
3348 1538 3551 1610 Surge,
3587 1552 3848 1611 propera,

2151 1622 2334 1679 amica
2397 1639 2544 1696 mea,
2602 1625 2872 1684 columba
2921 1640 3066 1694 mea,
3122 1624 3373 1684 formosa
3424 1640 3568 1695 mea,
3628 1631 3683 1682 et
3727 1625 3862 1683 veni

2151 1712 2331 1778 (Cant.
2376 1716 2463 1782 11).
2508 1736 2528 1766 ι
2574 1713 2738 1772 Tunc
2782 1714 2882 1774 Dei
2921 1713 3189 1773 Genitrix
3231 1713 3531 1773 Christum
3568 1713 3860 1772 custodie-

360 1800 668 1870 exorbitat,
717 1796 818 1871 qui
865 1801 1172 1868 angustam
1227 1796 1478 1870 fugiens,
1539 1797 1866 1856 latitudinis
1915 1799 2252 1882 viameat
2281 1802 2340 1860 in
2372 1805 2648 1879 praesepio
2684 1804 3030 1878 vagientem,
3067 1804 3239 1863 hodie
3268 1803 3333 1863 B.
3377 1803 3658 1862 Columba
3695 1819 3859 1878 repe-

357 1889 552 1947 calcat.
589 1887 702 1945 Iste
739 1901 993 1960 namque
1023 1884 1392 1944 beatissimus
1424 1886 1536 1956 vir,
1579 1887 1747 1961 cujus
1791 1888 2072 1946 hodierna

358 1975 639 2037 solemnia
664 1975 1028 2048 frequentare
1052 1973 1392 2045 gaudemus,
1435 1990 1552 2033 non
1597 1981 1854 2034 terrenos
1885 1978 2068 2036 hono-

361 2085 452 2127 res
503 2066 709 2134 voluit,
760 2081 877 2123 non
920 2062 1149 2122 fallaces
1202 2064 1434 2123 divitias
1480 2062 1626 2120 357
1680 2067 2068 2139 congregavit,

356 2173 476 2215 non
507 2151 714 2213 mundi
744 2153 985 2228 gloriam
1024 2154 1206 2226 petiit,
1243 2170 1358 2212 non
1390 2154 1735 2214 transitorim
1766 2157 2072 2229 possessio-

356 2245 450 2303 nis
472 2244 690 2320 praedia
719 2243 1002 2312 dilatavit,
1032 2245 1388 2319 propinquos
1427 2245 1660 2318 sprevit,
1697 2246 1942 2319 patriam
1971 2246 2067 2303 de-

357 2333 608 2408 reliquit,
644 2333 1019 2407 semetipsum
1051 2349 1283 2407 quoque
1313 2349 1416 2406 pro
1449 2349 1644 2392 amore
1685 2334 1899 2392 Christi
1929 2336 2069 2394 fun-

357 2424 514 2483 ditus
543 2422 873 2497 abnegavit.

430 2512 610 2569 Nemo
649 2525 785 2583 ergo
823 2507 973 2568 dicat
1015 2509 1166 2582 quod
1207 2509 1296 2567 illi
1336 2511 1702 2570 solummodo
1740 2511 2070 2572 coelestibus

356 2602 519 2676 digni
571 2598 826 2676 prmmiis
877 2599 1199 2658 habeantur
1247 2600 1347 2673 qui
1384 2608 1813 2674 persecutorum
1861 2602 2070 2676 gladiis

359 2707 458 2766 pro
483 2689 695 2748 Christi
718 2689 955 2747 nomine
983 2689 1291 2747 feriuntur.
1327 2688 1624 2749 Conclusit
1649 2690 1803 2749 Deus
1833 2707 2068 2750 omnem

359 2789 571 2841 nostrm
613 2779 1099 2853 tergiversationis
1142 2779 1385 2852 aditum,
1419 2781 1713 2839 obstruxit
1746 2797 1920 2839 omne
1961 2798 2067 2839 ex-

357 2874 670 2934 cusationis
696 2873 968 2932 humanae
997 2872 1358 2946 confugium.
1403 2872 1546 2931 Ecce
1569 2874 1686 2948 jam
1722 2889 1841 2932 non
1875 2875 2067 2932 valea-

363 2981 492 3023 mus
519 2981 652 3024 cum
686 2965 846 3023 beato
884 2963 1221 3038 Apollinare
1253 2979 1355 3037 pro
1399 2964 1516 3023 Deo
1555 2971 1803 3023 mortem
1847 2965 2064 3036 subire,

360 3070 670 3129 possumus
720 3054 922 3114 saltem
961 3070 1092 3111 cum
1140 3053 1304 3111 beato
1352 3053 1698 3113 Barbatiano
1739 3055 1916 3113 vitam
1952 3053 2069 3111 Deo

2156 1889 2230 1948 rit
2279 1907 2413 1950 eum
2468 1893 2530 1950 in
2584 1899 2836 1967 paternae
2888 1893 3197 1968 majestatis
3237 1891 3381 1951 solio
3442 1898 3858 1951 coruscantem.

2155 1978 2321 2038 T'unc
2347 1980 2418 2038 ad
2452 1980 2704 2054 Virginis
2730 1988 2958 2054 partum
2989 1980 3353 2040 exsultavere
3385 1986 3657 2054 pastores,
3700 1995 3860 2038 nunc

2153 2068 2225 2126 ad
2270 2077 2641 2144 conspectum
2693 2068 2838 2126 358
2887 2072 3130 2145 virginis
3171 2070 3398 2130 confusi
3442 2075 3576 2127 sunt
3609 2069 3861 2142 impera-

2156 2161 2324 2214 tores.
2385 2158 2549 2216 Unus
2588 2165 2674 2217 est
2723 2161 2908 2230 enim,
2952 2161 3102 2218 sicut
3144 2161 3308 2218 beata
3350 2157 3530 2217 Mater
3576 2158 3701 2231 ejus
3755 2158 3860 2227 ait,

2153 2247 2255 2318 qui
2289 2251 2345 2302 et
2373 2266 2399 2298 α
2432 2247 2696 2320 deposuit
2737 2254 2990 2318 potentes
3033 2250 3105 2307 de
3153 2249 3304 2320 sede,
3347 2255 3402 2305 et
3432 2246 3710 2306 exaltavit
3740 2245 3858 2305 hu-

2155 2335 2320 2392 miles
2350 2337 2493 2408 (Luc.
2527 2338 2606 2407 II).
2640 2359 2661 2388 »ι
2716 2337 2884 2408 Nam,
2938 2339 3087 2396 sicut
3120 2337 3181 2395 in
3214 2336 3496 2410 descripta
3536 2335 3714 2393 beatae
3743 2333 3854 2394 Co-

2150 2427 2366 2486 lumba;
2405 2429 2686 2503 reperitur
2724 2430 2985 2501 historia,
3029 2430 3340 2504 imperator
3382 2426 3756 2495 Aurelianus,
3789 2431 3853 2484 ut

2151 2533 2276 2575 eam
2308 2523 2498 2591 posset
2534 2533 2566 2574 a
2603 2517 2851 2575 cmlestis
2885 2516 3093 2592 Sponsi
3137 2517 3251 2575 ﬁde
3289 2515 3635 2587 convellere,
3679 2529 3853 2572 cona-

2151 2614 2244 2666 tus
2290 2615 2376 2666 est
2421 2623 2549 2665 eam
2594 2607 2712 2665 tilio
2752 2622 2859 2666 suo
2903 2607 3259 2666 matrimonii
3292 2605 3530 2664 vinculo
3569 2603 3855 2677 copulare.

2154 2693 2264 2754 Sed
2313 2695 2476 2767 virgo
2507 2695 2757 2768 prudens
2795 2694 2988 2752 aliena
3013 2710 3250 2768 prorsus
3290 2710 3323 2752 a
3354 2692 3614 2751 fatuitate
3660 2706 3856 2749 vecor-

2149 2784 2263 2842 diae
2291 2789 2620 2842 constanter
2646 2783 2831 2841 tenuit
2864 2783 3125 2857 regulam
3153 2781 3500 2855 disciplinae,
3539 2779 3611 2838 ad
3654 2779 3857 2840 Salva-

2150 2872 2286 2929 toris
2327 2871 2508 2930 nostri
2544 2871 2808 2943 protinus
2850 2869 3096 2929 recurrit
3131 2869 3490 2943 exemplum,
3537 2869 3694 2942 quod
3732 2876 3860 2926 tan-

2149 2976 2322 3042 qyam
2350 2958 2844 3033 impenetrabilem
2878 2959 3151 3033 clypeum
3192 2957 3413 3015 fervida
3450 2955 3724 3014 bellatrix
3760 2973 3860 3014 ar—

2149 3047 2347 3123 ripuit,
2391 3055 2446 3106 et
2491 3053 2774 3106 venenata
2815 3049 2877 3106 in
2911 3064 2971 3107 se
3013 3046 3234 3120 spicula
3281 3045 3627 3120 dirigentem
3674 3045 3860 3105 divini

359 3143 677 3217 placentem
737 3143 963 3201 ducere.
1017 3141 1292 3214 Magnum
1356 3142 1569 3216 quippe
1629 3148 1716 3200 est
1767 3142 1915 3200 mori
1967 3140 2331 3241 proGVerbi
2363 3139 2674 3198 Siromaste
2709 3138 2972 3211 perfodit.
3014 3137 3158 3208 Hoc,
3198 3135 3412 3241 inquit,
3448 3136 3865 3241 antiquus'ho-

362 3232 608 3306 Christo,
683 3232 780 3291 sed
844 3247 960 3290 non
1045 3238 1132 3289 est
1206 3231 1456 3290 inferius
1538 3232 1736 3290 vivere
1821 3231 2066 3290 Christo.

362 3321 686 3396 Utrumque
766 3320 924 3379 enim
1004 3318 1067 3378 in
1134 3319 1354 3377 statera:
1415 3318 1631 3379 Paulus
1688 3336 1856 3394 aequa
1910 3320 2073 3380 lance

360 3411 664 3486 pendebat,
735 3426 868 3469 cum
945 3407 1212 3466 diceret:
1261 3429 1286 3461 «
1330 3408 1510 3467 Nemo
1586 3409 1743 3467 enim
1811 3417 2072 3469 nostrum

363 3499 474 3558 sibi
503 3500 668 3567 vivit,
697 3503 752 3557 et
783 3513 955 3557 nemo
984 3497 1094 3554 sibi
1118 3497 1366 3554 moritur
1394 3515 1408 3566 ;
1448 3497 1571 3554 sive
1602 3497 1762 3555 enim
1792 3497 2071 3570 vivimus,

362 3589 607 3647 Domino
633 3587 922 3658 vivimus;
960 3585 1084 3644 sive
1138 3584 1444 3657 morimur,
1487 3583 1735 3644 Domino
1766 3586 2071 3659 morimur.

365 3675 499 3738 Sive
546 3691 680 3748 ergo
728 3675 1006 3744 vivimus,
1058 3674 1183 3732 sive
1229 3674 1536 3743 morimur,
1585 3674 1819 3732 Domini
1869 3690 2076 3734 sumus

360 3766 531 3838 (Rom.
581 3766 728 3835 XIV).
765 3783 792 3816 »
832 3762 1107 3838 Quisquis
1143 3762 1322 3835 igitur
1367 3769 1520 3820 amat
1571 3764 1912 3836 martyrium
1971 3781 2074 3823 ex-

359 3852 554 3911 hibeat
581 3869 640 3911 se
667 3852 944 3928 martyrio
966 3851 1232 3923 dignum,
1285 3855 1339 3907 et
1378 3849 1640 3925 martyrii
1686 3859 2075 3924 consequetur

361 3943 560 4017 procul
590 3942 772 4001 dubio
801 3942 1132 4016 praemium.
1167 3940 1292 4000 Non
1335 3948 1519 4015 potest
1561 3941 1906 4014 sanguinem
1936 3945 2074 4000 fun-

363 4032 534 4090 dere:
584 4038 767 4106 potest
805 4033 1176 4107 semetipsum
1222 4032 1583 4105 pmnitentiae
1619 4033 1728 4091 telo
1777 4039 2076 4107 percutere

363 4125 419 4179 et
458 4121 521 4178 in
562 4121 749 4180 cordis
794 4122 1136 4180 contritione
1178 4127 1445 4180 mactare.
1486 4121 1849 4194 Prmparetur
1886 4121 1956 4179 ad
1990 4123 2070 4180 fe-

361 4209 628 4269 riendum
672 4209 932 4288 jugulus,
986 4227 1104 4269 non
1150 4211 1332 4269 deerit
1381 4205 1802 4281 remunerator,‘
1849 4212 2074 4271 etiamsi

361 4299 609 4359 defuerit
645 4300 895 4373 gladius.
939 4301 1107 4359 Deest
1143 4301 1402 4358 carnifex
1443 4301 1544 4375 qui
1581 4301 1864 4360 cervicem
1912 4309 2075 4358 exte-

362 4388 484 4447 rius
502 4389 698 4460 feriat;
734 4389 893 4447 adest
903 4389 1086 4466 judex
1109 4389 1210 4463 qui
1238 4389 1404 4448 bonae
1425 4389 1740 4449 voluntatis
1763 4391 2073 4464 praemium

363 4477 582 4534 reddat.

2156 3229 2257 3288 stis
2312 3243 2453 3288 usus
2499 3232 2584 3286 est
2630 3233 2996 3301 argumento,
3058 3241 3192 3284 cum
3242 3224 3489 3284 Domino
3544 3239 3671 3283 meo
3723 3226 3860 3282 Jesu

2156 3317 2382 3377 Christo
2407 3315 2654 3375 ostendit
2680 3315 2880 3374 omnia
2922 3329 3098 3387 regna
3140 3314 3367 3385 mundi,
3399 3311 3634 3376 dicens:
3665 3336 3692 3362 «ι
3721 3310 3862 3369 Haec

2154 3406 2351 3466 omnia
2380 3405 2481 3464 tibi
2511 3404 2680 3476 dabo,
2710 3403 2760 3462 si
2794 3403 3096 3476 procidens
3132 3401 3462 3460 adoraveris
3509 3415 3601 3460 me
3640 3401 3856 3473 (Matth.

2156 3501 2260 3568 ni).
2290 3521 2316 3545 ››

2226 3585 2373 3656 Quid
2428 3588 2512 3643 est
2565 3585 2689 3651 hoc,
2750 3582 2949 3641 fratres
3015 3581 3151 3654 mei,
3208 3579 3346 3654 quia
3390 3580 3702 3653 imperator
3755 3578 3862 3636 iste

2155 3681 2274 3733 tam
2318 3681 2537 3748 potens,
2583 3680 2698 3730 tam
2744 3671 3016 3730 sublimis
3073 3675 3309 3742 tamque
3355 3665 3629 3726 terribilis
3687 3665 3862 3739 fragi-

2154 3763 2270 3821 lem
2315 3761 2568 3834 puellam
2609 3761 2730 3819 suis
2767 3759 2994 3832 legibus
3032 3756 3193 3816 nulla
3223 3755 3410 3830 potuit
3450 3755 3671 3812 ratione
3705 3753 3864 3812 subi-

2153 3867 2305 3926 gere,
2337 3858 2393 3909 et
2419 3850 2588 3909 modo
2613 3846 2999 3922 promittendo
3028 3859 3296 3918 regnum,
3328 3843 3498 3900 modo
3523 3841 3862 3899 intentando

2155 3939 2526 4014 supplicium,
2571 3939 2910 3996 nullatenus
2964 3950 2998 3991 a
3037 3949 3144 3992 suo
3194 3931 3376 3990 valuit
3428 3928 3718 4003 proposito
3769 3929 3861 3986 di-

2157 4031 2435 4088 movere?
2489 4028 2789 4101 Sceptrum
2869 4023 3129 4099 porrigit,
3215 4020 3600 4093 dedignatur;
3677 4017 3864 4075 vibrat

2154 4118 2435 4191 gladium,
2488 4131 2606 4174 non
2645 4121 2908 4173 terretur.
2966 4111 3060 4171 Sic
3107 4110 3320 4168 artifex
3359 4113 3416 4164 et
3461 4112 3699 4165 cruenta
3734 4121 3861 4164 cru-

2154 4205 2358 4264 delitas
2427 4212 2666 4263 cunctos
2723 4202 2962 4262 malitiae
3015 4215 3137 4259 suae
3197 4213 3404 4256 nervos
3458 4202 3719 4266 exercet;
3782 4194 3865 4252 sic

2153 4293 2384 4352 blandis
2430 4294 2576 4351 dura
2620 4293 2937 4366 permiscet.
2985 4289 3261 4349 Acutiora
3299 4285 3516 4360 quippe
3560 4288 3700 4343 sunt
3736 4283 3864 4341 auri

2157 4381 2268 4440 tela
2305 4397 2480 4456 quam
2509 4381 2669 4452 ferri,
2700 4388 2756 4438 et
2786 4380 3037 4438 validius
3076 4383 3330 4436 mentem
3378 4373 3591 4448 frangit
3626 4372 3862 4430 honoris

2155 4470 2394 4530 ambitio
2461 4485 2640 4543 quam
2717 4473 3087 4527 tormentum.
3157 4464 3435 4524 Omnium
3514 4464 3706 4537 itaque
3764 4477 3864 4534 ge-

435 4564 782 4624 Studeamus
850 4567 1046 4640 igitur,
1104 4565 1488 4638 dilectissimi,
1551 4582 1686 4626 cum
1737 4538 2294 4627 beatissimoDnera
2355 4565 2545 4616 movet
2600 4572 2900 4615 armorum
2970 4561 3036 4614 ut
3117 4553 3296 4612 turris
3367 4551 3577 4610 Christi
3645 4550 3866 4624 quatiat

359 4657 683 4716 confessorc
714 4655 928 4715 Christi
956 4655 1302 4716 Barbatiano
1329 4657 1524 4716 saeculi
1555 4657 1950 4716 blandimenta
1980 4659 2073 4716 de-

360 4744 598 4819 spicere,
659 4761 853 4804 rerum
913 4746 1316 4820 temporalium
1377 4747 1737 4806 afﬂuentiam
1792 4748 2067 4820 devitare,

357 4835 548 4894 carnis
595 4835 884 4894 incentiva
924 4836 1256 4910 reprimere,
1312 4852 1541 4895 crucem
1595 4841 1722 4911 post
1776 4836 2066 4896 Christum

358 4921 530 4978 etiam
577 4920 639 4979 in
687 4937 825 4995 pace
867 4922 1246 4980 ecclesiastica
1297 4922 1577 4995 bajulare,
1626 4930 1912 4996 quatenus
1967 4925 2070 4998 qui

360 5025 514 5068 nunc
540 5011 667 5085 ejus
696 5010 1038 5069 imitabilem
1064 5011 1365 5086 sequimur
1395 5013 1570 5072 vitam
1601 5028 1734 5072 cum
1763 5014 1886 5088 ipso
1915 5020 2068 5088 post-

360 5101 596 5160 modum
626 5100 1067 5160 desiderabilem
1093 5101 1478 5175 perducamur
1505 5103 1576 5160 ad
1615 5101 1880 5178 gloriam,
1926 5119 2069 5178 pra:-

358 5196 543 5250 stante
568 5192 814 5251 Domino
847 5200 1037 5252 nostro
1063 5193 1201 5252 Jesu
1232 5191 1480 5264 Christo,
1512 5193 1615 5268 qui
1645 5209 1781 5252 cum
1813 5194 1977 5253 Patre
2013 5200 2069 5253 et

361 5279 578 5353 Spiritu
608 5289 804 5340 sancto
834 5282 978 5340 vivit
1016 5288 1071 5340 et
1112 5281 1397 5355 gloriatur
1444 5298 1541 5356 per
1585 5283 1813 5342 inﬁnita
1855 5283 2065 5342 saecula

357 5372 726 5430 saeculorum.
766 5375 974 5431 Amen.

974 5461 1222 5522 SEBMO
1249 5462 1451 5522 LXVI.

358 5561 431 5607 DE
458 5562 682 5609 SANCTA
721 5564 991 5611 COLUMBA
1023 5565 1266 5614 VIRGINE
1296 5566 1367 5611 ET
1397 5565 1678 5613 MARTYRE
1713 5556 1865 5626 (xxx
1891 5556 2064 5628 nec).

431 5638 580 5697 Dum
635 5648 940 5713 recentem,
997 5643 1113 5702 imo
1155 5649 1497 5717 praesentem
1540 5643 1750 5716 adhuc,
1810 5643 2067 5718 Virginis

2154 4649 2641 4719 fundamentum;
2711 4647 2793 4704 sic
2862 4645 3132 4706 columna
3191 4643 3292 4702 Dei
3348 4648 3672 4717 perseverat
3739 4640 3859 4698 im-

2152 4740 2385 4801 mobilis
2434 4743 2491 4798 et
2543 4744 2828 4796 armatum
2892 4753 3085 4811 regem
3157 4731 3400 4793 inermis
3455 4730 3648 4808 puella
3719 4747 3864 4791 con-

2153 4831 2374 4893 temnit.

2221 4921 2577 4996 Dedignatur
2634 4934 2756 4977 esse
2809 4934 2992 4977 nurus
3046 4913 3431 4992 imperatoris,
3480 4929 3597 4974 non
3650 4911 3864 4988 refugit

2149 5011 2374 5072 cruenti
2425 5009 2617 5068 subire
2663 5005 3051 5066 cruciamenta
3108 5005 3356 5065 tortoris.
3412 5001 3562 5073 Quid
3619 5007 3724 5072 est,
3771 5001 3867 5060 in-

2148 5119 2349 5180 quam,
2398 5101 2549 5178 quod
2597 5099 2823 5173 fragilis
2861 5113 3038 5158 sexus
3077 5097 3386 5156 inﬁrmitas
3441 5111 3474 5153 a
3514 5099 3670 5153 tanta
3720 5090 3865 5151 telo-

2149 5211 2280 5256 rum
2297 5193 2581 5269 grandine
2605 5205 2718 5250 non
2735 5189 3096 5250 concutitur?
3113 5189 3282 5248 Modo
3308 5185 3602 5246 blanditiis
3622 5181 3865 5242 delinita

2149 5299 2268 5345 non
2340 5280 2606 5349 ﬂectitur,
2671 5279 2840 5337 modo
2909 5277 3299 5337 intonantium
3382 5274 3679 5333 minarum
3758 5272 3864 5329 im-

2148 5376 2322 5451 petita
2363 5371 2709 5431 stridoribus
2750 5385 2865 5429 non
2912 5376 3197 5429 movetur.
3249 5367 3399 5440 Quid
3447 5375 3532 5426 est
3580 5366 3708 5436 hoc,
3749 5364 3866 5424 nisi

2148 5464 2287 5539 quia
2317 5462 2414 5520 ille
2449 5468 2662 5520 nostra)
2701 5461 2892 5519 carnis
2928 5459 3164 5518 inﬁrma
3199 5463 3528 5532 susceperat
3573 5455 3679 5530 qui
3709 5454 3869 5512 debi-

2148 5555 2304 5613 libus
2363 5559 2420 5610 et
2481 5551 2733 5609 infirmis
2803 5549 2978 5609 robur
3021 5563 3143 5608 sum
3184 5546 3542 5607 fortitudinis
3614 5544 3866 5605 admini-

2148 5645 2322 5715 strat?
2380 5643 2466 5701 Ad
2529 5642 2635 5701 hoc
2697 5640 2854 5705 enim
2914 5639 3018 5700 Dei
3071 5637 3260 5698 virtus
3310 5636 3611 5696 exinanita
3660 5639 3747 5694 est
3800 5639 3868 5692 ut
