4178 6460
396 502 501 564 883

1016 499 1078 559 S.
1117 496 1339 558 PETRI
1377 491 1701 556 DAMIANI
1737 488 1895 552 OPP.
1939 489 2132 552 PARS
2173 492 2317 554 SEU
2354 495 2607 559 TOMUS
2649 497 2726 558 II.
2768 529 2835 544 --
2875 497 3296 560 SERMONES.

3803 504 3911 566 884

399 628 632 689 inﬁrma
658 631 853 685 nostra
880 625 1153 682 ﬁrmaret.
1186 622 1271 680 Ad
1302 621 1410 680 hoc
1440 619 1541 678 Dei
1569 615 1895 677 sublimitas
1932 617 2104 674 incli-
2135 619 2347 691 Aduod
2418 621 2557 679 foris
2621 626 2707 680 est
2774 622 3044 681 defendat
3104 620 3280 680 molle
3345 624 3498 697 quod
3576 626 3739 687 intus
3805 638 3912 691 est.

396 726 532 778 nata
554 722 639 775 est
667 723 729 774 ut
753 714 1002 789 dejectos
1028 714 1290 786 erigeret.
1321 711 1409 768 Ad
1440 710 1546 768 hoc
1574 708 1690 767 vita
1711 707 2109 780 moridignata

400 814 485 870 est
514 814 579 867 ut
607 807 809 866 mortis
836 804 1152 879 imperium
1179 804 1499 868 destruens,
1533 799 1602 857 ad
1644 799 1823 857 vitam
1855 803 2111 857 mortuos

402 905 710 957 revocaret.
768 894 931 965 Quod
987 894 1268 953 nimirum
1323 892 1496 949 etiam
1577 890 1640 947 in
1709 888 1834 961 ipso
1887 888 2113 963 generis

403 984 649 1045 humani
718 982 1038 1043 declaratur
1107 978 1364 1039 exordio.
1400 976 1687 1051 Scriptum
1743 984 1828 1034 est
1876 976 2032 1034 enim
2097 993 2108 1031 :

406 1098 434 1125 α
462 1073 607 1144 Quia
636 1074 879 1132 immisit
906 1071 1186 1131 Dominus
1213 1082 1472 1141 s0porem
1503 1066 1562 1124 in
1593 1066 1812 1137 Adam;
1857 1082 2113 1139 cumque

403 1163 802 1231 obdormisset,
836 1161 967 1219 tulit
1022 1175 1199 1218 unam
1247 1158 1319 1215 de
1368 1156 1541 1215 costis
1591 1155 1738 1227 ejus,
1765 1163 1820 1213 et
1871 1156 2112 1228 replevit

377 1265 636 1316 carnem
663 1269 764 1326 pro
791 1268 876 1323 ea,
918 1258 973 1311 et
1007 1248 1381 1310 readiﬁcavit
1410 1255 1645 1317 costam,
1680 1261 1856 1320 quam
1903 1247 2114 1304 tulerat

407 1344 694 1405 Dominus
768 1342 839 1401 de
902 1342 1088 1399 Adam
1161 1338 1226 1396 in
1301 1337 1607 1396 mulierem
1680 1337 1856 1406 (Gen.
1911 1338 2016 1406 II).
2084 1356 2111 1387 »

411 1431 600 1504 Super
632 1445 749 1504 quo
775 1443 911 1486 cum
940 1426 1271 1501 loqueretur
1302 1422 1628 1496 Apostolus,
1663 1421 1862 1480 dicens
1894 1441 1906 1479 :
1943 1445 1967 1472 α
2001 1422 2114 1480 Re-

408 1518 635 1594 linquet
674 1519 845 1576 homo
874 1523 1090 1586 patrem
1121 1520 1177 1571 et
1217 1518 1457 1570 matrem
1489 1525 1676 1580 suam,
1707 1516 1763 1567 et
1798 1510 2118 1575 adhaerebit

410 1609 583 1668 uxori
632 1623 777 1677 sua,
835 1612 891 1664 et
948 1611 1121 1662 erunt
1170 1602 1286 1661 duo
1343 1602 1407 1659 in
1462 1614 1634 1658 carne
1689 1614 1853 1669 una;
1886 1618 1914 1651 »
1962 1611 2115 1672 pra-

412 1704 499 1757 sto
559 1695 870 1769 subjunxit
916 1711 928 1748 :
974 1713 1001 1748 ‹‹
1049 1690 1482 1750 Sacramentum
1527 1690 1637 1747 hoc
1682 1702 1958 1761 magnum
2010 1697 2113 1744 est.

411 1786 532 1861 Ego
562 1793 756 1844 autem
782 1784 910 1841 dico
935 1782 998 1840 in
1021 1779 1245 1839 Christo
1271 1785 1324 1835 et
1352 1780 1415 1836 in
1447 1777 1697 1835 Ecclesia
1725 1779 1940 1848 (Ephes.
1972 1777 2051 1847 γ).
2086 1796 2115 1828 ››

414 1874 485 1933 Et
536 1889 668 1931 vere
725 1884 952 1943 magna
1001 1869 1231 1928 virtutis
1281 1867 1589 1934 indicium,
1650 1864 1931 1923 miranda
1984 1878 2117 1937 pro—

414 1961 716 2021 funditatis
763 1967 848 2018 est
903 1962 1346 2017 sacramentum.
1411 1955 1515 2013 Per
1567 1953 1755 2013 Adam
1830 1953 2119 2027 siquidem

413 2050 695 2119 Christus,
724 2063 824 2120 per
855 2047 1035 2106 Evam
1064 2046 1400 2118 designatur
1420 2043 1693 2102 Ecclesia.
1726 2041 1872 2112 Quid
1905 2048 1988 2101 est
2019 2058 2123 2100 au-

416 2147 530 2198 tem
578 2138 727 2212 quod
784 2135 948 2210 prius
999 2134 1183 2193 Adam
1228 2133 1513 2193 Dominus
1568 2132 1876 2206 soporavit,
1912 2130 2119 2189 deinde

414 2234 629 2287 costam
682 2242 756 2284 ex
812 2225 937 2299 ejus
1003 2224 1205 2294 latere,
1258 2223 1415 2280 unde
1459 2221 1670 2280 mulier
1726 2220 2073 2278 formaretur
2108 2265 2121 2288 ,

418 2314 643 2384 eduxit,
682 2312 796 2371 nisi
823 2311 961 2385 quia
987 2310 1151 2383 prius
1171 2309 1519 2382 Redemptor
1540 2309 1603 2365 in
1640 2314 1822 2366 morte
1851 2306 2127 2365 dormivit

417 2403 613 2476 sicque
639 2402 708 2460 de
736 2401 910 2459 latere
952 2398 1080 2471 ejus
1124 2399 1185 2455 in
1226 2396 1498 2456 Ecclesia
1535 2399 1961 2454 sacramentum
2000 2410 2125 2453 san-

415 2493 548 2567 guis
583 2499 638 2550 et
674 2505 823 2564 aqua
853 2487 1126 2562 proﬂuxit
1152 2488 1178 2545 ?
1206 2484 1507 2546 Translata
1531 2492 1617 2543 est
1640 2485 1761 2542 Eva
1795 2484 1866 2541 de
1900 2483 2010 2540 viri
2041 2483 2126 2540 la-

415 2587 535 2640 tere
563 2578 932 2647 dormientis;
964 2573 1111 2632 359
1139 2576 1323 2635 exivit
1347 2575 1598 2634 Ecclesia
1622 2575 1691 2632 de
1712 2574 1891 2632 latere
1922 2570 2125 2630 Salva-

418 2671 557 2731 toris
578 2671 636 2729 in
664 2685 832 2728 cruce
857 2667 1180 2741 pendentis.

493 2757 605 2817 Sed
630 2757 773 2832 quid
807 2763 891 2814 est
935 2753 1089 2829 quod
1122 2752 1488 2827 omnipotens
1519 2751 1792 2811 Conditor
1827 2766 1962 2810 cum
1997 2765 2126 2808 mu-

419 2848 620 2908 lierem
671 2848 741 2905 de
782 2847 929 2913 viro,
969 2844 1026 2901 id
1075 2849 1179 2914 est,
1212 2840 1474 2914 fragilem
1525 2856 1732 2900 sexum
1783 2841 1854 2899 de
1903 2839 2126 2898 fortiori

422 2949 737 3010 propagare
774 2932 1118 3006 disponeret,
1174 2946 1291 2988 non
1332 2928 1444 2987 viri
1491 2945 1742 2999 carnem,
1774 2929 1871 2988 sed
1918 2944 2128 3019 os.po-

425 3022 543 3081 tius
606 3020 677 3078 ad
728 3019 1051 3077 faciendam
1098 3017 1376 3074 feminam
1424 3016 1535 3074 sibi
1591 3017 1777 3076 voluit
1830 3015 2129 3074 materiam

420 3109 754 3170 exhibere?
784 3108 974 3167 P0tuit
1018 3108 1175 3166 enim
1218 3107 1371 3166 Deus
1415 3108 1640 3167 homini
1685 3124 1915 3167 carnem
1947 3108 2132 3165 detra-

425 3203 584 3274 here,
610 3200 768 3260 unde
797 3200 1015 3257 femina
1053 3199 1421 3272 formaretur,
1462 3207 1517 3258 et
1558 3200 1662 3257 hoc
1694 3206 1845 3257 certe
1883 3213 2128 3272 congru-

424 3294 620 3354 entius
667 3292 976 3352 videretur.
1012 3291 1236 3351 Sciebat
1266 3291 1425 3349 enim
1470 3305 1646 3349 sexus
1695 3289 1944 3348 debilior
1989 3289 2129 3363 quid

424 3383 706 3443 nimirum
733 3384 1181 3457 consequentius
1198 3381 1270 3440 de
1293 3383 1484 3441 carnis
1505 3381 1841 3441 inﬁrmitate
1866 3396 2041 3456 quam
2056 3396 2129 3438 ex

422 3474 567 3535 ossis
600 3474 930 3551 procederet
968 3473 1326 3544 fortitudine,
1357 3480 1413 3532 et
1449 3480 1514 3532 ut
1552 3475 1736 3548 magis
1773 3480 2003 3548 stupeas
2041 3474 2131 3530 di-

422 3565 545 3623 vini
581 3565 769 3638 operis
808 3569 1256 3635 sacramentum,
1301 3579 1413 3622 non
1458 3579 1559 3636 pro
1596 3579 1723 3621 osse
1753 3579 1818 3622 os
1857 3563 2130 3630 reddidit,

423 3654 523 3713 sed
551 3636 724 3713 carne
767 3652 956 3725 potius
990 3652 1144 3724 quod
1198 3652 1262 3708 in
1305 3651 1419 3708 viri
1465 3666 1699 3726 corpore
1749 3651 1984 3709 vacabat
2016 3650 2125 3708 im-

420 3740 646 3816 plevit?
675 3739 839 3800 Unde
869 3740 1163 3812 Scriptura
1201 3754 1335 3798 cum
1378 3737 1527 3797 dixit
1561 3763 1572 3796 :
1605 3759 1632 3793 ‹‹
1659 3738 1819 3797 Tulit
1853 3753 2033 3797 unam
2064 3738 2135 3795 de

421 3831 592 3890 costis
638 3831 795 3905 ejus;
854 3850 882 3883 »
934 3844 1072 3887 mox
1126 3828 1390 3887 addidit:
1429 3853 1456 3878 α
1493 3828 1560 3886 Et
1607 3828 1847 3903 replevit
1893 3843 2133 3887 carnem

422 3938 526 3998 pro
564 3938 631 3981 ea
664 3924 810 3997 (Gen.
851 3924 1004 3987 II).’»
1048 3920 1268 3979 Poterat
1303 3935 1513 3994 nempe
1545 3920 1615 3979 ad
1655 3920 1959 3978 mulierem
1993 3918 2137 3991 plas-

424 4011 697 4070 mandam
738 4025 968 4070 carnem
1007 4009 1133 4067 viro
1172 4007 1508 4071 detrahere.
1561 4015 1781 4084 poterat
1819 4025 1948 4067 osse
1987 4010 2132 4068 ossis

426 4100 799 4175 dispendium
842 4099 902 4157 in
958 4098 1222 4157 mutilato
1275 4113 1510 4172 corpore
1560 4105 1900 4171 restaurare,
1935 4099 2031 4157 sed
2074 4115 2139 4158 os

427 4190 565 4249 tulit
608 4195 663 4246 et
711 4203 938 4247 carnem
972 4187 1237 4258 reddidit,
1266 4187 1463 4264 sicque
1507 4186 1770 4261 fragilem
1814 4188 1884 4247 de
1928 4190 2139 4249 virtute

429 4278 719 4341 formavit.

507 4365 720 4426 Debilis
771 4366 962 4443 itaque
1022 4368 1204 4427 factus
1257 4374 1341 4427 est
1405 4366 1609 4430 Adam.
1642 4372 1707 4423 ut
1758 4367 1924 4424 fortis
1982 4367 2144 4426 ﬁeret

432 4458 572 4517 Eva.
613 4455 948 4515 Inﬁrmatus
986 4462 1068 4513 est
1109 4455 1397 4521 Christus,
1445 4462 1507 4511 ut
1547 4455 1912 4512 roboraretur
1948 4455 2138 4513 Eccle-

429 4551 534 4608 sia.
584 4544 756 4605 Illius
803 4546 963 4604 enim
1011 4543 1323 4602 inﬁrmitas
1372 4549 1567 4600 nostra
1615 4548 1699 4599 est
1760 4542 2052 4614 fortitudo,
2089 4550 2145 4601 et

431 4638 503 4696 ad
558 4638 665 4695 hoc
718 4634 815 4693 ille
872 4640 1126 4693 nostram
1178 4632 1416 4707 pertulit
1464 4631 1889 4701 inﬁrmitatem,
1952 4639 2018 4690 ut
2070 4632 2138 4690 ad

433 4741 599 4785 suam
646 4739 749 4782 nos
797 4729 1070 4791 statueret
1113 4698 1533 4780 fortitudinem.
1574 4742 1595 4771 οι
1630 4718 1787 4789 Quod
1838 4698 2216 4780 infirmumD

433 4823 515 4874 est
546 4815 763 4887 Dei,ait
782 4814 1108 4888 Apostolus,
1131 4811 1337 4869 fortius
1359 4816 1442 4866 est
1468 4810 1808 4868 hominibus
1833 4815 1876 4881 (Ι
1894 4814 2013 4869 Cor.
2046 4823 2137 4879 1].!

435 4904 506 4964 Et
555 4904 741 4963 alibi:
797 4923 825 4957 «
883 4903 1030 4961 Nam
1085 4899 1191 4958 etsi
1244 4899 1561 4959 crucifixus
1614 4905 1698 4959 est
1749 4902 2014 4961 Christus
2068 4918 2142 4960 ex

437 4993 790 5054 inﬁrmitate.
818 4994 914 5051 sed
962 4990 1107 5049 vivit
1157 5007 1229 5049 ex
1278 4989 1488 5049 virtute
1535 4991 1656 5051 Dei.
1688 4992 1830 5051 Nam
1882 4993 1990 5052 etsi
2040 5008 2145 5051 nos

438 5084 656 5144 inﬁrmi
681 5098 886 5142 sumus
918 5083 976 5137 in
1016 5080 1134 5150 illo,
1165 5080 1263 5139 sed
1291 5080 1546 5141 vivimus
1574 5098 1704 5141 cum
1735 5099 1801 5141 eo
1830 5099 1903 5140 cx
1935 5083 2145 5141 virtute

435 5177 539 5235 Dei
586 5180 666 5245 (II
707 5176 826 5233 Cor.
859 5178 1013 5240 xm).
1053 5193 1080 5224 »
1111 5172 1424 5232 Enimvero
1472 5173 1671 5232 saculi
1727 5174 1902 5247 hujus
1951 5172 2142 5231 homi-

437 5285 559 5337 nes,
612 5267 715 5341 qui
764 5265 1048 5325 bellorum
1099 5263 1366 5323 ambiunt
1408 5265 1619 5324 virtute
1668 5266 1998 5335 clarescere,
2041 5265 2145 5338 qui

439 5375 540 5432 per
583 5374 682 5416 ora
738 5354 897 5429 vulgi
952 5370 1084 5414 suas
1129 5358 1324 5429 Optant
1370 5354 1637 5413 victorias
1683 5355 1978 5427 celebrari,
2012 5371 2143 5414 cum

440 5446 753 5519 ingressuri
786 5450 922 5504 sunt
960 5445 1230 5519 praelium
1264 5443 1322 5502 in
1365 5460 1599 5517 corpore
1639 5460 1760 5513 suo,
1793 5445 1945 5517 quod
1975 5443 2142 5502 inﬁr-

444 5549 608 5594 mum
640 5542 723 5593 est
758 5542 811 5593 et
842 5533 1017 5592 molle
1057 5532 1396 5605 subjiciunt,
1429 5533 1578 5605 quod
1621 5532 1832 5591 durum
1863 5539 1947 5590 est
1975 5539 2146 5608 atque

439 5623 509 5681 ad
539 5624 952 5697 penetrandum
985 5622 1215 5680 difﬁcile
1242 5627 1657 5695 superponunt.
1686 5620 1907 5679 Loricis
1931 5621 2146 5695 quippe

438 5728 501 5771 se
543 5711 743 5769 ferreis
788 5711 1059 5781 induunt,
1111 5724 1363 5781 carnem,
1396 5726 1528 5784 qua
1573 5708 1739 5767 facile
1784 5709 1931 5767 cedit
1981 5710 2140 5780 ictui,

439 5800 726 5860 custodire
786 5798 1162 5871 contendunt,
1224 5806 1288 5858 ut
1351 5800 1498 5861 illud
1575 5801 1789 5861 durum
1861 5818 1925 5859 ac
2002 5801 2144 5862 forte

2264 709 2611 784 Redemptor
2670 720 2878 783 noster,
2933 727 3070 771 cum
3130 713 3305 787 hujus
3361 716 3569 774 mundi
3639 734 3914 794 campum

2194 807 2557 870 pugnaturus
2586 802 2930 874 ingreditur,
2960 816 3094 861 cum
3119 802 3191 861 ad
3224 801 3599 865 debellaudas
3630 810 3781 867 aeris
3809 811 3918 871 bu-

2192 884 2291 956 jus
2333 886 2624 960 nequitias
2665 888 2824 946 fortis
2863 889 3156 962 praliator
3191 896 3472 961 armatur,
3504 894 3644 967 quia
3692 912 3916 957 novum

2198 972 2438 1031 debebat
2499 976 2784 1036 instruere
2838 979 3151 1050 pralium,
3201 995 3421 1038 novum
3472 981 3666 1041 induit
3723 1002 3918 1059 genus

2196 1079 2512 1135 armorum,
2539 1067 2805 1126 videlicet
2836 1076 2898 1126 ut
2931 1069 3086 1142 quod
3112 1069 3413 1128 infirmum
3436 1078 3521 1129 est
3553 1089 3914 1147 superpone-

2202 1158 2302 1222 ret,
2337 1162 2393 1212 et
2425 1156 2575 1228 quod
2619 1156 2920 1215 robustum
2959 1164 3044 1215 cst
3082 1160 3420 1228 occultaret,
3455 1160 3691 1220 loricam
3725 1164 3914 1237 siqui-

2198 1241 2329 1299 dem
2376 1242 2684 1302 imbecilla
2724 1246 2915 1303 carnis
2951 1246 3143 1306 induit
3179 1253 3235 1304 et
3271 1248 3726 1321 insuperabilem
3765 1252 3917 1311 divi-

2200 1330 2399 1390 nitatis
2445 1333 2843 1392 fortitudinem
2889 1336 3215 1396 occultavit.
3263 1336 3357 1397 Sic
3402 1340 3485 1397 sic
3536 1357 3638 1414 per
3678 1358 3919 1401 carnem

2202 1419 2468 1479 diabolus
2498 1437 2532 1478 a
2559 1424 2811 1492 secundo
2843 1425 3077 1483 homine
3119 1426 3370 1500 perdidit
3395 1429 3498 1502 qui
3540 1445 3640 1503 per
3678 1446 3918 1489 carnem

2200 1509 2421 1569 dudum
2475 1512 2728 1584 primum
2768 1514 3065 1572 hominem
3094 1517 3406 1589 superavit,
3443 1517 3761 1594 eademque
3802 1518 3918 1577 sibi

2204 1615 2362 1657 nunc
2403 1601 2591 1659 ruina
2628 1601 2775 1659 facta
2813 1608 2898 1661 est
2933 1619 3107 1662 causa
3148 1619 3281 1679 qua
3321 1607 3578 1666 victoria
3616 1608 3806 1668 fuerat
3844 1608 3923 1667 de

2202 1688 2391 1762 primo
2424 1696 2654 1762 parente
2682 1691 2939 1749 materia.

2280 1779 2398 1839 Hoc
2435 1797 2537 1855 per
2573 1783 2866 1858 allegoria
2906 1787 3246 1861 mysterium
3286 1804 3379 1847 res
3421 1789 3524 1848 illa
3558 1794 3922 1865 pramonuit

2207 1871 2359 1943 quod
2403 1871 2585 1931 David
2616 1889 2649 1930 a
2689 1874 2831 1933 facie
2861 1877 3013 1950 regis
3052 1875 3194 1936 Saul
3243 1879 3476 1953 fugiens
3510 1881 3571 1938 in
3607 1882 3925 1955 praesentia

2143 1959 2385 2040 BAcbis
2432 1961 2583 2033 regis
2629 1961 2775 2021 Geth
2831 1980 2891 2022 se
2939 1966 3127 2024 furere
3184 1965 3504 2027 simulavit.
3560 1969 3712 2028 Dicit
3759 1970 3921 2028 enim

2213 2045 2526 2119 Scriptura,
2560 2050 2696 2122 quia
2733 2072 2760 2104 «
2791 2052 3126 2112 deﬂuebant
3171 2055 3371 2114 saliva
3407 2057 3534 2132 ejus
3573 2058 3636 2116 in
3675 2057 3922 2117 barbam

2213 2140 2261 2202 (Ι
2295 2140 2422 2206 Reg.
2458 2142 2611 2197 XXI).
2646 2158 2673 2190 »
2720 2138 2869 2197 Sane
2912 2142 3050 2215 quia
3088 2141 3264 2201 barba
3302 2144 3415 2202 viri
3459 2150 3543 2203 est
3584 2146 3917 2220 proprium,

2211 2225 2352 2299 quid
2380 2233 2465 2284 est
2495 2243 2596 2300 per
2634 2228 2947 2301 mysticum
2984 2229 3367 2302 intellectum,
3399 2233 3511 2290 nisi
3554 2233 3788 2292 virtutis
3822 2233 3923 2291 in-

2211 2313 2479 2372 dicium?
2506 2314 2655 2384 Quid
2685 2332 2820 2390 ergo
2847 2332 2948 2391 per
2973 2319 3204 2392 salivas,
3244 2335 3377 2394 qua
3408 2321 3688 2382 nimirum
3719 2322 3922 2381 ﬂuida

2214 2408 2349 2458 sunt
2376 2409 2430 2460 et
2461 2403 2660 2475 ﬂuxa,
2693 2404 2805 2463 nisi
2851 2405 3039 2463 carnis
3081 2407 3436 2467 infirmitas?
3467 2410 3618 2481 Quid
3653 2428 3782 2471 vero
3818 2428 3923 2487 per

2212 2488 2470 2558 barbam,
2519 2492 2630 2550 nisi
2679 2492 3000 2552 divinitatis
3045 2495 3335 2554 innuitur'
3368 2498 3688 2558 fortitudo?
3728 2500 3925 2558 Barba

2213 2593 2348 2652 ergo
2387 2580 2584 2638 salivis
2631 2580 3018 2641 deﬂuentibus
3064 2585 3338 2658 operitur,
3370 2587 3510 2660 quia
3557 2588 3748 2662 fragili
3793 2600 3923 2648 car-

2215 2667 2306 2725 nis
2356 2668 2641 2726 velamine
2679 2669 3001 2729 divinitatis
3044 2672 3226 2732 virtus
3260 2675 3545 2734 induitur.
3601 2674 3714 2736 Sed
3764 2678 3922 2752 quod

2215 2755 2396 2814 David
2446 2758 2890 2831 dispensationis
2946 2760 3147 2832 agebat
3202 2761 3508 2834 industria,
3571 2766 3675 2823 hoc
3732 2781 3767 2823 a
3827 2780 3927 2823 ne-

2215 2845 2533 2904 scientibus
2568 2848 2875 2919 putabatur
2906 2847 3153 2907 insania.
3194 2851 3353 2909 Unde
3383 2852 3557 2911 Achis
3582 2854 3766 2911 servis
3794 2855 3927 2912 suis

2215 2935 2297 2992 ait
2346 2955 2357 2992 :
2407 2956 2433 2987 «
2465 2934 2704 2993 Vidistis
2734 2937 3031 2995 hominem
3063 2938 3359 3011 insanum,
3411 2938 3554 2997 360
3584 2958 3764 3016 quare
3820 2943 3925 3001 ad-

2214 3024 2465 3083 duxistis
2494 3040 2627 3083 eum
2654 3024 2727 3083 ad
2756 3027 2892 3084 me?
2921 3027 3013 3083 An
3046 3026 3259 3085 desunt
3299 3029 3466 3089 nobis
3506 3030 3731 3103 furiosi,
3762 3032 3925 3107 quod

2216 3112 2618 3173 introduxistis
2648 3114 2825 3173 istum
2857 3122 2918 3172 ut
2944 3116 3163 3174 fureret
3199 3132 3289 3175 me
3313 3126 3593 3193 prasente
3615 3119 3644 3178 ?
3681 3144 3701 3173 ι
3734 3123 3924 3193 (Ibid.)

2217 3202 2421 3261 Nonne
2458 3204 2631 3261 etiam
2659 3217 2798 3261 vero
2835 3201 3039 3275 David,
3072 3204 3439 3280 Redemptori
3479 3217 3698 3280 nostro,
3729 3209 3931 3268 simile

2217 3289 2356 3361 quid
2397 3289 2621 3361 accidit,
2657 3296 2719 3348 ut
2752 3289 3002 3351 insanus
3034 3292 3107 3350 ab
3146 3293 3579 3357 insanientibus
3622 3304 3929 3373 putaretur

2215 3386 2270 3437 et
2307 3380 2584 3438 miracula
2621 3396 2723 3454 per
2758 3381 3049 3443 damones
3095 3400 3267 3457 agere
3298 3402 3331 3443 τι
3364 3386 3736 3447 damoniacis
3769 3389 3931 3448 dice-

2217 3471 2422 3527 retur?
2472 3469 2625 3526 Hinc
2677 3476 2779 3539 est,
2839 3472 2991 3545 quod
3053 3472 3280 3533 Marcus
3334 3477 3692 3548 evangelista
3737 3477 3928 3536 dicit:

2221 3559 2344 3641 «_Et
2380 3574 2514 3618 cum
2543 3559 2824 3620 vidissent
2850 3561 2963 3633 sui,
2993 3562 3266 3622 exierunt
3312 3570 3505 3623 tenere
3548 3580 3703 3624 eum.
3757 3565 3931 3624 Dice-

2216 3648 2354 3705 bant
2398 3649 2559 3706 enim
2589 3668 2601 3706 :
2634 3649 2919 3719 Quoniam
2969 3653 3029 3709 in
3070 3652 3322 3712 furorem
3365 3669 3566 3713 versus
3606 3661 3694 3712 est
3732 3657 3929 3729 (Marc.

2219 3739 2313 3800 tu).
2351 3760 2371 3790 ι
2407 3736 2632 3807 Quibus
2670 3741 2863 3799 verbis
2890 3742 3159 3815 protinus
3192 3742 3413 3801 addidit
3448 3763 3461 3800 :
3516 3765 3537 3794 ι
3572 3742 3641 3800 Et
3686 3741 3931 3810 Scriba,

2215 3830 2318 3903 qui
2356 3829 2427 3887 ab
2466 3828 2888 3905 Hierosolymis
2939 3832 3378 3904 descenderant,
3414 3832 3682 3891 dicebant
3720 3857 3731 3889 :
3770 3830 3930 3901 Quo-

2220 3917 2375 3974 niam
2408 3916 2726 3978 Beelzebub
2751 3919 2943 3991 habet,
2975 3927 3031 3977 et
3061 3921 3199 3995 quia
3232 3920 3291 3978 in
3325 3920 3584 3995 principe
3613 3919 3938 3979 damouio-

2221 4024 2353 4067 rum
2380 4007 2537 4080 ejicit
2570 4009 2859 4068 damonia
2896 4010 3096 4079 (Ibid.)
3126 4032 3147 4061 ιι
3192 4009 3366 4069 Porro
3393 4018 3614 4079 autem,
3645 4010 3783 4084 quia
3835 4024 3932 4067 sa-

2223 4099 2358 4158 liva
2387 4100 2722 4172 frequenter
2764 4116 2838 4158 ex
2874 4100 3187 4161 infantium
3227 4117 3326 4160 ore
3356 4092 3697 4173 decurrunt,
3732 4116 3938 4160 nonne

2224 4190 2386 4248 velut
2433 4190 2723 4249 infantilia
2783 4190 3131 4252 videbantur
3183 4193 3402 4266 verba,
3452 4208 3587 4253 cum
3647 4193 3867 4251 diceret
3920 4216 3936 4251 :

2226 4301 2252 4332 ‹‹
2286 4280 2410 4337 Nisi
2452 4280 2942 4340 manducaveritis
2979 4297 3215 4340 carnem
3245 4282 3380 4341 Filii
3418 4280 3678 4342 hominis
3706 4286 3761 4340 et
3782 4280 3944 4340 bibe-

2225 4371 2351 4428 ritis
2390 4369 2517 4443 ejus
2539 4370 2903 4443 sanguinem,
2939 4387 3055 4431 non
3091 4371 3375 4431 habebitis
3402 4372 3583 4431 vitam
3628 4370 3691 4429 in
3722 4370 3891 4430 vobis
3914 4371 3945 4428 ἱ)

2225 4457 2387 4528 Quod
2440 4459 2739 4517 audientes
2782 4457 3077 4533 discipuli,
3124 4459 3438 4518 dicebant:
3482 4460 3678 4519 Durus
3714 4465 3801 4516 est
3839 4457 3948 4517 hic

2227 4563 2435 4620 sermo,
2463 4554 2517 4607 et
2545 4549 2677 4624 quis
2706 4554 2887 4626 potest
2913 4565 3050 4609 eum
3075 4548 3374 4609 audire?»
3411 4553 3588 4616 (Iaca.
3613 4549 3719 4614 Vi.)
3736 4548 3805 4606 Et
3834 4548 3953 4607 sic-

2228 4644 2293 4695 ut
2324 4636 2679 4710 evangelista
2716 4636 2910 4703 refert,
2957 4656 2985 4690 «
3012 4637 3131 4710 jam
3180 4653 3296 4697 non
3341 4652 3475 4694 cum
3524 4635 3627 4694 illo
3666 4633 3953 4694 ambula-

2231 4724 2384 4782 bant.
2422 4745 2448 4777 »
2508 4723 2619 4782 Sed
2670 4723 2797 4782 ista
2851 4722 3052 4782 saliva
3107 4724 3343 4783 barbam
3409 4723 3593 4782 David
3650 4721 3952 4797 tegebant,

2229 4813 2365 4886 quia
2413 4812 2524 4870 sub
2577 4812 2668 4870 his
2715 4812 3082 4872 infantilibus
3120 4815 3314 4874 verbis
3361 4812 3543 4872 virtus
3598 4811 3802 4870 divina
3858 4812 3956 4871 la-

2235 4901 2402 4959 tebat.

2302 4990 2507 5049 Factus
2563 4998 2647 5050 est
2704 5007 2838 5065 ergo
2891 4992 3238 5067 Redemptor
3294 4998 3484 5050 noster
3530 4990 3826 5059 inﬁrmus,
3885 4996 3959 5048 ut

2233 5095 2336 5139 nos
2380 5080 2551 5139 fortes
2596 5081 2870 5154 efﬁceret;
2905 5081 3064 5141 visus
3108 5088 3194 5140 est
3245 5080 3479 5150 stultus,
3517 5085 3580 5138 ut
3622 5077 3691 5136 ad
3739 5093 3959 5137 veram

2232 5188 2337 5232 nos
2392 5173 2733 5247 sapientiam
2788 5181 3095 5231 revocaret.
3160 5171 3321 5230 Unde
3375 5170 3515 5229 dicit
3568 5167 3893 5243 Apostolus
3939 5190 3953 5229 :

2237 5286 2258 5315 ι
2290 5261 2436 5331 Quia
2465 5264 2615 5336 quod
2657 5265 2900 5321 stultum
2927 5269 3009 5320 est
3040 5263 3161 5331 Dei,
3204 5260 3526 5334 sapientius
3559 5263 3645 5316 est
3685 5256 3959 5317 homini-

2231 5357 2361 5415 bus.
2398 5379 2419 5406 ι
2457 5355 2525 5413 Et
2555 5355 2726 5428 paulo
2755 5357 3021 5430 superius
3052 5374 3063 5411 :
3122 5379 3141 5405 ‹‹
3171 5354 3321 5424 Quia
3351 5368 3467 5411 non
3496 5350 3731 5425 agnovit
3764 5365 3959 5411 mun-

2231 5444 2341 5503 dus
2359 5458 2459 5518 per
2497 5444 2838 5517 sapientiam
2862 5443 3068 5513 Deum,
3098 5441 3314 5516 placuit
3344 5440 3460 5499 Deo
3500 5453 3602 5512 per
3630 5436 3965 5499 stultitiam

2230 5532 2656 5606 praedicationis
2714 5533 2903 5590 salvos
2958 5533 3142 5590 facere
3200 5529 3496 5588 credentes
3554 5530 3607 5595 (Ι
3632 5528 3771 5605 σον..
3814 5530 3895 5596 1).
3933 5551 3962 5577 ι

2234 5622 2347 5680 Nec
2372 5622 2683 5695 indignum
2713 5639 2885 5696 super
2919 5621 3165 5680 Domino
3206 5619 3297 5679 Sal
3312 5625 3503 5676 vatore
3544 5625 3736 5676 nostro
3768 5616 3969 5677 inﬁr-

2232 5712 2510 5779 initatem,
2555 5713 2640 5770 vel
2683 5712 2987 5771 stultitiam
3031 5711 3167 5783 dici,
3208 5726 3343 5768 cum
3390 5708 3563 5767 etiam
3606 5722 3708 5781 per
3750 5705 3971 5781 lepro-

2230 5817 2382 5873 sum,
2426 5810 2545 5862 tum
2586 5802 2757 5861 etiam
2795 5817 2896 5875 per
2930 5804 3256 5875 serpentem
3306 5812 3426 5856 non
3477 5794 3830 5869 dedignatus
3884 5799 3971 5858 sit
