4178 6458
392 248 508 309 885

1910 247 2158 309 SERMO
2198 249 2397 312 LXVI.

3805 249 3912 312 886

396 371 639 448 mystice
666 368 922 444 figurari.
961 368 1124 427 Unde
1169 377 1253 428 est
1285 371 1458 444 quod,
1505 371 1798 446 Scriptura
1833 377 2096 440 testante,
2120 371 2496 448 Arecolligit.
2527 375 2597 434 Et
2625 375 2931 436 colubrum
2961 373 3143 433 cauda
3179 379 3351 447 tenet,
3385 375 3523 450 quia
3544 389 3698 444 eum,
3728 389 3905 450 quem

393 461 548 520 dixit
587 460 740 518 Deus
779 457 1000 533 Moysi:
1035 480 1062 511 «
1088 459 1249 517 Mitte
1291 475 1530 519 manum
1574 460 1635 518 in
1671 461 1871 518 sinum
1921 467 2110 520 tuum.

394 548 512 619 Qui
555 563 688 606 cum
719 545 969 605 misisset
997 546 1058 603 in
1087 546 1307 617 sinum,
1341 547 1580 621 protulit
1611 533 1899 621 leprosam
1934 546 2115 605 instar

396 637 575 696 nivis.
623 635 891 706 Retrahe,
943 634 1042 706 ait,
1097 650 1334 692 manum
1385 636 1447 694 in
1497 635 1696 694 sinum
1752 641 1938 694 tuum.
1995 634 2110 692 Re-

398 726 597 794 traxit,
650 730 706 783 et
744 725 984 798 protulit
1021 723 1254 794 iterum,
1295 730 1350 781 et
1397 730 1517 782 erat
1554 723 1765 781 similis
1791 723 1950 781 carni
1985 723 2115 780 reli-

398 833 535 891 quie
575 817 768 887 (Emod.
810 817 912 887 1v).
952 841 970 864 ιι
1017 815 1165 885 Quid
1203 816 1307 873 hoc
1346 816 1467 874 loco
1501 831 1601 889 per
1646 830 1883 874 manum
1928 814 2112 890 Moysi

403 905 740 976 designatur
776 902 883 960 nisi
909 900 1092 959 Filius
1121 899 1269 958 Dei?
1303 901 1465 959 Unde
1491 901 1705 960 dicitur
1733 902 1795 959 in
1827 901 2059 960 Psalmo
2092 928 2104 960 :

416 1019 437 1048 ι
466 994 591 1051 Fiat
637 1007 848 1050 manus
896 997 991 1048 tua
1030 996 1093 1048 ut
1126 989 1306 1047 salvet
1344 1005 1435 1047 me
1472 991 1640 1056 (Psal.
1692 992 1919 1059 CXVIII).
1959 1011 1978 1038 ι
2027 990 2111 1048 Ac

409 1086 457 1143 si
488 1085 699 1143 diceret
724 1101 737 1139 :
761 1081 886 1139 Fiat
915 1081 1034 1150 ille,
1073 1095 1173 1153 per
1209 1095 1383 1153 quem
1430 1079 1574 1137 facta
1604 1085 1738 1137 sunt
1771 1078 1988 1149 omnia,
2022 1084 2106 1149 ut,

405 1177 545 1236 dum
600 1174 697 1232 ille
747 1177 991 1240 creatur,
1042 1185 1075 1226 a
1117 1174 1308 1226 reatus
1347 1168 1438 1227 sui
1492 1168 1751 1242 contagio
1811 1167 2104 1226 liberetur.

403 1265 544 1322 Haec
588 1276 795 1320 manus
837 1259 900 1317 in
946 1259 1080 1316 sinu
1128 1257 1311 1314 Patris
1361 1262 1464 1326 est,
1514 1257 1663 1314 sicut
1696 1256 1949 1315 Joannes
1997 1255 2106 1313 Ba-

400 1353 572 1428 ptista
594 1351 766 1409 dicit:
801 1374 821 1398 ι
845 1347 1050 1416 Filius,
1080 1347 1180 1419 qui
1213 1352 1296 1404 est
1335 1346 1394 1403 in
1427 1345 1560 1404 sinu
1591 1344 1793 1415 Patris,
1822 1344 1942 1419 ipse
1972 1359 2106 1402 nar-

400 1441 548 1500 ravit
585 1444 761 1509 (Joan.
807 1442 889 1506 II).
922 1461 946 1486 »
1000 1434 1109 1494 Sed
1145 1451 1354 1493 manus
1397 1436 1518 1493 haec
1546 1450 1678 1494 cum
1707 1435 1777 1492 de
1809 1434 1942 1492 sinu
1974 1449 2105 1508 pro-

400 1531 512 1588 lata
562 1535 663 1597 est,
702 1529 810 1586 hoc
847 1531 947 1595 est,
987 1541 1121 1584 cum
1160 1541 1260 1598 per
1299 1523 1642 1598 mysterium
1686 1523 2104 1581 incarnationis

398 1620 687 1694 apparuit,
757 1622 1106 1691 peccatorem
1168 1631 1325 1686 eum,
1401 1621 1455 1671 et
1521 1623 1792 1688 tanquam
1871 1613 2105 1672 sceleris

2206 458 2503 518 mortalem
2559 465 2692 519 ante
2731 462 3088 536 despexerat,
3137 461 3580 534 Redemptorem
3623 476 3796 519 suum
3841 461 3907 519 in

2203 548 2407 608 ultima
2433 551 2552 625 jam
2586 557 2741 626 parte
2779 552 3052 611 Ecclesiaa
3077 551 3404 611 confitetur.
3452 551 3562 611 Sed
3609 567 3745 611 mox
3785 567 3909 610 ser-

2201 654 2344 710 pens
2375 639 2432 698 in
2470 641 2690 714 virgam
2724 641 2887 710 redit,
2920 641 3060 714 quia
3086 640 3277 699 statim
3314 648 3376 700 ut
3415 640 3692 700 Judaicus
3721 656 3908 715 popu-

2203 723 2293 784 lus
2324 727 2383 784 in
2404 727 2841 802 Redemptorem
2861 734 3121 787 nostrum
3148 728 3469 801 crediderit,
3486 728 3638 786 idem
3659 727 3908 786 Redem-

2202 824 2326 890 ptor
2337 819 2406 876 ad
2426 820 2713 893 judicium
2731 821 2787 877 in
2813 825 3085 894 potestate
3106 835 3228 878 suae
3247 817 3567 877 divinitatis
3587 817 3907 891 apparebit,

2199 912 2263 964 ut
2296 906 2347 964 ei
2367 907 2488 980 jam
2520 923 2754 981 serpens
2784 909 2944 981 virga
2977 908 3068 979 sit,
3092 908 3229 983 quia
3249 908 3298 965 is
3327 907 3430 980 qui
3462 906 3523 965 in
3557 914 3706 964 terra
3735 906 3908 966 homo

2197 995 2496 1069 despectus
2527 1003 2630 1068 est,
2661 997 2731 1056 de
2767 997 2911 1056 coalo
2947 997 3204 1066 veniens,
3238 1011 3412 1069 super
3459 995 3696 1067 angelos
3743 995 3906 1054 vide-

2197 1083 2352 1142 bitur
2381 1085 2549 1144 Deus.

2270 1173 2429 1231 Sicut
2476 1189 2612 1246 ergo
2663 1173 2966 1243 Dominus,
3018 1179 3072 1230 et
3118 1173 3244 1231 sine
3292 1172 3449 1244 lepra
3500 1169 3799 1244 leprosus,
3853 1179 3908 1229 et

2196 1260 2321 1318 sine
2365 1276 2589 1320 veneno
2633 1277 2867 1335 serpens
2906 1277 3009 1335 per
3048 1260 3381 1336 mysterium
3425 1260 3672 1330 dicitur;
3708 1260 3784 1317 ita
3812 1258 3907 1316 ni-

2195 1345 2533 1420 hilominus,
2582 1355 2637 1407 et
2695 1350 2821 1406 sine
2873 1349 3130 1407 fatuitate
3181 1346 3412 1416 stultus,
3453 1353 3509 1405 et
3553 1347 3676 1404 sine
3717 1345 3907 1404 imbe-

2191 1435 2426 1495 cillitate
2483 1437 2815 1511 perhibetur
2866 1438 3155 1496 infirmus.
3197 1436 3305 1508 Qui
3362 1436 3644 1494 nimirum
3697 1435 3780 1492 sic
3844 1449 3906 1492 se

2193 1533 2405 1582 nostra;
2464 1525 2786 1584 infirmitati
2843 1525 3134 1599 componit
3185 1533 3355 1601 atque
3401 1529 3792 1597 contemperat
3839 1530 3902 1582 ut

2191 1618 2245 1669 et
2271 1629 2402 1671 cum
2429 1613 2842 1672 dimicantibus
2869 1618 3059 1684 certet,
3094 1619 3149 1672 et
3174 1628 3304 1671 cum
3340 1612 3692 1686 patientibus
3721 1611 3898 1672 simul

397 1711 557 1784 lepra
594 1708 914 1784 perfusum,
960 1704 1008 1761 is
1051 1703 1206 1763 unde
1247 1708 1594 1778 processerat
1642 1701 2168 1792 populus/sesti-B
2193 1703 2472 1792 supplicia
2503 1704 2717 1763 toleret.

397 1782 610 1856 mavit:
641 1795 802 1854 Unde
848 1794 985 1852 dicit
1032 1792 1245 1851 Isaias:
1281 1813 1302 1843 ι
1337 1792 1405 1849 Et
1450 1806 1556 1849 nos
1592 1782 1928 1864 putavimus
1968 1805 2104 1848 eum

395 1886 561 1961 quasi
607 1885 917 1959 leprosum,
958 1889 1012 1940 et
1048 1892 1390 1955 percussum
1424 1896 1457 1937 a
1489 1880 1604 1938 Deo
1634 1886 1688 1936 et
1718 1877 2096 1937 humiliatum

396 1980 550 2046 (Isai.
585 1981 726 2044 LIII).
763 1998 789 2022 »
839 1971 949 2032 Sed
989 1987 1195 2030 manus
1240 1971 1363 2028 haec
1399 1986 1533 2029 cum
1573 1970 1636 2027 in
1670 1969 1866 2028 sinum
1908 1970 2098 2040 rediit,

395 2066 611 2139 lepram
688 2077 920 2137 prorsus
988 2058 1210 2128 amisit;
1285 2057 1421 2131 quia
1495 2057 1841 2132 Redemptor
1909 2065 2102 2116 noster

392 2161 696 2230 postquam
742 2151 812 2210 ad
860 2150 1086 2208 Patrem
1119 2148 1332 2206 calcato
1367 2147 1569 2206 mortis
1607 2147 1852 2221 imperio
1910 2146 2096 2217 rediit,

385 2244 506 2318 jam
563 2241 627 2299 in
677 2241 794 2297 fine
834 2237 1033 2296 szeculi
1088 2252 1199 2294 non
1252 2242 1510 2310 peccator
1557 2237 1750 2306 homo,
1809 2235 1904 2293 sed
1968 2251 2100 2293 vere

393 2333 545 2391 Deus
599 2337 651 2389 et
706 2330 878 2388 homo
929 2326 1148 2387 Judaeis
1219 2327 1494 2386 omnibus
1559 2326 1872 2400 apparebit.
1942 2324 2099 2384 Scri-

392 2429 554 2494 ptum
606 2418 817 2494 quippe
866 2422 994 2475 est:
1033 2440 1056 2465 α
1085 2415 1232 2485 Quia
1271 2414 1319 2472 si
1380 2415 1552 2473 fuerit
1596 2430 1906 2474 numerum
1957 2414 2099 2473 filiov

390 2525 522 2567 rum
549 2506 724 2565 Israel
765 2505 913 2564 sicut
952 2520 1128 2562 arena
1163 2502 1356 2574 maris,
1401 2503 1668 2577 reliquiae.
1701 2502 1878 2560 salvae
1927 2508 2098 2560 erunt

387 2601 562 2663 (Rom.
594 2599 702 2664 IX).
739 2617 763 2644 ν

462 2685 568 2742 Per
593 2687 914 2757 serpentem
949 2696 1179 2755 quoque
1209 2681 1491 2752 figuratus
1528 2686 1634 2751 est,
1663 2696 1798 2739 cum
1827 2681 1898 2738 ad
1928 2696 2094 2738 eum-

387 2777 518 2836 dem
557 2775 791 2850 Moysen
827 2773 1113 2832 Dominus
1137 2772 1252 2830 ait:
1285 2796 1303 2822 α
1331 2771 1478 2842 Quid
1512 2778 1595 2830 est
1626 2772 1780 2846 quod
1830 2778 1988 2829 tenes
2033 2771 2095 2828 in

388 2881 565 2923 manu
622 2863 759 2922 tua?
817 2862 1176 2936 Respondit:
1216 2859 1472 2934 Virgam.
1525 2859 1663 2918 Ait:
1701 2859 1917 2932 Projice
1967 2874 2094 2916 eam

2266 1791 2416 1861 Quid
2455 1809 2590 1866 ergo
2639 1795 2853 1852 mirum
2909 1797 2955 1853 si
3007 1796 3170 1853 beata
3207 1793 3505 1863 Columba,
3537 1792 3682 1850 dum
3719 1791 3900 1852 tribu-

2195 1883 2426 1942 nalibus
2468 1883 2651 1942 rabidi
2697 1885 3078 1958 persecutoris
3124 1885 3436 1954 assisteret,
3477 1889 3532 1940 et
3573 1881 3737 1940 fortis
3784 1887 3904 1940 erat

2193 1973 2255 2030 in
2306 1974 2621 2047 suppliciis,
2678 1981 2730 2032 et
2789 1975 3016 2049 sapiens
3049 1975 3112 2033 in
3156 1974 3482 2048 responsis;
3517 1973 3585 2044 si,
3624 1973 3765 2031 dum
3802 1971 3906 2030 illa

2197 2061 2581 2133 torquebatur,
2630 2077 2730 2135 per
2783 2078 2910 2121 eam
2960 2063 3114 2121 alius
3139 2062 3516 2136 loquebatur?
3564 2060 3670 2118 Illa
3724 2059 3896 2118 nimi-

2192 2165 2321 2208 rum
2374 2149 2630 2223 linguam
2690 2152 2974 2222 movebat,
3016 2153 3112 2210 sed
3163 2152 3316 2211 alius
3372 2150 3545 2209 verba
3599 2148 3902 2208 formabat.

2195 2267 2220 2288 ‹‹
2255 2241 2378 2299 Non
2409 2243 2587 2312 enim,
2622 2243 2832 2317 inquit,
2862 2258 2964 2302 vos
2989 2243 3123 2301 estis
3151 2243 3251 2318 qui
3279 2241 3605 2316 loquimini,
3637 2241 3735 2298 sed
3769 2238 3903 2315 Spi-

2192 2331 2336 2388 ritus
2368 2330 2549 2390 Patris
2580 2332 2773 2398 vestri,
2807 2332 2908 2405 qui
2943 2332 3200 2407 loquitur
3229 2332 3291 2389 in
3321 2330 3482 2389 vobis
3513 2332 3734 2402 (Matth.
3770 2334 3898 2396 x).»

2190 2417 2357 2476 Illius
2404 2425 2525 2476 erat
2575 2435 2862 2492 exponere
2905 2434 3115 2492 corpus
3156 2419 3227 2476 ad
3269 2433 3520 2492 pusnam,
3549 2416 3710 2475 alteri
3751 2431 3903 2474 com-

2187 2506 2414 2578 petebat
2447 2507 2678 2565 virtutis
2711 2523 2777 2566 ac
2813 2507 3105 2581 patientia:
3136 2506 3463 2564 ministrare
3497 2504 3896 2564 constantiam.

2187 2593 2501 2652 Assistebat
2545 2596 2781 2669 quidem
2845 2596 3236 2654 tribunalibus
3290 2596 3474 2669 regis,
3527 2594 3898 2669 torquebatur

2188 2683 2457 2741 manibus
2492 2684 2746 2757 subjecta
2781 2683 3085 2754 carnificis,
3119 2683 3216 2741 sed
3257 2683 3548 2742 deridebat
3583 2690 3899 2757 utrumque

2185 2776 2240 2826 et
2281 2771 2575 2843 judicante
2631 2771 2937 2830 sublimior
2975 2777 3028 2827 et
3064 2770 3340 2844 puniente
3385 2770 3690 2829 robustior.
3736 2769 3896 2829 Unde

2184 2873 2432 2932 sponsus
2470 2862 2531 2918 in
2561 2861 2828 2930 Ganticis,
2864 2859 3022 2918 velut
3049 2861 3117 2918 ad
3158 2875 3286 2917 eam
3327 2873 3651 2918 sermonem
3681 2860 3894 2933 specia-

387 2952 445 3010 in
498 2958 727 3010 terram.
783 2950 1042 3024 Projecit,
1095 2956 1150 3008 et
1193 2965 1359 3006 versa
1405 2957 1487 3006 est
1528 2949 1584 3006 in
1638 2947 1962 3019 colubrum,
2017 2947 2096 3005 ita
2185 2949 2314 3008 liter
2341 2950 2558 3025 dirigit,
2587 2967 2720 3011 cum
2750 2952 2830 3009 ait
2863 2971 2874 3010 :
2914 2974 2935 3002 α
2966 2951 3149 3022 Quam
3181 2950 3420 3024 pulchra
3459 2955 3544 3008 est
3579 2956 3634 3008 et
3667 2949 3891 3022 decora,

385 3049 450 3100 ut
486 3042 704 3115 fugeret
737 3040 980 3115 Moyses.
1013 3039 1289 3112 Dixitque
1316 3038 1634 3097 Dominus:
1670 3037 1933 3096 Extende
1968 3053 2091 3095 ma-
2116 3089 2158 3115 η
2184 3039 2540 3110 charissima,
2605 3041 2667 3098 in
2716 3039 2961 3101 deliciis!
3017 3039 3246 3100 Statura
3299 3046 3398 3098 tua
3442 3039 3758 3099 assimilata
3807 3047 3893 3098 est

384 3147 527 3190 num
549 3089 735 3202 ttauam,
766 3089 1212 3203 etapprehende
1241 3127 1484 3185 caudam
1509 3127 1654 3199 ejus.
1697 3127 1991 3198 Extendit,
2038 3136 2093 3184 et
2116 3089 2160 3149 ϐ
2185 3129 2393 3203 palmas
2420 3089 2594 3201 (Caat.
2635 3130 2754 3200 vn).
2799 3153 2825 3177 »
2876 3128 3040 3187 Mens
3077 3129 3291 3203 quippe
3329 3133 3522 3186 sancta
3559 3128 3894 3187 charissima

382 3219 589 3290 tenuit,
641 3233 919 3292 versaque
971 3222 1058 3276 est
1105 3216 1163 3274 in
1212 3216 1433 3289 virgam
1482 3219 1683 3284 (Emod.
1737 3222 1842 3283 IV).
1873 3240 1898 3267 η
1941 3215 2091 3285 Quid
2182 3218 2239 3275 in
2275 3217 2498 3275 deliciis
2539 3217 2768 3286 dicitur,
2804 3217 2941 3290 quia
2977 3217 3119 3276 dum
3154 3216 3658 3291 persecutionibus
3699 3216 3890 3274 attrita

379 3325 481 3385 per
503 3310 761 3383 Moysen,
798 3306 911 3364 nisi
938 3305 1218 3364 Judaicus
1247 3302 1540 3379 populus?
1568 3305 1639 3362 Et
1666 3304 1803 3378 quid
1836 3319 1936 3376 per
1966 3303 2091 3359 vir-
2183 3307 2322 3364 foris
2349 3307 2648 3379 afﬂigitur,
2691 3307 2801 3380 piis
2839 3313 3091 3364 aestuans
3120 3305 3424 3365 desideriis
3467 3305 3767 3364 suavitatis
3795 3303 3891 3362 in-

379 3414 533 3473 gam,
591 3399 704 3457 nisi
760 3402 1004 3471 potestas
1045 3392 1184 3450 361
1241 3395 1614 3453 Divinitatis‘?
1665 3394 1736 3452 Et
1791 3392 1929 3468 quid
1989 3407 2092 3464 per
2183 3395 2337 3454 timae
2391 3395 2700 3454 dulcedine
2763 3401 3069 3454 recreatur.
3132 3393 3313 3468 Cujus
3383 3402 3599 3455 statura
3681 3395 3890 3469 palmae

377 3493 725 3560 serpentem,
774 3485 885 3544 nisi
941 3483 1259 3542 mortalitas
1303 3483 1479 3541 nostri
1534 3480 1936 3555 Redemptoris
1991 3496 2090 3538 ex-
2179 3485 2388 3544 similis
2415 3485 2810 3558 dicitur,quia
2839 3486 2987 3544 sicut
3026 3500 3141 3543 non
3196 3485 3472 3543 vitiorum
3525 3485 3888 3544 titillantium

378 3573 696 3648 primitur?
753 3574 899 3644 Quia
961 3572 1115 3631 enim
1171 3587 1272 3646 per
1331 3575 1658 3645 serpentem
1710 3585 1883 3635 mors,
1939 3573 2088 3627 recte
2179 3575 2433 3644 flatibus,
2484 3575 2563 3632 ita
2618 3590 2723 3632 nec
2773 3574 3236 3648 persecutionum
3290 3570 3435 3629 362
3498 3574 3893 3645 quarumlibet

382 3664 696 3723 mortalitas
723 3664 783 3722 in
816 3671 1100 3737 serpente,
1143 3663 1233 3721 vel
1276 3668 1448 3733 certe,
1490 3677 1623 3720 cum
1656 3661 1934 3734 scriptum
1967 3659 2082 3716 sit:
2180 3663 2494 3722 terroribus
2545 3662 2875 3721 inclinatur.
2929 3662 3196 3736 Dumque
3245 3677 3371 3719 eam
3415 3661 3890 3736 persequentium

383 3775 405 3804 ε
451 3753 642 3812 Estote
695 3753 1002 3827 prudentes
1070 3752 1218 3810 sicut
1277 3755 1570 3824 serpentes
1624 3752 1841 3819 (Matth.
1895 3754 1992 3818 x);
2056 3739 2094 3800 n'

2193 3756 2367 3815 rabies
2390 3755 2548 3814 velut
2589 3755 2850 3828 impactis
2891 3755 3182 3812 minarum
3222 3753 3499 3812 arietibus
3548 3752 3756 3826 pulsat,
3793 3751 3890 3810 illa

375 3840 511 3914 quia
558 3839 684 3914 ipsa
721 3855 951 3899 summa
991 3839 1318 3914 prudentia,
1365 3838 1425 3896 id
1473 3842 1578 3910 est,
1626 3837 1729 3896 Dei
1783 3836 2084 3910 sapientia,
2177 3844 2556 3903 fundamento
2595 3843 2830 3902 invicta:
2868 3842 3002 3901 fidei
3049 3847 3378 3901 constanter
3411 3841 3642 3910 innixa,
3689 3855 3890 3898 revera

377 3927 667 3986 incarnari
709 3927 943 4001 dignata
987 3934 1090 3996 est,
1137 3934 1285 3985 recte
1331 3928 1456 4001 ejus
1493 3925 1808 3984 mortalitas
1854 3926 1914 3981 in
1963 3939 2086 3981 ser-

2193 3941 2335 3994 itans
2368 3944 2423 3993 et
2451 3935 2888 4010 supereminens
2932 3931 3342 4008 insuperabilis
3379 3937 3724 4006 perseverat.
3775 3931 3886 3988 Ne-

374 4025 542 4091 Ρθηιθ
583 4017 882 4090 ﬁguram?-
932 4015 1097 4075 Unde
1150 4022 1204 4074 θῖ
1241 4017 1300 4074 in
1350 4016 1667 4090 Ενδηὲθιῖο
1711 4014 1781 4071 d9
1821 4014 2086 4086 Das-“31009
2177 4041 2471 4100 quaquam
2503 4024 2617 4082 illis
2652 4024 2881 4095 similis,
2914 4024 3084 4099 cujus
3125 4038 3226 4096 per
3256 4022 3589 4095 prophetam
3622 4021 3693 4078 de
3715 4019 3884 4078 mali-

374 4126 479 4169 sua
523 4109 802 4184 loquitur,
844 4109 1079 4167 dicens:
1109 4131 1136 4163 α
1169 4107 1328 4168 Sicut
1373 4107 1598 4181 Moyses
1647 4105 1924 4164 exultavit
1962 4120 2083 4162 ser-
2175 4115 2306 4188 guis
2343 4105 2641 4188 spiritibus
2685 4113 2938 4172 dicitur;
2978 4139 2999 4163 α
3035 4112 3180 4182 Quia
3231 4111 3693 4172 humiliaverunt
3734 4117 3787 4168 te
3832 4116 3888 4168 et

373 4205 604 4273 pentem
632 4198 1050 4270 indeserto,ita
1078 4199 1318 4256 exaltari
1341 4202 1562 4271 oportet
1582 4195 1802 4254 Filium
1829 4193 2082 4252 hominis
2175 4205 2452 4263 dixerunt
2505 4204 2718 4262 animae
2778 4210 2892 4260 tuac;
2949 4225 2963 4259 ς
3016 4201 3350 4274 Iucurvare,
3407 4207 3471 4259 ut
3525 4207 3886 4258 transeamus

369 4292 751 4360 (Joan.1n).»
1901 4323 1904 4326 ~
2175 4295 2322 4366 (Isai.
2381 4293 2496 4364 LI);
2558 4317 2578 4339 ι
2639 4289 2735 4348 sed
2796 4288 2941 4347 illud
2998 4290 3188 4362 potius
3244 4304 3482 4348 servans
3537 4286 3692 4360 quod
3751 4285 3888 4344 filiis

441 4377 664 4450 Moyses
693 4393 830 4451 ergo
860 4377 1084 4450 virgam
1116 4377 1319 4447 tenuit,
1349 4375 1487 4450 quia
1522 4375 1799 4434 Judaicus
1828 4372 2081 4446 populus
2104 4442 2147 4451 _
2175 4379 2346 4438 Israel
2390 4378 2675 4438 Dominis
2729 4375 2808 4435 ait
2840 4402 2851 4435 :
2903 4403 2928 4425 «ι
2964 4377 3084 4451 Ego
3135 4392 3288 4448 sum,
3343 4374 3550 4450 inquit,
3603 4373 3885 4433 Dominus

364 4475 498 4526 ante
527 4442 924 4539 Redemptoris
950 4442 1264 4524 adventum
1292 4442 2068 4537 in-divina.potestate—con-
2104 4442 2345 4540 DDeus,
2404 4469 2503 4541 qui
2544 4467 2729 4541 eripui
2775 4482 2876 4524 vos
2921 4465 2992 4523 de
3014 4442 3318 4539 ergastulo
3360 4442 3780 4538 ,Egyptiorum,
3822 4467 3886 4520 ut

369 4557 511 4616 fisus
539 4563 668 4615 est:
701 4556 797 4614 sed
829 4555 1052 4629 virgam
1096 4556 1157 4612 in
1201 4562 1408 4613 terram
1450 4555 1706 4628 projecit,
1748 4554 1886 4627 quia
1927 4551 2081 4609 idem

365 4645 612 4720 populus
633 4661 733 4720 per
759 4645 1111 4719 patriarchas
1133 4661 1198 4704 ac
1221 4645 1528 4719 prophetas
1558 4643 1744 4702 Deum
1771 4643 2079 4700 incarnan-

365 4734 502 4792 dum
531 4751 652 4793 esse
680 4733 988 4793 nuntiavit.
1020 4733 1190 4808 Virga
1224 4749 1358 4792 vero
1388 4734 1444 4791 in
1479 4733 1782 4792 colubrum
1813 4732 2076 4800 vertitur,

363 4825 505 4899 quia
542 4825 889 4896 Redemptor
935 4829 1125 4881 noster
1156 4824 1307 4881 Deus
1344 4823 1406 4880 in
1433 4838 1493 4880 se
1528 4837 1893 4896 permanens,
1921 4834 2078 4877 mor-

367 4913 491 4972 talis
528 4914 681 4973 inter
711 4911 978 4971 homines
1017 4911 1198 4970 factus
1229 4918 1334 4969 est.
1367 4909 1474 4969 Sed
1518 4911 1738 4986 Moyses
1770 4910 2078 4969 colubrum

362 5003 721 5076 conspiciens
758 5001 1057 5076 pertimuit
1090 5008 1144 5059 et
1189 5001 1356 5073 fugit,
1395 5001 1531 5075 quia
1569 5001 1850 5060 Judaicus
1890 5015 2077 5074 popu-

361 5092 453 5152 lus
499 5093 643 5152 dum
693 5091 1129 5165 Redemptorem
1188 5089 1429 5148 humani
1493 5091 1721 5162 generis
1772 5091 2077 5150 mortalem

363 5182 526 5252 vidit,
558 5183 699 5240 dum
725 5181 999 5252 crederet,
1023 5181 1186 5254 quasi
1220 5177 1633 5239 formidolosus
1670 5183 1925 5255 expavit.
1965 5180 2074 5242 Cui

358 5273 596 5346 jubetur
639 5277 702 5330 ut
731 5269 1036 5328 colubrum
1071 5268 1251 5326 cauda
1280 5274 1489 5338 teneat,
1522 5269 1658 5342 quia
1691 5270 1944 5345 perﬁdus
1975 5271 2077 5330 ille

362 5363 630 5436 populus,
661 5359 762 5433 qui
792 5359 963 5418 modo
992 5357 1223 5416 credere
1255 5363 1495 5428 recusat,
1530 5359 1593 5416 in
1621 5365 1881 5418 extrema
1918 5367 2076 5435 parte

363 5452 653 5512 Dominici
691 5450 967 5524 corporis,
1000 5449 1057 5506 id
1081 5454 1185 5519 est,
1228 5448 1526 5522 posteriori
1554 5455 1826 5520 tempora;
1859 5458 2074 5509 sanctae

362 5543 658 5613 Ecclesiaa,
707 5542 970 5603 videlicet
1018 5541 1074 5600 in
1137 5542 1253 5599 line
1306 5541 1534 5616 mundi,
1590 5559 1712 5601 sese
1758 5545 1829 5603 ad
1892 5543 2067 5602 fidem

2173 4558 2516 4616 iucederetis
2547 4557 2683 4615 recti
2711 4557 2910 4629 (Exod.
2946 4556 3047 4628 v1).
3091 4580 3111 4607 ι

2243 4649 2313 4706 Et
2337 4647 2611 4723 quoniam
2657 4646 2840 4720 palma
2870 4645 3010 4703 solet
3053 4658 3289 4701 manum
3326 4654 3531 4698 ornare
3564 4637 3882 4711 victricem,

2173 4743 2320 4796 recte
2373 4743 2571 4796 sancta
2628 4743 2682 4794 et
2734 4725 3145 4809 insuperabilis
3208 4729 3403 4788 anima
3481 4727 3693 4803 palmas
3761 4743 3885 4787 esse

2171 4825 2384 4882 similis
2428 4823 2785 4900 perhibetur,
2818 4822 2954 4896 quia
3001 4835 3100 4894 per
3133 4833 3364 4876 omnem
3408 4817 3501 4876 sui
3551 4815 3886 4876 certaminis

2169 4933 2411 4976 cursum
2444 4923 2684 4991 peractae
2721 4913 2976 4973 victorias
3003 4910 3312 4986 praemium
3342 4908 3670 4966 meditatur.
3693 4908 3884 4983 Atque

2171 5005 2386 5064 idcirco
2437 5003 2799 5078 ﬂoccipendit
2849 5017 3021 5060 omne
3064 5001 3219 5076 quod
3275 5001 3335 5058 in
3391 4997 3612 5058 infimis
3661 4996 3885 5069 tolerat,

2170 5095 2272 5168 qui
2302 5103 2484 5155 erecta
2519 5093 2676 5152 velut
2703 5093 2914 5167 palma,
2947 5090 3005 5148 id
3038 5091 3190 5164 quod
3219 5089 3276 5148 in
3302 5087 3633 5147 ccelestibus
3660 5087 3883 5162 aspicit,

2171 5185 2415 5244 ﬂrmiter
2469 5189 2673 5258 sperat.
2719 5182 2848 5241 Huc
2892 5179 3130 5249 accedit,
3164 5179 3302 5253 quia
3342 5193 3473 5237 cum
3517 5176 3644 5235 coeli
3687 5177 3883 5235 Domi-

2168 5292 2312 5336 num
2343 5272 2604 5331 eamdem
2635 5271 2922 5345 passionis
2953 5272 3106 5329 viam
3137 5269 3489 5344 percurrisse
3528 5281 3882 5326 commemo-

2172 5375 2278 5436 rat,
2305 5368 2425 5440 jam
2464 5381 2544 5434 se,
2585 5380 2717 5439 qure
2763 5362 2962 5437 pulvis
3000 5369 3054 5421 et
3095 5362 3243 5420 cinis
3283 5368 3388 5432 est,
3431 5361 3522 5419 sui
3567 5359 3882 5419 Salvatoris

2171 5455 2384 5515 imitari
2417 5453 2651 5527 vestigia
2707 5454 3078 5511 vehementer
3103 5449 3376 5509 exsultat.
3413 5449 3575 5509 Unde
3607 5453 3663 5505 et
3689 5448 3877 5506 eidem

2167 5559 2393 5619 sponsas
2413 5557 2673 5616 sponsus
2705 5541 2785 5600 ait
2817 5559 2830 5600 :
2885 5563 2904 5590 ι
2941 5539 3137 5599 Coma:
3169 5537 3372 5612 capitis
3405 5535 3489 5596 tui
3525 5540 3588 5595 ut
3619 5550 3878 5610 purpura
