4178 6440
328 4790 333 4797 ι
376 4790 381 4799 .
430 4710 629 4775 culum
679 4732 853 4791 super
888 4718 1193 4778 brachium
1245 4726 1410 4779 tuum
1461 4723 1641 4787 (Cant.
1696 4733 1840 4779 VIIII.
1884 4747 1909 4770 η

392 436 395 441 μ
424 358 536 462 ssi

928 364 936 373 ’
1044 395 1369 461 srmm
1410 380 1728 457 DAMIANI
1765 395 1922 457 ore.
1952 388 2159 459 PARS
2199 395 2345 458 SEU
2381 390 2633 489 TOMUS
2669 390 2746 453 II'.
2788 390 3319 454 assumouss.

3751 397 3940 461 .3888

428 528 581 606 regis
618 526 818 603 juncta
845 525 1143 585 canalibus
1202 527 1363 596 (Cant
1408 527 1530 599 vn).
1568 551 1599 576 υ
1639 525 1802 586 Sicut
1833 542 1934 600 per
1973 524 2364 600 caputAluta.
2432 498 2647 582 (Pone
2710 537 2803 581 me
2837 569 2854 593 ,
2909 522 3119 597 inquit,
3179 528 3244 582 ut
3318 504 3688 597 signaculum
3754 532 3944 603 super

428 614 816 691 intelligimus
853 619 1128 686 mentem,
1156 614 1233 672 ita
1271 628 1374 688 per
1419 630 1610 672 comas
1645 615 1847 688 capitis
1891 629 2008 673 non
2051 614 2142 671 in-

428 705 839 765 convenienter
912 702 1226 777 accipimus
1294 702 1686 777 cogitationes.
1769 703 1931 763 Sicut
1976 702 2137 759 enim

431 792 624 868 capilli
688 788 758 850 de
824 791 1038 850 vertice
1100 791 1412 866 prodeunt,
1465 791 1544 849 ita
1614 791 1988 865 cogitationes
2063 806 2137 848 ex

392 880 623 944 "mente
665 883 1005 958 procedunt.
1047 882 1383 956 Purpureus
1424 899 1561 942 vero
1597 883 1773 955 color,
1816 884 1953 956 quia
2000 896 2135 940 san-

381 966 385 970 ”
428 972 635 1046 guinis
658 973 832 1031 habet
858 973 1124 1047 speciem,
1159 972 1301 1046 quid
1341 980 1443 1045 per
1478 972 1841 1045 mysterium,
1874 971 1986 1029 nisi
2019 970 2136 1028 Do-
2166 1008 2169 1013 -

429 1061 704 1121 minicam
748 1061 945 1119 innuit
982 1062 1342 1134 passionem?
1370 1059 1523 1130 Quid
1562 1076 1701 1118 vero
1738 1059 1988 1127 canales,
2022 1057 2135 1115 nisi

430 1150 757 1209 sanctorum
802 1148 1132 1224 significant
1169 1150 1426 1207 mentes?
1458 1148 1621 1207 Sicut
1662 1148 1819 1206 enim
1858 1147 1921 1205 in
1964 1161 2136 1204 cana-

427 1238 585 1298 libus
614 1238 1032 1297 conchiliorum
1070 1237 1306 1311 sanguis
1334 1236 1676 1307 effunditur,
1705 1242 1771 1294 ut
1806 1236 1867 1293 in
1915 1250 2135 1308 purpu-

428 1344 596 1387 reum
622 1327 871 1387 colorem
896 1328 1039 1385 lana’
1055 1332 1312 1384 vertatur
1340 1350 1356 1384 :
1399 1328 1482 1384 sic
1512 1327 1571 1384 in
1606 1332 1939 1384 sanctorum
1972 1341 2133 1382 men-

425 1417 583 1476 tibus
622 1416 943 1476 Dominicaa
987 1416 1270 1490 passionis
1313 1430 1483 1473 cruor
1522 1414 1893 1473 meditatione
1932 1413 2134 1473 recoli-

360 1510 558 1593 thtur;
587 1511 643 1565 et
667 1505 746 1564 ita
767 1502 1193 1593 quodammodo
1216 1504 1309 1593 pia
1333 1502 1608 1578 quaslibet
1630 1504 1827 1593 anima
1854 1501 2138 1593 sanguine

380 1584 693 1669 "tingitur,
744 1601 808 1654 ut
860 1592 1059 1652 aeterni
1108 1592 1252 1665 Regi
1301 1608 1618 1667 purpuram
1671 1592 1950 1652 imitetur.
2015 1592 2137 1649 Hoc

427 1685 708 1744 nimirum
782 1683 953 1742 modo
1024 1682 1311 1742 efﬁcimur
1384 1682 1669 1742 Salvatori
1743 1689 1937 1741 nostro
1994 1698 2135 1740 con-

430 1772 665 1844 formes,
707 1777 773 1831 ut
822 1772 1008 1830 simus
1056 1770 1228 1829 etiam
1283 1772 1487 1829 merito
1532 1770 1899 1845 postmodum
1952 1770 2136 1830 cohae-

352 1854 357 1859 ”
398 1856 401 1861 ’
428 1859 612 1918 redes.

379 2026 383 2033 ,
442 1990 447 1993 -
497 1948 674 2033 Coma
717 1970 850 2029 ergo
895 1952 1099 2028 capitis
1152 1952 1332 2014 beatae
1385 1953 1655 2028 martyris
1700 1950 2022 2022 Columbae,
2067 1960 2133 2012 ut

424 2026 684 2116 purpura
713 2026 833 2100 erat
859 2026 1009 2115 regis
1049 2039 1250 2115 juncta
1285 2026 1610 2112 canalibus,
1646 2041 1783 2116 quia
1821 2041 2128 2100 constituta

352 2124 365 2215 ς
424 2129 487 2215 in
516 2129 779 2204 passione
806 2128 1025 2203 pr0prii
1051 2128 1326 2203 corporis,
1348 2129 1632 2188 recolebat
1656 2130 1892 2188 assidue
1915 2130 2132 2204 suppli-

424 2210 577 2276 cium
642 2215 1066 2290 Redemptoris,
1118 2232 1193 2275 ne
1263 2216 1529 2276 videlicet
1584 2218 1644 2275 in
1710 2233 1816 2277 sua
1867 2219 2135 2292 passione

426 2305 842 2375 succumberet,
872 2306 1035 2365 ‘dum
1077 2311 1569 2365 remuneratorem
1608 2323 1783 2365 suum
1830 2322 1935 2379 per
1974 2322 2135 2364 eam-

338 2382 347 2391 λ
425 2393 556 2451 dem
612 2393 789 2451 viam'
819 2408 879 2451 se
920 2392 1279 2466 praecessisse
1330 2401 1616 2467 pensaret.
1676 2395 1872 2454 Passio
1922 2396 2134 2469 quippe

338 2476 343 2481 ’
426 2481 658 2543 Domini
709 2483 875 2559 quasi
913 2483 1125 2542 vicaria
1164 2484 1435 2556 quaedam
1473 2484 1639 2543 nobis
1662 2501 1889 2544 .mensa
1927 2500 2134 2558 prapo-

338 2646 369 2661 μ
428 2572 537 2631 sita
564 2578 669 2661 est,
699 2580 761 2632 ut
788 2573 1007 2651 quique
1033 2572 1103 2632 ad
1131 2589 1258 2632 eam
1289 2574 1515 2633 invitati
1548 2575 1994 2645 discumbimus,
2028 2590 2133 2633 nos

427 2654 598 2719 etiam
649 2660 863 2721 similia
918 2679 1330 2738 praeparemus.
1380 2663 1467 2721 Ad
1510 2680 1681 2738 quam
1734 2680 1840 2723 nos
1890 2679 2135 2738 sponsus

429 2748 638 2808 invitat
682 2751 741 2810 in
792 2752 1076 2812 Canticis:
1121 2775 1148 2807 «
1177 2753 1488 2827 Comedite,
1523 2755 1733 2830 inquit,
1776 2757 1947 2813 amici
1998 2758 2131 2827 mei,

428 2843 483 2895 et
518 2839 715 2911 bibite,
759 2848 814 2899 et
860 2842 1253 2913 inebriamini,
1290 2845 1614 2903 charissimi
1662 2850 1836 2919 (Cant.
1878 2849 1959 2917 v).
2007 2870 2028 2896 ι
2064 2847 2136 2904 Et

426 2928 490 2986 in
554 2926 879 2989 Proverbiis
932 2929 1255 2993 Salomonis
1306 2952 1323 2991 :
1382 2960 1407 2983 ‹‹
1445 2933 1507 2992 Si
1567 2935 1827 3006 sederis,
1896 2937 2129 3010 inquit,-

427 3029 655 3074 cmnare
699 3016 769 3073 ad
806 3032 1062 3077 mensam
1116 3022 1385 3095 potentis,
1449 3022 1821 3081 considerans
1872 3023 2139 3097 intellige

428 3119 563 3178 qua)
582 3113 953 3181 apponuntur
970 3108 1093 3182 tibi,
1123 3116 1178 3168 et
1203 3111 1285 3169 sic
1306 3110 1467 3169 mitte
1485 3127 1616 3169 man
1630 3128 1727 3169 um
1751 3119 1933 3182 tuam,
1948 3113 2136 3171 sciens

428 3194 705 3267 quoniam
734 3195 871 3257 talia
899 3205 1118 3272 oportet
1145 3204 1200 3257 te
1230 3215 1552 3274 praeparare
1584 3202 1761 3268 (Prov.
1793 3204 1852 3269 1).
1895 3224 1916 3254 ι

499 3282 779 3354 Quaenam
822 3294 908 3346 est
945 3289 1045 3347 illa
1084 3290 1280 3347 mensa
1308 3289 1579 3363 potentis,
1608 3290 1722 3348 nisi
1750 3292 1905 3350 unde
1944 3292 2133 3351 sumi-

431 3379 525 3434 tur
565 3376 775 3450 corpus
828 3387 884 3439 et
935 3382 1173 3453 sanguis
1232 3380 1376 3454 ejus,
1438 3379 1541 3455 qui
1595 3396 1762 3439 suam
1812 3398 1912 3455 pro
1965 3382 2134 3441 nobis

376 3456 379 3463 ’
424 3463 680 3523 animam
712 3466 947 3540 posuit?
984 3468 1054 3526 Et
1083 3468 1223 3541 quid
1250 3474 1333 3527 est
1358 3467 1430 3526 ad
1460 3483 1589 3525 eam
1620 3470 1839 3540 sedere,
1870 3469 1987 3527 nisi
2020 3470 2134 3527 hu-

428 3552 644 3613 militer
680 3569 745 3613 ac
791 3563 1118 3616 reverenter
1157 3554 1466 3615 accedere?
1499 3556 1606 3615 Ubi
1655 3574 1789 3632 quae
1828 3557 1995 3616 nobis
2030 3573 2133 3631 ap-

429 3650 743 3716 ponuntur
775 3644 1223 3718 considerantes,
1263 3646 1646 3722 intelligimus
1692 3648 1740 3705 si
1778 3646 1953 3722 digne
1995 3647 2135 3704 tanti

433 3734 691 3792 muneris
740 3733 986 3805 gratiam
1042 3734 1382 3810 Cogitamus.
1442 3738 1510 3795 Et
1565 3744 1707 3797 tunc
1756 3737 1835 3795 ita
1892 3752 2135 3795 manum

432 3820 717 3919 mittimus
748 3828 813 3881 ut
841 3824 1092 3884 sciamus
1119 3824 1253 3900 quia
1287 3826 1421 3884 talia
1452 3842 1557 3886 nos
1595 3826 1864 3901 expediat
1908 3840 2135 3901 praepa-

431 3913 576 3993 rare,
594 3913 741 3968 'Cum
770 3913 1082 3985 prudenter
1103 3914 1485 3988 intelligimus
1516 3917 1655 3991 quia
1693 3915 1843 3974 sicut
1873 3915 2139 3973 Christus

431 4015 536 4072 pro
579 4001 747 4059 nobis
794 4003 937 4060 mori
994 4003 1265 4076 dignatus
1314 4012 1416 4077 est,
1470 4006 1548 4064 ita
1600 4021 1703 4063 nos
1754 4021 1856 4079 pro
1912 4006 2035 4079 illo,
2089 4007 2136 4064 si

432 4089 601 4148 detur
669 4082 815 4145 363
895 4095 1159 4167 occasio,
1243 4094 1520 4154 debemus
1592 4096 1818 4155 animas
1905 4112 2135 4169 ponere.

439 4201 473 4265 σε⁵
499 4176 650 4265 Quid
688 4178 866 4251 enim,
899 4181 979 4239 ait
1027 4178 1346 4253 Psalmista,
1389 4183 1698 4243 retribuam
1751 4185 2000 4243 Domino
2038 4201 2140 4259 pro

366 4322 369 4333 λ
433 4264 707 4327 omnibus
745 4285 877 4342 quae
917 4272 1183 4332 retribuit
1229 4273 1427 4333 mihi?
1459 4274 1705 4332 Calicem
1748 4273 2018 4332 sal-utaris
2054 4291 2143 4332 ac-

370 4434 399 4443 ”
433 4354 645 4430 cipiaI'n
702 4359 1071 4434 (Psalg‘cxv).
1109 4383 1130 4413 ι
1182 4361 1334 4420 Hinc
1381 4370 1463 4419 est
1496 4362 1665 4420 etiam
1719 4363 1873 4434 quod
1919 4362 2177 4423 dilecta-

2223 626 2320 669 cor
2376 617 2583 680 tuum,
2633 616 2698 668 ut
2747 608 3116 682 signaculum
3177 625 3353 683 super
3407 611 3706 672 brachium
3765 622 3938 673 tuum

2222 701 2395 772 (Cant.
2452 706 2592 769 VIII}.
2651 724 2677 747 »
2735 696 2884 768 Quid
2942 714 3044 772 per
3104 713 3202 758 eor
3234 743 3249 769 ,
3313 699 3426 758 nisi
3491 701 3866 776 cogitationes
3923 723 3938 762 :

2221 786 2362 863 quid
2414 801 2517 859 per
2571 785 2874 846 brachium
2906 833 2921 856 ,
2982 786 3097 844 nisi
3175 787 3366 860 operis
3424 778 3719 848 debemus
3756 791 3938 849 intel-

2222 873 2399 946 ligere
2460 871 2906 933 fortitudinem?
2962 874 3256 932 Christum
3319 890 3455 948 ergo
3525 884 3799 952 tanquam
3852 878 3939 937 si-

2219 964 2537 1039 gnaculum
2585 965 2647 1022 in
2687 965 2856 1023 corde
2902 972 3096 1023 nostro
3155 965 3435 1025 debemus
3481 966 3835 1042 imprimere,
3866 976 3938 1029 ut

2224 1055 2388 1114 nulla
2421 1058 2527 1114 hoc
2568 1057 2750 1115 valeat
2794 1056 3019 1115 hostilis
3065 1056 3312 1130 irruptio
3351 1057 3589 1117 violare.
3634 1059 3930 1119 Christum

2202 1146 2391 1203 etiam
2443 1146 2716 1218 operibus
2770 1146 2981 1203 nostris
3021 1144 3300 1204 debemus
3344 1147 3689 1221 insculpere,
3717 1156 3783 1207 ut
3829 1164 3936 1223 per

2219 1248 2390 1292 omne
2430 1233 2585 1306 quod
2626 1233 2871 1306 agimus,
2911 1233 3192 1292 Cruciﬁxi
3237 1236 3603 1309 praeceptoris
3646 1237 3936 1312 discipulo

2219 1325 2699 1385 demonstremus.
2756 1324 2880 1385 Hoc
2931 1323 3296 1401 signaculum
3353 1325 3624 1384 exteriori
3696 1342 3939 1402 quoque

2221 1416 2357 1473 vitae
2385 1429 2508 1473 suae
2534 1414 2828 1487 signanter
2854 1413 3202 1488 impressum
3228 1416 3543 1491 Apostolus
3566 1417 3934 1489 ostendebat,

2221 1519 2353 1562 cum
2383 1503 2628 1562 diceret:
2652 1525 2672 1554 ι
2695 1502 2815 1575 Ego
2837 1502 3100 1577 stigmata
3120 1503 3150 1563 ,Ι
3157 1520 3259 1563 esu
3286 1505 3344 1563 in
3364 1520 3599 1579 corpore
3622 1521 3750 1565 meo
3768 1512 3938 1580 porto

2219 1594 2361 1666 (Gal.
2408 1594 2508 1664 VI).
2544 1618 2570 1642 ιι
2621 1591 2693 1649 Et
2748 1591 2960 1650 iterum
3009 1612 3022 1651 :
3082 1617 3103 1644 ιι
3145 1590 3380 1668 Semper
3428 1595 3932 1653 mortiﬁcationem

2218 1684 2248 1743 J
2254 1701 2355 1743 esu
2388 1686 2450 1745 in
2479 1700 2714 1757 corpore
2732 1689 2925 1744 nostro
2946 1686 3412 1744 circumferentes
3439 1690 3515 1754 (II
3540 1688 3658 1743 Cor.
3687 1690 3792 1758 IV).
3833 1709 3858 1737 ι

2294 1772 2471 1831 Plane
2514 1773 2563 1831 si
2600 1789 2705 1834 nos
2746 1773 3005 1835 Salvator
3037 1780 3228 1834 noster
3272 1776 3379 1834 hoc
3408 1768 3737 1833 charactere
3773 1774 3935 1835 scul-

2147 1886 2193 1947 Β
2218 1869 2344 1938 ptos
2393 1880 2517 1923 esse
2570 1866 2887 1939 perpendit,
2920 1872 2975 1924 et
3018 1866 3139 1939 ipse
3183 1882 3287 1925 nos
3325 1850 3483 1939 grata
3531 1865 3658 1924 vice
3699 1864 3936 1924 sibimet

2217 1955 2581 2026 signaculum
2626 1955 3000 2030 ponit..Sicut
3030 1955 3168 2031 duci
3207 1956 3434 2035 Judteae
3479 1954 3796 2015 Zorobabel
3830 1972 3935 2029 per

2216 2048 2497 2118 Aggznum
2532 2048 2867 2119 prophetam
2907 2046 3198 2129 pollicitus
3228 2034 3343 2129 est,
3377 2046 3579 2104 dicens
3618 2070 3630 2104 :
3664 2034 3796 2103 «“In‘
3829 2045 3935 2103 illa

2217 2134 2310 2192 die
2365 2134 2676 2209 suscipiam
2733 2142 2825 2208 te,.
2864 2135 3206 2205 Zorobabel,
3262 2135 3348 2193 ﬁli
3410 2132 3705 2206 Salathiel,
3763 2140 3934 2193 serve

2219 2239 2404 2294 meus,
2440 2229 2494 2281 et
2530 2240 2739 2297 ponam
2790 2232 2843 2282 te
2895 2224 3043 2283 sicut
3087 2212 3454 2298 signaculum
3510 2223 3573 2281 in
3606 2220 3935 2297 ’conspectu

2220 2327 2347 2370 meo
2378 2313 2543 2382 (Agg.
2579 2315 2656 2383 II).
2690 2336 2717 2364 »
2759 2312 2924 2382 Quod
2970 2311 3018 2371 si
3058 2312 3335 2389 nosejus,
3370 2310 3526 2386 quod
3576 2302 3749 2381 absit,
3777 2310 3933 2369 obli-

2219 2401 2516 2470 viscimur,
2559 2417 2790 2465 necesse
2818 2408 2903 2461 est
2940 2408 3004 2459 ut
3030 2408 3085 2459 et
3124 2401 3235 2474 ipsi
3282 2402 3355 2459 ab
3400 2417 3466 2460 eo
3511 2407 3939 2474 consequenter

2218 2491 2501 2550 oblivioni
2544 2491 2883 2571 tradamur:
2917 2486 3178 2569 Sicutde
3212 2475 3397 2565 impio
3429 2506 3561 2563 rege
3590 2490 3880 2549 Dominus
3918 2510 3932 2547 :

2226 2602 2245 2630 ι
2282 2579 2341 2639 Si
2398 2579 2592 2650 fuerit,
2648 2578 2884 2651 inquit,
2940 2578 3247 2637 Jechonias
3295 2580 3552 2638 annulus
3610 2579 3813 2646 dexter
3870 2579 3939 2637 in

2220 2683 2399 2725 manu
2452 2683 2600 2738 mea,
2652 2666 2788 2726 inde
2841 2666 3089 2725 evellam
3134 2682 3269 2725 eum
3318 2668 3450 2737 (Jer.
3505 2664 3689 2737 XXII);
3726 2658 3779 2717 ’i:
3811 2666 3941 2725 Hoc

2221 2756 2389 2830 plane
2448 2755 2812 2828 signaculum
2876 2755 3039 2814 beata
3103 2746 3316 2814 Christi
3380 2771 3585 2830 sponsa
3646 2755 3940 2814 Columba

2221 2845 2379 2903 intus
2422 2852 2477 2901 et
2552 2844 2915 2915 extrinsecus
2950 2845 3097 2923 ,sibi
3159 2844 3451 2920 signanter
3515 2844 3889 2917 impresserat
3921 2890 3937 2913 ,

2219 2948 2353 2991 cum
2413 2947 2527 2991 non
2577 2948 2705 2991 eam
2759 2932 2981 3007 regales
3030 2932 3269 2990 thalami
3319 2932 3391 2990 ad
3436 2932 3720 2990 lenocinia
3764 2932 3938 2990 ﬂuxa

2220 3022 2525 3092 resolvere,
2560 3036 2674 3080 non
2714 3021 2952 3087 honoris
2996 3021 3235 3109 ambitio
3274 3020 3615 3109 provocare,
3646 3036 3766 3105 non
3817 3018 3937 3078 mi-

2223 3125 2431 3168 narum
2458 3108 2853 3173 intonantium
2883 3099 3050 3185 furor
3068 3099 3382 3205 innectere,
3410 3104 3545 3205 noni
3563 3099 3693 3165 eam
3721 3114 3876 3165 certe
3902 3124 3937 3165 a

2222 3198 2313 3257 sui
2338 3213 2546 3261 cursus
2562 3198 2781 3271 impetu
2808 3199 3130 3272 quamlibet
3149 3194 3295 3257 dura
3306 3192 3377 3274 ret”
3395 3192 3691 3274 eit'qu'isita‘
3713 3194 3939 3270 poterat

2225 3294 2640 3355 tormentorum
2677 3304 2889 3361 genera
2931 3287 3239 3347 retardare.
3279 3284 3403 3346 Hoc
3442 3284 3744 3360 signaculo
3788 3284 3939 3358 pras-

2215 3373 2507 3441 munitum
2535 3378 2709 3450 Regis
2737 3379 2940 3447 aeterni
2973 3380 3294 3436 sacrarium
3330 3376 3495 3437 nulla
3543 3377 3728 3449 potuit
3773 3376 3934 3435 acies

2215 3469 2440 3527 hostilis
2494 3468 2858 3542 irrumpere,
2916 3467 3081 3547 nulla
3145 3469 3414 3528 fraudum
3492 3466 3935 3543 subrepentium

2214 3554 2527 3617 valuerunt.
2554 3559 2859 3618 molimina
2908 3558 3149 3641 violare,
3316 3630 3343 3645 Η
3452 3556 3460 3565 ’

2290 3646 2485 3706 Armis
2521 3645 2699 3718 igitur
2726 3632 2983 3725 accincta
3013 3632 3843 3729 virtutumI'g‘loriosa'niartyr
3882 3653 3939 3704 et

2219 3737 2400 3809 virgo,
2440 3751 2540 3809 per
2585 3737 2846 3805 ferrum,
2877 3752 2979 3811 per
3032 3737 3215 3812 ignes,
3258 3753 3360 3811 per
3405 3732 3661 3815 immane
3709 3734 3939 3809 suppli-

2218 3808 2375 3883 cium
2407 3808 2733 3898 properavit
2771 3825 2842 3885 ad
2878 3808 3394 3911 regna'cmloru'm.
3431 3808 3740 3883 Ubi’riutic
3766 3824 3942 3911 'inter

2220 3914 2516 3988 virginum
2540 3914 2747 3973 choros
2775 3912 3063 3989 canticum
3098 3909 3323 4001 novum;
3352 3910 3703 4004 modulando
3729 3909 3938 3984 conju-

2219 3986 2382 4075 bilat,
2440 4007 2496 4060 et
2550 4002 2805 4071 victoriae
2855 3986 3107 4077 palmam
3162 3986 3343 4060 beatis
3397 3986 3667 4058 manibus
3728 4004 3937 4071 portat.

2221 4090 2333 4151 Ubi
2364 4091 2535 4151 castis
2578 4091 2774 4164 sponsi
2820 4091 2931 4162 sui,
2965 4106 3142 4167 quem
3178 4088 3480 4167 dilexerat,
3527 4086 3684 4147 ulnis
3719 4087 3939 4145 astrin-

2218 4185 2399 4257 gitur,
2441 4181 2586 4242 stola
2630 4181 2853 4247 decoris
2888 4166 3174 4253 induitur,
3205 4172 3653 4263 coronavgloriae
3694 4176 3943 4236 feliciter

2222 4252 2554 4332 adornatur.
2602 4272 2769 4332 Nunc
2814 4274 3007 4348 itaque
3057 4252 3438 4331 velutwsidu's’
3486 4266 3741 4351 aureum.
3788 4266 3943 4324 inter

2225 4364 2749 4436 ignitossupernaa
2797 4338 3166 4443 Hierusalem
3218 4361 3437 4447 lapides
3484 4338 3944 4447 emi'cat,’f'et_in

435 4461 556 4504 sua:
589 4460 833 4519 sponsus
882 4448 943 4506 in
987 4444 1238 4507 Canticis
1291 4466 1425 4508 cum
1475 4451 1852 4524 praemisisset
1894 4469 1907 4508 :
1963 4442 2149 4510 «Sub
2226 4451 2387 4509 illius
2432 4450 2729 4511 obtutibus
2777 4467 3002 4526 semper
3052 4442 3269 4513 festiva
3314 4444 3748 4525 coruscat,'qui
3803 4443 3945 4502 vitae

432 4535 634 4594 arbore
675 4538 825 4596 malo
863 4540 1135 4599 suscitavi
1175 4547 1250 4611 te,
1292 4563 1316 4593 »
1363 4548 1781 4614 consequenter
1821 4542 2093 4615 adjunxit
2127 4567 2138 4602 :

434 4647 463 4681 ‹‹
499 4626 652 4686 Pone
681 4645 771 4687 me
826 4634 889 4688 ut
920 4630 1283 4705 signaculum
1318 4649 1491 4706 super
1517 4647 1615 4690 cor
1640 4640 1827 4701 tuum,
1856 4642 1918 4690 ut
1946 4634 2135 4707 signa-

1966 4725 2049 4781 Ac
2093 4722 2141 4781 si

390 4874 405 4892 λ
431 4803 581 4862 dicat
620 4824 634 4863 :
690 4804 838 4877 Quia
873 4824 978 4879 ego
1013 4815 1065 4866 te
1103 4809 1164 4867 in
1194 4816 1414 4867 tantum
1454 4809 1636 4867 dilexi
1678 4817 1741 4868 ut
1781 4826 1880 4881 per
1898 4819 2142 4870 mortem

431 4890 621 4954 crucis
660 4902 712 4955 te
758 4900 1047 4957 mortuam
1090 4898 1464 4969 'suscitarem;
1516 4907 1577 4957 tu
1624 4900 1798 4959 etiam
1849 4917 1943 4959 me
1977 4902 2143 4961 alter-

431 4991 626 5044 utrum
659 4985 924 5059 [alterum
972 4988 1214 5061 tantum]
1261 4987 1437 5060 dilige
1466 5031 1479 5058 ,
1522 5003 1728 5061 meque
1772 4989 1832 5046 in
1882 4992 1995 5049 tuis
2026 5007 2141 5049 non

432 5070 615 5135 modo
653 5074 1117 5149 cogitationibus,
1161 5075 1255 5134 sed
1298 5082 1353 5134 et
1390 5074 1681 5149 operibus,
1721 5077 1883 5136 velut
1928 5078 2138 5153 integri

428 5172 601 5240 atque
662 5160 893 5239 perfecti
938 5167 1150 5224 amoris
1208 5162 1574 5239 signaCulum
1620 5182 1791 5240 pone.
1848 5167 1992 5226 Nam
2040 5185 2143 5243 per

433 5254 695 5314 arborem
747 5255 967 5314 malum
1016 5253 1388 5313 ‘Dominicam
1436 5270 1667 5314 crucem
1727 5256 2007 5316 debemus
2054 5273 2144 5314 ac-

431 5346 636 5418 cipere,
689 5346 782 5404 cui
831 5343 1100 5403 videlicet
1153 5344 1345 5404 arbori
1406 5347 1596 5419 ipsum
1657 5346 1798 5405 alibi
1843 5346 2136 5405 Christum

433 5442 745 5508 comparat,
803 5435 1004 5493 dicens
1051 5458 1063 5492 :
1112 5434 1326 5495 «Sicut
1386 5436 1573 5494 malus
1630 5437 1780 5495 inter
1834 5437 1990 5509 ligna
2048 5436 2143 5495 sil-

434 5518 657 5593 varum‘,
691 5524 773 5582 sic
802 5524 1237 5584 dilectusmeus
1259 5526 1408 5584 inter
1442 5526 1593 5584 filios
1624 5528 1800 5598 (Cant.
1831 5529 1889 5598 ι).
1926 5552 1951 5575 ››

502 5610 690 5669 Arbor
722 5627 855 5686 ergo
882 5612 1021 5671 mali
1050 5629 1195 5673 crux
1242 5621 1327 5673 est
1362 5612 1595 5686 Christi,
1631 5631 1730 5689 per
1752 5630 1925 5690 quam
1965 5615 2142 5674 susci-

430 5701 545 5756 tata
573 5702 659 5757 est
684 5698 899 5770 anima,
935 5701 1133 5760 mortis
1162 5701 1379 5762 scilicet
1424 5708 1657 5762 aeternae
1689 5702 1940 5763 vinculis
1965 5704 2136 5764 abso-

2231 4543 2357 4600 fons
2391 4589 2404 4611 ,
2465 4548 2522 4599 et
2572 4541 2720 4601 lucis
2789 4542 2952 4615 origo
3006 4532 3555 4621 cunctosbsibimet
3610 4534 3948 4595 assistentes

2163 4603 2617 4691 D364'radiis,
2654 4603 2943 4692 inoccidui
3020 4610 3342 4717 splendoris
3398 4606 3647 4688 illustrat
3699 4625 3947 4717 ,‘Jesus

2226 4721 2485 4781 Christus
2515 4722 2797 4781 Dominus
2831 4727 3041 4793 noster,
3078 4722 3178 4796 qui
3210 4713 3345 4780 cum
3370 4719 3484 4778 Deo
3515 4716 3679 4777 Patre
3721 4720 3778 4773 et
3805 4713 3940 4788 Spi-

2228 4812 2342 4870 ritu
2387 4818 2582 4870 sancto
2630 4811 2771 4869 vivit
2820 4818 2875 4870 et
2928 4819 3130 4885 regnat
3182 4812 3242 4868 in
3294 4808 3507 4868 saecula
3560 4805 3937 4866 saeculorum.

2226 4901 2431 4957 Amen.

2396 5142 2811 5225 SERMONES
2897 5161 3571 5227 EXTRAVAGANTES
3658 5159 3761 5219 DE

2889 5265 3239 5326 SANCTIS.

2224 5400 2449 5464 Sermo
2483 5400 2526 5462 Ι.
2569 5401 2639 5462 1η
2677 5399 2902 5461 Natali
2932 5407 3323 5461 sanctarum
3355 5396 3722 5475 virginum.

2226 5497 2454 5560 Sermo
2490 5497 2563 5559 ΙΙ.
2601 5499 2679 5559 De
2700 5499 2964 5560 eisdem.

2222 5600 2447 5663 Sermo
2482 5602 2529 5662 Ι.
2561 5600 2644 5662 De
2678 5603 3083 5665 dedicatione
3112 5601 3408 5666 ecclesiae.

2223 5697 2455 5761 Sermo
2485 5698 2563 5762 ΙΙ.
2606 5698 2689 5761 De
2710 5699 2961 5762 eadem.
