4178 6466
243 3493 246 3496 ’
305 3479 545 3552 quippe
599 3495 796 3538 vocem
853 3499 865 3538 :

239 3589 241 3594 ·
312 3571 488 3641 ιίΙεαὶι
533 3570 626 3640 X).
686 3569 925 3639 »:Quia.
975 3585 1132 3641 mox,
1190 3576 1255 3628 ut
1322 3571 1506 3643 gratia
1558 3571 1742 3635 sancti
1799 3569 2048 3645 Spiritus

319 415 610 482 :889,-.

343 539 570 603 Sermo
601 539 711 603 ΙΙΙ.
746 539 832 604 De
886 493 1134 603 eadem.

343 635 573 699 Sermo
601 635 698 700 IV.
735 637 818 698 De
853 639 1111 700 eadem.

928 787 1176 850 SEBMO
1229 791 1459 854 LXVII.

862 889 921 936 IN
955 890 1169 937 NATALI
1197 891 1515 942 VIRGINUM.

417 985 577 1042 Inter
621 989 826 1042 cuncta
857 991 1403 1067 sanctorumgesta,
1447 989 1652 1050 fratres
1696 988 2050 1058 charissimi,

347 1074 495 1132 nihil
517 1079 602 1130 est
629 1072 783 1146 quod
808 1071 940 1146 plus
963 1088 1139 1146 quam
1163 1090 1460 1134 sacrarum
1488 1077 1723 1136 victoria
1751 1077 2053 1150 virginum

285 1175 290 1184 '
344 1163 440 1237 pia
487 1162 676 1231 corda,
734 1160 826 1220 vel
883 1161 956 1219 ad
1014 1178 1270 1221 amorem
1347 1165 1672 1226 Conditoris
1719 1165 2049 1236 accendere,

345 1252 440 1310 vel
495 1251 566 1309 ad
617 1251 840 1309 fortiter
895 1253 1183 1324 agendum
1239 1253 1424 1312 valeat
1485 1255 1728 1338 uberius
1775 1247 2094 1316 .excitare.‘

342 1339 486 1410 Quis
517 1339 696 1409 enim,
725 1339 921 1398 audito
960 1341 1197 1398 nomine
1227 1341 1494 1414 virginis,
1526 1359 1644 1402 non
1680 1345 1946 1420 protinus
1991 1345 2048 1402 in

344 1429 689 1487 memoriam
751 1437 974 1486 revocet
1025 1430 1298 1487 humanm
1353 1431 1556 1504 salutis
1602 1421 1945 1502 exOrdium,
1988 1449 2085 1510 ac,

345 1516 706 1588 singularem
756 1514 926 1574 illum
967 1532 1082 1576 non
1135 1516 1344 1576 recolat
1393 1519 1749 1579 intemeratae
1795 1519 2074 1593 Virginis

345 1615 596 1680 partum.
655 1605 784 1666 Huc
837 1607 1052 1665 accedit
1089 1608 1229 1682 quia
1270 1624 1403 1668 cum
1460 1609 1677 1682 fragilis
1723 1626 1900 1669 sexus
1931 1627 2049 1668 cer-

327 1695 584 1753 Itaminis
640 1693 730 1753 sui
785 1694 1085 1754 victoriam
1141 1696 1460 1756 obtinuisse
1514 1699 1896 1771 cognoscitur,
1956 1715 2054 1757 au-

341 1782 558 1841 dientis
592 1781 826 1840 animus
868 1783 939 1840 ad
971 1784 1225 1841 certandi
1265 1783 1521 1844 laborem
1560 1785 1790 1843 avidius
1822 1786 2050 1868 inﬂam-

343 1879 554 1930 matur.

413 1959 537 2018 Hoc
582 1958 783 2033 itaque
821 1958 990 2018 modo
1030 1959 1326 2033 virgineus
1367 1960 1558 2020 adhuc
1585 1961 1880 2034 germinat
1912 1978 2060 2036 par-I

345 2054 482 2118 tus,
539 2048 729 2106 adhuc
782 2047 1086 2122 virginalis
1145 2049 1244 2106 illa
1325 2050 1644 2108 fecunditas
1720 2050 2048 2109 cmlestium

340 2145 600 2212 segetum
639 2139 864 2198 fructus
885 2139 1232 2210 accumulat,
1263 2155 1398 2199 cum
1442 2140 1712 2199 mulieris
1739 2141 2050 2199 inﬁrmitas

345 2242 458 2285 non
496 2226 664 2285 modo
692 2242 902 2286 sexum
930 2234 1181 2301 superat,
1215 2229 1314 2286 sed
1355 2235 1412 2285 et
1447 2228 1648 2286 mundi
1683 2229 1859 2302 hujus
1886 2229 2046 2303 prin-

341 2315 527 2389 cipem
547 2316 924 2390 insuperabili
953 2317 1165 2374 mentis
1213 2317 1683 2391 magnanimitate
1710 2319 2046 2391 triumphat.

341 2406 434 2465 Ad
482 2407 592 2463 hoc
638 2422 890 2481 namque
939 2406 1043 2466 Dei
1091 2407 1279 2467 Filius
1331 2409 1625 2483 vernantis
1675 2409 1872 2467 vulvae
1908 2409 2052 2486 ﬂore

253 2511 256 2514 ‘
341 2507 650 2569 conceptus
699 2504 824 2566 est,
874 2504 937 2564 ut
993 2498 1340 2556 fermentum
1419 2504 1584 2557 vetus
1649 2497 1707 2554 in
1779 2513 2050 2570 azymum

248 2629 254 2633 .
341 2593 608 2656 verteret,
659 2595 711 2645 et
741 2603 852 2660 per.
879 2604 1131 2659 carnem,
1175 2605 1308 2662 quae
1357 2589 1504 2648 victa
1540 2589 1745 2660 fuerat,
1794 2590 2049 2648 humano

340 2676 539 2749 generi
573 2675 871 2734 victoriam
909 2685 1214 2750 repararet.
1257 2677 1521 2735 Loricam
1570 2678 1783 2758 quippe
1831 2678 1946 2735 sibi
1979 2677 2049 2734 de

342 2772 533 2824 nostra
583 2767 890 2839 fragilitate
932 2767 1298 2839 composuit,
1346 2767 1408 2824 in
1449 2783 1562 2842 qua
1621 2767 1922 2825 exsultans
1985 2775 2049 2826 ut

339 2855 522 2927 gigas,
554 2861 610 2911 et
633 2861 836 2927 potens
864 2871 929 2912 ac
965 2854 1127 2912 fortis
1157 2855 1215 2914 in
1248 2854 1473 2928 praalio,
1502 2860 1807 2932 potestates
1853 2871 2048 2914 aereas

338 2943 671 3002 debellavit.
719 2942 813 3002 Sic
853 2944 1050 3016 itaque
1091 2943 1161 3001 de
1215 2943 1555 3010 infirmitate
1599 2944 1936 3010 constantia,
1978 2944 2050 3003 de

340 3033 675 3106 captivitate
721 3032 979 3100 victoria,
1011 3033 1081 3096 de
1108 3033 1280 3094 ruina
1310 3041 1398 3092 est
1427 3035 1684 3098 ascensio
1723 3039 2047 3108 procurata,

337 3121 490 3180 Hinc
527 3121 811 3197 siquidem
855 3122 1067 3180 factum
1124 3130 1208 3184 est
1253 3130 1317 3184 ut
1367 3125 1646 3200 antiquus
1696 3125 1898 3197 hostis,
1949 3126 2054 3198 qui

1816 376 1818 380 ’
1857 379 2104 479 saeuo
2144 403 2376 479 LXVII.

2067 509 2472 607 Aattenditur.
2517 543 2662 601 Nam
2712 550 2848 602 cum
2889 531 3299 616 praemisisset:
3337 564 3359 594 ι
3395 541 3524 602 Non
3561 543 3632 602 ad
3680 560 3844 604 men-

3711 409 3716 435 ⁶
3734 411 3853 482 '890

2095 701 2098 704 ,
2138 623 2332 688 suram
2364 629 2461 688 dat
2500 631 2654 690 Deus
2692 631 3004 706 Spiritum;
3040 651 3067 685 ι)
3097 629 3363 704 protinus
3401 631 3598 690 intulit
3632 650 3645 692 :
3682 652 3710 686 α
3740 633 3845 693 Pa-

2138 727 2223 778 ter
2272 718 2460 792 diligit
2511 720 2748 792 Filium,
2805 729 2859 790 et
2909 720 3113 788 omnia
3154 719 3310 777 dedit
3370 719 3457 777 in-
3487 735 3664 780 manu
3720 723 3847 796 ejus

2141 812 2317 877 (Joan.
2361 813 2420 878 1).
2453 827 2480 860 »
2519 807 2678 867 Unde
2707 814 2760 867 et
2785 809 2924 868 alibi
2955 809 3093 866 dicit
3121 833 3134 866 :
3177 829 3198 857 ιι
3229 806 3343 866 Nos
3369 807 3440 867 de
3477 809 3841 883 plenitudine

2137 894 2262 970 ejus
2311 899 2659 970 accepimus.
2715 920 2742 953 »
2797 889 3115 957 Concordat
3151 896 3298 971 ergo
3358 913 3491 956 cum
3537 898 3842 959 ‘Psaimista

2136 988 2410 1061 Joannes,
2451 989 2591 1062 quia
2633 989 2769 1047 huic
2806 989 2910 1046 iste
2957 1003 3292 1047 mensuram
3333 987 3498 1059 tollit,
3531 1004 3708 1062 quem
3745 989 3844 1048 ille

2137 1086 2380 1137 unctum
2407 1096 2527 1154 prie
2556 1069 2921 1138 consortibus
2949 1079 3168 1137 asserit.

2209 1166 2372 1235 Quod
2421 1175 2616 1226 autem
2671 1167 2976 1242 Apostolus
3025 1169 3360 1227 mensuram
3409 1167 3588 1242 pauit,
3627 1167 3736 1226 hoc
3772 1168 3844 1226 de

2137 1254 2465 1328 quibusque
2506 1254 2776 1315 ﬁdelibus
2819 1256 2944 1315 vult
2981 1252 3248 1331 intelligi;
3289 1257 3470 1316 Juxta
3512 1269 3844 1313 mensuram

2104 1407 2108 1414 _
2137 1358 2389 1416 namque
2410 1342 2646 1416 spiritus
2662 1343 3032 1418 inestcuique
3050 1359 3380 1402 mensuram
3396 1343 3651 1413 virtutis,
3667 1349 3844 1415 atque

2137 1425 2495 1504 constantiae,
2527 1435 2612 1491 'ut
2653 1433 2746 1491 vel
2792 1432 2949 1491 vitiis
2981 1431 3392 1492 attentantibus
3426 1434 3488 1490 in
3527 1446 3662 1506 pace
3697 1431 3844 1490 resi-

2135 1528 2263 1594 stat,
2327 1521 2419 1580 vel
2477 1521 2540 1579 in
2577 1521 2907 1600 certamine
2961 1522 3308 1580 constitutus
3371 1518 3845 1596 insuperabiliter

2135 1619 2422 1672 tormenta
2468 1607 2781 1688 percurrat.
2829 1612 3074 1671 Samson
3127 1609 3344 1686 quippe
3389 1611 3595 1670 donec
3627 1615 3844 1684 septem

2135 1702 2323 1760 crines
2362 1703 2586 1772 habuit,
2628 1701 3042 1778 insuperabilis
3080 1700 3188 1760 fuit
3215 1702 3430 1772 ‘Uudz‘c.
3472 1701 3620 1771 XVIi,
3652 1697 3847 1772 et'lqui

2134 1793 2484 1868 septiformis
2515 1795 2686 1852 habet
2722 1793 2923 1868 gratiaa
2955 1792 3258 1866 Spiritum,
3285 1791 3568 1852 invictum
3607 1805 3666 1848 se
3693 1804 3848 1864 prte-

2092 1781 2096 1788 λ

2062 1895 2110 1955 Β
2132 1882 2225 1941 bet
2255 1882 2561 1958 ingruente
2596 1882 2989 1956 quorumlibet
3023 1885 3354 1954 tempestate
3377 1879 3687 1938 bellorum.

2207 1972 2359 2031 Hinc
2379 1981 2483 2044 est,
2509 1974 2663 2047 quod
2689 1974 2816 2031 haec
2851 1970 3233 2030 sacratissima
3283 1970 3466 2042 virgo,
3500 1965 3684 2042 cujus
3719 1967 3844 2041 glo-

2124 2061 2351 2120 -riosum
2389 2061 2694 2120 recolimus
2735 2055 3012 2119 hodierna
3048 2058 3408 2118 solemnitate
3454 2057 3839 2131 triumphum,

2131 2149 2360 2208 facilius
2409 2150 2593 2222 potuit
2622 2149 2790 2217 mori,
2819 2163 2992 2222 quam
3023 2147 3095 2206 ab
3127 2163 3213 2216 eo,
3245 2146 3397 2220 quod
3429 2145 3606 2204 semel
3637 2159 3843 2204 conce-

2136 2246 2310 2312 perat,
2348 2247 2541 2297 sancto
2586 2241 2835 2313 potuerit
2868 2239 3156 2312 proposito
3194 2235 3468 2295 revocari.
3511 2234 3648 2294 Erat
3685 2235 3846 2293 enim

2135 2327 2415 2402 templum
2456 2328 2578 2398 Dei,
2611 2323 2746 2388 aula
2770 2324 2936 2401 regis
2983 2326 3203 2396 aeterni,
3233 2324 3628 2384 sanctuarium
3659 2323 3844 2397 Spiri-

2134 2425 2225 2478 tus
2263 2419 2465 2478 sancti.
2506 2417 2688 2477 Virile
2726 2420 2938 2493 quippe
2977 2417 3150 2476 robur
3201 2417 3450 2475 enitebat
3490 2416 3552 2473 i'n
3589 2415 3846 2474 femineo

2131 2513 2376 2582 pectore,
2407 2509 2563 2583 quod
2597 2523 2712 2565 non
2745 2505 3135 2579 blandilhquis
3159 2504 3636 2578 persuasionibus
3668 2503 3848 2574 ﬂecti,

2132 2613 2245 2656 non
2281 2596 2571 2656 minarum
2600 2597 2901 2671 asperitate
2937 2595 3158 2665 terreri,
3199 2610 3314 2652 non
3351 2594 3608 2668 denique
3642 2607 3849 2667 poma-

2133 2702 2263 2745 rum
2314 2686 2706 2760 quarumlibet
2757 2685 2943 2760 potuit
3007 2677 3317 2757 generibus
3357 2679 3653 2756 superari.
3712 2682 3847 2739 Erat

2131 2775 2288 2834 enim
2336 2774 2571 2840 nobilis,
2602 2782 2657 2831 et
2705 2772 3051 2832 inﬂexibilis
3088 2772 3344 2842 animus,
3379 2769 3508 2828 ideo
3547 2771 3702 2828 vinci
3738 2784 3844 2827 ne-

2132 2864 2306 2935 scius,
2355 2865 2492 2937 quia
2538 2869 2592 2921 et
2639 2863 2770 2920 fidei
2831 2861 3102 2934 ﬂagrabat
3157 2860 3360 2918 ardore
3407 2872 3746 2930 succensus,
3789 2865 3844 2916 et

2133 2951 2262 3010 ideo
2310 2958 2582 3026 tanquam
2626 2951 2688 3008 in
2728 2950 2939 3009 excelsi
2986 2947 3360 3007 montis‘erat
3385 2946 3597 3005 vertice
3627 2944 3842 3003 consti-

2133 3046 2314 3099 tutus.
2343 3039 2610 3116 Subesse
2647 3029 2766 3097 isibi
2791 3027 3099 3112 judicabat
3139 3035 3400 3107 judicem
3455 3035 3520 3093 in
3567 3032 3840 3092 cathedra

2135 3128 2477 3202 pestilentiae
2508 3126 2938 3209 prmsidentem,
2970 3122 3570 3196 horrebattb‘lan’dum',
3595 3122 3846 3181 subsan-

225 3222 250 3250 .-
336 3210 458 3268 sibi
495 3210 1171 3312 provenisse‘victoriam
1219 3227 1322 3285 per
1367 3212 1547 3276 unius
1589 3213 1824 3280 feminae
1863 3213 2051 3290 vectare
2073 3219 2308 3312 Cnabat
2342 3213 2576 3302 iratum,
2619 3218 2877 3292 tantique
2913 3216 3064 3290 apud
3104 3219 3411 3286 eam'erat,
3444 3214 3495 3272 si
3529 3211 3757 3284 minax,
3781 3226 3848 3269 ac

333 3299 493 3356 diam
547 3297 966 3371 applalldebat;
1019 3313 1120 3370 P9P
1183 3299 1399 3358 muniis
1452 3316 1513 3358 SB
1566 3301 1696 3380 iam
1752 3295 2412 3392 dei’ictumuterribilis
2461 3307 2769 3388 frenderet,
2801 3306 2859 3364 ’si
2907 3301 3064 3364 ‘c'erte
3117 3305 3312 3378 plagas
3358 3319 3434 3392 ac
3453 3302 3700 3362 vulnera
3737 3317 3845 3392 ex-

327 3397 506 3463 atque
547 3389 854 3447 confusum
906 3389 1149 3448 feminas
1170 3390 1492 3450 erubescat.
1527 3391 1707 3450 Juxta
1755 3391 2046 3465 prophetae

925 3479 1352 3554 «.Computruit
1383 3480 1594 3553 jugum
1660 3496 1694 3537 a
1745 3480 1890 3542 facie
1933 3479 2046 3540 olei

332 3657 626 3716 mentibus
677 3657 948 3720 humanis
991 3659 1246 3725 inﬂuxit,
1298 3659 1777 3732 homoprotinus
1815 3667 1868 3719 et
1905 3661 2047 3733 jugo

285 3748 594 3823 "pristina;
673 3749 970 3810 servitutis
1023 3747 1344 3807 absolvitur
1408 3756 1464 3806 et
1529 3765 1697 3808 novm
1766 3750 2047 3809 libertatis

335 3837 502 3896 titulo
576 3837 893 3896 decoratur.
975 3835 1140 3896 Unde
1217 3843 1301 3895 est
1361 3835 1548 3896 'illud
1619 3836 1678 3895 in
1747 3837 2042 3896 Canticis:

339 3952 365 3975 κ
396 3926 602 3986 Oleum
655 3928 904 3987 effusum
961 3943 1174 3986 nomen
1217 3934 1382 3987 tuum
1424 3929 1594 4002 (Cant.
1629 3931 1685 4002 1).
1717 3950 1743 3981 »
1799 3931 2048 3988 Chrisma

336 4012 553 4084 Graece,
618 4014 815 4072 Latine
881 4015 1093 4074 dicitur
1143 4021 1345 4074 wzctio.
1399 4018 1450 4076 A
1517 4016 1827 4082 chrismate
1914 4031 2047 4089 ergo

337 4104 645 4174 Christus,”
683 4111 736 4161 et
813 4119 846 4162 a
917 4103 1142 4166 Christo
1223 4103 1430 4162 dicitur
1508 4107 1872 4162 Christianus.
1940 4104 2047 4168 Per

2132 3387 2365 3472 quisitae
2417 3395 2572 3454 necis
2622 3395 2926 3474 inﬂigeret,
2962 3392 3162 3466 quanti
3204 3392 3254 3449 si
3290 3387 3676 3462 gemmarum,
3723 3387 3846 3448 sive

2134 3479 2490 3543 vibrantium
2545 3480 3183 3562 metallorum‘pondus
3231 3479 3479 3538 offerret.-
3532 3477 3685 3535 Hinc
3736 3483 3840 3547 est,
3915 3477 3918 3482 ’

2108 3573 2286 3648 quod
2333 3588 2577 3650 sponsus
2625 3561 2704 3629 ait
2747 3571 2808 3629 in
2855 3569 3108 3628 Canticis
3143 3591 3168 3626 ε·
3207 3589 3234 3622 ‹‹
3281 3567 3492 3642 Surge,
3533 3564 3751 3639 aquilo,
3792 3571 3849 3622 et

2109 3661 2285 3730 ’veni,
2325 3666 2538 3731 auster,
2568 3660 2744 3732 perﬂa
2775 3660 3009 3718 hortum
3045 3663 3352 3728 meum;»et-
3374 3657 3559 3714 ﬂuant
3588 3659 3844 3712 aromata

2132 3751 2290 3811 illius
2316 3753 2494 3821 (Cant.
2534 3756 2640 3819 IV).
2679 3763 2711 3801 ι·
2735 3748 2883 3819 Quid
2917 3761 3017 3821 per
3042 3746 3396 3820 aquilonem,
3428 3743 3846 3818 qui-nimirum

2132 3847 2343 3913 ventus
2388 3844 2486 3896 est
2532 3837 2799 3911 frigidus,
2860 3836 2992 3894 nisi
3035 3832 3451 3909 persecutionis
3493 3830 3846 3904 asperitas?

2132 3925 2281 4003 Quid
2325 3947 2424 4004 per
2480 3929 2669 3988 austri
2716 3928 3154 4002 teporem,"nisi
3217 3927 3367 3998 male
3415 3917 3840 3984 b’landientium

2132 4019 2392 4078 remissio
2441 4019 2822 4091 designatur?
2870 4015 2981 4075 Sed
3019 4015 3170 4074 inter
3215 4015 3525 4088 utriusque
3576 4028 3841 4088 persecu-

2133 4106 2575 4186 tionisgenera,
2615 4105 2768 4164 inter
2809 4099 3057 4179 utraque
3095 4105 3344 4178 maligni
3393 4104 3636 4178 spiritus
3670 4119 3847 4176 argu-

333 4192 529 4251 oleum
588 4201 778 4252 autem
839 4191 984 4248 365
1037 4194 1289 4268 Spiritus
1360 4199 1589 4254 sanctus
1669 4194 1810 4254 solet
1876 4193 2047 4252 intel—
2085 4258 2087 4266 ι
2133 4193 2344 4264 menta,
2389 4193 2754 4254 ecclesiastici
2787 4187 2960 4274 :horti
3009 4193 3191 4253 ﬂuere
3222 4194 3508 4269 jubenttir'
3553 4200 3845 4263 aromata;

279 4299 281 4304 ί
331 4281 454 4356 ligi,
483 4283 634 4342 sient
690 4300 794 4357 per
826 4283 1189 4344 Psalmistam
1221 4285 1536 4364 Salvatori
1565 4292 1758 4346 nostro
1788 4286 2000 4369 dicitur
2031 4304 2042 4343 :
2083 4281 2086 4284 ’
2131 4273 2268 4360 quia
2295 4283 2461 4369 [fortis
2487 4282 2720 4368 animus
2747 4282 2900 4342 inter
2937 4281 3060 4341 haec
3087 4283 3402 4361 certamina
3425 4283 3844 4357 deprehensus,

333 4392 355 4420 ι
410 4369 593 4429 Unxit
618 4376 672 4428 te.
701 4371 856 4429 Deus
891 4372 1044 4432 Deus
1075 4377 1231 4444 tuus,
1263 4373 1388 4432 oleo
1417 4363 1633 4434 laetitias
1659 4390 1781 4447 pl'tB
1813 4363 2046 4456 consor:
2130 4363 2316 4448 aperit
2341 4372 2629 4448 quidquid
2662 4365 2904 4443 virium,
2931 4370 3402 4446 quidquid‘ﬁdei,
3423 4373 3718 4447 quidquid
3749 4373 3849 4430 in-

330 4460 484 4519 tibus
535 4461 650 4520 tuis
689 4464 1022 4535 (Psal.XLv).
1060 4487 1079 4514 ι
1134 4463 1340 4534 Oleum
1385 4482 1519 4538 ergo
1556 4465 1809 4538 effusum
1838 4472 1924 4523 est
1952 4481 2048 4523 no—
2131 4463 2300 4522 victae
2343 4462 2701 4540 fortitudinis
2751 4469 2990 4520 eatenus
3041 4462 3372 4533 occultavit,
3409 4464 3668 4522 etivelut
3704 4459 3848 4518 366

327 4565 457 4607 men
501 4548 738 4622 Christi,
772 4552 910 4624 quia
952 4552 1014 4610 in
1060 4559 1142 4611 tot
1184 4553 1434 4628 Spiritus
1478 4554 1662 4612 sancti
1701 4554 1884 4627 gratia
1924 4567 2048 4627 pro-
2072 4541 2387 4652 Daromata
2415 4551 2568 4652 foras
2607 4549 2927 4648 proﬂuunt,
2957 4550 3037 4649 ad.
3067 4550 3386 4652 humariam
3421 4552 3687 4652 notitiam
3725 4549 3846 4608 vir-

328 4645 588 4713 pagatur,
637 4647 774 4713 quot
818 4647 958 4698 sunt
989 4642 1092 4715 qui
1133 4641 1347 4701 Christi
1378 4641 1726 4701 vocabulum
1771 4641 2049 4700 veraciter
2072 4637 2119 4652 "
2140 4637 2289 4700 tutes
2316 4638 2620 4714 prodeunt,
2651 4654 2717 4696 ac
2746 4637 2854 4712 piae
2882 4637 3172 4713 opinionis
3199 4638 3398 4698 oderes
3432 4637 3598 4712 longe
3625 4639 3850 4714 lateque

320 4729 670 4788 sortiuntur.
746 4771 750 4778 .
1007 4789 1010 4793 ,
2137 4725 2492 4787 diffundunt.

406 4815 515 4875 Sed
576 4831 809 4876 movere
864 4824 1049 4892 potest
1096 4835 1200 4880 cur
1245 4820 1496 4879 Joannes
1549 4819 1800 4894 Baptista
1852 4819 2049 4894 perhi-
2206 4815 2347 4874 Haec
2393 4816 2592 4889 itaque
2636 4813 2994 4873 venerabilis
3035 4813 3211 4886 virgo
3235 4812 3432 4871 emisit
3487 4820 3743 4874 aromata
3784 4815 3844 4873 in

337 4904 486 4975 beat,
529 4905 669 4978 (illia
714 4927 742 4960 ‹‹
784 4922 902 4970 non
947 4907 1018 4966 ad
1074 4923 1408 4966 mensuram
1445 4907 1543 4966 dat
1581 4907 1734 4966 Deus
1777 4907 2045 4981 spiritum
2135 4922 2335 4980 campo
2367 4903 2725 4974 certaminis,
2756 4911 2889 4977 quae
2932 4902 3196 4977 priusin
3232 4903 3324 4962 sui
3346 4904 3544 4964 cordis
3575 4905 3846 4979 tegeban-

340 4995 514 5064 (Joan.
547 4996 707 5068 XIII);
749 5015 778 5049 »
816 5012 950 5055 cum
996 4996 1214 5067 Paulus
1260 4995 1578 5054 econtrario
1623 4996 1809 5055 dicat:
1850 5022 1876 5046 «
1903 4995 2047 5068 Uni-

339 5083 551 5158 cuique
597 5089 855 5145 nostrum
905 5085 1036 5145 data
1085 5092 1169 5144 est
1209 5085 1390 5160 gratia
1439 5085 1756 5154 secundum
1807 5101 2045 5145 mensu-

339 5187 459 5230 ram
505 5172 834 5234 donationis
877 5175 1086 5235 Christi
1114 5177 1336 5248 (Ephes.
1375 5179 1479 5245 Iv).
1512 5200 1538 5224 »
1575 5175 1874 5246 Quomodo
1912 5192 2047 5250 ergo

329 5277 452 5320 non
495 5263 568 5321 ad
617 5279 969 5336 mensuram,
1021 5273 1076 5323 et
1112 5263 1400 5339 quomodo
1453 5265 1772 5323 secundum
1817 5255 2047 5324 mensu-

336 5351 504 5410 ram?
545 5356 770 5423 (Coloss.
810 5362 894 5426 II.)
936 5356 1046 5416 Sed
1086 5355 1240 5429 quod
1281 5355 1532 5414 Joannes
1569 5355 1771 5412 asserit
1823 5370 1936 5412 non
1972 5353 2041 5412 ad

330 5457 672 5501 mensuram
721 5445 993 5519 spiritum
1054 5445 1198 5517 dari,
1255 5445 1326 5504 de
1392 5445 1774 5518 Redemptore
1847 5451 2042 5504 nostro

169 5562 175 5569 -
247 5553 252 5570 ›
335 5531 539 5605 procul
566 5532 745 5591 dubio
771 5534 935 5593 debet
967 5535 1213 5608 intelligi
1239 5554 1252 5602 ;
1292 5534 1351 5593 in
1381 5549 1497 5608 quo
1529 5533 1795 5592 videlicet
1824 5534 2042 5592 habitat

305 5620 526 5678 "omnis
568 5620 872 5694 plenitudo
908 5622 1231 5688 divinitatis
1277 5621 1665 5705 corporaliter.
1717 5620 1878 5692 Quod
1936 5624 2040 5700 p’a-

276 5787 283 5792 _
336 5717 522 5772 tenter
571 5712 914 5787 agnoscitur,
971 5713 1020 5773 si
1072 5714 1193 5788 ipsa
1247 5719 1438 5774 textus
1491 5711 1811 5787 evangelici
1862 5711 2038 5772 series

2135 5003 2230 5056 tur‘
2303 4994 2548 5067 arcanis,
2617 4993 2806 5051 attrita
2862 4991 3064 5065 ‘praalo
3123 4992 3561 5065 persecutionis,
3609 4993 3852 5068 aspersit

2132 5081 2368 5148 Odorem
2415 5079 2705 5145 aromatis.
2743 5083 3042 5155 Pugnabat
3083 5081 3243 5141 enim
3283 5083 3348 5142 in
3381 5099 3446 5142 ea
3477 5082 3658 5142 David
3692 5083 3850 5142 velut

2131 5180 2196 5238 in
2237 5194 2368 5237 arce
2423 5175 2559 5236 Sion
2603 5179 2799 5234 contra
2845 5172 3049 5232 faciem
3103 5173 3406 5246 Damasci;
3436 5175 3525 5233 vel
3563 5175 3752 5248 potius
3789 5182 3855 5234 ut

2130 5267 2192 5325 in
2262 5281 2407 5324 sexu
2478 5262 2667 5335 fragili
2728 5262 2851 5336 ipse
2897 5263 3200 5338 parvulus,
3226 5277 3314 5321 '~ac
3363 5262 3664 5337 despectus
3725 5279 3847 5324 uno

2131 5362 2324 5414 contra
2353 5365 2628 5425 magnum
2649 5348 2877 5409 Goliath
2904 5350 3093 5425 lapide
3121 5349 3433 5410 dimicabat
3451 5354 3502 5425 (Ι
3519 5356 3650 5422 Reg.
3673 5353 3845 5425 XVII),

2129 5443 2199 5501 de
2227 5456 2340 5517 quo
2369 5439 2542 5497 etiam
2573 5440 2634 5497 in
2670 5437 2818 5497 libro
2849 5439 3074 5513 Regum
3108 5439 3266 5498 velut
3293 5439 3353 5497 in
3393 5455 3620 5513 magnae
3661 5440 3847 5501 laudis

2129 5529 2418 5605 praeconio
2472 5528 2686 5586 dicitur
2723 5551 2735 5585 :
2784 5548 2811 5580 «
2850 5527 3034 5586 David
3079 5528 3284 5586 sedens
3322 5527 3401 5586 id
3444 5530 3712 5588 cathedra
3762 5547 3846 5589 sa-

2126 5619 2524 5695 pientissimus
2573 5617 2836 5694 princeps
2886 5619 3034 5677 inter
3091 5624 3205 5677 tres
3254 5621 3344 5693 (H
3393 5624 3524 5691 Reg.
3579 5626 3783 5696 XXIII).
3823 5645 3844 5674 ι

2124 5710 2251 5784 ipse
2276 5707 2442 5785 quasi
2475 5707 2820 5768 tenerrimus
2844 5707 2989 5782 ligni
3018 5708 3395 5784 vermiculus,
3421 5710 3521 5786 qui
3549 5710 3849 5785 octingen-
