4178 6476
461 348 563 410 891

1078 346 1136 408 S.
1180 347 1401 408 PETRI
1440 345 1762 408 DAMIANI
1800 345 1957 406 OPP.
2004 344 2200 405 PARS
2242 343 2387 405 SEU
2425 341 2679 404 TOMUS
2716 342 2794 402 II.
2836 374 2903 389 —
2943 340 3368 403 SERMONES.

3829 341 3985 402 .892

467 483 555 538 tos
597 477 884 537 interfecit
940 476 1157 550 impetu
1211 491 1351 535 uno.
1404 476 1556 546 Quid
1613 481 1718 545 est,
1778 475 1931 550 quod
1976 475 2181 547 David,
2208 475 2469 541 Aﬂuunt
2499 475 2722 548 impetu
2761 473 2832 531 de
2863 471 3084 531 Libano
3122 471 3297 545 (Cant.
3330 471 3426 544 Iv).
3467 493 3487 521 ιι
3529 469 3681 528 Hinc
3722 476 3779 529 et
3821 469 3983 529 Psal-

469 572 585 626 tam
606 582 795 637 nova,
828 571 941 624 tam
974 565 1251 625 inaudita
1296 566 1584 640 praconio
1639 565 1828 626 laudis
1854 566 2137 625 attollitur
2159 563 2188 623 ?

390 686 397 695 -
466 654 609 728 Quis
648 662 733 715 est
768 656 879 714 iste
928 660 1043 715 tam
1090 655 1351 725 humilis,
1383 664 1620 730 tamque
1662 651 1980 714 sublimis?
2024 652 2188 722 Quis,

466 747 732 819 inquam,
786 749 872 802 est
912 743 1020 802 iste
1056 743 1239 803 David
1284 744 1362 803 ita
1402 744 1612 803 debilis
1645 751 1818 818 atque
1865 742 2190 815 despectus,

465 842 530 896 ut
559 833 870 895 vermiculi
922 834 1167 909 speciem
1211 833 1411 909 gerat?
1433 834 1518 893 Ita
1548 834 1709 893 fortis
1749 849 1814 891 ac
1842 832 2090 902 validus,
2126 837 2193 891 ut

469 942 586 986 uno
618 927 841 1001 impetu
872 926 1231 1001 octingentos
1261 926 1526 984 homines
1554 922 1905 983 interﬁciat?
1933 922 2000 980 In
2028 922 2190 996 palea

469 1033 684 1091 nempe
714 1017 919 1076 littera
950 1017 1180 1076 videtur
1208 1032 1330 1076 esse
1366 1016 1679 1075 ridiculum
1704 1063 1718 1086 ,
1751 1014 1799 1072 si
1830 1028 1943 1071 non
1975 1013 2036 1071 in
2068 1029 2192 1071 me-

472 1110 639 1170 dulla
667 1110 914 1184 spiritus
943 1109 1114 1167 lateat
1140 1112 1585 1167 sacramentum.

563 1201 704 1273 Quis
741 1217 877 1276 ergo
914 1198 1273 1272 vermiculus
1296 1196 1441 1271 iste,
1473 1198 1589 1256 nisi
1636 1196 1732 1254 ille
1760 1195 1861 1269 qui
1890 1209 1993 1268 per
2024 1208 2196 1252 eum-

492 1290 624 1349 dem
662 1290 847 1349 David
879 1288 1033 1350 canit
1062 1288 1124 1348 in
1168 1286 1399 1346 Psalmo
1431 1310 1444 1345 :
1480 1308 1502 1338 ι
1534 1286 1652 1359 Ego
1681 1290 1875 1343 autem
1904 1297 2032 1341 sum
2064 1297 2196 1340 ver-

491 1379 621 1449 mis,
651 1386 852 1437 etnon
905 1378 1080 1438 homo
1124 1380 1295 1448 (Psal.
1331 1380 1489 1447 XXI).
1518 1400 1544 1425 ››
1581 1374 1743 1435 Sicut
1776 1373 1933 1431 enim
1980 1372 2196 1430 vermis

492 1484 569 1527 ex
608 1467 727 1526 sola
762 1466 909 1541 ligni
948 1467 1186 1525 materia
1226 1466 1506 1540 gignitur,
1536 1464 1617 1523 ita
1653 1462 1947 1522 Christum
1979 1460 2197 1533 absque

495 1554 652 1614 virili
689 1554 909 1625 semine
947 1554 1019 1612 de
1056 1554 1175 1613 solo
1220 1553 1494 1626 virginali
1533 1558 1698 1612 utero
1736 1550 1999 1624 genitum
2055 1550 2197 1607 fides

493 1643 773 1703 catholica
818 1643 1141 1702 conﬁtetur.
1186 1642 1294 1702 Sed
1347 1642 1614 1718 quamvis
1653 1640 1867 1699 vermis
1913 1639 1985 1703 sit
2038 1644 2199 1696 tener

492 1737 551 1791 et
578 1730 786 1791 debilis
817 1774 832 1804 ,
863 1730 1008 1806 ligni
1038 1746 1173 1791 vero
1198 1731 1414 1791 duritia
1456 1731 1616 1790 fortis
1643 1746 1707 1789 ac
1737 1728 1948 1797 solida;
1983 1726 2197 1785 vermis

2274 568 2489 625 mista:
2549 591 2575 615 «
2624 563 2914 624 Fluminis
2950 563 3203 636 impetus
3245 560 3495 620 latiﬁcat
3539 562 3832 620 civitatem
3882 562 3987 620 Dei

2275 660 2441 729 (Psal.
2473 661 2638 717 XLV).
2674 680 2701 704 »

2346 745 2500 804 Huic
2542 760 2679 817 ergo
2715 744 2836 817 regi
2869 749 2984 803 tam
3018 744 3252 814 humili,
3303 748 3538 818 tamque
3568 742 3828 816 sublimi,
3868 747 3988 802 tam

2276 835 2531 904 inﬁrmo,
2585 833 2684 892 sed
2735 833 2814 891 ita
2868 832 3180 892 fortissimo
3226 832 3437 903 gratias
3494 833 3834 904 referamus,
3886 833 3992 905 qui

2279 922 2488 981 idcirco
2531 922 2658 981 ﬁeri
2703 921 2976 995 dignatus
3021 930 3105 981 est
3154 921 3369 981 vermis
3416 922 3477 979 in
3525 921 3703 996 ligno,
3762 927 3825 981 ut
3881 936 3993 980 nos

2278 1010 2649 1070 constitueret
2696 1010 2851 1070 cives
2890 1010 2951 1068 in
2999 1010 3163 1069 coelo.
3210 1009 3346 1068 Ideo
3395 1016 3690 1068 vetustum
3739 1008 3987 1069 humani

2280 1102 2506 1176 generis
2544 1102 2847 1162 inimicum
2876 1102 2936 1159 in
2978 1118 3038 1160 se
3076 1100 3339 1174 permisit
3370 1101 3690 1175 insurgere,
3728 1106 3790 1159 ut
3816 1115 3892 1159 ex
3920 1115 3992 1158 eo

2280 1195 2647 1268 postmodum
2680 1210 2796 1253 non
2839 1195 3006 1253 modo
3050 1209 3152 1267 per
3195 1194 3368 1266 viros,
3408 1195 3502 1251 sed
3563 1194 3735 1252 etiam
3771 1209 3873 1266 per
3906 1194 3990 1251 fec

2282 1286 2470 1345 minas
2505 1287 2905 1361 triumpharet,
2935 1287 2967 1346 J
2973 1302 3108 1344 esus
3145 1283 3408 1344 Christus
3436 1284 3723 1343 Dominus
3748 1289 3950 1341 noster

2283 1376 2385 1450 qui
2416 1391 2550 1434 cum
2580 1376 2698 1434 Deo
2728 1375 2893 1433 Patre
2922 1380 2976 1433 et
3032 1375 3249 1448 Spiritu
3290 1380 3484 1432 sancto
3515 1371 3659 1431 vivit
3690 1378 3743 1431 et
3788 1378 3996 1445 regnat

2282 1466 2345 1525 in
2373 1465 2585 1525 sacula
2612 1464 2984 1526 saculorum.
3022 1468 3234 1522 Amen.

2867 1554 3115 1615 SERMO
3147 1552 3404 1612 LXVIII.

2758 1659 2817 1705 II.
2852 1657 2912 1703 IN
2940 1657 3156 1703 NATALI
3185 1655 3500 1704 VIliGINUM.

2355 1731 2561 1805 Hodie,
2614 1734 2816 1793 fratres
2870 1732 3217 1803 charissimi,
3273 1731 3556 1805 virginale
3605 1730 3770 1789 nobis
3814 1729 3995 1788 decus

496 1827 688 1882 tamen
727 1820 954 1894 lignum
984 1820 1154 1879 vertit
1189 1820 1252 1879 in
1281 1820 1515 1892 cariem,
1568 1828 1622 1878 et
1656 1832 2033 1879 cavernosum
2064 1816 2194 1874 red-
2217 1820 2500 1897 Billuxit,
2533 1822 2686 1897 quod
2712 1828 2926 1881 nostra
2958 1820 3249 1880 memoria
3281 1820 3499 1879 divina
3541 1818 3773 1878 virtutis
3803 1819 3993 1877 victo-

492 1910 596 1984 dit,
633 1916 690 1969 et
739 1925 967 1968 cavum.
1011 1908 1095 1967 Ita
1146 1908 1493 1983 Redemptor
1529 1917 1722 1968 noster
1763 1922 1937 1966 verus
1974 1905 2196 1980 utique

493 2013 671 2065 manu
723 1996 885 2055 fortis
936 2006 1108 2071 atque
1157 1996 1555 2056 desiderabilis
1591 2043 1604 2064 ,
1662 1998 1764 2072 qui
1821 1995 2192 2069 semetipsum

490 2083 836 2156 exinanivit,
865 2084 969 2158 qui
1004 2100 1115 2144 non
1144 2085 1368 2144 habens
1405 2086 1651 2160 speciem
1688 2101 1875 2160 neque
1904 2082 2191 2156 decorem,

490 2172 785 2232 invalidus
821 2188 887 2233 ac
923 2172 1221 2247 despectus
1264 2175 1529 2248 apparuit
1578 2199 1590 2232 :
1636 2175 1963 2234 humanum
2006 2188 2193 2245 genus

489 2262 643 2322 unde
671 2267 830 2321 ortus
867 2267 971 2332 est,
1004 2263 1282 2336 paulatim
1311 2279 1345 2321 a
1382 2279 1487 2323 suo
1531 2264 1719 2338 rigore
1765 2264 2031 2334 mollivit,
2068 2279 2191 2321 ma-

484 2366 785 2426 gnumque
813 2351 1045 2410 sibimet
1072 2352 1131 2410 in
1163 2353 1358 2411 electis
1390 2353 1512 2412 suis
1540 2353 1913 2413 habitationis
1942 2354 2193 2427 spatium

485 2437 832 2514 procuravit.
864 2438 975 2497 Elic
1004 2439 1199 2512 itaque
1222 2439 1405 2499 David
1439 2439 1599 2497 sedet
1635 2440 1697 2498 in
1728 2440 2019 2511 cathedra,
2054 2442 2192 2518 quia

482 2528 545 2586 in
584 2537 840 2602 paterna
878 2528 1189 2603 majestatis
1220 2526 1405 2602 gloria
1445 2529 1816 2601 constitutus,
1853 2530 2054 2588 omnia
2088 2529 2190 2604 ju-

2278 1912 2422 1970 riam
2456 1914 2775 1972 renovavit.
2809 1913 2983 1972 Porro
3015 1919 3233 1986 quanto
3260 1910 3518 1985 fragilior
3545 1924 3738 1979 sexus,
3769 1913 3992 1982 quanto

2276 1999 2570 2059 inﬁrmius
2613 2001 2913 2060 vasculum
2963 2000 3117 2072 quod
3155 2004 3405 2073 reportat
3453 2014 3528 2057 ex
3574 2000 3733 2057 hoste
3775 1996 3992 2054 trium-

2279 2091 2478 2164 phum,
2516 2097 2675 2151 tanto
2720 2093 2925 2166 majori
2964 2090 3230 2149 diabolus
3278 2088 3584 2164 opprobrio
3627 2085 3989 2147 confusionis

2275 2178 2559 2250 induitur,
2590 2187 2745 2239 tanto
2772 2179 3094 2238 mirabilior
3132 2178 3286 2237 Deus
3316 2178 3376 2236 in
3417 2178 3538 2237 suis
3568 2176 3779 2235 sanctis
3804 2188 3987 2249 agno-

2275 2267 2475 2338 scitur,
2527 2274 2682 2327 tanto
2724 2269 2898 2327 etiam
2935 2283 3037 2326 rex
3084 2274 3406 2341 martyrum
3454 2263 3718 2323 Christus
3759 2262 3821 2320 in
3861 2277 3989 2335 pro-

2276 2357 2712 2429 pugnatricibus
2768 2357 2893 2416 suis
2936 2355 3255 2432 jucundius
3309 2354 3644 2413 delectatur.
3698 2351 3852 2411 Hinc
3903 2359 3990 2409 est

2274 2449 2466 2520 etiam,
2517 2448 2671 2524 quod
2716 2448 2979 2507 Salvator
3014 2452 3206 2506 noster
3246 2446 3307 2503 in
3355 2445 3539 2519 hujus
3584 2445 3785 2503 mundi
3833 2458 3992 2501 cam-

2273 2555 2413 2614 pum
2466 2544 2770 2613 potestates
2810 2555 3005 2598 aereas
3055 2535 3447 2595 debellaturus
3499 2535 3831 2603 adveniens,
3867 2547 3986 2591 non

483 2617 654 2689 dicat.
694 2617 792 2677 Olli
831 2617 996 2676 Pater
1031 2618 1111 2676 ait
1151 2637 1164 2676 ε
1206 2643 1228 2669 α
1262 2617 1407 2677 SBde
1456 2635 1489 2676 ἃ
1534 2619 1756 2677 dextris
1801 2619 1964 2678 meis.
1994 2640 2021 2673 ν
2087 2620 2189 2680 Sa-
2272 2629 2446 2702 elegit
2482 2629 2740 2686 rhetores
2776 2635 2830 2686 et
2870 2627 3260 2701 philosophos,
3300 2625 3397 2684 sed
3442 2624 3732 2698 simplices
3781 2638 3849 2681 ac
3898 2620 3989 2679 lit-

482 2705 878 2782 pientissimus
907 2711 1012 2778 est,
1041 2706 1182 2779 quia
1201 2706 1325 2780 ipsa
1354 2707 1542 2765 Patris
1569 2706 1863 2781 Sapientia
1887 2713 1990 2767 est.
2276 2717 2469 2776 teralis
2517 2716 2826 2775 industria
2876 2732 3113 2790 prorsus
3168 2715 3437 2789 ignaros;
3496 2720 3561 2772 ut
3612 2712 3672 2769 in
3735 2717 3987 2784 utroque

554 2798 668 2858 Sed
721 2797 1013 2872 quomodo
1051 2797 1237 2857 David
1284 2798 1498 2857 dicitur
1538 2799 1802 2873 princeps
1852 2799 2004 2857 inter
2053 2804 2188 2870 tres,
2272 2822 2419 2863 sexu
2468 2821 2669 2863 verum
2726 2805 2820 2876 sit,
2863 2804 3015 2878 quod
3065 2802 3372 2878 Apostolus
3419 2801 3499 2859 ait
3548 2825 3560 2859 :
3612 2826 3636 2850 ‹‹
3671 2798 3822 2869 Quia
3866 2813 3986 2857 non

478 2906 615 2950 cum
639 2888 740 2948 ille
774 2905 889 2948 non
929 2889 1080 2947 inter
1105 2887 1252 2947 alios
1286 2889 1605 2962 quemlibet
1642 2889 2054 2964 principatum,
2089 2889 2187 2948 sed
2273 2893 2441 2952 multi
2489 2893 2777 2966 sapientes
2827 2893 3147 2952 secundum
3195 2907 3446 2960 carnem,
3496 2904 3610 2948 non
3660 2887 3839 2945 multi
3897 2902 3993 2961 po-

475 2991 647 3049 super
674 2990 878 3034 omnes
901 2976 1089 3049 potius
1115 2977 1323 3049 regalis
1350 2978 1555 3050 sceptri
1584 2985 1802 3036 teneret
1826 2978 2137 3052 imperium
2160 2975 2190 3035 ?
2273 2989 2477 3053 tentes,
2508 2997 2627 3040 non
2659 2982 2831 3041 multi
2864 2982 3101 3053 nobiles,
3136 2981 3234 3041 sed
3273 2996 3406 3055 qua
3434 2978 3605 3038 stulta
3634 2983 3777 3037 sunt
3806 2976 3988 3051 hujus

479 3068 529 3140 (Ι
544 3068 851 3137 Psal.cix.)
877 3064 1032 3124 Laus
1057 3066 1218 3125 enim
1238 3067 1347 3124 ista
1366 3066 1669 3140 depreciat,
1684 3082 1804 3125 non
1823 3065 2070 3138 exaltat;
2095 3066 2189 3124 de-
2271 3072 2500 3143 mundi,
2533 3071 2706 3146 elegit
2745 3073 2898 3130 Deus
2926 3078 2990 3131 ut
3029 3070 3344 3130 confundat
3374 3069 3541 3129 fortia
3573 3093 3586 3126 :
3619 3073 3675 3125 et
3703 3066 3992 3141 ignobilia

475 3155 696 3230 primit,
729 3169 847 3214 non
877 3153 1121 3224 attollit;
1156 3169 1290 3213 cum
1314 3154 1415 3212 ille
1441 3170 1558 3214 non
1591 3162 1703 3213 tam
1732 3155 1916 3214 tribus
1937 3156 2180 3213 interes-
2204 3198 2248 3235 η
2271 3162 2474 3220 mundi
2531 3168 2587 3219 et
2630 3161 3083 3235 contemptibilia
3137 3160 3308 3233 elegit
3362 3159 3530 3229 Deus,
3581 3162 3637 3215 et
3680 3173 3817 3231 qua
3866 3170 3984 3215 non

477 3250 581 3315 set,
611 3257 789 3318 quam
818 3242 1091 3302 omnibus
1129 3252 1469 3317 superesset.
1508 3242 1619 3303 Sed
1651 3259 1788 3303 cum
1823 3245 1897 3302 ab
1926 3244 2028 3303 illo
2068 3245 2178 3304 Da-
2206 3242 2249 3259 υ
2272 3257 2426 3322 sunt,
2483 3258 2546 3310 ut
2597 3267 2664 3310 ea
2712 3266 2845 3326 qua
2892 3257 3028 3308 sunt
3064 3248 3405 3319 destrueret,
3442 3253 3508 3306 ut
3548 3262 3663 3305 non
3705 3243 3991 3318 glorietur

477 3328 575 3391 vid
630 3331 893 3391 videatur
930 3333 1212 3392 sententia
1250 3332 1358 3396 ista
1391 3332 1691 3404 dissidere,
1736 3340 1820 3392 est
1854 3334 1948 3393 cui
2003 3333 2185 3392 valeat
2270 3341 2462 3401 omnis
2515 3355 2646 3399 cam
2700 3339 2763 3398 in
2801 3346 3111 3414 conspectu
3148 3340 3273 3413 ejus
3311 3341 3381 3411 (Π
3414 3339 3533 3395 σον,
3580 3338 3637 3409 ι),
3674 3356 3700 3387 »
3743 3332 3991 3392 Talibus

475 3420 769 3495 aptissime
816 3422 1146 3481 convenire.
1201 3421 1414 3481 Beatus
1488 3422 1674 3493 enim,
1731 3438 1796 3482 ac
1869 3423 2181 3498 singularis

2274 3430 2426 3488 enim
2466 3429 2829 3503 omnipotens
2869 3429 3024 3488 Deus
3056 3428 3384 3488 uberiorem
3424 3441 3577 3499 sape
3619 3423 3991 3498 pradicatio—

472 3512 569 3570 ille
601 3512 794 3585 homo,
825 3513 928 3586 qui
965 3513 1205 3589 mystice
1245 3513 1434 3573 dictus
1472 3520 1557 3573 est
1598 3515 1832 3587 vermis,
1875 3531 2013 3574 mox
2058 3521 2180 3574 uta

476 3598 661 3660 Verbo
689 3600 751 3659 in
800 3601 1017 3660 unitate
1056 3616 1315 3676 persona
1354 3602 1691 3675 suscipitur,
1723 3604 1785 3661 in
1813 3611 2008 3662 sancta
2045 3603 2178 3662 Tri-

472 3691 647 3750 nitate
676 3708 793 3752 non
822 3691 1189 3766 inaequaliter
1217 3692 1595 3767 principatur.
1634 3692 1907 3767 Princeps
1937 3700 2018 3752 est
2046 3708 2181 3767 ergo

469 3781 620 3841 inter
665 3789 800 3856 tres,
838 3784 974 3857 quia
1022 3783 1224 3843 unitus
1261 3790 1346 3842 est
1388 3783 1592 3856 Verbo,
1625 3799 1760 3857 qua
1810 3800 1926 3842 una
1980 3790 2065 3841 est
2111 3784 2174 3841 in

468 3880 662 3932 sancta
692 3871 973 3933 Trinitate
1010 3887 1274 3946 persona.
1336 3871 1445 3931 Hic
1473 3872 1833 3946 octingentos
1887 3870 2179 3930 interfecit

464 3961 687 4036 impetu
715 3978 854 4022 uno.
889 3961 1228 4022 Octonarius
1255 3977 1541 4021 numerus
1572 3961 1645 4019 ad
1673 3961 2174 4033 resurrectionem,

462 4051 829 4112 centenarius
890 4052 1137 4125 pertinet
1189 4053 1262 4112 ad
1314 4052 1743 4127 perfectionem.
1803 4051 1983 4109 David
2039 4066 2174 4125 ergo

466 4155 583 4198 uno
650 4139 865 4213 impetu
923 4140 1282 4214 octingentos
1345 4139 1649 4208 interfecit,
1711 4139 1850 4214 quia
1918 4139 2178 4198 Salvator

466 4236 656 4287 noster
699 4243 901 4287 omnes
945 4229 1049 4302 qui
1099 4230 1194 4288 vel
1238 4232 1649 4303 perfectionem
1697 4228 1829 4287 ﬁdei
1875 4234 2173 4302 appetunt,

467 4315 558 4375 vel
594 4316 1028 4377 resurrectionis
1065 4317 1309 4391 gloriam
1354 4316 1789 4392 concupiscunt,
1837 4316 2030 4391 gladio
2080 4315 2172 4376 sui

463 4404 705 4478 spiritus
755 4403 1059 4476 interfecit,
1121 4407 1262 4464 dum
1315 4421 1413 4464 eos
1483 4421 1585 4479 per
1637 4405 2053 4465 incarnationis
2110 4420 2175 4464 ac

463 4494 652 4554 crucis
692 4509 819 4554 sua
852 4494 1200 4568 mysterium
1239 4494 1310 4554 ab
1339 4511 1534 4555 amore
1573 4495 1779 4556 mundi
1806 4495 1987 4567 hujus
2019 4511 2169 4553 mor-

464 4588 593 4643 tuos
628 4583 914 4657 reddidit;
942 4591 997 4643 et
1034 4581 1179 4640 367
1213 4586 1317 4645 hoc
1347 4600 1465 4644 uno
1504 4592 1769 4660 operatus
1806 4593 1893 4644 est
1928 4585 2168 4659 impetu,

462 4668 521 4730 id
549 4680 654 4744 est,
696 4688 817 4733 uno
863 4689 990 4733 sua
1020 4673 1440 4734 incarnationis
1471 4675 1746 4734 adventu.
1783 4673 1973 4734 Semel
2013 4674 2169 4733 enim

461 4779 562 4836 pro
591 4763 836 4836 peccatis
865 4764 1077 4824 nostris
1106 4774 1369 4826 mortuus
1419 4772 1525 4838 est,
1548 4767 1670 4841 jam
1705 4767 1856 4826 ultra
1886 4782 2003 4826 non
2048 4784 2170 4825 mo-

458 4853 608 4915 ritur
648 4859 817 4926 (Rom.
854 4863 955 4926 VI).
991 4857 1082 4915 An
1123 4873 1241 4917 non
1275 4858 1401 4933 ejus
1435 4858 1722 4917 adventus
1759 4858 1890 4930 jure
1937 4864 2172 4917 vocatur

459 4945 732 5020 impetus,
761 4946 834 5005 de
868 4962 983 5022 quo
1016 4946 1286 5008 Salomon
1312 4949 1393 5007 ait
1429 4971 1441 5007 :
1477 4969 1505 5002 (ι
1544 4946 1688 5005 Ecce
1721 4947 1831 5005 iste
1863 4947 2077 5006 saliens
2108 4949 2167 5006 in

460 5035 780 5107 montibus,
819 5036 1149 5097 transiliens
1184 5038 1363 5097 colles
1401 5040 1576 5108 (Cant.
1631 5038 1715 5110 Il).
1759 5058 1779 5087 ι
1827 5035 1897 5094 Et
1934 5036 2117 5095 David
2153 5056 2165 5094 :

462 5150 489 5174 α
519 5124 873 5199 Exsultavit,
919 5127 1135 5204 inquit,
1184 5134 1248 5186 ut
1290 5128 1451 5202 gigas
1497 5126 1568 5184 ad
1615 5126 1959 5184 currendam
2017 5126 2168 5184 viam

458 5217 626 5284 (Paul.
670 5217 862 5288 XVlll).
896 5241 923 5265 »ι
954 5215 1065 5287 Qui
1099 5217 1257 5275 enim
1298 5215 1482 5274 currit
1519 5213 1718 5289 procul
1756 5213 1933 5274 dubio
1986 5214 2168 5288 impe-

460 5312 586 5364 tum
613 5306 768 5365 facit.
802 5306 949 5364 Nam
976 5313 1031 5363 et
1058 5305 1314 5363 Verbum
1349 5303 1453 5363 Dei
1482 5312 1756 5380 tanquam
1798 5304 1960 5364 rivus
1989 5321 2168 5380 aqua-

460 5404 590 5450 rum
635 5392 958 5454 viventium
997 5408 1132 5452 cum
1166 5392 1387 5465 impetu
1428 5392 1621 5464 venit,
1654 5402 1708 5451 et
1756 5392 1904 5452 sicut
1948 5399 2169 5451 torrens

460 5488 671 5539 cuncta
721 5481 1118 5540 doctrinarum
1170 5481 1501 5539 ardentium
1552 5481 1992 5555 inquinamenta
2038 5481 2170 5541 sub.

463 5567 652 5625 vertit.
718 5568 879 5628 Unde
927 5577 983 5628 et
1030 5570 1091 5628 in
1153 5569 1404 5629 Canticis
1467 5570 1822 5629 canticorum
1877 5571 2090 5629 dicitur
2150 5589 2162 5628 :

470 5680 495 5703 η
523 5654 677 5713 Fons
712 5656 1032 5733 hortorum,
1073 5667 1284 5733 puteus
1318 5675 1605 5739 aquarum
1644 5658 1992 5735 viventium,
2032 5676 2165 5734 qua

2271 3521 2363 3579 nis
2391 3520 2636 3592 gratiam
2670 3518 2894 3591 tribuit,
2927 3525 3100 3594 atque
3127 3534 3231 3593 per
3266 3532 3363 3576 eos
3403 3521 3635 3574 versuta
3665 3512 3990 3573 mundana

2270 3608 2569 3683 sapientia
2598 3614 2943 3681 argumenta
2974 3606 3286 3667 convincit.
3324 3606 3475 3665 Hinc
3501 3610 3587 3663 est
3623 3604 3777 3677 quod
3807 3618 3991 3676 spon-

2269 3713 2370 3756 sus
2396 3696 2468 3755 ad
2498 3712 2768 3770 sponsam
2808 3697 2946 3756 dicit
2991 3697 3053 3755 in
3087 3695 3383 3756 Canticis:
3423 3718 3442 3746 ι
3481 3692 3806 3752 Umbilicus
3848 3698 3991 3751 tuus

2267 3795 2452 3846 crater
2500 3786 2808 3859 tornatilis,
2869 3801 3169 3860 nunquam
3211 3784 3482 3857 indigens
3531 3779 3755 3857 poculis
3796 3781 3987 3849 (Cant.

2268 3880 2397 3943 vn).
2434 3898 2454 3921 -
2513 3874 2834 3933 Umbilicus
2888 3880 3082 3932 autem
3137 3871 3503 3947 fragilissima
3553 3884 3683 3944 pars
3727 3867 3990 3941 corporis

2266 3968 2370 4019 est.
2411 3960 2563 4032 Quid
2602 3976 2737 4034 ergo
2773 3977 2873 4034 per
2909 3960 3179 4019 Ecclesia
3222 3959 3557 4033 designatur
3615 3956 3988 4026 umbilicum,

2270 4051 2381 4109 nisi
2420 4057 2601 4111 catus
2644 4050 3012 4109 inﬁrmorum
3061 4056 3233 4124 atque
3276 4046 3607 4108 debilium?
3650 4046 3802 4117 Quid
3846 4063 3987 4106 vero

2266 4157 2367 4215 per
2405 4146 2704 4213 craterem,
2753 4140 2867 4198 nisi
2902 4139 3347 4214 pradicatorum
3387 4134 3775 4210 intelligimus
3820 4136 3984 4194 ordi-

2266 4246 2401 4290 nem
2429 4249 2441 4288 :
2473 4231 2573 4304 qui
2602 4230 2883 4289 nimirum
2916 4229 3211 4287 mentibus
3236 4226 3570 4286 auditorum
3594 4225 3843 4284 caelestis
3875 4226 3985 4284 do-

2263 4320 2468 4379 ctrina
2498 4319 2637 4378 vina
2663 4318 2990 4392 pr0pinant,
3029 4332 3241 4391 easque
3267 4315 3492 4392 poculis
3519 4320 3734 4373 sancta
3766 4313 3984 4388 pradi-

2263 4407 2506 4468 cationis
2538 4406 2832 4466 inebriant
2857 4406 2884 4464 ?

2335 4496 2659 4556 Umbilicus
2699 4511 2835 4568 ergo
2873 4495 3144 4555 Ecclesia
3166 4494 3385 4553 'crateri
3424 4493 3628 4551 merito
3686 4506 3984 4564 compara-

2192 4558 2399 4660 Dtur,
2467 4586 2607 4662 quia
2664 4558 3006 4659 plerumque
3077 4583 3286 4643 debilis
3357 4590 3413 4641 et
3490 4583 3762 4641 infirmus
3818 4558 3983 4635 ’368

2258 4676 2502 4750 quilibet
2560 4690 2658 4732 vas
2717 4674 2995 4732 doctrina
3057 4673 3304 4732 caelestis
3362 4670 3629 4730 efficitur.
3688 4669 3801 4741 Qui
3862 4685 3981 4727 non

2258 4764 2479 4836 indiget
2526 4761 2770 4836 poculis,
2830 4761 2967 4836 quia
3017 4760 3265 4820 ccclesiis
3315 4758 3531 4833 eloquii
3587 4774 3703 4818 nou
3760 4757 3982 4816 desinit

2258 4852 2517 4927 irriguus
2553 4866 2676 4909 esse
2726 4850 2978 4908 ﬂuentis.
3025 4849 3188 4909 Unde
3230 4849 3377 4907 bene
3413 4854 3596 4906 crater
3634 4846 3731 4905 hic
3775 4850 3979 4904 torua-

2262 4941 2378 4999 tilis
2416 4940 2647 5011 dicitur,
2693 4946 2854 4998 torno
2893 4938 3180 5013 siquidem
3219 4937 3352 5013 quis
3396 4934 3623 4994 facilius
3673 4942 3976 5008 operatur.

2260 5030 2605 5104 Expeditius
2664 5031 2819 5089 enim
2877 5045 3028 5103 sape
3078 5036 3251 5102 atque
3316 5026 3601 5085 inoffense
3657 5024 3719 5082 in
3774 5031 3979 5082 sancta

2260 5121 2669 5195 pradicatioue
2712 5121 3066 5191 discurrunt,
3116 5118 3216 5193 qui
3255 5114 3684 5192 pradicationis
3726 5112 3975 5188 gratiam

2258 5225 2371 5268 non
2431 5225 2536 5269 suo
2598 5210 2788 5270 studio
2823 5254 2836 5281 ,
2892 5207 2992 5266 sed
3044 5206 3330 5265 divinitus
3382 5212 3745 5278 acceperunt.
3803 5202 4020 5260 Hauc“

2254 5299 2684 5374 pradicationis
2712 5298 2957 5372 gratiam
2985 5297 3130 5356 viris
3168 5294 3555 5368 simplicibus,
3589 5293 3715 5351 sive
3752 5292 3975 5350 sanctis

2258 5387 2602 5446 mulieribus
2639 5386 3007 5446 tribuendam
3047 5385 3145 5443 illa
3188 5383 3431 5443 Samson
3473 5380 3713 5440 victoria
3754 5380 3977 5454 ﬁgura-

2255 5478 2381 5547 vit,
2443 5495 2559 5552 qua
2620 5476 2887 5536 videlicet
2943 5473 3343 5535 mandibulam
3404 5471 3553 5531 asini
3626 5469 3979 5529 fervefactus

2253 5570 2555 5643 arripiens,
2593 5568 2754 5627 mille
2799 5564 3286 5625 Philisthinorum
3322 5562 3472 5622 viros
3516 5560 3721 5621 occidit
3764 5562 3974 5632 (Judic.

2256 5667 2384 5732 XV).
2419 5659 2568 5732 Quid
2607 5659 2762 5718 enim
2811 5673 2912 5732 per
2945 5655 3341 5715 mandibulam
3377 5652 3548 5724 asini,
3582 5650 3735 5726 quod
3768 5650 3974 5730 utique
