4178 6484
245 442 339 502 89
350 445 383 502 3
1755 439 2004 502 SERMO
2043 437 2302 498 LXVIII.
3676 443 3780 505 891r

250 571 529 644 simplex
569 574 650 627 est
690 565 928 636 animal,
958 567 1068 625 nisi
1105 567 1370 642 imperita
1403 567 1761 642 simplicium
1795 567 2055 629 homi-A
2082 566 2235 626 Deus
2265 568 2324 624 in
2359 564 2516 634 viris,
2560 563 2884 625 mirabilius
2915 572 3104 625 tamen
3143 573 3198 626 et
3233 569 3544 641 gloriosius
3581 568 3788 629 trium-

255 674 425 717 num
456 674 556 716 ora
579 653 1200 730 signantur?Samson
1240 657 1455 729 itaque,
1479 671 1593 714 non
1627 671 1760 715 cum
1788 656 1985 726 armis,
2083 656 2218 728 phat
2273 655 2331 711 in
2389 652 2639 711 feminis.
2698 653 2850 711 Huic
2899 669 3067 725 porro
3135 654 3358 714 militiae
3419 655 3621 715 Judith
3676 663 3797 716 erat

261 762 400 804 non
433 761 568 805 cum
596 744 838 803 diversis
869 743 1111 802 telorum
1140 743 1474 816 generibus,
1506 745 1606 804 sed
1642 761 1781 804 cum
1820 760 1989 803 man—
2080 743 2344 817 ascripta,
2377 759 2510 817 qute
2536 742 2675 801 dum
2712 742 3015 802 deauratos
3043 750 3217 818 atque
3256 752 3571 817 gemmatos
3612 745 3796 804 Holo-

258 834 489 894 dibula
536 832 684 891 asini
733 830 892 889 mille
941 830 1096 888 viros
1150 831 1394 900 occidit;
1447 833 1586 907 quia
1643 832 1991 906 Redemer
2079 833 2259 891 fernis
2315 832 2594 890 thalamos
2638 831 2878 906 respuit,
2911 832 3139 892 ebrium
3187 832 3473 892 luxuriosi
3518 833 3794 908 principis

257 929 497 992 noster,
561 937 735 995 quem
784 919 883 977 ille
931 919 1211 993 signabat,
1271 936 1403 979 cum
1457 921 1739 994 imperitis
1791 929 1844 979 et
1903 935 1994 979 ru—
2079 928 2248 996 caput
2283 921 2511 996 proprio
2565 921 2746 996 ipsius
2779 917 3355 996 pugionetruncavit
3391 926 3607 995 (Iudith
3636 929 3793 993 XIII).

260 1012 458 1071 dibus
486 1011 799 1085 perfectum
832 1009 1161 1068 inﬁdelium
1199 1025 1512 1068 numerum
1544 1026 1576 1067 a
1620 1009 1735 1067 vita
1786 1009 1994 1068 veteris
2081 1010 2274 1085 Hujus
2299 1013 2524 1071 militiae
2547 1027 2782 1070 consors
2809 1019 2926 1069 erat
2969 1013 3192 1084 Esther,
3227 1027 3359 1086 quae
3395 1012 3534 1072 dum
3576 1013 3795 1071 feroces

264 1101 502 1158 erroris
532 1098 836 1157 exstinxit.
2083 1103 2317 1160 Assueri
2359 1103 2510 1175 regis
2554 1101 2782 1160 animos
2817 1102 3134 1161 artiﬁcibus
3187 1101 3456 1160 deﬁnivit
3499 1099 3791 1176 alloquiis,

353 1190 508 1260 Quid
565 1197 756 1247 autem
803 1188 1020 1246 mirum
1066 1189 1113 1246 si
1169 1194 1391 1247 sanctos
1433 1189 1838 1264 praedicatores
1896 1205 1997 1263 per
2081 1197 2137 1247 et
2171 1189 2593 1249 Mardochteum
2625 1189 2696 1247 ab
2734 1189 3097 1247 imminentis
3135 1190 3415 1248 sententia
3449 1190 3648 1248 mortis
3677 1188 3792 1247 eri-

267 1279 437 1338 asini
475 1277 776 1336 maxillam
819 1293 1044 1335 sacrum
1091 1276 1351 1350 designet
1388 1277 1710 1352 eloquium,
1757 1293 1894 1335 cum
1942 1285 1998 1335 et

267 1367 480 1440 ipsum
530 1364 956 1438 praedicationis
1014 1365 1253 1424 verbum
1307 1381 1406 1438 per
1455 1366 1734 1425 hordeum
1804 1382 1996 1440 quan-

271 1457 476 1530 doque
515 1454 839 1524 denuntiet,
887 1453 1038 1526 quod
1070 1461 1154 1510 est
1191 1454 1390 1527 utique
1438 1453 1722 1527 pabulum
1755 1455 1995 1525 jumen-

272 1549 498 1603 torum.
530 1541 691 1612 Quod
733 1549 882 1599 certe
916 1556 1027 1598 non
1069 1541 1238 1599 modo
1276 1557 1375 1613 per
1419 1543 1782 1614 evangelicos
1819 1543 1995 1617 quin-

271 1649 397 1708 que
439 1648 613 1707 panes
649 1632 1002 1704 agnoscitur,
1049 1629 1147 1687 sed
1193 1645 1294 1702 per
1342 1631 1447 1688 hoc
1492 1631 1662 1689 etiam
1714 1632 1871 1705 quod
1935 1631 1997 1688 in

273 1724 437 1783 libro
463 1723 738 1782 Judicum
769 1722 1071 1795 reperitur.
1101 1722 1246 1779 Nam
1275 1737 1410 1778 cum
1443 1721 1671 1780 Gedeon
1701 1722 1995 1781 ausculta-

277 1811 462 1875 tionis
491 1810 675 1882 gratia
704 1808 777 1866 ad
822 1813 1008 1866 castm'
1036 1808 1286 1879 Madian,
1322 1809 1566 1868 Domino
1609 1811 1994 1883 przecipiente,

275 1899 583 1972 dirigitur,
633 1897 943 1956 Madianita
980 1897 1270 1971 quispiam
1310 1897 1454 1956 alter
1493 1900 1566 1958 ad
1618 1899 1865 1958 alterum
1901 1899 1993 1958 vi-

278 1991 441 2049 disse
467 2006 527 2047 se
557 1989 851 2047 somnium
877 1988 1173 2060 proﬁtetur
1199 1988 1560 2061 [conﬁtetur].
1597 2010 1624 2042 ‹‹
1653 1988 1991 2060 Videbatur,

277 2082 503 2157 inquit,
557 2080 700 2138 mihi
753 2079 921 2154 quasi
966 2079 1384 2138 subcinericius
1439 2081 1600 2152 panis
1649 2098 1722 2139 ex
1781 2081 1995 2139 hordeo

2083 1280 2207 1352 puit
2233 1288 2286 1338 et
2314 1280 2374 1337 in
2404 1285 2574 1354 caput
2608 1282 2816 1350 Aman,
2852 1280 2951 1354 qui
2982 1281 3140 1338 necis
3172 1281 3349 1355 hujus
3388 1286 3588 1338 auctor
3611 1277 3793 1337 exsti-

2086 1373 2244 1435 terat,
2303 1369 2496 1441 dignae
2523 1369 2910 1428 damnationis
2948 1377 3286 1443 argumenta
3325 1370 3552 1428 retorsit
3576 1372 3797 1440 (Esther

2083 1461 2229 1525 VIII).
2265 1457 2428 1516 Hanc
2463 1458 2750 1530 gaudebat
2779 1457 3035 1530 bajulare
3071 1459 3338 1518 militiam
3376 1459 3620 1529 Debora,
3661 1473 3796 1533 quas

2081 1546 2220 1604 dum
2249 1546 2626 1604 Israeliticam
2659 1545 2882 1619 plebem
2923 1545 3268 1618 propheticis
3300 1547 3649 1620 gubernaret
3676 1563 3796 1605 ora-

2081 1634 2249 1701 culis,
2285 1635 2342 1691 in
2372 1634 2642 1708 praelium
2674 1647 2909 1708 quoque
2940 1632 3103 1692 velut
3130 1633 3395 1705 quaedam
3421 1633 3524 1691 Dei
3561 1633 3796 1692 Bellona

2082 1725 2456 1798 congrediens
2494 1725 2793 1800 cepiosum
2825 1724 2992 1782 .labin
3044 1724 3194 1797 regis
3237 1724 3558 1783 exercitum
3603 1723 3799 1798 perdi-

2083 1816 2163 1874 dit
2191 1821 2246 1874 et
2281 1815 2557 1888 populum
2589 1814 2690 1872 Dei
2729 1813 3060 1871 durissimae
3089 1813 3230 1888 jugo
3274 1814 3568 1872 servitutis
3604 1811 3800 1871 absol-

2011 1934 2056 1994 Β
2084 1905 2185 1994 vit
2220 1906 2416 1977 (ludio.
2457 1911 2592 1994 IV);
2624 1902 2777 1962 Huic
2826 1902 3052 1994 militiae
3111 1903 3384 1994 deserviit
3431 1902 3595 1994 Jahel
3649 1917 3802 1961 uxor

2082 1993 2292 2062 Haber,
2349 2008 2481 2050 cum
2538 1991 2790 2051 Sisaram
2864 1991 3174 2065 fugientem
3255 1990 3407 2048 intra
3459 1990 3798 2049 tabernacu-

2085 2082 2209 2139 lum
2279 2079 2513 2155 quidem
2573 2079 2779 2137 blande
2842 2078 3111 2154 suscepit,
3166 2079 3262 2137 sed
3322 2077 3625 2137 cerebrum
3671 2077 3798 2150 ejus

277 2171 466 2240 volvi,
498 2177 554 2227 et
593 2171 651 2228 in
694 2175 875 2227 castra
913 2169 1138 2227 Madian
1181 2169 1528 2228 descendere
1567 2172 1766 2240 (Judic.
1809 2173 1932 2238 vn).
1965 2191 1992 2222 »
2080 2171 2243 2228 clavo
2297 2168 2646 2227 tabernaculi
2704 2183 2802 2241 per
2853 2175 3076 2243 tempus
3133 2173 3450 2243 utrumque
3508 2167 3802 2225 transfixit

278 2257 554 2332 Cumque
601 2258 954 2331 pervenisset
999 2256 1067 2314 ad
1107 2257 1566 2327 tabernaculum,
1613 2259 1895 2330 percussit
1933 2258 1996 2314 il-
2083 2260 2294 2327 (Ibid).

281 2345 412 2415 lud,
449 2351 622 2418 atque
671 2344 970 2414 subvertit,
1025 2350 1080 2402 et
1135 2350 1297 2402 terrae
1344 2343 1605 2401 funditus
1650 2344 1990 2416 coaequavit.
2155 2348 2347 2421 Hujus
2409 2355 2559 2406 certe
2615 2347 2839 2405 militiae
2891 2347 3172 2421 particeps
3226 2344 3330 2403 fuit
3386 2343 3635 2418 insignis
3697 2343 3800 2402 illa

280 2434 600 2508 Respondit
629 2435 855 2493 auditor
894 2451 906 2484 :
944 2455 971 2486 ‹‹
1002 2434 1123 2492 Non
1159 2440 1242 2490 est
1277 2435 1385 2491 hoc
1419 2432 1598 2506 aliud,
1622 2433 1736 2491 nisi
1767 2435 1997 2506 gladius
2081 2436 2374 2506 bellatrix,
2406 2436 2622 2494 scilicet
2669 2435 2832 2493 beata
2883 2434 3147 2493 Felicitas
3171 2480 3185 2504 ,
3221 2449 3352 2508 qum
3393 2434 3537 2492 dum
3584 2440 3800 2507 septem

281 2524 574 2584 Gedeonis
602 2524 708 2581 filii
744 2523 876 2582 Joas
908 2522 1223 2590 Israelitze:
1266 2523 1496 2581 tradidit
1523 2522 1680 2579 enim
1712 2523 1994 2583 Dominus
2081 2523 2191 2582 sibi
2233 2523 2384 2582 ﬁlios
2426 2525 2488 2581 in
2519 2539 2700 2598 agone
2733 2522 3031 2598 praemisit,
3065 2522 3226 2580 salvo
3255 2521 3368 2579 sibi
3401 2527 3456 2580 et
3485 2521 3577 2578 sui
3612 2527 3795 2579 certa-

281 2614 343 2671 in
397 2629 576 2672 manu
622 2612 746 2682 eius
793 2612 1044 2682 Madian,
1095 2621 1150 2671 et
1188 2614 1383 2672 omnia
1421 2618 1602 2670 castra
1637 2614 1779 2686 ejus.
1826 2637 1846 2665 υ
1888 2614 1996 2672 Per
2082 2613 2257 2671 minis
2288 2614 2546 2686 praemio,
2581 2612 2935 2686 septemplici
2968 2614 3024 2670 in
3053 2611 3248 2670 sobole
3276 2609 3554 2684 martyrio
3582 2609 3794 2667 trium-

283 2700 539 2772 Gedeon,
597 2700 698 2775 qui
754 2716 866 2758 non
909 2705 1190 2766 circuitus,
1232 2701 1330 2758 sed
1381 2704 1700 2758 circumiens
1747 2707 1806 2758 in
1842 2710 1992 2760 utero
2082 2701 2299 2773 phavit.
2345 2701 2510 2759 Hanc
2560 2716 2791 2774 quoque
2837 2699 3104 2756 militiam
3145 2704 3378 2756 strenue
3425 2697 3704 2769 bajulavit
3745 2702 3802 2755 et

283 2790 517 2860 dicitur,
572 2789 670 2846 ille
724 2789 923 2848 merito
980 2790 1336 2863 designatur,
1384 2791 1484 2866 qui
1530 2791 1670 2850 dum
1715 2792 1990 2865 virginali
2082 2792 2206 2850 haec
2248 2791 2406 2863 virgo
2446 2791 2786 2860 clarissima,
2834 2790 3005 2863 cujus
3051 2787 3222 2846 hodie
3277 2787 3472 2846 votiva
3519 2786 3799 2845 festivitas

282 2879 647 2938 clauderetur
694 2878 751 2936 in
821 2879 951 2936 alvo
1000 2885 1174 2937 totam
1234 2881 1439 2938 mundi
1502 2879 1833 2939 machinam
1889 2898 1994 2940 suo
2080 2878 2309 2937 colitur.
2377 2879 2518 2948 Quze
2580 2877 2844 2935 videlicet
2907 2875 3154 2949 duplicis
3222 2890 3435 2949 pugnae
3499 2874 3798 2932 victoriam

284 2969 678 3028 circumdabat
728 2984 793 3026 ac
842 2967 1180 3042 disponebat
1239 2967 1502 3042 imperio.
1585 2971 1690 3029 Per
1764 2971 1991 3030 Madian
2082 2968 2448 3037 tenuit,dum
2478 2974 2531 3026 et
2563 2966 2856 3025 titillantia
2895 2967 3082 3024 carnis
3123 2964 3415 3022 incentiva
3455 2963 3800 3036 perdomuit,

285 3064 502 3128 autem,
553 3057 656 3130 qui
703 3059 771 3113 de
816 3058 1032 3128 judicio
1085 3058 1510 3130 interpretatur,
1568 3061 1818 3134 populus
1867 3061 1996 3119 inﬁ-
2081 3063 2138 3117 et
2187 3057 2344 3116 illata
2387 3058 2496 3116 sibi
2550 3055 2816 3115 horriﬁca
2867 3070 3169 3130 ptenarum
3212 3058 3498 3112 tormenta
3541 3053 3799 3112 calcavit.

284 3147 432 3206 detis
477 3149 772 3221 accipitur,
804 3147 875 3205 de
911 3163 1026 3223 quo
1067 3147 1352 3206 Dominus
1380 3149 1459 3207 ait
1490 3173 1502 3206 :
1535 3173 1555 3200 ι
1591 3150 1702 3221 Qui
1732 3167 1846 3209 non
1873 3168 1996 3211 cre-
2083 3148 2128 3208 Ο
2161 3145 2395 3222 quantis
2438 3147 2544 3204 ista
2586 3144 2978 3204 cumulabitur
3031 3142 3291 3216 praemiis
3327 3142 3385 3200 in
3431 3141 3804 3201 retributione

287 3238 393 3308 dit,
415 3238 537 3312 jam
557 3237 847 3312 judicatus
873 3245 960 3296 est
979 3242 1154 3307 (Joan.
1185 3245 1292 3308 III).
1327 3260 1354 3292 »
2016 3239 2394 3339 Cjustorum!
2443 3243 2680 3310 quanta,
2719 3234 3016 3339 judicante
3039 3233 3315 3339 .CPﬁiStO,
3365 3231 3640 3339 ditabitur
3676 3231 3803 3304 glo—

364 3325 538 3384 Porro
568 3335 760 3386 autem
792 3343 977 3400 usque
1013 3328 1084 3385 ad
1120 3326 1433 3389 Salvatoris
1470 3331 1809 3402 adventum,
1844 3322 2060 3390 more“
2086 3328 2188 3398 ria,
2232 3343 2362 3401 quae
2401 3331 2557 3384 tanto
2603 3325 2790 3382 crucis
2842 3322 3054 3381 Christi
3104 3323 3213 3380 fuit
3261 3322 3509 3395 pondere
3554 3337 3800 3395 praegra-

291 3416 489 3475 hordei
529 3417 637 3476 sub
679 3418 860 3491 paleis
914 3418 1255 3490 litterarum,
1311 3427 1366 3478 et
1419 3423 1558 3497 legis
1611 3431 1890 3497 praecepta
1945 3431 2000 3482 et
2083 3421 2210 3472 vata
2240 3418 2249 3471 t
2284 3413 2426 3470 Nam
2454 3412 2622 3486 juxta
2669 3409 2940 3467 Veritatis
2965 3423 3249 3497 vocem”
3285 3423 3506 3497 semen,
3542 3409 3695 3497 quod
3738 3408 3801 3465 in

290 3508 698 3582 pmphetarum
746 3510 1084 3583 tegebantur
1128 3510 1390 3584 oracula;
1423 3515 1518 3572 sed
1564 3521 1862 3589 postquam
1904 3513 2000 3572 ille

288 3597 554 3665 veniens,
583 3613 758 3670 panes
788 3598 1132 3658 hordeaceos
1163 3600 1350 3674 fregit,
1375 3602 1648 3677 deditque
1675 3603 1998 3676 discipulis,

291 3692 354 3743 ut
375 3684 558 3743 turbis
584 3694 935 3760 apponerent
957 3707 968 3745 :
993 3687 1164 3762 cujus
1188 3691 1360 3748 etiam
1380 3691 1568 3764 operis
1588 3691 1870 3764 expositio
1893 3697 1998 3760 est,

291 3772 442 3847 quod
489 3774 840 3847 evangelista
878 3775 1016 3835 dicit
1043 3800 1055 3834 :
1093 3799 1120 3830 «
1147 3777 1433 3848 Quoniam
1461 3779 1690 3852 aperuit
1721 3779 1838 3838 illis
1864 3795 2000 3837 sen-

292 3877 443 3933 sum,
473 3869 538 3920 ut
581 3862 971 3937 intelligerent
1015 3864 1338 3938 Scripturas
1383 3870 1529 3942 (Luc.
1579 3870 1780 3941 XXIV);
1823 3892 1843 3920 ιι
1876 3868 1996 3943 jam

293 3965 362 4008 ex
407 3951 641 4024 hordeo,
682 3955 833 4030 quod
865 3955 1049 4014 brutis
1089 3957 1392 4015 videbatur
1430 3957 1802 4027 animalibus
1859 3973 1998 4016 con--

295 4057 518 4113 gruere,
559 4059 769 4117 panem
809 4045 991 4103 l'acere
1029 4045 1303 4119 dignatus
1333 4054 1418 4105 est
1454 4047 1805 4106 animarum.
1843 4048 2003 4108 Sicut

298 4132 451 4189 enim
508 4133 791 4193 hordeum
839 4135 992 4194 inter
1043 4135 1253 4194 molam
1306 4142 1612 4211 utramque
1665 4138 2000 4209 conteritur,

298 4228 359 4280 ut
411 4238 442 4279 a
499 4223 699 4282 farinae
755 4227 1041 4301 farragine
1105 4227 1444 4286 cantabrum
1512 4233 1868 4297 secernatur;
1923 4229 2002 4286 ita

296 4310 452 4368 velut
500 4310 648 4370 inter
693 4312 858 4384 duos,
890 4315 1032 4387 legis
1078 4315 1294 4373 scilicet
1317 4323 1373 4373 et
1417 4315 1741 4389 Evangelii,
1784 4315 2002 4390 lapides

297 4405 502 4457 sanctae
569 4401 841 4460 Ecclesite
905 4403 1164 4461 doctrina
1219 4405 1612 4476 commolitur,
1676 4410 1738 4462 ut
1799 4403 2003 4462 litterae

298 4489 623 4561 superﬁcies
645 4505 678 4548 a
705 4490 974 4548 medullis
1023 4491 1262 4564 spiritus
1295 4491 1673 4551 discernatur.
1709 4491 1816 4550 Sed
1851 4499 1914 4551 ut
1940 4492 2000 4550 in

303 4578 384 4635 his
427 4579 619 4638 verbis
672 4595 783 4638 non
833 4580 1053 4640 diutius
1085 4581 1482 4652 immoremur,
1523 4581 1647 4639 haec
1677 4580 1874 4638 hordei
1915 4581 1997 4639 fa-

302 4666 437 4737 rina,
480 4669 626 4726 sacri
681 4667 1039 4741 baptismatis
1077 4684 1229 4744 aqua
1273 4684 1576 4744 conspersa
1627 4671 1891 4731 conﬂata.
1949 4639 2063 4726 etD

301 4759 472 4816 sancti
507 4758 754 4831 Spiritus
790 4759 923 4831 igne
962 4767 1238 4832 percocta,
1267 4758 1330 4817 ﬁt
1367 4759 1551 4833 panis,
1595 4761 1697 4834 qui
1737 4758 2004 4818 videlicet

303 4849 524 4908 Madian
583 4856 764 4908 castra
806 4850 1108 4920 subvertit,
1151 4851 1289 4924 quia
1327 4846 1474 4906 369
1519 4858 1753 4910 cunctas
1795 4848 2002 4907 inﬁde-

303 4941 439 4999 lium
484 4941 780 5000 machinas
829 4942 1092 5000 destruit.
1126 4941 1236 5000 Hic
1275 4943 1461 5016 panis,
1491 4943 1664 5014 juxta
1693 4943 1811 5002 veri
1845 4941 2005 5002 illius

305 5028 621 5103 interpretis
663 5031 1074 5105 conjecturam,
1107 5029 1396 5088 Gedeonis
1422 5037 1508 5087 est
1544 5029 1810 5104 gladius;
1844 5031 2002 5105 quia,

304 5117 444 5175 sicut
473 5118 796 5191 prostolus
840 5120 958 5178 ait:
999 5141 1020 5171 ι
1058 5117 1297 5177 Gladius
1336 5117 1584 5191 Spiritus
1611 5124 1693 5176 est
1747 5118 2006 5178 Verbum

306 5208 398 5266 Dei
425 5210 641 5282 (Ephes.
675 5216 775 5284 VI).
821 5232 841 5262 ι

371 5298 491 5358 Hoc
542 5300 719 5358 sancti
769 5300 1017 5375 Spiritus
1063 5299 1256 5374 gladio
1300 5314 1402 5357 rex
1442 5299 1806 5360 exercituum
1846 5299 2008 5358 Chri-

307 5394 421 5446 stus
465 5404 600 5446 suos
649 5396 832 5447 armat
873 5388 1105 5458 milites,
1153 5389 1260 5446 hoc
1304 5388 1476 5445 etiam
1522 5403 1658 5446 suas
1704 5389 2008 5462 praecingit

307 5495 364 5536 ac
405 5479 632 5538 roborat
671 5479 1015 5538 bellatrices.
1063 5479 1152 5536 Ex
1211 5484 1460 5550 utroque
1511 5477 1798 5552 siquidem
1857 5495 2004 5538 sexu

307 5567 521 5626 militiae
577 5560 980 5626 suze'cuneos
1045 5567 1301 5636 instruit,
1353 5566 1619 5638 aciesque
1694 5567 2003 5639 componit,

309 5658 432 5733 quia
461 5657 616 5715 viros
646 5672 712 5714 ac
736 5655 979 5715 feminas
1005 5656 1072 5714 ad
1110 5656 1460 5729 procinctum
1501 5655 1647 5713 beati
1677 5655 2008 5714 certaminis

309 5745 690 5805 indifferenter
746 5743 1012 5806 admittit.
1067 5745 1131 5802 Et
1188 5759 1524 5820 quanquam
1585 5743 1869 5802 mirabilis
1933 5743 2004 5801 sit

2083 3511 2293 3563 terram
2324 3501 2547 3570 cecidit,
2570 3497 2728 3557 aliud
2757 3497 3138 3571 trigesimum,
3163 3496 3324 3555 aliud
3347 3496 3796 3568 sexagesimum,

2081 3592 2236 3651 aliud
2272 3589 2648 3649 centesimum
2682 3587 2872 3646 attulit
2896 3587 3148 3645 fructum
3181 3587 3398 3658 (Matth.
3433 3586 3579 3656 xm).
3615 3606 3635 3636 ν

2155 3681 2297 3739 Cum
2354 3694 2508 3752 ergo,
2564 3678 2711 3735 sicut
2768 3675 3087 3733 authentici
3154 3673 3413 3732 doctores
3475 3679 3798 3747 exponunt,

2087 3771 2408 3844 virginitati
2466 3771 2688 3827 fructus
2733 3765 3037 3840 centuplus
3078 3765 3375 3834 debeatur,
3411 3763 3644 3837 quantis
3679 3764 3807 3822 haec

2084 3861 2248 3920 beata
2315 3859 2478 3932 virgo
2540 3854 3002 3914 accumulabitur
3059 3852 3257 3925 donis,
3303 3868 3479 3926 quam
3554 3852 3804 3924 insignis

2083 3949 2286 4025 gratiae
2321 3946 2681 4006 decorabitur
2716 3943 2940 4013 infulis,
2981 3956 3115 4015 quae
3171 3947 3477 4016 postquam
3535 3945 3804 3997 centenos

2089 4039 2311 4098 fructus
2357 4038 2426 4096 de
2470 4034 2798 4110 virginitate
2839 4037 3171 4104 messuerat,
3209 4031 3380 4088 etiam
3423 4029 3684 4104 martyrii
3707 4043 3804 4086 co-

2087 4145 2289 4188 ronam
2330 4143 2461 4187 cum
2513 4131 2666 4184 tanta
2703 4123 2885 4197 gloria
2923 4119 3288 4194 reportabat?
3318 4119 3464 4177 Nam
3495 4133 3629 4176 cum
3656 4123 3806 4175 esset

2086 4220 2147 4278 in
2194 4219 2505 4276 certamine
2547 4214 2879 4285 constituta,
2929 4210 3107 4268 lorica
3160 4209 3295 4267 ﬁdei
3353 4205 3700 4282 prasmunitn
3749 4211 3804 4263 et

2087 4307 2264 4368 armis
2297 4307 2530 4365 invictas
2569 4301 2860 4378 patientiae
2893 4315 2959 4358 ac
2991 4300 3243 4374 geminas
3279 4294 3578 4355 charitatis
3606 4293 3803 4352 accin-

2087 4407 2194 4466 cta,
2224 4394 2558 4470 duplicibus
2593 4392 2955 4450 diversorum
3011 4387 3268 4447 hostium
3316 4385 3649 4460 agminibus
3675 4383 3803 4442 cin-

2086 4487 2346 4561 gebatur.
2416 4481 2580 4539 Intus
2642 4484 2839 4537 contra
2900 4477 3201 4535 seditiosos
3267 4474 3561 4548 pugnabat
3627 4471 3802 4561 cives,

2089 4560 2231 4633 i‘oris
2283 4571 2559 4630 adversus
2626 4571 3060 4642 persecutorum
3109 4579 3175 4621 ac
3227 4561 3362 4620 ﬁdei
3414 4560 3802 4619 resistentium

2089 4663 2240 4722 acies
2288 4659 2617 4719 dimicabat.
2652 4657 2761 4715 Pro
2805 4653 3036 4714 duobus
3079 4653 3278 4711 castris
3309 4651 3494 4711 stabat
3523 4667 3640 4711 una
3681 4651 3803 4710 bel-

2090 4751 2285 4808 lati-ix.
2348 4747 2502 4807 Hinc
2559 4743 2852 4822 pudicitiae
2901 4741 3255 4811 clausulam;
3315 4738 3478 4798 illinc
3524 4740 3804 4812 impresso

2093 4838 2298 4914 Sponsi
2335 4836 2425 4894 sui
2469 4837 2814 4905 charactere,
2847 4831 2988 4889 ﬁdei
3029 4827 3398 4904 signaculum
3438 4827 3796 4886 defendebat.

2095 4928 2188 4988 Sic
2238 4927 2401 4984 docta
2446 4939 2656 4982 manus
2711 4921 2781 4978 ad
2828 4917 3118 4993 praelium,
3173 4915 3518 4976 circumacto
3571 4916 3802 4974 virtutis

2091 5019 2355 5094 undique
2382 5017 2600 5092 clypeo,
2630 5013 2798 5072 modo
2819 5011 2917 5069 lita
2943 5023 3168 5067 veneno
3191 5007 3300 5065 tela
3327 5006 3604 5080 luxuriae,
3631 5008 3803 5066 modo

2089 5110 2434 5170 imminente
2481 5103 2721 5181 perﬁdia
2759 5100 3089 5177 jaculorum
3136 5098 3533 5174 ingruentium
3568 5098 3803 5174 grandi-

2093 5217 2226 5261 nem
2258 5197 2625 5274 propellebat.

2172 5289 2316 5347 3'70
2345 5286 2579 5347 Dicebat
2620 5300 2756 5358 ergo
2803 5281 3144 5355 agonotheta
3185 5280 3286 5339 Dei
3321 5295 3333 5335 :
3374 5301 3394 5330 ι
3427 5278 3603 5352 Nigra
3642 5293 3798 5350 sum,

2091 5383 2188 5443 sed
2242 5383 2535 5448 formosa,‘
2572 5375 2712 5434 ﬁlim
2783 5371 3171 5442 Hierusalem,
3231 5371 3381 5428 sicut
3436 5363 3803 5426 tabernacula

2091 5472 2292 5542 Cedar,
2323 5470 2470 5528 sicut
2519 5465 2687 5540 pellis
2743 5461 3068 5524 Salomonis
3118 5463 3292 5534 (Cant.
3336 5460 3392 5532 Ι).
3436 5479 3462 5510 »
3496 5455 3676 5516 Cedar
3709 5456 3800 5514 in-

2094 5564 2434 5634 terpretatur
2460 5557 2721 5612 tenebrae.-
2756 5553 2798 5611 ii
2831 5557 2966 5609 sunt
2996 5549 3257 5608 inﬁdeles
3297 5547 3487 5606 lucem
3517 5544 3650 5603 ﬁdei
3683 5558 3802 5602 non

2092 5651 2385 5713 habentes.
2420 5673 2438 5700 ι
2471 5647 2643 5720 Nigra
2681 5660 2833 5714 sum,
2866 5668 2892 5694 ι›
2941 5641 3154 5718 inquit,
3187 5645 3415 5716 propter
3453 5637 3803 5712 persecutio-

2092 5743 2183 5804 nis
2220 5746 2447 5813 zestum,
2479 5743 2706 5816 propter
2740 5737 2998 5808 adversa,
3032 5750 3167 5811 quae
3203 5733 3388 5810 patior
3415 5748 3448 5789 a
3476 5730 3614 5792 ﬁliis
3644 5737 3801 5790 tene-
