4178 6442
478 339 593 402 .895
1102 342 1161 403 S.
1206 341 1428 403 PETRI
1465 342 1790 404 DAMIANI
1826 342 1986 404 OPP.
2027 342 2218 423 PARS
2258 339 2402 403 SEU
2440 339 2692 436 'I:OMUS
2732 341 2809 402 II.
2853 375 2921 388 —
2962 342 3382 404 SEBMONES.
3892 340 4001 401 896

472 465 733 533 brarum.
769 465 1279 537 Sed..,intrinsecus
1318 465 1570 525 formosa
1608 482 1761 538 sum,
1798 467 1942 542 quia
2000 488 2023 518 ι
2052 468 2422 528 con-Atotus
2453 464 2846 525 desiderabilis
2876 469 3056 536 (Cant.
3100 470 3183 537 v).
3218 489 3239 519 ι
3276 465 3531 524 Dilectus
3578 464 3869 524 candidus
3910 456 4000 523 'est

479 556 702 631 cupivit
756 571 860 614 rex
898 554 1147 628 speciem
1186 570 1395 625 meam,
1437 561 1491 613 et
1529 555 1721 615 omnis
1755 556 1940 631 gloria
1970 571 2099 614 mea
2127 555 2198 612 ab
2278 553 2628 628 virginitate,
2677 553 3042 613 rubicundus
3088 555 3153 613 in
3207 554 3494 628 passione.
3549 574 3577 607 α
3609 552 3782 613 Lavit
3833 554 3997 612 enim

479 644 659 704 intus.
693 667 715 694 ο
758 643 1030 704 Formosa
1060 659 1213 713 sum,
1245 645 1509 719 inquam,
1550 644 1699 703 sicut
1729 645 1919 718 pellis,
1954 646 2061 703 hoc
2090 650 2194 710 est,
2282 640 2386 700 nos
2432 658 2466 700 a
2503 641 2743 716 peccatis
2780 643 2990 701 nostris
3036 643 3100 702 in
3145 642 3435 717 sanguine
3477 657 3586 701 suo
3631 645 3831 715 (Apoc.
3864 653 3927 705 Ι).
3972 664 4001 697 ιι

485 731 649 799 sicut;
669 732 1109 793 tabernaculum
1141 731 1489 793 Salomonis.
1530 732 1690 792 Sicut
1727 733 1882 791 enim
1927 733 2195 791 taberna-
2282 730 2460 790 Totus
2502 738 2697 791 autem
2730 730 3130 789 desiderabilis
3160 737 3264 801 est,
3296 732 3443 805 quia
3476 731 3892 791 desiderabilis
3918 740 4007 790 est

486 820 689 881 culum
740 836 816 879 ex
869 827 1232 881 mortuorum
1276 822 1342 880 ﬁt
1392 821 1643 895 pellibus
1691 821 2058 893 animalium,
2115 821 2194 879 ita
2287 818 2345 876 in
2379 820 2662 893 singulari
2697 819 3017 892 nativ‘itate,
3049 819 3107 878 in
3150 820 3381 878 viviﬁca
3417 826 3617 891 morte,
3652 821 3714 878 in
3751 820 4005 895 gloriosa

450 909 771 977 ..duntaxat
794 908 885 967 illi
915 916 1051 969 sunt
1073 910 1466 969 habitaculum
1494 909 1618 983 Dei,
1652 910 1752 983 qui
1786 910 2017 969 Christo
2044 925 2201 968 com-

470 997 737 1067 ;mortui,
808 996 968 1061 vitiis
1040 1013 1271 1073 quoque
1335 998 1640 1073 carnisque
1714 998 2201 1072 concupiscentiis

454 1093 624 1153 ,sunt
668 1085 963 1161 exstincti.
1001 1088 1119 1147 Nec
1164 1088 1324 1146 enim
1361 1089 1643 1163 potuisset
1675 1089 1801 1147 hznc
1842 1090 2005 1163 virgo
2051 1089 2199 1147 mori

478 1191 590 1251 pro
628 1176 898 1253 Domino,
955 1177 1068 1239 nisi
1110 1184 1337 1236 mortua
1384 1177 1584 1235 fuisset
1638 1179 1910 1251 primitus
1953 1179 2195 1237 mundo.

432 1314 443 1322 .
482 1289 518 1335 ,αι
547 1265 754 1336 Nolite,
785 1266 997 1342 inquit,
1031 1283 1125 1327 me
1147 1267 1529 1340 considerare,
1558 1267 1711 1342 quod
1743 1268 1902 1349 fusca
1929 1268 2037 1326 sim
2062 1267 2201 1342 quia

435 1404 461 1415 ..
488 1354 841 1425 decoloravit
864 1370 957 1414 me
982 1354 1066 1413 sol
1100 1358 1279 1426 (Cant.
1311 1359 1375 1425 I).
1409 1380 1439 1404 »-

437 1488 447 1499 .
490 1490 495 1497 .
559 1442 605 1502 Ο
625 1442 767 1502 ﬁlia)
793 1442 1179 1507 Hierusalem.
1210 1443 1272 1501 id
1299 1448 1402 1515 est,
1439 1459 1473 1502 ο
1502 1442 1697 1502 ﬁdeles
1725 1444 1963 1516 animze,
2004 1443 2065 1501 in
2095 1443 2199 1502 illa

2285 902 2723 980 resurrectione,
2783 908 2845 966 in
2899 909 3235 984 triumphali
3285 908 3638 967 ascensione.
3695 910 4004 968 Desidera-

2282 999 2418 1058 bilis
2471 1005 2576 1070 est,
2636 1000 2777 1057 dum
2832 998 3109 1072 loquitur,
3164 999 3307 1057 dum
3362 998 3649 1057 mirabilia
3706 1005 4000 1073 cperatur.

2283 1088 2352 1146 Et
2390 1105 2424 1147 o
2463 1104 2635 1163 quam
2684 1089 3029 1162 praeclarum
3080 1104 3147 1147 ac
3198 1087 3367 1146 dulce
3420 1089 3835 1146 commercium
3900 1087 4004 1147 ubi

2282 1183 2485 1238 mutua
2536 1177 2789 1235 invicem
2847 1177 3259 1251 praedicatione
3307 1176 3579 1235 laudatur
3632 1177 3898 1250 Sponsus
3939 1185 3995 1235 et

2283 1283 2511 1341 sponsa,
2571 1264 2804 1324 Creator
2880 1272 2935 1323 et
3002 1264 3298 1323 creatura!
3355 1264 3447 1323 Sic
3501 1264 3778 1338 impletur
3841 1264 4002 1338 quod

2282 1372 2385 1430 per
2430 1354 2791 1413 Psalmistam
2841 1353 3055 1413 dicitur
3105 1378 3117 1411 :
3181 1352 3572 1412 «iucundum
3633 1353 3707 1412 sit
3770 1353 3829 1410 ei
3887 1353 4003 1412 elo-

2285 1444 2492 1521 quium
2545 1457 2742 1502 meum
2779 1490 2794 1514 ,
2852 1458 2957 1516 ego
3020 1457 3157 1501 vero
3222 1441 3546 1499 delectabor
3597 1442 3658 1500 in
3746 1442 4002 1521 Domino

434 1531 867 1607 ...-tam.ccelesti
904 1532 1087 1607 gloria
1116 1547 1217 1605 per
1246 1532 1599 1591 desiderium
1634 1534 1982 1604 constitutae,
2025 1534 2204 1591 nolite

486 1636 581 1683 me
610 1620 992 1694 considerare,
1021 1620 1177 1699 quod
1210 1621 1370 1680 fusca
1391 1622 1522 1699 sim,
1557 1620 1616 1680 id
1641 1629 1746 1693 est,
1780 1622 1963 1681 nolite
1995 1623 2202 1697 despe-

440 1770 449 1773 _
484 1724 639 1780 rare,
674 1707 770 1777 vel
808 1709 1424 1784 nimisexpavescere,
1473 1710 1628 1783 quod
1668 1727 1760 1769 me
1806 1711 2205 1770 tribulationes
2287 1713 2438 1771 nalis
2477 1713 2691 1771 scilicet
2724 1714 2959 1784 chorus,
2999 1712 3060 1771 in
3104 1728 3218 1787 qua
3267 1712 3421 1771 Deus
3460 1713 3831 1786 omnipotens
3874 1726 4011 1784 pro-

424 1844 443 1851 ..
486 1797 1049 1892 opprimunt,-quod
1104 1798 1531 1892 persecutiones
1580 1799 1868 1877 ,aﬁiciunt,
1929 1799 2083 1874 quod
2141 1800 2201 1857 in
2223 1801 2526 1892 Bpensius
2556 1817 2621 1859 ac
2650 1800 2955 1875 specialius
2981 1789 3317 1859 delectatur.
3352 1801 3497 1858 Nam
3541 1806 3662 1858 esto
3702 1807 3767 1858 ut
3796 1815 4009 1857 omnes

430 1948 437 1951 .
476 1887 599 1946 .hoc
678 1886 1026 1961 tempestatis
1103 1886 1601 1963 procellarumque
1670 1889 1976 1961 naufragio
2042 1890 2205 1949 intut-
2224 1886 2266 1892 ⁷
2291 1908 2325 1952 a
2354 1890 2600 1951 Domino
2626 1891 2892 1965 discipuli
2919 1891 3258 1965 diligantur,
3283 1891 3433 1950 sicut
3456 1907 3490 1949 a
3516 1891 3681 1949 Patre
3713 1889 4007 1960 diligitur,

484 1980 804 2041 mescentes
853 1991 945 2034 me
990 1975 1204 2035 ﬂuctus
1243 1975 1501 2046 illidunt,
1545 1974 1687 2052 quia
1731 1976 2083 2035 decoloravit
2119 1993 2212 2035 me
2291 1981 2417 2054 ipso
2462 1980 2820 2055 perhibente,
2876 1979 3001 2037 ait:
3045 2002 3066 2030 α
3101 1978 3263 2037 Sicut
3307 1978 3515 2036 dilexit
3560 1993 3650 2036 me
3701 1977 3890 2045 Pater,
3953 1982 4009 2033 et

448 2094 451 2097 λ
489 2065 601 2139 sol,
653 2065 932 2140 quoniam
980 2080 1153 2139 super
1198 2080 1292 2122 me
1338 2065 1756 2139 persecutionis
1798 2071 1974 2124 aestus
2010 2066 2210 2124 incan-
2294 2086 2398 2143 ego
2426 2069 2606 2129 dilexi
2650 2083 2750 2126 vos
2783 2071 2958 2138 (Joan.
2995 2072 3123 2136 XV).
3162 2091 3182 2119 ι
3219 2066 3361 2125 Esto
3390 2066 3541 2139 quod
3579 2066 3781 2124 Petrus
3810 2064 4006 2122 claves

490 2154 646 2226 duit,
673 2155 1057 2228 decoremque
1088 2170 1231 2213 meas
1278 2156 1603 2214 venustatis
1643 2172 1708 2213 ac
1751 2155 2213 2230 pulchritudinis
2294 2157 2573 2231 acceperit
2610 2157 2771 2229 regni
2802 2157 3101 2215 caelorum.
3141 2154 3280 2213 Esto
3308 2155 3460 2229 quod
3500 2156 3557 2211 in
3605 2153 3767 2212 cmlis
3792 2168 3862 2211 ac
3892 2160 4010 2210 ter-

496 2242 818 2302 oﬁ'uscavit.
842 2244 927 2302 Ac
951 2243 999 2301 si
1014 2243 1164 2302 dicat
1195 2263 1206 2301 :
1243 2243 1432 2302 Nolite
1460 2250 1574 2302 tam
1608 2259 1693 2316 ea,
1730 2245 1949 2319 quibus
1978 2244 2204 2302 extrin-
2287 2244 2367 2302 ris
2439 2243 2655 2317 ligandi
2711 2242 3093 2315 solvendique
3159 2243 3396 2300 sortitus
3466 2243 3541 2300 sit
3608 2239 4001 2314 principatum

495 2348 661 2393 secus
701 2332 949 2407 aﬂligor,
982 2334 1295 2402 attendere,
1330 2350 1507 2408 quam
1537 2342 1875 2393 vernantem
1908 2335 2204 2394 interioris
2286 2337 2505 2407 (Matth.
2551 2335 2696 2405 XVI),
2739 2341 3139 2392 verumtamen
3179 2333 3451 2398 Joannes,
3504 2332 3778 2406 quoniam
3840 2330 4007 2403 virgo

496 2422 817 2487 venustatis
840 2422 1095 2499 speciem,
1113 2422 1378 2497 cogitare.
1409 2422 1547 2481 Tale
1579 2430 1664 2481 est
1690 2429 1747 2482 et
1779 2424 1935 2497 quod
1967 2426 2206 2498 Aposto-
2288 2430 2391 2496 est,
2429 2425 2551 2498 ipse
2587 2428 2673 2481 est
2707 2422 3033 2496 discipulus
3068 2438 3244 2496 quem
3294 2422 3568 2497 diligebat
3610 2422 3778 2481 Jesus
3821 2424 4008 2489 (Joan.

454 2570 459 2579 ,
498 2511 591 2579 lus
634 2511 774 2572 dicit
806 2530 884 2573 2.x
916 2510 1104 2571 Nolite
1147 2511 1393 2581 deiicere
1429 2512 1487 2569 in
1546 2512 2022 2572 tribulationibus
2061 2514 2206 2571 meis
2294 2518 2443 2581 XIII).
2477 2511 2627 2569 Hinc
2652 2516 2735 2569 est
2763 2517 2818 2568 et
2857 2510 3012 2582 quod
3042 2510 3105 2568 in
3145 2509 3489 2584 Apocalypsi
3531 2509 3784 2568 Joannes
3821 2507 4007 2566 dicit:

497 2616 603 2676 pro
646 2599 833 2671 vobis,
881 2613 1019 2675 quas
1065 2605 1151 2657 est
1190 2598 1376 2671 gloria
1410 2606 1597 2658 vestra
1648 2604 1866 2674 (Ephes.
1922 2604 2040 2673 III);
2094 2618 2208 2660 non
2298 2626 2319 2655 ι
2355 2600 2503 2672 Quia
2530 2616 2701 2659 nemo
2747 2606 2963 2673 poterat
2997 2599 3187 2658 dicere
3227 2600 3546 2668 canticum,
3576 2599 3690 2656 nisi
3728 2597 3830 2656 illa
3867 2611 4009 2655 cen-

499 2690 658 2750 enim
714 2689 1019 2765 condignae
1064 2695 1203 2751 sunt
1250 2689 1545 2764 passiones
1596 2690 1770 2763 hujus
1815 2692 2089 2764 temporis
2140 2690 2211 2749 ad
2295 2698 2419 2749 tum
2466 2690 2848 2766 quadraginta
2882 2698 3133 2764 quatuor
3182 2691 3384 2761 millia,
3416 2693 3519 2765 qui
3566 2692 3743 2764 empti
3773 2694 3917 2748 sunt
3941 2688 4013 2747 de

498 2778 763 2837 futuram
786 2777 1066 2852 .gloriam,
1127 2792 1259 2852 quae
1304 2776 1658 2836 revelabitur
1705 2777 1766 2836 in
1819 2777 1986 2836 nobis
2035 2783 2208 2848 (Rom.
2298 2780 2483 2847 terra;
2518 2779 2579 2836 hi
2614 2787 2749 2837 sunt
2776 2779 3036 2853 quicum
3061 2779 3407 2839 mulieribus
3430 2795 3547 2838 non
3574 2785 3710 2837 sunt
3742 2778 4015 2851 coinqui-

499 2874 649 2932 VIII).
684 2888 707 2929 ι
736 2865 900 2925 Hanc
926 2872 1120 2925 autem
1147 2865 1481 2925 interiorem
1510 2865 2018 2941 pulchritudinem
2050 2875 2215 2926 exte-
2300 2866 2442 2936 nati,
2475 2866 2730 2939 virgines
2763 2868 2920 2925 enim
2950 2875 3106 2939 sunt,
3141 2868 3203 2926 hi
3235 2875 3561 2942 sequuntur
3590 2869 3829 2940 Agnum
3857 2881 4011 2939 quo-

492 2954 830 3027 ‘I'ioremque
898 2951 1260 3027 nigredinem
1320 2953 1575 3011 breviter
1630 2954 1911 3035 Jeremias
1954 2970 2216 3029 compre-
2286 2956 2528 3028 cunque
2576 2955 2709 3013 ierit
2752 2958 2945 3027 (Apoc.
2993 2958 3207 3028 xrv).-»
3265 2957 3376 3016 Sed
3423 2958 3578 3014 hunc
3636 2957 3899 3029 Agnum,
3946 2962 4011 3013 ut

398 3090 403 3095 .
503 3040 973 3112 hendit,.dicens
1018 3064 1031 3097 :
1082 3061 1109 3093 ‹‹
1151 3039 1530 3098 Candidiores
1581 3040 1837 3100 Nazaraai
1885 3041 2012 3114 ejus
2060 3043 2213 3119 nive,
2302 3042 2503 3100 multae
2526 3043 2756 3101 valeant
2780 3043 3056 3118 virgines,
3088 3060 3207 3120 qua
3233 3040 3511 3120 graditur,
3546 3043 3732 3118 sequi,
3765 3043 3889 3117 ipse
3912 3041 4013 3100 dat

2306 1538 2454 1591 Psal.
2488 1538 2629 1592 CIII).
2661 1558 2685 1581 η

2306 1538 2454 1591 Psal.
2488 1545 2585 1592 CIII
2616 1576 2629 1589 .
2661 1558 2685 1581 ι»

2284 1539 2305 1607 (
2358 1621 2427 1679 Et
2455 1537 2655 1680 revela
2690 1621 2810 1679 haec
2849 1626 2933 1678 est
2967 1620 3067 1679 illa
3097 1621 3339 1679 humani
3370 1620 3598 1695 generis
3629 1635 3782 1694 pars,
3817 1620 4005 1693 virgi-

504 3127 810 3205 nitidiores
848 3128 1011 3198 lacte,
1056 3127 1501 3187 rubicundiores
1552 3129 1724 3188 ebore
1772 3130 2031 3204 antiquo,
2090 3147 2217 3205 sap-

396 3276 407 3282 ,
505 3217 676 3292 phire
728 3215 1087 3297 pulchriores
1139 3219 1359 3299 (Thren.
1418 3221 1520 3287 Iv).
1552 3241 1573 3271 ι
1625 3218 1770 3277 Ecce
1820 3219 2215 3293 pulchritudo,

506 3308 606 3377 sed
644 3307 795 3387 audi,
820 3305 1216 3380 nigredinem;
1251 3322 1387 3365 nam
1428 3306 1585 3366 illico
1630 3309 1896 3383 sequitur
1927 3332 1939 3368 :
1985 3333 2006 3362 ι
2041 3310 2215 3369 Deni-

492 3403 665 3471 grata
700 3400 788 3456 est
818 3410 1001 3470 super
1036 3395 1316 3465 carbones
1361 3395 1535 3455 facies
1579 3413 1806 3470 eorum,
1835 3405 1890 3457 et
1934 3415 2051 3458 non
2082 3404 2219 3459 sunt

503 3485 720 3559 cogniti
771 3484 1122 3563 inuplateis.
1180 3484 1443 3551 Adhzesit
1501 3487 1649 3545 cutis
1705 3502 1905 3546 eorum
1964 3488 2217 3561 ossibus,

502 3577 673 3647 aruit,
703 3581 761 3634 et
786 3576 933 3645 facta
963 3584 1049 3634 est
1090 3578 1257 3651 quasi
1280 3566 1516 3652 lignum
1546 3579 1757 3649 (Ibid).
1804 3602 1825 3631 ι
1863 3576 1973 3637 Sed
2013 3578 2222 3652 aspici-

472 3685 639 3735 .mus
675 3668 1019 3747 exteriorem
1066 3668 1453 3742 nigredinem,
1512 3669 1730 3746 aperiat
1779 3670 1901 3744 ipsa
1953 3672 2112 3729 unde
2148 3670 2221 3727 sit

502 3756 744 3816 interior
789 3757 1159 3832 pulchritudo
1201 3781 1214 3815 :
1271 3782 1297 3806 α
1332 3757 1535 3816 Indica
1586 3758 1755 3830 mihi,
1796 3757 2007 3831 inquit,
2044 3772 2219 3830 quem

504 3844 916 3921 diligitlanima
943 3861 1093 3927 mea,
1123 3846 1225 3905 ubi
1258 3862 1477 3922 pascas,
1508 3846 1611 3906 ubi
1636 3847 1811 3927 cubes
1830 3893 1844 3918 ,
1873 3848 1935 3906 in
1982 3842 2223 3905 meridie

509 3937 691 4005 (Cant.
736 3939 855 4007 1).,»
900 3935 989 4013 Ac
1027 3935 1077 3992 si
1124 3932 1275 3993 dicat
1322 3954 1334 3991 :
1386 3936 1431 3994 Ο
1479 3935 1699 4011 Sponse
1733 3937 2005 4007 caelestis,
2050 3952 2222 4009 quem

505 4023 703 4095 anima
738 4039 865 4101 mea
908 4022 1370 4087 inenarrabiliter
1415 4024 1628 4099 diligit,
1668 4025 1729 4083 in
1776 4040 1892 4101 quo
1930 4034 2034 4099 per
2079 4026 2226 4084 desi-

2298 3129 2365 3187 ‘in
2412 3132 2693 3190 servanda
2743 3132 3078 3207 virginitate
3125 3133 3528 3205 constantiam,
3572 3132 3635 3190 in
3682 3129 4013 3205 superanda

2245 3190 2614 3278 Ctentatione
2661 3190 3097 3292 victoriam,in
3420 3190 3800 3280 retributione
3846 3233 4012 3277 coro-

2300 3326 2458 3370 nam.
2513 3310 2641 3385 Ipse
2689 3310 2831 3371 dicit
2885 3332 2898 3372 :
2959 3338 2980 3368 ι
3045 3315 3164 3389 Ego
3224 3330 3355 3375 sum
3406 3313 3602 3373 lilium
3652 3310 4012 3371 convallium

2303 3403 2477 3473 (Cant.
2508 3406 2588 3470 II).
2629 3422 2655 3455 η
2692 3402 2913 3461 Lilium
2942 3402 3110 3476 plane
3150 3411 3381 3478 propter
3422 3405 3663 3462 niveum
3704 3400 4015 3460 candorem

2302 3490 2709 3549 mundissima;
2763 3491 3054 3550 castitatis.
3112 3492 3329 3551 Lilium
3380 3507 3499 3551 non
3540 3491 3849 3557 montium,
3912 3489 4013 3546 sed

2302 3581 2675 3651 convallium,
2713 3583 2849 3655 quia
2894 3584 3020 3656 pias
3055 3584 3216 3659 eligit
3256 3589 3476 3642 mentes
3520 3580 3860 3650 humilium,
3895 3593 4013 3637 non

2302 3669 2567 3742 scapulos
2594 3669 2881 3729 inhabitat
2908 3673 3316 3746 superborum.

2374 3757 2547 3817 Hunc
2573 3760 2830 3833 Agnum,
2852 3760 3237 3829 dilectissimi,
3266 3774 3585 3835 sequamur
3606 3759 3665 3816 in
3692 3758 3806 3827 via,
3834 3771 4014 3830 quam

2306 3844 2366 3904 in
2401 3846 2506 3903 hac
2557 3846 2667 3904 vita
2697 3849 2915 3921 positus
2949 3850 3155 3919 tenuit;
3198 3857 3355 3908 ut‘et
3386 3840 3561 3921 sequi
3592 3860 3921 3905 mereamur
3950 3844 4013 3900 in

2306 3933 2504 4008 gloria,
2542 3935 2612 3993 ad
2645 3949 2823 4011 quam
2863 3936 3087 3995 devicta
3130 3944 3313 3996 morte
3344 3934 3680 3995 conscendit
3732 3932 4015 3992 Conside-

2302 4036 2500 4081 remus
2530 4022 2835 4097 diligenter
2863 4025 2964 4083 ubi
2994 4024 3113 4083 sint
3137 4026 3267 4099 ejus
3301 4024 3583 4097 impressa
3613 4020 3875 4094 vestigia,
3908 4033 4012 4078 nec

511 4113 1343 4191 deriumjugitergequiescit,
1389 4130 1565 4191 quem
1613 4114 1773 4174 ulnis
1812 4114 2037 4174 intimaa
2084 4116 2224 4174 dile-
2303 4114 2663 4173 declinemus
2696 4132 2730 4173 a
2765 4117 2966 4175 semita
3005 4116 3341 4188 gradientis,
3374 4115 3424 4173 si
3466 4113 3739 4173 volumus
3774 4124 4013 4168 consor-

457 4244 481 4271 ,λ
508 4201 1146 4281 ctionis,amplectitur,
1182 4201 1240 4269 in
1278 4217 1397 4276 quo
1438 4202 1570 4261 totis
1613 4203 1933 4262 visceribus
1982 4203 2222 4262 delecta-
2305 4208 2389 4261 tes
2420 4218 2546 4262 esse
2574 4206 2887 4278 regnantis.
2926 4205 3059 4263 Dux
3090 4203 3312 4262 itineris
3355 4202 3536 4261 nostri
3573 4200 3763 4260 crucis
3792 4196 4013 4256 exstitit

513 4299 625 4363 tur,
670 4291 762 4367 dic
798 4291 956 4351 mihi
1004 4291 1107 4367 ubi
1152 4309 1376 4367 pascas,
1435 4294 1544 4353 hoc
1591 4300 1696 4363 est,
1754 4303 1822 4373 tu
1872 4296 1975 4370 qui
2028 4302 2221 4369 pastor
2300 4289 2552 4365 bajulus,
2575 4284 2709 4350 felle
2735 4292 2960 4353 cibatus
2983 4302 3087 4351 est.
3123 4294 3235 4363 Qui
3261 4307 3398 4365 ergo
3426 4290 3592 4357 ducis
3619 4288 3801 4361 hujus
3821 4284 4015 4343 vexil-

513 4381 702 4447 bonus
750 4395 836 4469 es,
886 4379 984 4469 ubi
1020 4395 1164 4451 oves,
1200 4372 1325 4465 tuas
1374 4398 1604 4463 pascere
1630 4380 1837 4469 iacias,
1884 4374 2008 4458 ipse
2045 4385 2218 4443 etiam
2300 4379 2424 4439 lum
2461 4382 2627 4457 sequi
2670 4381 2974 4452 desiderat,
3006 4382 3251 4440 carnalis
3292 4379 3617 4439 dulcedinis
3664 4375 3838 4435 mella
3874 4390 4015 4434 con-

436 4504 459 4521 τ·
511 4469 615 4531 ubi
667 4467 963 4547 cubes-id
1005 4474 1113 4549 est,
1147 4469 1251 4529 ubi
1292 4467 1907 4555 requiescas'rin'ieestu
1948 4484 2275 4555 persecu-_
2303 4475 2533 4529 temnat.
2582 4492 2609 4525 ‹‹
2642 4471 2768 4530 Non
2807 4471 2985 4541 enim,
3012 4471 3185 4544 juxta
3220 4469 3384 4529 Pauli
3439 4482 3661 4539 vocem,
3702 4477 4018 4555 possumus

510 4558 685 4618 tionis
733 4565 790 4618 et
818 4557 1067 4629 .fervore
1125 4554 1457 4617 tentationis
1515 4549 1764 4631 nostrtei';
1820 4560 1925 4619 ubi
1981 4560 2215 4633 scilicet,
2234 4549 2398 4618 Dhic
2422 4560 2670 4633 gaudere
2694 4560 2765 4619 de
2793 4560 3024 4630 saeculo,
3058 4558 3253 4617 etillic
3281 4572 3519 4631 regnare
3541 4570 3673 4615 cum
3705 4553 3956 4614 Christo.
3983 4575 4010 4603 ιι

510 4648 623 4707 nisi
679 4647 741 4713 in
792 4645 886 4723 his
932 4644 1035 4719 qui
1087 4644 1300 4717 furenti
1365 4647 1618 4707 vesaniae
1673 4648 1872 4707 cedere
1930 4649 2215 4721 nesciunt,
2304 4648 2456 4707 Hinc
2496 4659 2596 4719 est,
2636 4649 2791 4723 quod
2834 4666 2935 4723 per
2976 4649 3312 4707 mandatum
3362 4646 3521 4721 legis,
3567 4660 3739 4705 omne
3790 4643 4014 4702 sacriﬁ-

468 4796 473 4801 .
505 4745 568 4797 et
608 4736 913 4815 crassantis
956 4733 1198 4821 malitias
1243 4735 1546 4815 conatibus
1584 4736 1870 4796 enerviter
1920 4753 2034 4797 non
2084 4754 2215 4798 suc—
2302 4737 2461 4798 cium
2493 4739 2611 4796 sale
2637 4739 3054 4812 conspergitur,
3092 4737 3202 4795 mel
3241 4743 3455 4807 autem,
3493 4734 3616 4793 sive
3659 4733 4013 4821 fermentum

440 4862 469 4895 .-
504 4827 817 4888 cumbunt.
1184 4818 1187 4821 ⁷
1450 4865 1469 4883 ι
2300 4826 2517 4887 adoleri
2559 4829 2623 4885 in
2660 4827 2940 4886 sacriﬁcio
2981 4827 3249 4886 funditus
3295 4822 3660 4900 prohibetur.
3705 4819 3874 4881 Unde
3898 4818 4021 4878 Do—

474 4982 499 4989 ,_
580 4918 718 4993 inde
765 4934 901 4995 ergo
948 4913 1255 4989 formosam
1310 4931 1380 4981 se
1406 4932 1624 4992 sponsa
1659 4916 1767 4976 ista
1803 4918 2045 4990 dicebat,
2084 4918 2219 4992 quia
2304 4917 2498 4976 minus
2523 4918 2593 4976 ad
2623 4917 2857 4992 Moysen
2890 4920 2950 4976 in
2976 4918 3228 4976 Levitico
3260 4936 3272 4974 :
3306 4937 3335 4970 ‹‹
3361 4913 3586 4983 Omnis,
3615 4910 3831 4987 inquit,
3852 4908 4019 4969 obla-

509 5004 610 5066 ille
628 5008 700 5079 in
736 5006 863 5082 ipso
893 5004 1309 5091 persecutionis
1330 5003 1583 5087 articulo
1613 5005 1674 5063 in
1705 5021 1771 5063 ea
1809 5006 2222 5066 delectabiliter
2304 5007 2409 5077 tio,
2430 5022 2567 5081 quas
2604 5006 2846 5065 oﬁ‘ertur
2876 5007 3143 5078 Domino,
3176 5005 3397 5079 absque
3438 5003 3724 5061 fermento
3759 5000 4025 5091 ﬁet,_nec

509 5098 860 5174 quiescebat,
895 5088 1013 5170 qui
1046 5095 1350 5154 serenitate
1396 5093 1595 5153 vultus
1627 5094 1718 5153 sui
1757 5102 1965 5153 cuncta
2001 5097 2221 5154 clariﬁ-
2303 5098 2622 5172 quidquam
2654 5096 2922 5156 fermenti
2953 5113 3020 5155 ac
3048 5098 3238 5155 mellis
3284 5094 3608 5155 adolebitur
3637 5093 3700 5151 in
3728 5088 4025 5149 sacriﬁcio

509 5194 618 5255 cat,
666 5185 832 5265 Unde
868 5192 937 5263 et,
957 5198 1207 5257 sponsus
1244 5184 1315 5242 ad
1354 5198 1482 5240 eam
1516 5188 1539 5241 εΔ
1585 5202 1612 5235 ‹‹
1650 5178 1808 5253 Tota,
1839 5183 2056 5259 inquit,
2103 5186 2224 5258 pul-

507 5276 647 5339 chra
686 5290 770 5343 es,
816 5274 1013 5355 amica
1039 5287 1186 5343 mea,
1219 5281 1273 5329 et
1307 5272 1530 5355 macula
1569 5285 1683 5329 non
1722 5266 1807 5328 e'St
1851 5271 1911 5329 in
1956 5281 2010 5331 te
2043 5276 2217 5346 (Cant.

508 5366 612 5437 Iv).
644 5385 673 5418 »
715 5363 858 5422 Tota
886 5350 1139 5443 ,puIChra
1176 5350 1528 5419 intrinsecus
1570 5365 1623 5415 et
1666 5359 2047 5432 extrinsecus,
2084 5362 2221 5421 foris

510 5451 570 5511 in
611 5453 958 5528 perfectione
1005 5450 1141 5511 clari
1175 5449 1389 5525 operis,
1430 5446 1781 5507 intrinsecus
1827 5450 1888 5507 in
1933 5450 2221 5509 munditia

512 5540 840 5623 purissimae
886 5540 1270 5615 cogitationis.
1319 5537 1457 5594 371
1501 5538 1571 5596 Et
1622 5538 1720 5597 illa
1770 5540 1909 5616 quid
1966 5540 2224 5615 sponso?

513 5649 541 5681 α
571 5628 818 5705 Dilectus
846 5644 1047 5713 meus,
1067 5629 1284 5702 inquit,
1314 5625 1620 5713 candidus,
1657 5634 1713 5687 et
1753 5629 2134 5703 rubicundus,
2167 5637 2224 5690 et

2304 5186 2537 5244 Domini
2569 5190 2756 5258 (Leuit.
2806 5188 2880 5260 ιι).
2918 5207 2944 5241 ››
2993 5186 3273 5261 Quisquis
3315 5184 3475 5242 enim
3520 5182 3615 5241 vel
3658 5179 3924 5253 rapinam
3959 5178 4022 5235 in

2303 5291 2448 5350 opus
2462 5277 2688 5351 pietatis
2702 5276 3054 5350 impendere,
3076 5275 3167 5332 vel
3185 5289 3353 5332 vanae
3373 5272 3577 5346 gloriae
3600 5284 3774 5328 causa
3794 5268 4021 5326 bonum

2308 5366 2537 5424 videtur
2578 5366 2801 5441 aliquid
2843 5380 3133 5435 exercere,
3182 5365 3280 5421 hic
3319 5378 3434 5420 non
3473 5374 3737 5435 azymam
3775 5355 4027 5415 sinceri-

2306 5458 2438 5515 tatis
2481 5466 2533 5515 et
2584 5456 2861 5525 veritatis,
2896 5456 2993 5513 sed
3032 5455 3382 5511 fermentum
3431 5448 3673 5509 malitiae
3703 5452 3881 5521 atque
3916 5459 4026 5502 ne-

2306 5546 2507 5622 quitia:
2560 5549 2603 5617 (Ι
2657 5546 2772 5602 Cor.
2838 5545 2894 5614 γ)
2948 5530 3190 5601 conatur
3247 5541 3473 5600 oﬂ‘err‘e.
3532 5536 3725 5596 Mellis
3781 5547 4027 5611 quoque

2306 5632 2649 5691 sacriﬁcium
2713 5630 2995 5690 Dominus
3053 5645 3163 5689 non
3219 5628 3512 5703 approbat,
3567 5625 3705 5700 quia
3760 5622 4027 5683 luxuriae
