4178 6438
156 253 264 313 897

1681 207 1927 308 sanna
1971 247 2170 306 LXIX.

3567 245 3699 309 896’

161 379 527 452 voluptatem
555 393 904 452 omnemque
924 379 1170 437 carnalis
1196 357 1483 437 illeCebrae
1508 351 1946 436 dulcedinemA‘
2033 374 2099 432 In
2156 376 2261 432 hac
2305 372 2635 447 congeritur
2665 376 2972 450 multiplex‘
3023 377 3266 438 varietas
3299 387 3675 439 sacramento-

159 468 421 526 damnat.
461 467 555 527 Sal
589 475 785 528 autem
813 469 1090 528 omnibus
1124 469 1456 542 praecipitur
1484 457 1894 526 oblationibus

158 558 448 626 adhiberi,
505 553 663 611 372
709 564 772 614 ut
825 557 1110 630 quidquid
1188 558 1436 616 Domino
1493 572 1665 628 super
1718 570 1878 611 aram

160 649 354 707 devoti
385 648 576 705 cordis
610 646 963 716 otferrimus,
997 649 1235 706 rationis
1267 664 1490 719 semper
1511 653 1682 720 atque
1715 643 1880 700 intel-

164 733 426 806 ligentiae
481 747 684 806 sapore
753 733 988 792 condire
1059 733 1417 792 studeamus.
1477 733 1576 790 Ait
1651 730 1810 788 enim
1864 744 1874 782 :

166 847 189 875 ι
221 821 520 896 Quidquid
553 821 836 879 obtuleris
868 822 1156 891 sacriﬁcii,
1193 823 1310 879 sale
1343 821 1595 892 condies,
1638 836 1742 878 nec
1777 837 1881 878 au-

164 916 318 973 feres
348 914 433 972 sal
458 913 691 972 foederis
731 913 830 970 Dei
862 913 946 970 tui
975 913 1046 970 de
1078 913 1358 971 sacriﬁcio
1390 921 1505 970 tuo.
1536 936 1562 960 »

187 1025 192 1030 ’
240 1005 314 1061 Et
353 1010 418 1060 ut
455 1002 612 1076 quod
656 1001 882 1064 dicebat
917 999 1095 1058 altius
1138 1001 1471 1065 inculcaret,
1507 1007 1561 1057 et
1601 1015 1673 1057 ne
1721 1014 1884 1056 mens

165 1098 366 1150 nostra
412 1090 672 1149 fortassis
714 1088 1030 1162 aliquando
1071 1088 1296 1147 insulsa
1345 1088 1650 1161 desiperet,
1697 1087 1886 1144 adhuc

165 1181 562 1254 ingeminans,
593 1179 732 1236 dicit
769 1199 780 1236 :
843 1203 870 1230 α
902 1178 966 1235 In
1001 1178 1162 1236 omni
1205 1178 1494 1236 oblatione
1543 1185 1642 1234 tua
1685 1175 1887 1234 offeres

168 1272 256 1328 sal
291 1273 421 1343 (Col.
464 1272 565 1338 1v).
600 1290 628 1322 »
672 1269 794 1327 Hoc
829 1269 997 1341 plane
1034 1268 1187 1327 istud
1227 1276 1312 1326 est
1347 1269 1448 1336 sal,
1485 1268 1554 1325 de
1584 1283 1699 1342 quo
1730 1268 1883 1339 Apo-

172 1360 356 1419 stolus
381 1361 462 1418 ait
492 1379 503 1417 :
542 1385 566 1407 ‹‹
599 1359 664 1417 In
707 1359 988 1432 sapientia
1016 1358 1312 1417 ambulate
1338 1359 1408 1416 ad
1439 1374 1560 1428 eos,
1601 1357 1703 1430 qui
1749 1355 1888 1414 foris

174 1459 334 1520 sunt,
383 1457 606 1521 tempus
652 1449 1017 1506 redimentes.
1071 1448 1272 1506 Sermo
1325 1456 1514 1505 vester
1560 1462 1783 1519 semper
1825 1445 1885 1501 iu

175 1537 362 1611 gratia
387 1537 506 1595 sale
536 1537 608 1595 sit
651 1536 938 1607 conditus,
968 1543 1032 1595 ut
1070 1537 1282 1604 sciatis,
1314 1535 1601 1610 quomodo
1638 1540 1891 1607 oporteat

179 1643 283 1686 vos
342 1627 662 1700 unicuique
711 1626 1054 1700 respondere
1094 1627 1306 1694 (Ibid.).
1344 1647 1371 1677 »
1419 1625 1497 1682 De
1537 1626 1644 1681 hoc
1685 1624 1803 1680 sale
1836 1627 1891 1679 et

1962 479 2116 530 rum,
2156 472 2212 520 et
2253 464 2579 535 contegitur
2629 464 2945 538 antiquitas
2993 466 3522 546 misericordiarum
3571 463 3675 525 Do-

1963 555 2109 612 mini
2154 554 2255 612 Dei
2289 555 2488 612 nostri.
2525 555 2593 612 Et
2646 564 2708 614 ut
2739 557 2989 618 breviter
3027 553 3172 611 373
3214 555 3674 629 intelligentiolaa

1962 650 2172 700 nostrae
2200 644 2568 714 propalemus
2595 643 2948 719 indaginem,
2977 644 3285 704 duodecim
3317 649 3674 703 sacramenta

1963 739 2097 790 sunt
2121 732 2182 789 in
2214 731 2486 802 Ecclesia,
2512 748 2644 805 quze
2668 735 2849 792 unius
2877 733 3009 794 ﬁdei
3026 734 3207 808 pietas
3231 732 3500 806 contegit,
3529 734 3680 792 circa

1963 835 2213 895 quorum
2251 819 2593 878 instantiam
2643 822 2954 881 reﬂectitur
2991 821 3333 881 Christiana;
3373 819 3676 895 religionis

1965 909 2293 968 auctoritas.

2039 999 2301 1057 Primum
2339 1005 2425 1056 est
2473 1000 2830 1073 baptismatis
2867 1010 3290 1062 sacramentum
3335 1003 3484 1073 (ﬁde
3518 997 3684 1059 Scia-

1970 1091 2049 1144 lia
2093 1089 2168 1144 ad
2216 1085 2412 1144 calam
2457 1091 2756 1160 servnonis).
2800 1090 2926 1148 Hoc
2969 1092 3276 1165 pretiosius
3328 1099 3412 1150 est
3463 1089 3688 1149 Cunctis

1967 1179 2192 1252 Opibus,
2227 1181 2284 1236 et
2309 1179 2530 1251 omnia,
2559 1191 2692 1252 qua;
2721 1179 3145 1253 desiderantur,
3179 1181 3318 1240 huic
3340 1193 3456 1239 non
3488 1181 3683 1239 valent

1968 1268 2304 1341 comparari.
2351 1267 2492 1336 Quis
2532 1267 2690 1326 enim
2729 1269 3076 1341 cogitatione
3137 1271 3344 1341 cordis,
3382 1269 3473 1329 vel
3513 1270 3684 1329 volu-

1969 1359 2190 1416 bilitate
2233 1359 2519 1417 sermonis
2569 1359 2827 1432 impleat,
2877 1365 3094 1433 quanta
3132 1361 3246 1420 sint
3289 1361 3350 1418 in
3394 1374 3684 1435 aquarum

1971 1446 2294 1504 substantia
2346 1451 2704 1506 sacramenta
2750 1447 3089 1522 completa?
3133 1447 3460 1522 Antequam
3503 1461 3680 1506 mun~

1971 1536 2083 1592 dus
2109 1535 2496 1608 parturiretur
2519 1542 2573 1592 et
2603 1552 2678 1594 ex
2706 1535 2945 1595 infdrmi
2973 1537 3213 1595 materia
3235 1536 3683 1596 multiformium

1973 1621 2294 1694 specierum
2347 1621 2654 1681 diversitas
2703 1619 2986 1694 exsiliret,
3019 1623 3273 1698 Spiritus
3324 1623 3426 1682 Dei
3467 1622 3531 1681 in
3579 1639 3686 1682 au-

182 1717 467 1775 Dominus
494 1716 608 1774 ait:
652 1741 676 1764 «
714 1714 773 1773 Si
799 1715 882 1773 sal
908 1715 1258 1773 infatuatum
1290 1713 1484 1781 fuerit,
1514 1713 1575 1770 in
1605 1728 1720 1786 quo
1751 1712 2115 1793 con-Brigm
2173 1712 2406 1771 modum
2470 1714 2762 1772 ferebatur
2818 1723 2998 1788 'super
3077 1727 3256 1790 aquas
3314 1717 3464 1783 (Gen.
3523 1716 3580 1788 1),
3610 1718 3685 1771 et

177 1807 417 1867 dietur?
456 1831 476 1860 ι
506 1809 723 1877 (Matth.
754 1808 836 1878 v.)
871 1806 995 1864 Non
1024 1821 1159 1878 ergo
1189 1803 1272 1861 sal
1303 1804 1490 1862 simus
1514 1803 1888 1873 infatuatum,

181 1915 274 1970 ne,
305 1899 460 1972 quod
486 1898 657 1970 absit,
688 1913 821 1956 cum
865 1897 1037 1954 fatuis
1071 1895 1400 1969 virginibus
1429 1895 1746 1953 adveniens
1773 1911 1888 1953 cm-

182 1991 342 2048 lestis
385 1989 483 2047 ille
529 2004 634 2047 nos
690 1987 947 2060 Sponsus
989 1987 1266 2057 inveniat,
1319 1995 1376 2044 et
1414 1986 1784 2059 pulsantibus
1826 2002 1892 2044 ac

180 2079 555 2151 gementibus
610 2078 888 2152 nuptialis
926 2077 1179 2136 convivii
1213 2076 1451 2148 januam
1493 2077 1738 2144 claudat,
1790 2077 1889 2135 sed

183 2169 520 2244 hujusmodi
550 2171 633 2227 sal
664 2184 787 2226 esse
825 2185 926 2242 per
953 2167 1210 2225 divinam
1244 2167 1486 2239 gratiam
1530 2167 1888 2240 studeamus,

177 2259 330 2333 quod
364 2273 470 2316 nos
499 2273 620 2315 esse
652 2259 798 2324 vult,
841 2257 941 2331 qui
978 2256 1279 2330 discipulis
1324 2256 1447 2313 suis
1491 2255 1632 2313 dicit
1673 2280 1684 2313 :
1721 2280 1742 2305 ι
1776 2256 1892 2313 Vos

177 2345 315 2404 estis
339 2345 425 2403 sal
462 2351 631 2402 terrae
653 2347 845 2414 (Ibid.)
877 2366 888 2403 :
921 2369 942 2395 υ
981 2351 1274 2418 quatenus
1305 2343 1675 2402 tenebrarum
1722 2361 1893 2418 opera

182 2434 598 2508 relinquentes,
626 2441 681 2491 et
728 2449 887 2492 nunc
924 2433 1292 2492 elaboremus
1336 2440 1399 2490 ut
1439 2433 1545 2490 lilii
1577 2433 1724 2492 lucis
1761 2449 1889 2490 am-

183 2524 410 2596 bulare,
447 2533 502 2582 et
546 2524 914 2598 postmodum
954 2524 1107 2582 inter
1138 2522 1423 2596 sapientes
1471 2522 1746 2595 virgines,
1795 2538 1892 2580 ac-

181 2614 373 2672 censis
413 2613 800 2688 lampadibus,
841 2612 1174 2670 advenienti
1210 2611 1403 2671 Judici
1442 2627 1769 2670 mereamur
1797 2628 1891 2670 oc-

179 2719 412 2762 currere
445 2748 458 2774 ,
491 2704 593 2776 qui
621 2719 757 2761 cum
783 2702 899 2760 Deo
923 2703 1089 2760 Patre
1119 2712 1174 2760 et
1204 2702 1420 2776 Spiritu
1447 2709 1640 2760 sancto
1674 2701 1818 2760 vivit
1840 2708 1896 2759 et

183 2798 387 2865 regnat
411 2808 512 2865 per
538 2791 735 2850 omnia
762 2792 977 2850 saecula
1002 2791 1374 2850 saeculorum.
1406 2793 1612 2850 Amen.

765 2903 791 2928 *
821 2899 1070 2959 SERMO
1110 2901 1311 2959 LXIX.

593 2984 630 3030 Ῑ.
666 2985 724 3030 ΙΝ
758 2985 1147 3031 DEDICATIONE
1178 2984 1488 3031 ECCLESle.

1973 1801 2327 1859 elementum
2412 1803 2519 1860 hoc
2595 1802 2823 1876 ﬁgurati
2899 1803 3310 1877 prtemulcebat
3381 1801 3684 1876 obsequio.

1973 1890 2199 1950 Caelum
2225 1893 2416 1966 ipsum
2447 1911 2521 1952 ex
2557 1895 2728 1968 aquis
2766 1899 3128 1969 compaCtum
3161 1892 3547 1951 Hebrmorum
3575 1899 3690 1951 tra-

1972 1979 2058 2036 dit
2095 1983 2422 2054 auctoritas,
2456 1988 2509 2039 et
2545 1997 2662 2064 per
2705 1999 2886 2056 aquas
2937 1981 3285 2040 universalis
3327 1980 3428 2038 illa
3478 1995 3690 2054 purga-

1973 2067 2052 2125 tio
2091 2067 2434 2128 celebratur.
2480 2070 2832 2129 Patriarchze
2869 2072 2940 2129 ad
2975 2075 3153 2144 aqvas
3183 2070 3342 2128 ﬁunt
3379 2068 3692 2139 uxorii,.tet

1972 2173 2075 2230 per
2109 2173 2288 2232 aquas
2327 2159 2587 2218 terribile
2615 2160 2956 2222 Judaedrum
2987 2168 3257 2217 murmur
3277 2158 3690 2232 exstinguitur.

2045 2249 2250 2306 Omnis
2302 2248 2402 2306 illa
2447 2249 2625 2308 series
2674 2247 2896 2307 Veteris
2943 2247 3318 2306 Instrumenti
3357 2246 3694 2321 diligentius

1976 2335 2343 2409 introspecta,
2424 2338 2700 2411 majorem
2775 2345 3262 2394 sacramentorum
3327 2334 3696 2394 altitudinem

1975 2423 2035 2479 in
2063 2439 2356 2496 aquarum
2389 2425 2626 2482 materia
2655 2425 3039 2499 consignavit.
3067 2423 3332 2484 Salvator
3359 2424 3481 2497 ipse
3510 2423 3694 2496 legem

1975 2531 2240 2591 sequens,
2313 2516 2596 2574 itinerarii
2655 2516 2748 2574 sui
2823 2516 3176 2590 principium
3228 2515 3396 2590 aquis
3433 2509 3692 2582 indixit,

1974 2622 2109 2664 cum
2137 2607 2198 2663 in
2238 2606 2485 2665 ﬂumine
2519 2604 2792 2663 sublimis
2823 2605 2926 2663 illa
2956 2612 3200 2678 potestas
3228 2605 3300 2662 ab
3343 2604 3445 2661 illo
3489 2617 3698 2674 magno

1978 2699 2216 2756 homine
2259 2697 2447 2755 voluit
2488 2697 2762 2770 baptizari
2804 2699 3029 2764 (Matth.
3072 2701 3180 2764 111).
3214 2694 3476 2752 Primum
3511 2693 3694 2750 mira-

1976 2785 2176 2846 culum
2217 2802 2290 2843 ex
2334 2784 2504 2859 aquis
2555 2786 2687 2842 fecit
2744 2786 2918 2857 (Joan.
2959 2785 3041 2854 ll).
3087 2783 3474 2842 Samaritana).
3523 2782 3697 2854 juxta

1975 2882 2220 2950 puteum
2262 2891 2546 2950 aquarum
2607 2876 2825 2933 fontem
2861 2873 3355 2950 ~aqua3~salicntis
3405 2874 3466 2931 in
3518 2871 3696 2930 vitam

1980 2973 2257 3024 aeternam
2339 2965 2685 3038 repromittit
2747 2968 2932 3032 (Joan.
2988 2961 3578 3037 1v).'Deniquea~.qui
3627 2959 3702 3019 ab

261 3061 392 3119 Post
442 3075 692 3130 crucem,
742 3065 872 3134 post
912 3059 1226 3132 virginem,
1275 3065 1397 3131 post
1449 3057 1704 3130 angelos,
1751 3056 1952 3152 quidcl
1979 3057 2148 3131 aquis
2199 3064 2446 3129 coeperat
2481 3055 2675 3114 ﬁnivit
2711 3057 2773 3114 in
2817 3056 3002 3129 aquis.
3055 3054 3373 3114 Vulnerato
3408 3051 3697 3111 enim-Ja-

182 3161 267 3211 est
309 3152 503 3225 majus
545 3153 608 3209 in
661 3154 846 3222 terris,
879 3151 1022 3226 quid
1063 3149 1122 3207 in
1171 3150 1332 3208 caelis
1373 3148 1739 3209 sublimius?
1785 3145 1951 3206 Illa“
1981 3155 2096 3205 tere
2135 3146 2436 3218 Cru‘ciﬁxi,
2473 3147 2732 3204 manavit
2769 3161 2921 3220 aqua
2952 3145 3484 3219 (Joan.v-XIX),.qum
3515 3149 3695 3200 terra-

183 3242 390 3317 utique
435 3257 610 3314 quam
649 3241 961 3314 acceptavit
996 3239 1354 3309 Altissimus,
1395 3255 1528 3312 quae
1563 3239 1893 3297 vulneravit

183 3347 280 3389 cor
310 3329 521 3403 Sponsi
551 3330 660 3399 sui,
698 3331 794 3388 cui
827 3329 1086 3404 Sponsus
1123 3329 1275 3386 idem
1312 3328 1369 3385 in
1409 3327 1658 3385 Canticis
1702 3326 1884 3383 dicit:

191 3443 211 3468 ι
245 3417 576 3477 Vulnerasti
615 3434 710 3476 cor
760 3433 980 3488 meum,
1010 3433 1172 3475 soror
1213 3432 1340 3473 mea
1382 3431 1612 3487 sponsa,
1664 3415 1724 3472 in
1774 3429 1892 3472 uno

184 3508 342 3566 crine
383 3507 514 3566 colli
571 3509 674 3572 tui.
716 3515 772 3565 et
821 3508 882 3565 in
921 3522 1038 3566 uno
1084 3507 1385 3564 oculorum
1443 3513 1676 3563 tuorum
1721 3505 1894 3576 (Cant.

184 3601 283 3669 Iv).
320 3618 347 3650 »
393 3596 579 3665 Quam
621 3597 874 3670 speciosa
913 3613 1120 3670 sponsa
1157 3597 1284 3666 ista,
1319 3611 1452 3668 qum
1479 3596 1536 3651 in
1569 3609 1688 3662 uno
1719 3593 1898 3666 capil-

188 3683 310 3742 lulo
372 3691 428 3742 et
482 3684 721 3743 ocelluli
789 3686 1203 3744 scintillatione
1281 3683 1549 3742 vulnerat
1619 3682 1897 3740 caelorum

189 3772 426 3845 Regem,
461 3771 806 3844 angelorum
836 3773 1168 3843 Dominum,
1203 3773 1415 3830 Filium
1452 3771 1552 3830 Dei
1592 3770 1792 3828 Patris.
1818 3769 1900 3827 De

185 3863 285 3921 illa
339 3862 512 3920 nobis
563 3871 647 3920 est
689 3878 896 3933 sermo,
948 3862 1083 3920 licet
1134 3879 1249 3921 non
1300 3862 1374 3920 sit
1424 3876 1611 3919 sermo
1668 3861 1726 3917 in
1789 3860 1900 3917 lin-

188 3967 299 4024 gua
338 3959 554 4009 nostra.
598 3951 736 4009 Haec
790 3959 874 4008 est
912 3951 1030 4021 illa,
1073 3967 1208 4024 quae
1250 3951 1430 4024 posita
1471 3957 1554 4008 est
1598 3949 1656 4006 in
1697 3965 1898 4021 super-

194 4041 346 4098 biam
379 4041 745 4109 saeculorum,
781 4043 948 4115 cujus
972 4042 1154 4113 gloria
1181 4057 1213 4098 a
1245 4040 1388 4098 mari
1414 4055 1598 4112 usque
1618 4041 1688 4096 ad
1721 4054 1898 4108 mare,

190 4128 286 4188 cui
313 4144 476 4201 reges
502 4136 558 4186 et
589 4129 879 4202 principes
911 4129 1289 4197 famulantur,
1323 4143 1498 4201 quam
1525 4125 1902 4185 circumvolat

1976 3254 2108 3296 rum
2139 3238 2339 3296 orbem
2379 3237 2716 3310 pu'rgatorio
2749 3235 3046 3294 lav‘amine
3089 3234 3438 3293 candidavit.
3471 3232 3570 3291 Ad-
3595 3248 3701 3290 ex-

1977 3331 2224 3383 tremum
2291 3323 2576 3382 inclusiva
2638 3323 2921 3381 sententia
3002 3324 3242 3381 chorum
3314 3321 3697 3394 apostolicum

1976 3413 2246 3470 imbuens
2288 3437 2299 3469 :
2350 3435 2374 3462 α
2413 3411 2652 3476 Euntes,
2691 3411 2904 3482 inquit,-
2941 3410 3219 3483 baptizate
3261 3425 3466 3467 omnes
3502 3415 3703 3482 gentes

1979 3504 2040 3561 in
2085 3503 2322 3561 nomine
2370 3502 2576 3572 Patris,
2605 3507 2662 3558 et
2706 3500 2862 3570 Filii,
2899 3507 2954 3558 et
2992 3499 3246 3574 Spiritus
3279 3499 3463 3558 sancti
3495 3502 3694 3567 (lare.

1982 3596 2130 3660 XVI).
2164 3616 2189 3642 η
2208 3585 2428 3648 Nonne
2448 3591 2629 3662 igitur
2655 3589 2878 3665 liquido
2904 3588 3130 3663 colligis
3149 3587 3300 3663 quia»
3316 3588 3462 3662 legis
3479 3589 3702 3647 utrius-

1982 3697 2096 3754 que
2167 3679 2498 3738 sublimitas
2566 3678 2690 3736 vim
2780 3693 2977 3736 rerum
3065 3677 3700 3738 sacramentalium....in

1982 3772 2162 3845 hujus
2197 3769 2468 3827 elementi
2505 3768 2729 3842 liquore
2759 3767 3021 3826 refudit?
3049 3766 3188 3825 Non
3218 3774 3528 3826 te-moveat
3556 3781 3702 3840 pau-

1983 3859 2124 3917 citas
2159 3857 2584 3931 exemplorum,
2620 3872 2751 3915 cum
2783 3855 3035 3930 plurima
3073 3854 3702 3929 prae—manibusbabe-

1983 3957 2208 4018 rentur,
2241 3947 2358 4005 nisi
2389 3947 2780 4021 prolixitatem
2806 3947 3074 4004 evitasset
3110 3946 3309 4005 oratio.

2058 4037 2389 4096 Secundum
2460 4043 2544 4095 est
2614 4042 3034 4094 sacramentum
3069 4035 3578 4094 conﬁrmationis.
3631 4035 3702 4093 In

1988 4127 2324 4200 baptismate
2379 4123 2630 4198 Spiritus
2678 4125 2848 4182 datur
2899 4123 2970 4182 ad
3020 4125 3275 4196 veniam,
3328 4125 3424 4184 hic
3467 4126 3540 4182 ad
3585 4138 3704 4198 :pu-

192 4217 514 4276 caelestium
544 4218 837 4291 legionum
865 4219 1198 4286 multitudo,
1223 4219 1284 4274 in
1311 4233 1424 4292 qua
1452 4217 1579 4273 fons
1603 4216 1902 4287 sapientiae
1984 4231 2156 4289 gnam
2188 4233 2201 4285 ;
2236 4214 2318 4272 ibi
2342 4213 2700 4272 mundamur
2723 4212 2798 4270 ab
2819 4213 3249 4288 iniquitatibus,
3272 4215 3368 4274 hic
3393 4215 3709 4276 virtutibus

194 4307 479 4379 repositus
526 4314 630 4375 est,
690 4309 947 4366 «hortus
997 4307 1327 4374 conclusus,
1374 4307 1503 4363 fons
1561 4304 1897 4377 signatus.»
1984 4306 2432 4379 praemunimur.
2484 4304 2687 4362 Nonne
2732 4306 2792 4362 in
2822 4304 3710 4378 superliminarifronterdomus

196 4395 412 4453 Hortus
441 4396 541 4452 ubi
590 4396 740 4454 clara
793 4396 1007 4454 rosaria
1045 4395 1359 4468 pulchriori
1406 4395 1594 4451 colore
1641 4392 1957 4468 refulgu-_
1991 4404 2198 4454 nostrae
2247 4395 2534 4453 terrestris
2587 4402 2916 4453 consecrata
2955 4411 3170 4455 manus
3199 4396 3365 4454 isacri
3403 4396 3709 4455 .Chrisma-

197 4489 346 4551 rant,
412 4491 466 4540 et
526 4483 722 4540 felices
779 4484 959 4557 virgae
1022 4457 1230 4540 llorum
1276 4487 1332 4538 et
1385 4481 1676 4538 fructuum
1719 4457 2060 4552 gloriaDtis
2097 4485 2380 4558 imprimit
2428 4485 2812 4542 unctionem?
2843 4485 2959 4544 Nec
2992 4485 3236 4559 quilibet
3265 4485 3408 4544 tanti
3449 4485 3707 4558 mysterii

194 4569 602 4639 cumulantur;
659 4573 884 4642 hortus,
951 4586 1125 4645 quem
1184 4575 1488 4627 ventorum
1551 4582 1666 4624 non
1720 4567 1904 4639 tangit
1988 4575 2200 4645 legitur
2239 4579 2562 4643 exsecutor,
2585 4572 2692 4629 sed
2742 4571 2903 4630 solus
2945 4574 3272 4647 episcoms,
3321 4588 3498 4646 super
3545 4573 3711 4645 cujus

195 4658 514 4729 alternitas,
552 4659 654 4717 ubi
692 4659 975 4717 mollioris
1001 4677 1162 4718 aurm
1186 4659 1364 4731 gratia
1396 4659 1725 4731 frequenter
1751 4657 1903 4729 aspi-
1987 4669 2155 4734 caput
2203 4662 2401 4720 fusum
2446 4669 2532 4718 est
2565 4661 3140 4728 unctionis'oleum,
3178 4669 3233 4719 et
3257 4690 3262 4698 ·
3286 4662 3452 4735 cujus
3505 4661 3710 4722 ditioni

196 4754 282 4804 rat
314 4754 368 4805 et
400 4763 652 4805 vernans
684 4750 989 4806 amtenitas
1011 4749 1188 4807 allicit
1216 4749 1544 4816 intuentes;
1577 4745 1902 4815 conclusus,
1989 4749 2354 4808 sacerdotalis
2403 4749 2690 4808 subditur
2743 4749 3429 4823 multitudo.-=Baptismi~
3461 4751 3708 4824 gnatlam

196 4851 311 4894 non
362 4836 579 4894 murali
625 4838 911 4907 machina,
958 4853 1064 4894 nec
1111 4845 1586 4894 cmmental—orum
1630 4834 1902 4906 lapidum,
1977 4841 2150 4898 omni
2183 4840 2428 4908 homini,
2454 4840 2546 4898 vel
2582 4840 2740 4898 omni
2763 4839 3219 4898 sexui-tradidit
3254 4843 3565 4900 auctoritas
3604 4857 3708 4899 an-

199 4923 490 4995 glutinosa
531 4925 848 4993 tenacitate,
890 4926 986 4982 sed
1027 4925 1284 4997 angelica
1327 4925 1573 4981 statione
1613 4922 1898 4990 vallatus;
1991 4932 2318 5001 tiquorum;
2385 4927 2842 4986 conﬁrmationis
2871 4927 3360 5000 autem-insigne
3393 4927 3519 4987 sola
3551 4944 3708 5002 pon-

202 5013 350 5083 fons,
397 5012 468 5070 de
518 5029 631 5086 quo
689 5015 873 5072 fontes
923 5014 1097 5074 Israel
1145 5015 1503 5081 derivantur,
1555 5013 1657 5083 qui
1711 5009 1907 5082 irrigat
1975 5017 2217 5077 .tiﬁcalis
2251 5033 2492 5090 persona
2522 5034 2644 5075 suae
2682 5016 2934 5074 vindicat
2963 5015 3416 5088 dignitati.Inde
3443 5025 3527 5075 est
3559 5016 3712 5091 quod

199 5104 535 5161 universam
567 5106 929 5178 superﬁciem
972 5113 1158 5174 terrae,
1191 5113 1246 5162 et
1274 5103 1588 5172 inebrians,
1616 5108 1669 5158 et
1700 5117 1907 5159 emun-
1990 5105 2301 5163 decretales
2355 5105 2602 5180 paginae,
2651 5112 2704 5161 et
2741 5099 3096 5161 sanctorum
3160 5101 3394 5162 Patrum
3453 5104 3714 5161 instituta

201 5192 388 5262 dans;
467 5195 730 5268 signatus
810 5193 1001 5267 sigillo
1065 5193 1263 5264 utique
1320 5192 1495 5250 totius
1559 5190 1905 5259 Trinitatis,
1993 5193 2336 5262 decernunt,
2396 5209 2508 5250 non
2561 5207 2684 5249 esse
2736 5190 3119 5250 differendam
3175 5200 3302 5267 post
3360 5193 3715 5267 baptismum

203 5282 356 5355 quod
424 5281 523 5340 ille
599 5282 926 5356 malignans
982 5281 1341 5340 etTractarius
1404 5296 1518 5337 non
1583 5279 1709 5335 dico
1770 5293 1908 5335 con-
1994 5281 2338 5340 sacramenti
2367 5281 2543 5353 hujus
2580 5280 2877 5352 virtutem,
2913 5297 2982 5338 ne
3023 5297 3127 5340 nos
3166 5281 3420 5340 inermes
3457 5280 3718 5340 inveniat

208 5370 475 5444 t'ringere,
517 5371 616 5430 sed
672 5387 779 5429 nec
835 5371 1170 5442 contingere
1217 5371 1442 5428 audeat.
1484 5369 1549 5426 In
1600 5368 1706 5426 hac
1755 5383 1910 5425 mor—
1999 5363 2404 5430 fraudulentus
2457 5361 2556 5428 ille
2607 5369 2920 5444 contortor,
2975 5387 3009 5428 a
3067 5387 3182 5445 quo
3225 5385 3398 5431 nemo
3447 5385 3716 5446 unquam

149 5487 153 5500 ι
207 5466 305 5517 tua
354 5461 621 5533 germina
681 5460 1074 5532 regerminant
1126 5465 1183 5518 et
1233 5458 1482 5518 aridiora
1534 5457 1700 5530 signa
1750 5456 1917 5544 facile
1959 5457 2248 5544 Jnocend‘i
2276 5457 2558 5544 inducias
2603 5459 2866 5544 extorsit.
2897 5458 3152 5519 Delibuti
3199 5460 3376 5534 igitur
3413 5461 3724 5533 utriusque

209 5553 582 5612 revirescunt.
1892 5535 1898 5544 ’
1959 5535 1983 5543 ”
2003 5535 2156 5611 roris
2208 5535 2534 5623 unguento,
2565 5543 2675 5606 ill'o'
2711 5541 2916 5617 Sanan,
2955 5547 3257 5607 confortati
3307 5549 3437 5622 isto,
3470 5546 3731 5609 securius
