4118 6434
484 179 592 241 899
1106 183 1166 240 S.
1211 181 1430 240 PETRI
1474 179 1792 238 DAMIANI
1831 177 1989 237 OPP.
2033 174 2224 234 PARS
2273 171 2412 233 SEU
2457 173 2708 234 TOMUS
2749 174 2821 232 ΙΙ.
2865 205 2931 214 -
2972 171 3386 232 SERMONES.
3895 172 4005 234 900

477 305 897 366 descendamus
947 305 1019 364 ad
1073 305 1368 378 singulare
1409 302 1752 362 certamen?
1801 301 1914 360 Nec
1953 316 2056 359 nos
2099 299 2262 362 de-A
2292 301 2454 358 illinc
2509 299 2745 368 ducum,
2800 298 3098 368 comitum,
3159 297 3605 356 castellanorum
3661 313 3776 356 non
3834 313 4002 372 sper-

478 403 728 455 terreant
763 412 924 454 arma
963 394 1164 464 Goliae,
1218 394 1309 452 vel
1353 392 1693 467 magnitudo
1735 397 1963 450 moveat
2014 396 2197 448 statu-
2282 389 2473 448 nenda
2517 387 2811 445 nobilitas.
2856 386 3116 445 Procedit
3157 386 3382 444 medius
3432 387 3625 457 homo,
3674 401 3850 461 super
3901 387 4002 444 ho-

478 481 635 553 ralis,
673 484 807 557 quia
843 482 1144 541 nobiscum
1190 497 1437 557 magnus
1467 489 1552 541 est
1585 482 1871 540 Dominus
1909 480 2062 538 Deus
2090 494 2194 536 no-

483 576 618 641 ster,
645 577 700 629 et
718 586 924 643 magna
953 570 1136 628 virtus
1163 570 1288 643 ejus
1316 572 1480 643 (Psal.
1505 571 1727 641 CXLVI),
1755 569 2194 644 apprehendens

486 677 646 720 arma
687 669 742 720 et
792 667 1044 730 scutum,
1081 668 1146 720 ut
1195 668 1470 734 exsurgat
1518 662 1580 720 in
1626 661 1984 735 adjutorium
2026 659 2194 717 nobis

491 752 655 822 (Psal.
689 753 920 823 XXXIV).

552 861 818 921 Tertium
876 871 961 922 est
1017 865 1212 923 unctio
1287 863 1676 923 inﬁrmorum.
1750 863 2193 922 Inﬁrmantibus

493 947 644 1005 3'74
683 953 870 1024 nobis,
919 961 974 1012 et
1020 969 1207 1027 usque
1254 954 1327 1012 ad
1379 961 1622 1013 mortem
1674 955 1900 1013 mortali
1934 961 2191 1028 peccato-

483 1057 617 1100 rum
678 1042 836 1102 febre
887 1043 1310 1117 languentibus,
1370 1043 1624 1119 Spiritus
1674 1044 1901 1118 pietatis
1957 1043 2192 1115 assistit,

485 1136 539 1188 et
579 1131 908 1190 recordatus
943 1137 1027 1190 est
1068 1133 1343 1206 quoniam
1388 1133 1582 1206 pulvis
1625 1148 1850 1192 sumus.
1906 1131 2004 1189 Ait
2038 1132 2196 1189 enim

484 1217 658 1278 divus
685 1218 930 1277 Jacobus
962 1242 974 1276 :
1023 1243 1043 1270 α
1083 1219 1422 1280 Inﬁrmatur
1457 1220 1591 1296 quis
1631 1221 1694 1279 in
1722 1221 1924 1279 vobis?
1958 1219 2198 1280 Inducat

485 1307 844 1382 presbyteros
881 1309 1172 1382 Ecclesiae,
1210 1317 1265 1368 et
1293 1320 1457 1370 orent
1507 1327 1682 1385 super
1719 1327 1878 1381 eum,
1913 1319 2198 1385 ungentes

487 1415 622 1458 eum
651 1399 777 1458 oleo
823 1401 881 1458 in
914 1402 1151 1460 nomine
1188 1402 1442 1472 Domini,
1483 1410 1539 1461 et
1570 1402 1753 1461 oratio
1787 1403 1920 1461 ﬁdei
1953 1401 2198 1460 salvabit

486 1487 811 1559 inﬁrmum,
839 1496 895 1546 et
929 1489 1230 1548 alleviabit
1266 1506 1400 1550 eum
1445 1491 1769 1560 Dominus;
1803 1499 1858 1549 et
1885 1491 1934 1550 si
1969 1491 2028 1549 in
2068 1507 2197 1564 pec-

485 1577 626 1636 catis
662 1583 766 1648 est,
803 1578 1168 1637 dimittentur
1207 1580 1259 1638 ei
1289 1583 1426 1648 (Jac.
1469 1585 1549 1649 V).
1601 1605 1620 1630 ι
1662 1579 1949 1638 Solemnis
1979 1581 2196 1651 unctio,

2280 478 2466 536 mines
2522 483 2867 550 regnaturus
2901 519 2916 545 ,
2976 475 3330 547 constipatus
3398 475 3630 548 agmine
3681 475 3996 549 personali.

2277 566 2524 625 Ducitur
2563 565 2816 638 denique
2864 563 2935 622 ad
2985 579 3146 622 aram
3205 563 3416 622 excelsi
3471 562 3777 637 Principis,
3832 564 3997 636 prin-

2275 657 2494 730 cipium
2572 654 2735 728 regni
2791 653 3102 712 sortiturus
3149 654 3221 712 ab
3278 652 3381 711 illo
3440 669 3537 725 per
3598 668 3772 728 quem
3831 668 4001 725 reges

2276 752 2516 817 regnant
2565 747 2740 816 (Prov.
2798 744 2938 814 VIII).
2993 741 3159 802 Prius
3210 750 3404 800 autem
3452 757 3626 815 quam
3679 741 3997 814 imperato-

2275 833 2378 892 riis
2433 831 3059 912 cultibus_vestiatur,
3119 831 3437 906 requiritur
3487 845 3659 902 super
3723 845 3789 888 eo
3853 829 3996 887 cleri

2273 925 2546 983 voluntas
2574 929 2630 981 et
2659 921 2880 996 ponuli,
2921 926 2976 980 et
3006 937 3184 980 manu
3219 919 3448 995 propria
3483 922 3639 994 jurat
3667 918 4000 978 libertatem

2280 1012 2690 1071 Ecclesiarum.
2745 1010 2835 1068 Ex
2889 1017 3028 1070 tunc
3079 1009 3320 1069 exuitur
3365 1007 3726 1067 vestimentis
3775 1007 3899 1065 suis
3943 1015 4000 1065 et

2279 1103 2404 1162 oleo
2445 1099 2916 1160 sanctiﬁcationis
2962 1099 3304 1172 aspergitur,
3347 1105 3412 1157 ut
3457 1097 3647 1172 typico
3685 1112 3812 1156 rore
3862 1112 3997 1170 per-

2282 1192 2465 1260 fusus,
2503 1189 2752 1249 cmlestis
2805 1187 3090 1260 unguenti
3140 1186 3504 1261 plenitudine
3549 1186 3850 1260 glorietur.
3897 1183 3998 1242 In-

2281 1281 2478 1339 duitur
2532 1280 2783 1354 denique
2820 1293 3097 1351 purpura,
3139 1275 3285 1333 375
3323 1278 3476 1351 quod
3515 1284 3599 1335 est
3643 1277 3817 1350 regiae
3869 1291 3996 1333 ma-

2276 1368 2494 1440 jestatis
2523 1369 2770 1440 insigne,
2803 1373 3033 1439 gestans
3066 1367 3228 1440 regni
3274 1373 3559 1439 sceptrum
3604 1366 3665 1424 in
3719 1366 3998 1424 manibus

2279 1457 2348 1516 ad
2409 1456 2726 1529 regendum
2789 1456 3067 1528 populum
3130 1460 3393 1514 sanctum
3457 1455 3575 1513 Dei.
3635 1454 3884 1512 Ponitur
3944 1460 3999 1513 et

2281 1561 2489 1605 corona
2532 1560 2705 1602 aurea
2745 1560 2917 1617 super
2953 1550 3126 1616 caput
3163 1543 3290 1617 ejus
3334 1558 3602 1616 expressa
3641 1543 3812 1614 signo
3859 1557 3995 1600 san-

484 1631 2257 1741 ἰίῖιἰὶῖ›τ’”ἔκὲὲῦἐὲίςῖξ”ἆὶιο“’ἐεὶὲἑίίθεὶ’ὶθάεἷίὶῖἱιηῗῖὶέἆεέἶιίὶίἰΒ
2281 1635 2530 1741 “illius;
2573 1634 2755 1741 gloria
2814 1631 3752 1741 1“?“0Fii.e‘.°P‘?__‘9"ii9d?“l§
3795 1633 3996 1741 (Επίέ

493 1753 819 1824 dimittitur,
861 1753 1193 1812 immittitur
1233 1754 1402 1812 timor
1437 1754 1689 1812 Domini.
1721 1754 1968 1813 Videsne
2007 1754 2198 1828 quali-

497 1850 580 1901 ter
626 1841 991 1902 sacerdotalis
1032 1858 1242 1901 manus
1280 1842 1634 1900 inﬁrmantis
1683 1857 1892 1914 corpus
1943 1841 2194 1912 alleviet,

491 1939 548 1990 et
600 1931 994 1991 illecebrosam
1081 1947 1362 1990 sensuum
1451 1931 1766 1991 motionem
1817 1931 2200 1990 sacratissima

499 2021 725 2094 mitiget
747 2022 1054 2081 unctione?
1089 2021 1253 2079 Unde
1278 2028 1334 2078 et
1370 2023 1552 2080 sancti
1581 2021 1774 2080 Patres
1800 2021 1946 2080 hanc
1973 2023 2199 2080 unctio-

498 2126 632 2170 nem
660 2117 1081 2169 sacramentum
1110 2126 1235 2169 esse
1257 2117 1598 2169 sanxerunt.

567 2228 851 2296 Quartum
898 2233 983 2284 est
1039 2226 1387 2284 consecratio
1435 2226 1742 2299 pontiﬁcis.
1801 2225 1942 2284 Hzec
1989 2233 2203 2300 quanto

499 2315 804 2374 sublimior
837 2358 850 2384 ,
910 2319 1068 2371 tanto
1129 2313 1357 2387 dignior
1425 2314 1790 2388 approbatur.
1848 2315 1994 2373 Cum
2045 2315 2200 2372 enim

495 2405 793 2465 canonicis
844 2403 1235 2462 sanctionibus
1273 2402 1506 2478 eligitur
1544 2420 1804 2478 persona,
1851 2421 1982 2480 quae
2027 2410 2202 2464 tanta:

497 2492 794 2568 dignitatis
831 2490 1030 2549 debeat
1079 2491 1276 2550 subire
1322 2491 1639 2565 fastigium,
1677 2493 1887 2552 clarior
1938 2493 2200 2567 pontifex

499 2598 634 2642 cum
714 2582 937 2640 caeteris
1026 2582 1393 2654 pontiﬁcibus
1473 2589 1759 2643 evocatur.
1840 2583 2203 2656 Praeparatur

498 2670 772 2741 Ecclesia,
804 2677 1022 2745 patrem
1070 2678 1406 2745 susceptura
1450 2671 1519 2729 de
1558 2670 1698 2730 ﬁlio.
1743 2671 1996 2745 Ungitur
2038 2672 2200 2731 illius

502 2765 674 2833 caput
717 2759 844 2818 oleo
888 2759 1105 2817 laetitias
1155 2775 1276 2833 prae
1324 2759 1687 2818 consortibus
1731 2761 1872 2830 suis,
1924 2761 1985 2818 in
2038 2761 2200 2819 illius

499 2849 765 2922 ﬁguram,
820 2850 920 2920 qui
977 2847 1226 2907 thalamo
1275 2849 1547 2923 virginali
1602 2851 1886 2924 spirituali
1945 2850 2201 2910 balsamo

498 2937 794 3011 profusius
830 2938 1128 3008 irroratus,
1160 2939 1356 2996 oleum
1390 2939 1810 2998 benedictionis
1848 2956 2020 3014 super
2054 2939 2201 2998 ﬁlios

501 3027 812 3086 hominum
854 3027 1176 3085 distillavit.
1216 3029 1530 3087 Liniuntur
1558 3038 1613 3087 et
1666 3044 1893 3100 manus,
1924 3036 1988 3087 ut
2027 3015 2261 3103 quid-C

503 3115 644 3188 quid
699 3115 1102 3174 benedixerint
1153 3115 1545 3187 benedicatur,
1585 3125 1640 3175 et
1677 3124 1970 3191 acceptum
2007 3117 2080 3175 sit
2127 3118 2204 3175 di-

508 3203 664 3260 vinae
703 3203 1016 3276 majestatis
1059 3205 1332 3276 aspectui.
1375 3203 1618 3264 Ponitur
1662 3211 1715 3264 et
1749 3206 2076 3279 evangelica
2113 3222 2203 3279 pa-

501 3292 639 3364 gina
689 3308 864 3367 super
909 3298 1077 3366 caput
1124 3292 1308 3366 ipsius
1350 3293 1756 3365 recumbentis,
1809 3300 1875 3353 ut
1921 3301 1974 3352 et
2033 3295 2204 3353 verbo

502 3381 638 3440 vitae
677 3396 840 3440 suam
885 3379 1093 3438 sentiat
1137 3381 1416 3439 excedere
1448 3382 1752 3452 rationem,
1783 3391 1836 3440 et
1879 3383 2033 3442 oculi
2076 3381 2202 3456 ejus

503 3470 770 3530 deﬁciant
822 3471 880 3527 in
935 3469 1239 3544 eloquium
1301 3471 1556 3529 Domini.
1620 3471 1948 3545 Imponitur
1993 3472 2202 3530 cidaris

497 3563 668 3635 capiti
723 3569 1050 3621 consecrato
1086 3607 1102 3632 ,
1159 3567 1214 3620 et
1274 3577 1452 3620 aurea
1506 3560 1720 3619 lamina
1769 3561 1975 3620 frontis
2022 3561 2202 3635 gloria

499 3654 888 3729 praesignitur,
950 3654 1008 3712 in
1059 3668 1175 3728 qua
1225 3652 1554 3710 contexitur
1606 3667 1816 3710 nomen
1855 3651 2196 3710 divinitatis.

497 3742 771 3803 Traditur
801 3744 1056 3802 annulus
1083 3749 1432 3802 secretorum
1463 3742 1521 3799 in
1556 3757 1731 3800 manu
1773 3743 1918 3816 ejus,
1949 3749 2015 3801 ut
2052 3743 2202 3800 dicat

492 3847 629 3890 cum
663 3831 942 3906 Propheta
980 3851 992 3891 :
1027 3856 1052 3884 «ι
1081 3831 1150 3890 III
1178 3833 1348 3890 corde
1374 3846 1499 3889 meo
1529 3830 1805 3890 abscondi
1827 3831 2056 3903 eloquia
2082 3837 2198 3902 tua,

490 3927 557 3979 ut
616 3936 734 3979 non
783 3936 1010 3994 peccem
1072 3919 1174 3978 tibi
1224 3923 1390 3992 (Psal.
1420 3925 1644 3990 CXVIII).
1677 3944 1703 3968 ››
1761 3919 2100 3979 Calceantur
2146 3928 2200 3978 et

491 4008 662 4082 pedes
709 4008 780 4066 in‘
812 4009 1233 4082 praeparatione
1282 4009 1583 4083 Evangelii
1637 4007 1791 4082 pacis
1843 4009 2056 4080 (Ephes.
2099 4009 2198 4078 VI),

490 4105 557 4156 ut
604 4097 678 4156 sit
717 4099 790 4156 de
831 4097 1048 4171 quibus
1097 4098 1307 4156 dicitur
1362 4122 1374 4156 :
1435 4123 1461 4148 κ
1513 4097 1696 4167 Quam
1745 4097 1987 4171 speciosi
2031 4097 2202 4170 pedes

495 4185 1014 4258 evangelizantium
1044 4203 1241 4262 pacem
1281 4191 1430 4260 (1εαὶ.
1493 4191 1607 4254 LII).
1655 4211 1676 4238 ιι
1722 4186 1946 4259 Accipit
1991 4193 2047 4244 et
2101 4185 2200 4243 ba-

510 4273 710 4333 culum
750 4274 1110 4347 pastoralem,
1146 4282 1210 4333 ut
1239 4290 1312 4333 ex
1346 4274 1469 4348 ipsa
1495 4276 1676 4347 virgis
1716 4273 1990 4347 qualitate
2019 4274 2203 4346 signe-

513 4371 608 4458 tur
641 4361 888 4458 qualiter
919 4369 1252 4458 mansuetos
1301 4363 1548 4436 colligat,
1582 4363 1849 4458 corripiat
1883 4363 2195 4458 inquietos.
2218 4375 2268 4433 1)
2288 4361 2518 4458 ξρξξηῖ
2563 4361 2732 4456 “Bas

508 4450 604 4514 Sic
656 4453 739 4512 sic
780 4453 1024 4512 solemni
1067 4452 1539 4512 vestimentorum
1594 4451 2010 4526 gloriﬁcatione
2054 4469 2204 4526 prae-

498 4540 780 4617 fulgidus,
835 4549 889 4599 et
943 4542 1016 4600 ad
1080 4541 1258 4602 altare
1310 4543 1411 4601 Dei
1474 4541 1820 4602 familiarius
1866 4541 2093 4600 intrans
2149 4547 2206 4600 et

493 4632 717 4702 exiens,
766 4631 912 4690 iram
950 4631 1166 4705 judicis
1205 4630 1268 4689 in
1335 4630 1789 4690 misericordiam
1827 4632 2005 4705 patris
2051 4630 2204 4689 felici

493 4721 943 4781 commutatione
971 4721 1244 4781 devolvit.
1274 4720 1385 4779 Hic
1428 4721 1600 4779 habet
1633 4721 1896 4794 gladium
1945 4721 2202 4794 spiritus,

493 4811 646 4883 quod
675 4817 762 4868 est
796 4809 1037 4869 verbum
1077 4809 1180 4869 Dei
1208 4811 1424 4884 (Ephes.
1470 4811 1570 4880 VI).
1628 4808 1738 4867 Hic
1766 4815 1948 4883 potest
1987 4808 2205 4867 tradere

506 4897 733 4958 Satanas
757 4899 816 4957 in
846 4899 1144 4958 interitum
1170 4901 1362 4959 carnis
1387 4903 1439 4970 (Ι
1467 4901 1584 4957 Cor.
1623 4906 1704 4968 V).

568 5024 846 5095 Quintum
877 5031 962 5084 est
1004 5026 1266 5085 inunctio
1301 5027 1469 5100 regis.
1526 5025 1810 5086 Sublimis
1843 5027 1951 5084 ista
1981 5025 2209 5084 delibu-

506 5114 604 5184 tio,
649 5113 790 5186 quia
848 5112 1157 5172 sublimem
1215 5113 1390 5172 efﬁcit
1439 5120 1792 5188 potestatem.
1851 5114 1992 5172 Cum
2048 5113 2205 5171 enim

512 5209 688 5262 tantae
727 5201 1044 5262 nobilitatis
1089 5203 1344 5278 sanguis,
1388 5203 1480 5262 vel
1520 5220 1748 5279 genere,
1797 5205 1886 5263 vel
1923 5203 2208 5262 electione

520 5299 888 5352 consecratur
933 5291 993 5348 in
1046 5307 1260 5364 regem,
1307 5291 1508 5365 religio
1548 5308 1682 5353 cum
1731 5291 2030 5351 nobilitate
2075 5289 2220 5349 totis

536 5382 698 5454 regni
752 5381 978 5440 viribus
1031 5387 1400 5440 convocatur.
1459 5382 1622 5441 Astat
1675 5382 1812 5440 hinc
1863 5381 2223 5456 primatum,

538 5471 1112 5544 metropolitanorum
1151 5475 1208 5527 et
1240 5470 1633 5544 episcoporum
1678 5470 1924 5546 gloriosa
1952 5469 2225 5540 societas,

2283 1730 2444 1795 XLV).
2490 1725 2798 1782 Przefertur
2826 1732 2882 1782 et
2927 1723 3158 1798 gladius
3189 1723 3246 1781 in
3291 1723 3474 1782 oculis
3513 1723 3658 1796 ejus,
3689 1729 3757 1782 ut
3789 1739 3998 1796 cogno-

2283 1820 2398 1872 scat
2429 1814 2566 1887 quia
2601 1811 2816 1870 vindex
2849 1820 2934 1870 est
2969 1812 3073 1870 ira:
3102 1812 3224 1882 Dei,
3256 1812 3314 1870 in
3355 1812 3462 1870 hoc
3490 1812 3678 1885 ipsum
3711 1812 3996 1870 constitu-

2285 1911 2393 1962 tus.
2449 1901 2648 1960 Tantis
2686 1901 2862 1973 igitur
2900 1917 2964 1958 ac
3000 1899 3209 1958 talibus
3249 1901 3536 1974 mysteriis
3574 1900 3857 1967 initiatus,
3901 1915 3996 1957 re-

2286 1998 2542 2068 portatur
2574 1991 2642 2048 ad
2686 1990 2984 2064 palatium,
3025 2005 3059 2047 a
3101 1989 3193 2047 die
3239 1989 3337 2047 illa
3374 2001 3424 2048 et
3472 1989 3741 2062 deinceps
3782 1991 3999 2047 timen-

2284 2081 2395 2137 dus
2447 2078 2659 2151 pariter
2697 2085 2752 2135 et
2804 2076 3107 2135 amandus.
3158 2077 3323 2135 Felix
3371 2086 3584 2148 autem,
3635 2078 3682 2136 si
3734 2077 3997 2150 gladium

2287 2168 2447 2242 regni
2496 2183 2630 2226 cum
2675 2166 2866 2240 gladio
2899 2167 3107 2238 jungat
3148 2165 3468 2235 sacerdotii,
3523 2171 3586 2224 ut
3631 2166 3864 2240 gladius
3903 2182 3999 2224 sa-

2285 2259 2529 2318 cerdotis
2581 2259 2802 2329 mitiget
2842 2257 3098 2330 gladium
3139 2257 3309 2329 regis,
3349 2264 3403 2314 et
3430 2256 3657 2331 gladius
3693 2257 3845 2330 regis
3871 2255 3998 2331 gla-

2287 2349 2448 2407 dium
2513 2354 2682 2406 acuat
2746 2346 3072 2404 sacerdotis.
3130 2345 3229 2404 Isti
3287 2354 3421 2404 sunt
3471 2346 3586 2404 duo
3636 2345 3871 2419 gladii,
3927 2347 3999 2404 de
4044 2380 4049 2386 -

2285 2436 2500 2510 quibus
2529 2437 2588 2492 in
2616 2435 2842 2492 Domini
2873 2435 3140 2508 passione
3166 2432 3377 2507 legitur
3407 2452 3419 2491 :
3457 2457 3480 2482 α
3507 2434 3646 2491 Ecce
3673 2432 3856 2504 gladii
3881 2432 3999 2492 duo

2287 2525 2409 2594 hic;
2444 2533 2498 2580 et
2533 2521 2914 2596 respondetur
2943 2539 2976 2580 a
3007 2521 3254 2579 Domino
3291 2545 3302 2578 :
3338 2520 3560 2579 Sufficit
3589 2525 3737 2591 (Luc.
3773 2528 3938 2589 XXI).
3972 2547 3992 2569 -

2287 2614 2454 2672 Tunc
2487 2613 2645 2670 enim
2687 2627 2931 2683 regnum
2972 2611 3327 2683 provehitur,
3367 2609 3744 2668 sacerdotium
3788 2609 3997 2668 dilata-

2287 2710 2394 2774 tur,
2440 2703 2756 2760 honoratur
2789 2706 3123 2774 utrumque,
3163 2717 3296 2759 cum
3337 2717 3368 2758 a
3402 2700 3648 2758 Domino
3679 2707 4002 2774 praetaxata

2285 2793 2437 2852 felici
2472 2791 2963 2851 confoederatione
2989 2792 3335 2864 junguntur.

2360 2884 2602 2943 Sextum
2668 2889 2751 2939 est
2808 2889 3234 2939 sacramentum
3287 2879 3656 2938 dedicationis
3711 2879 3996 2938 ecclesiis.

2291 2973 2410 3031 Dici
2454 2972 2553 3029 vix
2596 2976 2779 3044 potest
2823 2977 3038 3046 quanta
3087 2971 3160 3028 sit
3199 2971 3260 3027 in
3303 2971 3409 3028 hoc
3457 2969 3574 3026 loco
3617 2978 4003 3028 sacramento—

2289 3078 2416 3120 rum
2469 3061 2712 3118 varietas
2761 3066 2816 3118 et
2877 3059 3309 3119 institutionum
3357 3059 3674 3118 alternatio.
3731 3059 4000 3118 Primum

2287 3151 2443 3209 enim
2502 3149 2743 3208 ecclesia
2798 3150 2960 3207 intus
3027 3156 3082 3206 et
3138 3149 3351 3208 deforis
3403 3149 3743 3218 dealbatur,
3800 3164 4001 3208 cruces

2287 3240 2590 3300 duodecim
2633 3240 2693 3296 in
2739 3239 3018 3299 interiore
3058 3240 3303 3298 circuitu
3341 3240 3598 3298 ecclesia:
3642 3241 3998 3312 imprimun-

2289 3338 2401 3402 tur,
2457 3328 2608 3388 cerei
2661 3327 2890 3387 totidem
2938 3329 3354 3399 accenduntur,
3411 3329 3762 3389 emundatur
3814 3329 3998 3388 eccle-

2283 3422 2386 3493 sia,
2439 3419 2699 3494 pontifex
2754 3419 3054 3477 ecclesiam
3103 3420 3359 3478 exterius
3411 3421 3614 3478 circuit
3661 3435 3795 3477 cum
3846 3433 3999 3492 aqua

2282 3509 2598 3576 benedicta,
2654 3515 2708 3565 et
2764 3507 2824 3564 in
2881 3507 3317 3580 superliminari
3381 3517 3561 3582 porta:
3615 3508 3779 3565 tertio
3832 3507 3999 3580 virga

2282 3600 2550 3675 pastorali
2582 3601 2933 3672 percutiens,
2968 3599 3104 3657 dicit
3138 3619 3150 3657 :
3195 3623 3215 3651 ι
3252 3598 3510 3657 Attollite
3541 3605 3727 3672 portas
3754 3604 3996 3664 vestras,

2283 3697 2338 3747 et
2391 3687 2748 3755 elevamini,
2816 3696 2998 3761 portas
3049 3687 3370 3756 zeternales,
3429 3694 3485 3744 et
3554 3685 3816 3744 introibit
3871 3684 3996 3742 Rex

2282 3777 2509 3850 gloriae;
2535 3798 2560 3828 »
2596 3775 2711 3832 illis
2745 3776 2977 3834 deintus
2996 3775 3507 3849 respondentibus:
3547 3800 3572 3823 α
3606 3774 3749 3843 Quis
3776 3782 3859 3832 est
3894 3775 3998 3830 iste

2283 3867 2408 3924 Rex
2431 3865 2669 3939 glorias?
2687 3889 2712 3916 ιι
2739 3868 2902 3936 (Psal.
2927 3869 3121 3938 XXllI.)
3142 3865 3305 3924 Tunc
3325 3865 3830 3938 benedicitaquam
3855 3863 3996 3930 sale,

2285 3955 2495 4024 cinere,
2530 3954 2667 4011 vino
2695 3954 3059 4028 hyssopoque
3092 3969 3474 4028 conspersam,
3516 3953 3886 4026 alphabetum
3925 3967 3997 4010 ex

2285 4049 2609 4100 transverso
2669 4043 3068 4116 quadrangula
3127 4043 3345 4101 ratione
3408 4041 3763 4107 conscribit,
3819 4039 3999 4099 altare.

2285 4135 2492 4204 septies
2527 4147 2600 4188 ex
2649 4133 2850 4188 eadem
2901 4147 3056 4205 aqua
3094 4133 3388 4205 respergit,
3425 4147 3626 4190 cruces
3661 4129 3993 4196 chrismate,

2285 4221 2461 4277 altare
2493 4235 2626 4277 vero
2663 4220 2907 4278 mistura
2944 4221 3295 4290 chrismatis,
3339 4221 3566 4294 oleique
3599 4218 3894 4294 perungit,
3926 4217 3996 4274 ad

2285 4317 2530 4384 quatuor
2584 4310 2780 4367 altaris
2840 4325 3055 4368 cornua
3113 4310 3419 4369 incensum
3492 4309 3764 4380 incendit,
3819 4308 3999 4366 altare

2791 4398 3185 4456 velaminibus
3250 4399 3452 4472 cperit,
3507 4398 3734 4472 aliaque
3793 4396 3997 4463 multa,

2286 4505 2418 4564 quae
2459 4487 2744 4546 sermonis
2789 4487 3042 4545 brevitas
3087 4504 3198 4545 non
3238 4487 3520 4560 permittit
3557 4487 3826 4544 inserere.
3870 4483 4003 4542 Post

2286 4580 2411 4636 haec
2448 4577 2608 4636 omni
2643 4576 3132 4636 vestimentorum
3164 4578 3346 4651 gloria
3383 4578 3714 4636 cumulatus
3741 4576 4001 4649 ingredi-

2289 4674 2380 4724 tur
2428 4663 2500 4721 ad
2556 4663 2753 4734 altare,
2823 4665 3176 4724 sacriﬁcium
3234 4669 3526 4740 singulare
3583 4667 3998 4726 celebraturus.

2288 4761 2342 4811 et
2381 4752 2461 4809 sic
2498 4751 2938 4810 sanctilicationi
2982 4754 3158 4813 ﬁnem
3208 4756 3606 4829 impositurus.
3641 4755 3783 4825 Quis
3824 4755 4001 4827 hujus

2289 4841 2479 4916 abyssi
2532 4841 2838 4913 caliginem
2901 4846 3184 4903 sermonis
3233 4846 3488 4904 claritate
3539 4846 3716 4920 possit
3771 4845 4000 4903 illumi-

2293 4935 2462 4992 nare?
2503 4933 2914 5005 Attigissemus
2973 4943 3160 4993 tamen
3213 4937 3825 5009 quantulumcunque,
3888 4934 4001 4990 nisi

2291 5023 2501 5081 nostris
2562 5023 2923 5094 temporibus
2982 5024 3246 5097 quidam,
3309 5025 3408 5098 qui
3465 5025 3800 5083 Carnotensi
3853 5037 4008 5095 prae-

2294 5113 2438 5170 sedit
2505 5110 2800 5180 ecclesia,
2858 5112 3234 5172 vivacissimo
3287 5115 3497 5173 mentis
3551 5115 3681 5187 igne
3755 5113 4011 5172 lucidius

2299 5201 2495 5260 omnia
2559 5200 2928 5260 declarasset.
2991 5202 3081 5259 Ad
3143 5202 3311 5261 illum
3371 5203 3548 5276 igitur
3602 5202 4008 5277 plenissimum

2307 5293 2520 5348 lontem
2558 5289 2855 5348 sitientem
2880 5289 3186 5362 mittimus,
3218 5291 3318 5349 ubi
3347 5291 3742 5364 plenissimam
3781 5290 4014 5349 hauriat

2318 5377 2637 5437 veritatem.
2692 5376 3017 5438 Notandum
3062 5386 3250 5438 tamen
3305 5379 3443 5453 quia
3489 5379 3868 5454 prmeedentia
3919 5393 4014 5437 sa-

2320 5472 2611 5526 cramenta
2664 5465 2792 5524 sine
2853 5465 3072 5525 visibili
3127 5468 3402 5527 unctione
3463 5483 3578 5527 non
3623 5465 3820 5539 ﬁunt,
3877 5482 4018 5528 cum
