4118 6452
237 266 349 327 901

1764 263 2010 323 SERMO
2050 264 2252 323 LXIX.

3647 268 3755 331 902
3786 264 3787 271 ,

219 393 661 466 subsequentia
716 389 863 449 nihil
914 390 1247 463 hujusmodi
1286 391 1491 449 merito
1538 391 1831 449 continere
1879 388 2370 464 le-Aspiritibus,
2425 394 2484 451 in
2534 394 2768 453 divitias
2819 396 3022 469 gloriae
3069 397 3528 473 contemplativis
3576 400 3762 459 oculis

218 493 471 558 gantur.
1296 542 1303 549 .

227 587 232 591 '
305 574 635 649 Septimum
681 577 767 631 est
813 581 1238 633 sacramentum
1277 576 1673 634 confessionis.
1715 574 1952 633 Confes-

222 664 423 724 sionis
461 663 683 721 bonum
733 668 1038 734 quantum,
1079 662 1167 719 vel
1218 663 1388 736 quale
1432 664 1525 732 sit,
1559 678 1675 721 non
1723 669 1807 720 est
1859 678 1956 720 no-

228 761 375 812 stra
433 752 727 811 tenuitatis
771 750 1046 810 laudibus
1097 751 1473 823 eﬁ‘erendum,
1505 767 1641 811 cum
1683 752 1956 825 praclara

245 840 496 899 Patrum
522 838 757 913 ingenia
784 838 990 897 multis
1012 855 1140 897 eam
1170 840 1542 913 insignierint
1572 840 1949 900 documentis.

245 930 393 990 Haec
420 937 506 988 est
528 929 620 987 via
642 929 973 988 communis
1001 930 1072 987 ad
1092 929 1298 1000 Deum,
1313 931 1440 989 fons
1456 937 1571 988 tam
1588 931 1759 1003 justis
1778 945 1954 1005 quam

242 1018 647 1093 peccatoribus
710 1025 931 1091 patens,
986 1018 1089 1090 qui
1160 1018 1480 1076 criminum
1540 1018 1956 1077 abundantiam

242 1107 659 1168 abundantiori
679 1107 906 1182 liquore
919 1107 1180 1181 detergit.
1204 1108 1457 1166 Primam
1475 1108 1661 1166 reddit
1683 1108 1962 1167 innocen-

247 1196 352 1255 tia
401 1196 628 1266 stolam,
663 1201 718 1254 et
762 1194 1073 1269 fugitivum
1125 1195 1316 1254 ﬁlium
1356 1196 1418 1254 in
1456 1203 1720 1270 paternos
1746 1196 1966 1256 reducit

245 1283 564 1358 amplexus
617 1286 772 1352 (Luc.
823 1287 951 1353 XV).
991 1283 1080 1341 Ex
1129 1283 1238 1342 hoc
1284 1284 1440 1342 fonte
1485 1283 1679 1343 felices
1721 1282 1963 1357 apostoli

246 1374 528 1446 lacryma
574 1371 1002 1446 proﬂuxerunt;
1061 1371 1122 1429 in
1180 1373 1290 1430 hoc
1338 1372 1664 1445 peccatricis
1729 1371 1964 1429 femina

247 1460 545 1518 damonia
576 1465 714 1518 sunt
737 1459 1039 1517 submersa
1068 1463 1219 1527 (Luc.
1251 1466 1384 1532 v11);
1409 1477 1509 1533 per
1532 1461 1692 1519 hunc
1713 1459 1958 1529 adulter,

248 1554 311 1607 et
377 1546 663 1605 homicida
718 1545 901 1605 David
953 1551 1031 1615 (Π
1076 1551 1211 1618 Reg.
1258 1552 1345 1616 XI)
1400 1547 1604 1620 spiritu
1656 1546 1962 1621 principali

250 1637 468 1712 legitur
495 1636 873 1694 conﬁrmatus
897 1639 1068 1705 (Psal.
1099 1640 1198 1709 L);
1239 1636 1300 1695 in
1341 1636 1448 1694 hoc
1485 1636 1627 1694 felix
1653 1636 1751 1694 ille
1791 1635 1963 1696 volu-

2039 483 2368 556 rapiuntur,
2399 492 2455 542 et
2504 484 2566 541 in
2608 501 2781 545 carne
2818 488 3008 546 carnis
3059 488 3223 547 obliti
3277 493 3541 547 naturam
3586 504 3752 547 suam

2036 570 2324 630 indefessa
2355 572 2725 634 meditatione
2764 575 3020 648 fatigant.

2107 658 2493 720 Undecimum
2514 670 2597 721 est
2624 663 3173 722 sanctimonialium.
3189 662 3320 722 Ista
3341 680 3542 723 sexum
3561 671 3617 723 et
3644 679 3761 724 sa-

2037 749 2238 807 culum
2249 766 2398 809 ausu
2420 751 2695 811 validiore
2717 752 3031 825 vincentes,
3062 752 3426 827 spectabilem
3447 752 3749 813 victoriam

2035 838 2110 896 ab
2170 841 2350 899 hostis
2399 842 2625 915 antiqui
2688 842 2908 901 feritate
2959 848 3266 918 reportant.
3320 842 3583 904 Gloriosa
3636 859 3747 915 res,

2039 928 2139 987 ubi
2199 936 2390 988 tenera
2443 931 2703 990 membra
2757 931 3004 1005 longiori
3048 931 3330 1006 martyrio
3379 932 3754 1006 confringan-

2039 1019 2154 1085 tur,
2186 1022 2242 1074 et
2268 1016 2430 1075 illius
2451 1024 2733 1077 enervant
2755 1018 3154 1078 fortitudinem
3183 1019 3284 1094 qui
3307 1018 3750 1078 similitudinem

2047 1102 2335 1161 Altissimi
2385 1104 2734 1178 concupivit.
2761 1106 2849 1164 Ad
2898 1106 3077 1181 hujus
3114 1105 3502 1180 spectaculum
3543 1121 3754 1181 pugna

2047 1189 2158 1248 cito
2194 1191 2552 1251 convertitur
2587 1193 2690 1251 ille
2736 1194 3063 1253 misericors
3098 1195 3367 1266 intuitus,
3403 1200 3458 1253 et
3512 1193 3610 1252 tali
3652 1208 3755 1268 po-

2050 1279 2343 1339 tissimum
2375 1281 2613 1341 victoria
2641 1282 2971 1341 delectatur.

2118 1369 2536 1430 Duodecimum
2592 1377 2678 1430 est
2731 1371 3063 1445 nuptiarum
3128 1376 3569 1430 sacramentum.
3631 1370 3756 1430 Hoc

2048 1473 2325 1532 magnum
2354 1467 2458 1527 est,
2485 1459 2565 1517 ait
2592 1458 2900 1533 Apostolus
2927 1461 3148 1532 (Ephes.
3175 1463 3264 1530 V);
3293 1465 3348 1518 et
3379 1458 3663 1519 Dominus
3688 1460 3752 1518 in

2047 1547 2363 1622 Evangelio
2399 1567 2411 1605 :
2452 1571 2479 1598 «
2514 1547 2752 1621 Propter
2780 1549 2890 1605 hoc
2932 1546 3222 1622 relinquet
3253 1549 3429 1607 homo
3458 1555 3676 1621 patrem
3699 1556 3756 1606 et

2048 1642 2308 1707 matrem,
2351 1642 2405 1694 et
2453 1636 2772 1696 adharebit
2814 1636 2986 1694 uxori
3040 1650 3184 1707 sua,
3224 1644 3279 1694 et
3326 1645 3497 1697 erunt
3531 1636 3646 1696 duo
3690 1635 3754 1693 in

248 1735 403 1785 tatus
439 1732 525 1784 est
559 1724 723 1797 latro,
753 1722 899 1780 376
938 1725 1039 1798 qui
1077 1726 1239 1785 brevi
1274 1734 1442 1799 ponte
1476 1726 1664 1784 crucis
1710 1726 1779 1783 de
1816 1726 2215 1803 pati-Bearne
2260 1739 2377 1785 una
2425 1723 2614 1795 (Marc.
2665 1726 2743 1797 X).
2794 1748 2821 1774 υ
2876 1720 3025 1792 Quid
3098 1725 3257 1782 enim
3313 1724 3496 1798 magis
3565 1738 3755 1782 unum

246 1814 390 1874 bulo
415 1814 485 1873 ad
508 1829 775 1889 regnum,
792 1814 863 1873 de
892 1814 1172 1888 supplicio
1199 1814 1259 1872 in
1286 1814 1611 1888 paradisum
1644 1813 1953 1872 translatus

241 1910 334 1963 est
391 1907 533 1976 (Luc.
582 1906 773 1975 XXIII),
823 1912 1255 1963 consummatus
1319 1903 1380 1961 in
1452 1903 1637 1975 brevi,
1695 1901 1954 1976 explevit

239 2003 501 2070 tempora
531 1995 712 2054 multa
743 1996 894 2066 (Sap.
925 1994 1023 2066 1v).

310 2086 377 2144 In
426 2087 534 2144 hac
575 2085 788 2144 virtute
824 2083 1072 2158 caligant
1106 2082 1258 2142 oculi
1296 2083 1703 2157 plurimorum,
1734 2083 1835 2157 qui
1866 2083 1958 2141 vel

236 2174 587 2233 discretione
636 2172 896 2247 privati,
956 2174 1043 2231 vel
1104 2172 1491 2230 assentatione
1543 2172 1803 2243 seducti,
1862 2177 1963 2231 aut

242 2262 516 2321 nesciunt
566 2262 706 2338 quid
766 2262 1099 2336 injungant,
1154 2261 1266 2330 vel,
1316 2260 1365 2319 si
1413 2261 1623 2329 sciunt,
1681 2261 1961 2333 privatam

239 2351 487 2425 gratiam
535 2351 855 2424 praierunt
890 2349 1143 2407 veritati.
1178 2347 1393 2408 Verum
1439 2364 1556 2407 non
1604 2349 1963 2423 suscepimus

249 2439 344 2498 bii:
394 2440 617 2512 aperire
664 2437 804 2512 quid
881 2437 1204 2496 sentiamus
1264 2452 1340 2495 ex
1399 2452 1485 2507 ea,
1541 2436 1641 2495 sed
1707 2436 1961 2495 sermoni

247 2527 480 2602 proprio
528 2528 932 2601 proprietatem
981 2525 1157 2584 illius
1185 2541 1566 2584 reservamus.
1600 2525 1722 2584 Hoc
1768 2534 1962 2585 tamen

250 2615 448 2674 lectori
490 2615 793 2674 tadiosum
846 2630 961 2674 non
1007 2614 1083 2676 sit
1126 2614 1474 2688 intelligere,
1506 2615 1647 2689 quia
1684 2616 1966 2675 conﬁtens

247 2703 460 2776 pastori
502 2719 626 2774 suo,
686 2703 996 2778 puritatem
1051 2703 1259 2774 cordis,
1314 2704 1612 2761 veritatem
1650 2703 1785 2774 oris,
1843 2719 1965 2762 ma-

244 2793 596 2852 cerationem
646 2794 838 2852 carnis
904 2792 1105 2852 debeat
1164 2792 1460 2852 exhibere.
1519 2792 1624 2851 Ille
1682 2809 1817 2852 vero
1867 2793 1960 2852 cui

239 2883 575 2956 conﬁtetur,
635 2884 1036 2959 paenitentiam
1095 2882 1357 2955 dignam,
1410 2882 1728 2941 orationem
1777 2882 1961 2943 conti-

240 2988 450 3045 nuam,
482 2974 931 3032 taciturnitatem
972 2981 1305 3046 perpetuam
1338 2970 1634 3031 confitenti
1663 2987 1768 3032 suo
1802 2976 1966 3031 curet

237 3062 666 3122 administrare.

315 3155 593 3214 Octavum
608 3159 694 3213 est
715 3152 1130 3212 canonicorum
1148 3152 1306 3226 (120).
1326 3151 1425 3211 Isti
1441 3152 1651 3211 suntin
1680 3150 1955 3210 Ecclesia

242 3244 390 3302 solio
416 3242 742 3315 sublimati,
774 3242 876 3317 qui
914 3241 977 3299 in
1009 3241 1320 3315 episcopali
1357 3240 1487 3299 sede
1520 3247 1673 3299 veste
1707 3237 1956 3297 candida

241 3332 618 3405 refulgentes,
678 3330 1069 3389 innocentiam
1136 3329 1400 3389 cordium
1460 3329 1649 3389 colore
1706 3327 1953 3386 vestium

244 3422 674 3496 repromittunt.
712 3421 759 3479 Ii
781 3421 851 3479 de
880 3421 1202 3490 communi,
1232 3427 1289 3478 et
1316 3424 1379 3477 in
1409 3435 1718 3478 commune
1744 3419 1954 3477 viven—

240 3517 345 3580 tes,
411 3510 503 3569 vel
560 3510 752 3569 vivere
797 3508 1072 3568 debentes
1116 3514 1386 3582 perpetua
1408 3552 1421 3578 ,
1467 3508 1516 3565 si
1573 3507 1953 3581 peccaverint,

244 3605 383 3658 sunt
436 3594 775 3671 poenitentia
827 3597 1178 3672 castigandi;
1236 3595 1466 3655 habitus
1529 3596 1684 3653 enim
1749 3610 1955 3663 eorum

245 3702 360 3745 non
421 3686 798 3760 pmnitentia,
849 3685 945 3744 sed
994 3685 1341 3744 innocentia
1403 3700 1525 3743 esse
1582 3690 1957 3742 monstratur.

248 3775 493 3834 Videant
545 3776 656 3849 ipsi
708 3775 879 3833 amici
939 3774 1147 3848 Sponsi
1203 3773 1344 3849 quid
1400 3775 1779 3848 respondeant
1826 3778 1958 3832 ante

245 3866 450 3926 faciem
479 3865 707 3940 Sponsi,
739 3866 841 3940 qui
870 3865 1092 3940 judicat
1124 3864 1320 3922 orbem
1372 3870 1539 3921 terra
1563 3863 1621 3920 in
1656 3863 1952 3936 aquitate,

240 3971 373 4015 cum
405 3955 476 4014 de
503 3970 711 4029 sponsa
750 3954 986 4029 caperit
1029 3954 1262 4026 exigere
1309 3953 1614 4011 rationem.
1667 3951 1952 4010 Nolumus

242 4043 446 4102 invehi
473 4060 645 4117 super
671 4043 824 4113 illos,
857 4042 955 4100 sed
985 4043 1094 4100 hoc
1124 4042 1314 4099 solum
1340 4046 1598 4108 caveant,
1632 4056 1705 4096 ne
1746 4038 1817 4096 de
1847 4054 1950 4112 pa-

243 4131 517 4190 trimonio
566 4130 844 4189 Uruciﬁxi
898 4130 1237 4188 lautioribus
1301 4128 1489 4202 epulis
1535 4126 1950 4198 infundantur,

244 4220 333 4278 vel
391 4220 748 4279 vestimentis
789 4225 1070 4278 ornentur
1110 4216 1499 4287 nitidioribus,
1546 4231 1617 4273 ne
1652 4214 1892 4273 audiant
1920 4229 1956 4272 a

243 4311 560 4385 propheta:
599 4333 620 4362 ι
678 4310 802 4369 Non
849 4306 1343 4384 compatiebantur
1378 4320 1554 4379 super
1591 4305 1951 4385 contritione

247 4399 453 4473 Ioseph
481 4401 684 4470 (Amos.
719 4400 814 4469 VI).
848 4423 872 4450 π

315 4490 544 4550 Nonum
571 4498 656 4549 est
678 4491 1116 4549 monachorum.
1159 4490 1233 4548 Hi
1270 4494 1408 4549 sunt
1436 4487 1537 4564 qui
1566 4502 1597 4544 a
1633 4485 1948 4544 forensium

247 4595 548 4638 causarum
600 4579 948 4639 tumultibus
990 4579 1239 4653 elongati
1287 4574 1707 4653 ludiﬁcatorius
1754 4574 1955 4632 incan-

247 4669 485 4729 tationes
523 4670 854 4729 damonum
908 4671 1187 4742 patienter
1229 4668 1491 4728 eludunt.
1532 4667 1594 4725 In
1639 4665 1954 4740 Scripturis

243 4757 493 4830 assidui,
540 4758 599 4815 in
653 4758 981 4818 obedientia
1030 4758 1329 4832 pracipui,
1398 4755 1601 4815 fervidi
1647 4754 1946 4819 cliaritate,

240 4847 421 4906 beata
486 4848 650 4906 urbis
711 4847 923 4923 gaudia
991 4865 1023 4905 e
1100 4848 1389 4907 vestibulo
1460 4846 1950 4919 contemplantur.

241 4934 719 5010 Circumspiciant
781 4943 968 4994 tamen
1035 4935 1388 5007 semetipsos,
1450 4950 1521 4992 ne
1580 4935 1643 4991 in
1705 4932 1953 5008 amplio-

242 5022 318 5081 ris
365 5039 614 5096 corona,
652 5023 745 5082 vel
798 5023 1037 5082 laxioris
1083 5021 1451 5081 calceamenti
1506 5021 1725 5082 vilitate
1773 5022 1954 5082 confi-

238 5110 391 5184 dant,
443 5129 579 5171 cum
630 5113 803 5171 homo
858 5112 1047 5170 videat
1102 5112 1161 5169 in
1196 5109 1362 5180 facie,
1400 5110 1558 5170 Deus
1618 5118 1815 5169 autem
1892 5111 1951 5170 in

240 5201 423 5260 corde.

307 5289 608 5349 Decimum
650 5299 735 5350 est
779 5290 1173 5361 eremitarum,
1209 5289 1314 5365 qui
1344 5305 1444 5363 per
1481 5304 1756 5350 cavernas
1783 5306 1952 5351 mon-

245 5377 387 5438 tium
430 5385 487 5437 et
522 5377 784 5439 vallium
824 5394 1072 5439 concava
1113 5377 1414 5449 latitantes,
1444 5378 1718 5450 angelicis
1757 5380 1953 5440 sociati

1975 3103 2022 3165 Ο

2040 1828 2216 1886 quam
2264 1812 2372 1884 illi,
2422 1813 2640 1888 quibus
2680 1820 2766 1872 est
2807 1829 2923 1873 una
2970 1829 3120 1885 caro,
3168 1829 3289 1873 una
3327 1828 3545 1886 mensa,
3594 1828 3753 1872 unus

2037 1906 2214 1970 torus,
2253 1900 2564 1960 hareditas
2590 1900 2759 1961 una?
2793 1923 2821 1955 α
2853 1900 3203 1961 Honorabile
3229 1901 3585 1975 conjugium,
3612 1900 3755 1959 dicit

2050 1986 2159 2046 Vas
2197 1988 2520 2062 electionis,
2548 1996 2708 2049 torus
2740 1989 3146 2049 immaculatus
3179 1991 3358 2061 (Hebr.
3392 1989 3533 2063 XIII).
3564 2013 3586 2037 ι
3633 1989 3757 2047 Hoc

2042 2078 2426 2137 destruantur
2456 2078 2780 2137 incestuosa
2811 2077 3094 2153 conjugia,
3127 2084 3184 2137 et
3218 2077 3609 2152 legitimorum
3628 2077 3753 2136 ha-

2045 2167 2249 2226 redum
2274 2165 2449 2240 digna
2482 2168 2782 2241 progenies
2810 2174 3174 2241 propagatur.
3205 2165 3345 2225 Hac
3372 2171 3508 2225 sunt
3544 2166 3756 2227 duode-

2043 2257 2156 2315 cim
2193 2263 2569 2329 sacramenta,
2603 2254 2750 2313 377
2780 2271 2911 2330 qua
2940 2256 3068 2328 (nisi
3101 2257 3418 2331 fallor)illa
3449 2256 3751 2316 duodecim

2046 2340 2627 2422 cruces’signiﬁcant,
2656 2364 2800 2423 quas
2826 2349 2885 2406 in
2917 2347 3161 2407 circuitu
3198 2347 3455 2406 ecclesia
3488 2348 3757 2406 videmus

2047 2440 2375 2513 impressas.
2429 2438 2538 2499 Sed
2582 2441 2704 2514 jam
2741 2438 3117 2499 dimittendus
3163 2445 3248 2498 est
3287 2438 3485 2514 stylus,
3519 2437 3657 2513 quia
3700 2444 3756 2496 et

2047 2528 2270 2603 ingenii
2316 2537 2643 2603 paupertas,
2705 2534 2759 2586 et
2803 2528 3112 2586 inﬁrmitas
3148 2529 3356 2598 carnis,
3409 2540 3543 2602 qua
3591 2524 3758 2584 solito

2047 2617 2256 2676 durius
2300 2616 2628 2687 inundavit,
2660 2622 2859 2675 vetant
2902 2632 2995 2674 me
3022 2615 3244 2689 aliquid
3269 2614 3501 2687 longius
3530 2613 3756 2689 scripti-

2049 2715 2188 2767 tare.
2241 2706 2305 2766 Si
2362 2706 2666 2765 convalerc
2721 2713 2976 2779 potuero,
3026 2720 3312 2780 exsequar
3365 2705 3520 2780 quod
3584 2704 3752 2778 capi,

2044 2798 2116 2858 ad
2177 2798 2457 2857 honorem
2504 2797 2667 2856 illius
2714 2797 2814 2871 qui
2871 2803 2957 2855 est
3008 2796 3341 2857 benedictus
3400 2798 3461 2856 in
3516 2796 3751 2855 sacula.

2044 2893 2251 2949 Amen.

2730 3082 3068 3144 SCHOLIA.

2114 3175 2408 3229 Duodecim
2478 3178 2829 3229 sacramenta
2893 3179 3020 3228 sunt
3069 3177 3132 3229 in
3205 3175 3461 3229 Ecclesia.
3542 3175 3749 3230 Constat

2044 3251 2366 3301 sacramenti
2418 3260 2612 3300 vocem
2662 3247 2970 3309 ambiguam
3021 3259 3181 3307 esse,
3239 3251 3408 3314 atque
3450 3259 3518 3300 ex
3584 3246 3755 3311 prima

2044 3319 2395 3382 impositione
2455 3330 2565 3370 non
2629 3316 2942 3380 signiﬁcare
3002 3320 3205 3370 tantum
3264 3330 3479 3371 sacrum
3537 3319 3754 3382 signum

2051 3389 2439 3441 sanctiﬁcantis
2464 3389 2665 3451 gratiae,
2694 3392 2753 3439 ut
2784 3399 2817 3438 a
2850 3386 3120 3452 theologis
3142 3389 3547 3442 accommodata
3569 3390 3651 3441 est
3684 3388 3750 3441 ad

2047 3459 2410 3523 signiﬁcanda
2431 3459 2651 3524 propria
2683 3462 3054 3519 sacramenta;
3078 3459 3380 3524 prasertim
3413 3470 3564 3511 nova
3592 3460 3749 3524 legis,

2050 3542 2171 3595 qua
2212 3533 2415 3582 tantum
2446 3534 2570 3581 sunt
2611 3532 2844 3594 septem;
2882 3529 2979 3582 sed
3013 3542 3084 3584 ex
3133 3542 3195 3583 se
3228 3529 3389 3582 latius
3423 3530 3647 3583 extendi
3678 3530 3748 3582 ad

2053 3600 2471 3666 signiﬁcandum
2514 3600 2791 3665 quodlibet
2823 3600 3061 3653 abditum
3082 3600 3418 3666 mysterium,
3449 3600 3752 3664 praesertim

2049 3672 2204 3732 illud,
2236 3673 2398 3737 quod,
2435 3684 2558 3724 cum
2590 3672 2872 3735 spirituale
2900 3674 2987 3733 sit,
3022 3672 3123 3725 sub
3172 3672 3442 3725 velamine
3469 3671 3750 3735 signorum

2049 3743 2366 3797 sensibilius
2399 3744 2543 3795 latet.
2579 3744 2638 3795 in
2669 3742 2774 3796 hoc
2808 3756 2940 3807 ergo
2978 3754 3143 3796 sensu
3167 3744 3269 3795 hoc
3290 3743 3411 3794 loco
3432 3746 3646 3807 sumpta
3667 3749 3753 3795 est

2049 3829 2155 3869 vox
2187 3814 2297 3875 illa,
2328 3810 2706 3872 Sacramenta,
2741 3819 2798 3866 ut
2827 3819 3053 3876 constat,
3087 3818 3202 3867 tum
3235 3827 3304 3867 ex
3337 3815 3470 3866 tanti
3506 3813 3746 3865 Doctoria

2047 3887 2353 3941 eruditione
2377 3890 2431 3939 et
2462 3886 2585 3946 ﬁde,
2610 3888 2699 3951 qui
2724 3897 2833 3938 non
2866 3885 3144 3949 ignorabat
3165 3887 3371 3950 septem
3395 3888 3602 3937 tantum
3619 3895 3742 3936 esse

2014 3971 2203 4011 nova
2244 3956 2383 4022 legis
2434 3956 2653 4020 propria
2701 3960 3065 4017 sacramenta;
3112 3961 3228 4009 tum
3265 3956 3389 4020 quia
3423 3955 3583 4021 paulo
3621 3958 3745 4007 ante

2048 4031 2259 4083 dixerat
2292 4050 2304 4079 ε
2340 4050 2365 4074 α
2397 4029 2453 4080 in
2497 4028 2736 4082 Ecclesia
2779 4029 3001 4092 contegi
3034 4029 3387 4093 multiplicem
3429 4028 3748 4080 varietatem

2048 4102 2531 4154 sacramentorum.
2562 4119 2579 4143 ι
2628 4099 2737 4158 Quo
2783 4098 2952 4153 verbo
3001 4101 3272 4164 signiﬁcat
3318 4110 3380 4151 se
3432 4110 3543 4150 non
3594 4099 3744 4164 loqui

2050 4175 2256 4224 tantum
2308 4172 2377 4224 de
2430 4170 2652 4236 proprio
2716 4174 3180 4224 sacramentorum
3237 4180 3462 4236 genere,
3510 4169 3610 4222 sed
3679 4169 3748 4223 de

2051 4244 2196 4296 omni
2250 4243 2510 4295 varietate
2562 4244 2961 4306 mysteriorum,
3015 4243 3107 4295 vel
3157 4241 3600 4295 caeremoniarum
3661 4241 3749 4292 vl-

2054 4314 2287 4367 sihilium
2320 4354 2333 4377 ,
2400 4314 2595 4380 quibus
2653 4312 2892 4369 Ecclesia
2943 4319 3182 4368 ornatur.
3248 4312 3396 4375 Quod
3452 4315 3633 4365 autem
3691 4313 3748 4365 in

2065 4388 2168 4440 hac
2232 4387 2639 4438 enumeratione
2715 4385 3029 4438 tonnullam
3099 4385 3256 4439 affert
3316 4384 3699 4438 obscuritatem
3733 4424 3748 4444 ,

1982 4459 2034 4519 D
2072 4460 2245 4513 solum
2298 4462 2397 4518 est,
2452 4468 2610 4522 quam
2657 4458 2917 4510 rationem
2968 4458 3024 4509 in
3075 4458 3480 4525 revservaverit
3534 4455 3745 4506 Damia—

2039 4543 2162 4588 nus,
2206 4533 2264 4581 et
2302 4529 2608 4592 prasertim
2634 4540 2733 4580 cur
2773 4540 2842 4580 ex
2897 4537 3105 4593 septem
3148 4527 3404 4593 propriis.“
3430 4536 3745 4578 sacramen-

2037 4605 2108 4655 tis
2160 4612 2259 4653 sex
2311 4600 2730 4661 enumeraverit,
2776 4601 2980 4652 omisso
3022 4599 3306 4663 principali
3347 4607 3555 4656 eorum,
3603 4598 3744 4659 quoi

2040 4679 2125 4726 est
2183 4672 2595 4724 sacrosanctum
2636 4668 2978 4723 eucharistiae
3028 4669 3384 4733 mysterium:
3429 4678 3528 4720 cur
3578 4668 3744 4719 etiam

2039 4757 2111 4798 ex
2172 4742 2487 4806 impropriis
2541 4747 2596 4793 et
2654 4741 2762 4794 late
2818 4741 2973 4793 dictis
3032 4739 3384 4793 sacramentis
3418 4775 3434 4799 ,
3487 4750 3581 4790 sex
3641 4737 3744 4790 alia

2043 4813 2471 4874 enumeraverit,
2528 4825 2652 4866 cum
2702 4813 2863 4865 etiam
2914 4811 3121 4862 ratione
3174 4811 3290 4874 pari
3344 4812 3584 4874 potuerit
3632 4810 3741 4861 alia

2043 4884 2327 4952 complura
2376 4896 2684 4943 numerare,
2737 4887 2795 4935 ut
2848 4894 3102 4934 vasorum
3153 4892 3433 4933 sacrorum
3476 4883 3532 4934 et
3587 4880 3744 4933 vestio

2047 4961 2359 5010 mentorum
2411 4956 2838 5009 benedictionem
2872 4993 2886 5015 ,
2944 4957 3034 5004 aut
3098 4952 3561 5005 consecrationem
3584 4990 3597 5013 ,
3658 4963 3743 5005 sa-

2042 5028 2454 5082 cramentalium
2517 5027 2754 5081 omnium
2810 5025 3222 5087 institutionem,
3288 5031 3342 5076 et
3409 5022 3746 5076 benedictio-

2037 5115 2182 5161 nem,
2236 5104 2298 5153 ut
2345 5112 2502 5163 aqua
2541 5096 2796 5159 lustralis,
2828 5097 2985 5160 panis
3037 5096 3324 5160 benedicti,
3346 5098 3412 5167 ες
3462 5106 3744 5167 ceraetex

2036 5185 2142 5238 qua
2182 5183 2354 5237 agnus
2398 5171 2491 5221 Dei
2523 5167 2831 5227 conﬁcitur;
2893 5169 3020 5238 item
3068 5165 3740 5238 exorcismi,"etisimilia;

2034 5237 2090 5297 et
2105 5257 2172 5297 ex
2204 5244 2330 5302 illis,
2380 5253 2499 5306 quae
2527 5242 2793 5299 numerat,
2813 5237 2985 5291 multa
3006 5250 3117 5292 non
3148 5238 3439 5292 videantur
3469 5237 3740 5298 distincta,

2034 5320 2097 5369 ut
2127 5319 2252 5367 sunt
2288 5316 2423 5365 varii
2454 5310 2834 5374 religiosorum
2859 5313 3045 5364 status.

2125 5385 2415 5440 Dicendum
2480 5394 2615 5437 vero
2666 5386 2749 5436 est
2805 5383 2858 5435 in
2922 5383 3110 5449 prinis
3165 5385 3411 5436 sanctum
3467 5380 3745 5436 doctorem

300 5563 436 5630 (120)
473 5565 681 5630 Legant
710 5565 827 5619 haec
853 5565 1061 5621 inertes
1093 5565 1341 5621 canonici
1372 5566 1467 5633 qui
1492 5566 1627 5620 nihil
1658 5550 1988 5637 aliud-quam
2020 5572 2204 5626 οιιῑοω
2230 5569 2441 5625 curant.
