4118 6460
407 180 530 248 903,

1026 181 1086 241 S.
1131 179 1352 240 PETRI
1394 179 1712 239 DAMIANI
1753 179 1909 238 OPP.
1958 176 2144 256 PARS
2186 176 2329 236 SEU
2369 177 2620 238 TOMUS
2659 178 2734 236 ΙΙ.
2776 210 2842 222 -
2885 176 3300 239 SERMONES.

3806 180 3918 242 904

405 308 779 378 nonomnino
810 307 1221 378 praetermisisse
1264 305 1606 357 eucharistlae
1655 286 2050 378 sacramentum
2087 305 2163 363 εΑ
2195 307 2354 378 atque
2409 287 2544 358 adeo
2595 304 2886 378 religiosos
2933 315 3123 378 omnes
3172 303 3483 378 clericalem
3532 307 3727 378 statum
3787 319 3913 369 pro-

405 391 532 430 nam
575 383 733 431 sexto
771 373 888 430 loco
953 373 1237 430 declarans
1295 379 1692 429 sacramentum
1746 376 2104 428 Dedicationis

401 449 669 507 Ecclesiae,
695 451 872 501 subdit
897 450 1012 500 haec
1035 448 1200 500 verba
1229 469 1240 496 :
1287 468 1305 492 ι
1335 447 1452 498 Post
1483 447 1599 499 haec
1626 449 1771 498 omni
1809 448 2103 498 vestimen-

398 524 578 571 torum
629 521 802 584 gloria
853 518 1156 570 cumulatus
1208 519 1512 582 ingreditur
1560 518 1629 569 ad
1685 516 1874 575 altare,
1935 519 2104 569 sacri-

403 590 584 646 ﬁcium
645 591 918 653 singulare
974 589 1364 648 celebraturus,
1430 591 1483 639 et
1541 588 1620 640 sic
1662 589 2104 640 sanctificationis

404 661 569 716 ﬁnem
603 662 970 723 impositurus.
988 655 1029 703 ἰ’
1049 661 1182 713 Ecce
1213 662 1313 712 sub
1351 661 1452 712 hoc
1489 663 1829 711 sacramento
1863 660 2095 724 comple-

406 735 564 784 ctitur
610 733 1068 796 augustissimum
1108 731 1448 784 eucharistiae
1512 731 1878 795 mysterium;
1919 732 1977 783 Et
2032 744 2102 784 ne

400 803 677 855 videretur
695 815 1012 864 supremum
1035 809 1436 854 sacramentum
1458 803 1650 859 obiter,
1677 806 1728 854 et
1771 802 1929 864 quasi
1954 802 2102 855 aliud

403 887 574 939 agens
607 874 870 938 attigisse,
894 874 1172 938 subjungit
1195 889 1208 924 :
1235 895 1259 917 κ
1285 873 1410 931 Quis
1428 872 1590 935 hujus
1609 872 1791 934 abyssi
1810 873 2100 935 caliginem

402 945 673 1002 sermonis
695 945 935 1000 claritate
957 947 1123 1010 possit
1150 943 1500 996 illuminare?
1524 942 1899 1004 Attigissemus
1921 947 2100 994 tamen

404 1015 967 1079 quantulumcunque,
1002 1017 1106 1065 nisi
1142 1015 1341 1066 nostris
1375 1012 1711 1078 temporibus
1746 1013 1980 1079 quidam.
2015 1017 2103 1077 qui

405 1084 714 1138 carnotensi
765 1081 1015 1150 praesidet
1049 1086 1312 1143 Ecclesiae,
1364 1086 1708 1136 vivacissimo
1743 1086 1942 1136 mentis
1975 1085 2103 1148 igne

397 1156 630 1209 lucidius
651 1158 832 1208 omnia
855 1157 1203 1208 declarasset.
1241 1156 1313 1208 Ad
1348 1156 1501 1208 illum
1531 1156 1698 1218 igitur
1725 1155 2102 1218 plenissimum

396 1228 618 1289 fontem,
673 1229 942 1280 sitientem
991 1229 1268 1288 mittimus,
1326 1227 1416 1279 ubi
1459 1225 1836 1288 plenissimam
1891 1225 2102 1278 hauriat

398 1298 700 1362 veritatem.
741 1318 760 1341 η
835 1297 996 1360 Hisce
1049 1305 1227 1350 autem
1303 1297 1488 1348 verbis
1553 1295 1812 1347 lectorem
1887 1297 2100 1348 videtur

395 1371 672 1422 remittere
706 1370 772 1422 ad
819 1363 1103 1436 epistolam
1137 1368 1375 1420 Fulbertl
1405 1369 1748 1420 Carnotensis
1775 1364 1921 1423 378
1955 1369 2100 1431 epis-

392 1442 534 1503 copi,
571 1435 854 1494 Adeodato'
877 1439 1148 1504 scriptam;
1203 1440 1311 1492 Non
1351 1452 1484 1503 ergo
1519 1441 1697 1491 omisit
1728 1444 1951 1491 sanctus
1985 1451 2099 1491 car-

395 1511 592 1564 dihalis
622 1514 840 1564 omnino
864 1512 966 1563 hoc
996 1512 1242 1562 divinum
1264 1517 1680 1572 sacramentum,
1709 1512 1804 1562 sed
1833 1511 2095 1575 quidquid

395 1581 674 1635 Fulbertus
699 1582 767 1634 de
791 1583 880 1634 illo
932 1583 1166 1646 scripsit,
1193 1594 1290 1633 sua
1325 1582 1639 1633 interfuisse
1673 1582 1902 1632 videtur.
1931 1585 2091 1639 Adde,

2197 377 2412 427 fitentes
2468 376 2908 438 comprehendit;
2955 375 3152 427 deinde
3204 376 3596 428 monachorum
3653 377 3705 428 in
3758 388 3920 428 com-

2197 449 2347 499 muni
2413 446 2756 504 viventium,
2825 450 2878 497 et
2945 447 3295 498 eremitarum
3383 445 3679 498 solitariam
3745 447 3918 499 vitam

2197 519 2497 580 agentium,
2541 521 2593 566 et
2629 518 2944 568 monialium
2991 517 3302 579 religiosam
3352 522 3519 568 etiam
3569 519 3736 569 vitam
3781 531 3885 581 pro

2198 589 2482 649 mentium,
2519 600 2680 654 quam
2720 589 3116 651 professionem
3149 588 3466 650 religiosam
3527 590 3668 640 inter
3720 602 3917 642 sacra—

2196 665 2378 712 menta
2433 671 2553 722 qua:
2611 663 2810 710 ornant
2840 658 3133 711 Ecclesiam
3177 672 3287 712 non
3329 661 3597 712 immerito
3649 673 3912 711 numera-

2192 733 2289 783 vit.
2349 735 2512 793 Atque
2570 731 2642 780 ita
2705 729 3003 792 probabilis
3055 731 3191 781 ratio
3255 731 3418 796 hujus
3475 732 3913 782 enumeratiouis

2193 807 2418 860 constat,
2476 802 2720 866 satisque
2761 801 2819 851 ﬁt
2875 801 3211 860 dubitationi,
3281 815 3380 854 cur
3445 801 3549 854 alia
3601 804 3850 854 omiserit
3895 823 3908 851 :

2194 879 2285 926 aut
2340 873 2483 924 enim
2524 873 2591 924 ad
2637 873 2750 924 haec
2803 873 2958 925 facile
3004 872 3191 925 reduci
3237 879 3484 936 possunt,
3519 877 3613 925 aut
3653 875 3720 925 ad
3759 887 3910 938 prae-

2195 946 2392 996 dictam
2435 944 2690 995 Ecclesiae
2740 944 3110 996 auctoritatem
3155 957 3254 1007 per
3293 958 3354 998 se
3401 957 3512 1000 non
3572 943 3908 1000 referuntur.

2815 1079 3063 1140 SERMO
3114 1081 3287 1139 LXX.

2579 1201 2638 1246 II.
2695 1199 2756 1246 IN
2801 1200 3150 1248 DEDICATION
3185 1199 3530 1248 EECCLESIE.

2254 1316 2280 1348 ‹‹
2308 1294 2552 1352 Immola
2590 1294 2706 1352 Deo
2761 1295 3112 1353 sacrificium
3166 1295 3352 1353 laudis
3402 1302 3459 1353 et
3505 1295 3676 1354 redde
3720 1297 3906 1356 Altis-

2180 1381 2328 1440 simo
2358 1389 2501 1441 -vota
2544 1391 2639 1441 tua
2679 1386 2844 1450 (Psal.
2888 1390 3080 1459 XLIX).
3116 1409 3135 1433 ι
3187 1384 3323 1442 Tria
3370 1390 3509 1442 sunt
3556 1384 3906 1458 principalia

2179 1477 2234 1529 et
2266 1471 2511 1544 perfecta
2543 1473 2820 1531 sacriﬁcia
2841 1520 2855 1542 ,
2896 1489 3033 1546 qum
3063 1473 3300 1532 reddere
3333 1479 3599 1532 tenemur
3628 1473 3901 1538 Domino.

2184 1560 2544 1619 Sacriﬁcium
2587 1564 2698 1636 piae
2737 1563 3098 1621 contritionis
3127 1611 3140 1635 ,
3178 1564 3529 1623 sacriﬁcium
3563 1564 3739 1636 justas
3769 1580 3907 1639 ope-

397 1655 643 1727 potuisse
665 1655 825 1727 etiam
857 1656 1269 1727 praetermittere
1304 1656 1731 1727 numerationem
1753 1653 2152 1727 eucharistlaeB
2180 1649 2437 1721 rationis,
2481 1651 2829 1710 sacriﬁcium
2877 1651 3065 1710 laudis
3107 1653 3197 1711 vel
3231 1653 3619 1727 jubilationis.
3663 1654 3904 1713 Horum

401 1725 543 1776 inter
567 1725 659 1776 illa
689 1725 973 1794 duodecim
1003 1719 1357 1781 sacramenta,
1393 1724 1517 1787 quia
1556 1726 1760 1774 tantum
1799 1725 1991 1787 agebat
2027 1725 2093 1777 de

400 1797 772 1854 sacramentis,
797 1809 893 1846 seu
917 1794 1225 1846 visibilibus
1244 1795 1434 1858 signis,
1459 1807 1580 1859 quae
1599 1796 1668 1847 ad
1686 1797 2094 1848 venerationem

398 1869 452 1920 et
474 1867 735 1918 honorem
759 1869 918 1930 hujus
941 1865 1383 1918 excellentissimi
1402 1871 1726 1918 sacramenti
1750 1868 2092 1929 ordinantur,

397 1941 453 1991 et
483 1940 540 1990 in
564 1939 902 1991 dedicatione
915 1937 1520 2001 .Ecclesiteﬂgurantur.
1551 1938 1732 2003 itaque
1767 1938 2092 1990 eucharistia

395 2020 505 2063 non
551 2008 725 2062 solum
775 2014 1191 2070 sacramentum,
1244 2009 1343 2061 sed
1397 2011 1558 2060 etiam
1617 2005 1858 2060 continet
1923 2010 1974 2059 in
2032 2022 2092 2062 se

393 2080 560 2134 ﬁnem
617 2087 1080 2144 sacramentorum
1138 2079 1407 2140 omnium;
1475 2091 1578 2131 nec
1641 2086 1726 2132 est
1772 2080 1947 2132 solum
2015 2083 2094 2134 si-

399 2147 598 2215 gnum,
626 2149 724 2204 sed
761 2140 931 2202 etiami
968 2137 1077 2211 res,
1129 2153 1194 2202 ad
1249 2137 1408 2216 quam
1451 2163 1607 2202 sacra
1655 2153 1814 2215 signa
1863 2152 2097 2204 referun-

395 2226 516 2284 tur;
571 2227 622 2274 et
677 2225 798 2274 ideo
845 2221 1324 2273 non'numeratur
1377 2223 1519 2274 inter
1574 2226 1928 2284 sacramenta,
1979 2237 2098 2288 quae

393 2298 521 2345 sunt
574 2298 781 2346 tantum
849 2294 1186 2346 caeremoniae
1243 2293 1327 2344 vel
1395 2293 1552 2355 signa
1604 2306 1776 2345 sacra.
1833 2293 1980 2347 Unde
2043 2297 2097 2346 in

391 2376 554 2422 serm.
613 2366 642 2416 4
699 2365 770 2432 De
836 2364 1026 2416 eadem
1086 2361 1322 2415 Ecclesia:
1367 2359 1760 2426 Hodie-aliane,
1819 2366 1890 2416 ait
1954 2368 2098 2418 idem

394 2441 620 2490 auctor:
679 2463 700 2483 ς.
735 2435 829 2487 Per
883 2437 1020 2496 hoc,
1078 2435 1222 2499 quod
1278 2436 1332 2484 in
1383 2436 1560 2486 sacris
1603 2436 1866 2488 altaribus
1917 2436 2093 2488 Domi-

390 2505 515 2560 ni'co
567 2509 784 2572 corpori
834 2512 1145 2558 sanctorum
1187 2506 1431 2570 reliquiae
1485 2507 1827 2572 copulantur,
1882 2510 2096 2560 unitum

394 2579 734 2643 Bedemptori
773 2589 872 2628 suo
913 2582 1111 2629 sanctas
1143 2577 1396 2629 Ecclesiae
1431 2589 1630 2641 corpus
1683 2581 2005 2639 ostenditur,
2044 2584 2096 2632 et

397 2653 549 2714 quasi
574 2663 810 2716 sponsus
839 2661 963 2701 cum
985 2662 1187 2713 sponsa
1218 2650 1272 2700 in
1293 2654 1478 2700 sancto
1505 2649 1689 2702 altaris
1717 2651 1953 2703 thalamo
1980 2652 2092 2704 col-

393 2721 620 2775 locatur.
652 2741 679 2768 π
708 2722 887 2787 itaque
923 2723 974 2772 in
1005 2721 1258 2784 praesenti
1279 2733 1530 2773 sermone
1564 2721 1656 2774 illa
1687 2727 1894 2775 tantum
1915 2737 2091 2775 sacra-

392 2799 584 2846 menta
613 2797 881 2853 numerat,
911 2791 1106 2857 quibus
1139 2803 1336 2853 sponsa
1369 2797 1594 2844 ornatur
1621 2813 1632 2843 :
1668 2800 1722 2845 et
1753 2795 1875 2846 ideo
1903 2796 2096 2848 merito

391 2867 565 2928 potuit
616 2867 757 2916 inter
805 2862 894 2914 illa
948 2875 1206 2926 sponsum
1259 2864 1435 2926 ipsum
1474 2876 1583 2916 non
1631 2878 1937 2924 numerare,
1999 2868 2096 2920 sed

395 2935 571 2987 solum
597 2934 878 2996 attingere,
904 2937 1158 2996 tanquam
1181 2934 1429 2986 ultimum
1454 2935 1915 2999 complementum
1935 2939 2097 2989 totius

2165 1733 2293 1798 ’duo
2321 1741 2381 1798 in
2412 1742 2682 1813 praesenti
2723 1746 2859 1800 sunt
2887 1742 3227 1812 necessaria,
3261 1743 3491 1802 tertium
3522 1743 3617 1802 hic
3656 1744 3902 1803 inchoa-

2180 1836 2292 1899 tur,
2323 1837 2379 1887 et
2416 1831 2478 1888 in
2508 1831 2706 1888 futuro
2735 1831 3258 1890 consummabitur.
3311 1833 3392 1890 De
3418 1832 3606 1906 primo
3635 1833 3896 1894 dicitur:

2182 1940 2202 1970 α
2248 1915 2611 1977 Sacrificium
2653 1919 2768 1978 Deo
2805 1919 3042 1993 Spiritus
3081 1920 3503 1980 contribulatus
3531 1925 3704 1990 (Psal.
3747 1929 3828 1991 L).
3863 1946 3890 1972 ιι

2184 2007 2266 2065 De
2335 2009 2586 2067 secundo
2653 2025 2666 2059 :
2740 2032 2766 2060 α
2835 2009 3160 2068 Sacriﬁcate
3226 2010 3576 2069 sacriﬁcium
3645 2011 3896 2085 justitiae

2183 2103 2350 2172 (Psal.
2392 2102 2504 2172 IV);
2540 2125 2565 2148 η
2608 2106 2663 2158 et
2703 2100 2882 2158 alibi:
2930 2127 2956 2149 ‹‹
2984 2101 3150 2160 Tunc
3184 2102 3500 2175 acceptabis
3539 2103 3898 2164 sacriﬁcium

2177 2187 2419 2262 iustitiae
2472 2192 2642 2258 (Psal.
2701 2195 2779 2257 L).
2809 2213 2834 2238 τι
2891 2189 2973 2248 De
3023 2191 3188 2249 tertio
3249 2211 3261 2248 :
3327 2216 3352 2239 οι
3383 2189 3592 2250 Beatus
3644 2193 3898 2267 populus

2184 2279 2285 2352 qui
2311 2277 2415 2336 scit
2443 2279 2847 2352 jubilationem
2882 2284 3054 2350 (Psal.
3092 2287 3414 2350 LXXXVIII).
3448 2306 3473 2330 »ι
3500 2281 3686 2340 Item:
3727 2305 3748 2333 ι
3785 2282 3897 2342 Sa-

2184 2369 2470 2428 criﬁcium
2526 2370 2712 2429 laudis
2780 2372 3182 2431 honoriﬁcabit
3238 2390 3328 2432 me
3388 2377 3556 2443 (Psal.
3631 2381 3827 2444 XLIX).
3869 2398 3891 2426 ι

2185 2455 2448 2516 Primum
2497 2461 2849 2520 sacriﬁcium
2889 2461 3073 2536 placat
3121 2465 3326 2534 Deum,
3368 2465 3692 2524 secundum
3740 2466 3900 2524 dele-

2183 2553 2316 2617 ctat',
2341 2548 2580 2606 tertium
2611 2549 2872 2608 honorat.
2914 2551 3039 2610 Non
3079 2560 3240 2611 curat
3277 2553 3428 2611 Deus
3475 2553 3546 2611 de
3583 2555 3675 2612 his
3713 2555 3894 2612 sacri-

2182 2633 2374 2707 ﬁciis,
2433 2637 2546 2694 nisi
2605 2637 2922 2696 medullata
2980 2638 3097 2697 sint
3149 2647 3204 2696 et
3258 2641 3534 2713 saginata.
3592 2641 3757 2699 Unde
3813 2642 3898 2701 ait

2179 2725 2696 2799 psalmographus:
2743 2754 2770 2777 «
2804 2727 2965 2787 Sicut
2992 2729 3160 2801 adipe
3183 2737 3237 2787 et
3270 2729 3623 2803 pinguedine
3667 2731 3894 2805 replea-

2183 2820 2276 2872 tur
2303 2814 2503 2873 anima
2527 2831 2653 2874 mea
2685 2820 2854 2887 (Psal.
2887 2821 3054 2887 LXII).
3089 2841 3114 2868 ιι

2250 2904 2314 2962 In
2359 2906 2488 2979 lege
2527 2908 2717 2965 omnis
2756 2908 2928 2982 adeps
2967 2909 3162 2967 offerri
3204 2909 3462 2983 jubetur,
3511 2914 3565 2967 et
3611 2907 3898 2968 holocau-

392 3009 619 3078 ornatus
672 3007 922 3078 ejusdem
953 3017 1184 3078 sponsae.
1217 3004 1364 3078 Quae
1401 3011 1453 3057 et
1487 3007 1541 3056 in
1575 2996 1764 3059 eodem
1792 3011 2091 3060 sermonet
2118 3000 2338 3078 08mm
2399 2996 2614 3071 pingue
2669 2999 2954 3058 laudatur.
3003 2999 3144 3058 Caro
3190 3000 3349 3057 enim
3396 3015 3605 3069 macra,
3655 3005 3712 3058 et
3761 3000 3896 3061 sine

393 3075 930 3162 gpiiﬂgctjnfjtffijf
970 3075 1170 3162 3921f:
1217 3073 1309 3162 illa
1339 3080 1731 3162 msegféﬁegig
1760 3078 1965 3162 γτεῗξθηξ
2021 3082 2087 3132 ad
2127 3073 2562 3159 wpinguedine,
2593 3102 2780 3158 neque
2821 3088 3053 3161 quando
3089 3087 3407 3147 comeditur
3443 3094 3675 3162 praestat
3718 3103 3893 3162 sapo-

390 3145 654 3202 honorem
689 3147 932 3210 corporis
969 3145 1192 3206 Domini,
1227 3149 1280 3196 et
1339 3149 1656 3199 memoriam
1689 3151 1880 3200 mortis
1918 3153 2037 3211 eius
2074 3171 2086 3200 :

393 3241 411 3264 ο
445 3219 673 3284 Dignum
699 3221 779 3267 cst
803 3229 955 3280 ergo,
983 3218 1170 3282 inquit,
1199 3221 1258 3268 ut
1287 3219 1341 3268 in
1366 3217 1542 3279 altari,
1585 3231 1750 3284 super
1779 3221 1923 3283 quod
1962 3234 2088 3274 cor-

386 3303 489 3356 pus
519 3288 848 3340 Dominicum
877 3289 1076 3352 jugiter
1103 3289 1426 3348 immolatur,
1459 3302 1606 3342 mors
1640 3292 1763 3354 ejus
1803 3293 1967 3344 etiam
1993 3306 2090 3358 per

384 3374 570 3424 rerum
585 3359 942 3424 invisibilium
973 3360 1254 3422 aenigmata
1277 3363 1568 3412 nuntietur.
1599 3380 1617 3405 ο
1664 3364 1716 3413 Si
1750 3363 1872 3427 quis
1908 3371 2086 3416 autem

385 3433 535 3486 recte
579 3432 886 3484 consideret
937 3431 1107 3484 sancti
1157 3430 1446 3483 cardinalis
1491 3432 1661 3484 verba
1704 3434 1797 3486 illa
1834 3448 1848 3485 :
1903 3456 1927 3479 ιι
1959 3436 2090 3486 Duo-

383 3504 572 3568 decim
615 3507 962 3572 sacramenta_
1000 3506 1151 3572 sunt
1191 3504 1244 3552 in
1299 3501 1536 3554 Ecclesia
1561 3537 1576 3560 .
1643 3505 1789 3556 circa
1859 3518 2089 3564 quorum

387 3573 698 3640 instantiam
781 3568 1077 3626 reflectitur
1130 3571 1437 3624 Christianae
1503 3573 1783 3638 religionis
1843 3575 2086 3628 auctori-

380 3649 552 3706 tas,»
600 3644 863 3706 intelliget
925 3647 1108 3708 ipsum
1160 3644 1336 3694 olum
1371 3644 1612 3696 voluisse
1670 3658 1960 3698 numerare
1997 3646 2092 3698 illa

380 3720 756 3778 sacramenta,
814 3717 868 3768 id
929 3719 1048 3774 est,
1104 3713 1490 3775 caeremonias,
1557 3719 1650 3768 aut
1718 3716 2090 3770 observantius

389 3789 832 3850 ecclesiasticas,
885 3786 1081 3852 quibus
1137 3784 1389 3837 Ecclesiae
1451 3787 1694 3840 membra
1750 3789 1839 3841 vel
1887 3792 2092 3842 consti-

387 3862 650 3922 tuuntur,
696 3859 782 3911 vel
835 3858 1191 3922 perﬁciuntur
1234 3861 1288 3909 et
1338 3863 1640 3920 ornantur,
1698 3864 1791 3911 aut
1839 3863 2095 3912 mundan-

385 3935 492 3996 tur,
535 3930 620 3983 vel
665 3931 721 3982 in
760 3925 1010 3983 diversos
1037 3929 1254 3994 gradus
1299 3931 1352 3980 et
1403 3929 1624 3982 ordines
1669 3931 2087 3996 distinguuntur.

384 4003 500 4076 gae
547 4015 678 4076 ergo
731 4005 945 4076 ratione
990 4002 1142 4076 ponit
1176 4001 1516 4076 Baptismum,
1561 4005 1817 4076 tanquam
1861 4005 2090 4068 primam

383 4071 637 4126 Ecclesiae
713 4071 1135 4137 professionem,
1203 4076 1257 4124 et
1321 4073 1478 4136 quasi
1536 4075 1679 4125 viam
1759 4088 1860 4138 per
1927 4088 2089 4140 quam

383 4145 635 4197 Ecclesiae
698 4144 940 4198 membra
1004 4145 1420 4196 constituuntur.
1488 4144 1578 4196 Cui
1645 4146 1895 4212 adjungit
1955 4159 2085 4199 con-

386 4214 766 4278 firmationem,
819 4219 1072 4280 tanquam
1127 4213 1512 4278 perfectionem
1565 4218 1703 4280 ejus,
1762 4223 1815 4270 et
1875 4230 2089 4270 sacram

383 4285 714 4348 unctionem,
775 4289 826 4337 et
863 4284 1277 4341 confessionem,
1337 4287 1590 4347 tanquam
1648 4288 1952 4342 medicinas
2006 4290 2088 4341 his

385 4355 644 4438 membris
693 4359 1030 4438 necessarias
1059 4357 1140 4438 ‘ad
1197 4354 1481 4438 sanitatem
1542 4357 1734 4438 animm
1787 4367 1841 4411 et
1889 4373 2152 4438 corpo-D

384 4430 480 4486 ris,
547 4427 592 4479 si
661 4427 932 4491 expediat.
1001 4426 1255 4490 Adjunglt
1309 4426 1504 4478 deinde
1563 4429 1668 4482 duo
1727 4437 2085 4496 sacramenta,

383 4499 592 4552 ordinis
637 4504 691 4551 et
743 4499 1087 4555 matrimonii,
1131 4496 1327 4562 quibus
1373 4499 1480 4550 duo
1529 4501 1753 4554 ordines
1811 4503 2080 4555 membro-

387 4583 508 4623 rum
562 4571 812 4624 Ecclesiae
878 4569 1108 4636 (scilicet
1158 4569 1649 4624 ecclesiasticorum
1703 4578 1756 4625 et
1806 4575 2086 4640 laicorum)

389 4641 813 4706 distinguuntur.
902 4642 1045 4693 inter
1091 4640 1259 4693 laicos
1305 4643 1485 4692 autem
1536 4655 1636 4694 rex
1696 4649 1938 4708 tantum,
1993 4652 2086 4699 aut

385 4714 680 4776 imperator
758 4715 974 4767 videtur
1049 4712 1119 4765 ad
1207 4711 1500 4775 specialem
1586 4718 1958 4770 auctoritatem
2032 4725 2087 4771 et

386 4783 761 4856 defensionem
829 4785 1076 4838 Ecclesia:
1132 4783 1434 4856 pertinere,
1485 4787 1538 4835 et
1603 4786 1750 4838 ideo-
1789 4791 1929 4840 inter
1992 4791 2083 4842 illa

389 4859 725 4909 acramenta
782 4857 935 4922 ponit
987 4856 1132 4920 regis
1192 4855 1522 4906 unctionem.
1599 4858 1743 4910 inter
1824 4859 2082 4912 ecclesia-

388 4927 552 4979 sticas
596 4941 726 4980 vero
775 4941 1041 4992 personas
1105 4931 1217 4979 tres
1271 4924 1474 4988 gradus
1523 4926 1783 4992 distingui
1837 4938 2087 4994 possunt,

385 4998 592 5066 scilicet
638 4999 967 5061 pontificum,
1020 4999 1361 5058 clericorum,
1406 5001 1457 5046 et
1499 4999 1898 5062 religiosorum.
1935 5003 2092 5055 Addit

387 5081 520 5134 ergo
572 5075 967 5122 sacramentum
1025 5070 1186 5127 illud,
1246 5078 1353 5130 quo
1416 5071 1700 5129 pontifices
1757 5083 2085 5125 consecran-

383 5144 492 5202 tur,
555 5139 657 5192 sub
713 5152 819 5204 quo
865 5144 1035 5191 totum
1086 5151 1303 5192 sacrum
1352 5139 1602 5192 ordinem
1658 5146 1712 5194 et
1763 5142 2088 5196 clericorum

387 5222 730 5264 communem
789 5215 984 5263 statum
1035 5208 1460 5274 comprehendit.
1515 5211 1714 5265 Deinde
1767 5227 1900 5266 vero
1953 5215 2084 5267 reli-

397 5284 673 5350 giosortim
712 5286 908 5354 statum
954 5295 1030 5354 ac
1092 5280 1506 5354 professionem,
1570 5291 1628 5336 ut
1682 5286 1916 5337 maxime
1969 5299 2088 5350 per-

395 5354 673 5408 tinentem"
723 5351 791 5406 'ad
845 5353 1096 5407 Ecclesiae
1151 5351 1522 5405 auctoritatem
1579 5366 1646 5408 ac
1711 5357 2094 5420 perfectionem

405 5429 708 5489 enumerat,
743 5429 798 5479 et
848 5426 904 5477 in
960 5427 1190 5490 quatuor
1237 5421 1458 5492 ordiges
1490 5425 1772 5492 distinguit
1819 5444 1832 5477 :
1889 5428 2095 5489 scilicet

403 5487 790 5552 canonicorum
827 5535 844 5564 ,
911 5487 1012 5564 per
1074 5509 1213 5565 quos
1256 5487 1404 5555 379
1468 5487 1747 5586 τεειιιρὶθξ
1807 5487 2127 5592 ωηο-Ροοέ

2177 3191 2330 3246 rem,
2391 3192 2582 3251 neque
2637 3179 2868 3251 quando
2923 3185 3150 3238 assatur
3205 3179 3390 3238 reddit
3441 3179 3698 3237 odorem.
3750 3179 3895 3238 Haec

2175 3271 2367 3323 autem
2397 3266 2684 3339 pinguedo
2717 3282 2831 3325 non
2865 3267 3138 3341 corporis,
3174 3268 3271 3327 sed
3305 3269 3583 3342 spiritus;
3613 3285 3734 3327 non
3771 3284 3895 3327 car-

2175 3353 2308 3424 nis,
2363 3355 2462 3412 sed
2523 3356 2734 3414 mentis
2785 3355 3034 3431 intelligi
3087 3358 3272 3416 debet.
3336 3358 3631 3431 Pinguedo
3671 3358 3892 3416 animae

2182 3439 2421 3498 virtutes
2470 3448 2626 3500 sunt.
2662 3442 2769 3500 Hm
2811 3445 3066 3501 suaviter
3116 3445 3393 3517 redolent,
3431 3447 3522 3502 ha:
3551 3446 3616 3503 in
3657 3445 3763 3504 Dei
3794 3462 3889 3504 sa-

2175 3527 2394 3586 criﬁcio
2430 3528 2676 3588 Domino
2705 3531 2948 3603 placent,
2989 3539 3043 3590 et
3074 3534 3200 3591 sine
3225 3533 3339 3591 his
3387 3535 3620 3593 nullum
3663 3535 3893 3592 sacriﬁ-

2174 3617 2336 3674 cium
2371 3624 2455 3675 est
2477 3619 2843 3692 acceptabile.
2874 3619 2997 3678 Hoc
3023 3621 3192 3695 adipe
3226 3623 3471 3696 pingues
3501 3629 3664 3681 erant
3699 3623 3790 3680 illi
3816 3623 3893 3682 de

2179 3708 2397 3782 quibus
2443 3708 2654 3766 dicilur
2702 3728 2714 3767 :
2772 3732 2793 3761 α
2841 3709 3336 3770 Manducaverunt
3381 3719 3438 3770 et
3498 3712 3890 3773 adoraverunt

2179 3809 2384 3854 omnes
2429 3797 2675 3870 pingues
2733 3804 2903 3856 terra:
2958 3803 3126 3872 (Psal.
3185 3805 3334 3874 XXI).
3381 3823 3401 3853 ι
3456 3801 3719 3876 Itemque
3771 3811 3889 3862 tres

2175 3885 2346 3958 pueri
2373 3885 2433 3943 in
2464 3885 2700 3945 Daniele
2735 3908 2746 3946 :
2786 3911 2808 3941 ι
2843 3887 3007 3947 Sicut
3041 3890 3101 3947 in
3144 3891 3475 3950 holocausto
3515 3892 3786 3961 arietum,
3828 3901 3887 3950 et

2179 3980 2494 4045 taurorum,
2539 3983 2594 4035 et
2637 3977 2784 4036 sicut
2815 3979 2877 4037 in
2926 3981 3184 4040 millibus
3222 3997 3506 4054 agnorum
3547 3982 3883 4056 pinguium,

2172 4065 2254 4122 sic
2304 4067 2403 4124 ﬁat
2452 4069 2799 4128 sacriﬁcium
2855 4077 3121 4130 nostrum
3169 4074 3322 4143 (Dan.
3385 4078 3491 4144 III).
3534 4097 3554 4125 ι
3615 4073 3690 4132 Ut
3741 4091 3884 4149 ergo

2171 4153 2430 4225 placeant
2488 4158 2612 4216 hac
2667 4157 2945 4217 sacriﬁcia
2999 4166 3189 4218 nostra
3246 4161 3406 4232 Deo,
3469 4162 3706 4235 pinguia
3759 4163 3881 4220 sint

2172 4250 2226 4300 et
2258 4244 2593 4305 medullata.

2243 4331 2605 4394 Sacriﬁcium
2639 4337 2752 4411 pite
2780 4337 2960 4395 contri
2973 4338 3143 4396 tionis
3163 4339 3345 4412 exigit
3372 4340 3646 4415 butyrum
3681 4339 3880 4398 humi-

2171 4420 2365 4492 litatis,
2400 4441 2534 4500 quae
2572 4426 2633 4485 in
2695 4428 2880 4486 tribus
2931 4429 3221 4499 consistit;
3282 4430 3520 4500 scilicet,
3566 4436 3634 4488 ut
3682 4428 3877 4487 consi-

2169 4511 2325 4571 deret
2369 4515 2544 4574 homo
2592 4532 2767 4590 quam
2819 4518 3222 4592 imperfectum
3269 4521 3344 4578 sit
3378 4519 3536 4594 quod
3587 4520 3777 4587 habet,
3821 4524 3879 4576 et

2171 4601 2276 4659 hoc
2317 4611 2577 4678 respectu
2615 4606 3018 4679 superiorum;
3067 4608 3223 4667 unde
3258 4609 3404 4666 illud
3457 4635 3470 4668 :
3515 4633 3542 4662 ιι
3576 4609 3650 4668 Ut
3697 4609 3880 4668 sciam

2170 4689 2310 4764 quid
2348 4693 2496 4750 desit
2548 4694 2691 4751 mihi
2747 4698 2899 4760 {Psal
2935 4700 3220 4767 XXXVIII).
3259 4722 3280 4748 ι
3313 4698 3553 4769 Deinde,
3587 4705 3649 4756 ut
3683 4698 3879 4757 consi-

2169 4777 2325 4835 deret
2374 4781 2511 4852 quia
2549 4782 2631 4839 nil
2678 4783 2850 4841 habet
2894 4786 3235 4858 proprium;
3292 4787 3446 4845 unde
3509 4788 3820 4860 Apostolus
3864 4807 3877 4844 :

2173 4889 2198 4915 «ι
2233 4865 2382 4934 Quid
2451 4870 2626 4929 habes
2681 4873 2833 4945 quod
2885 4889 3003 4932 non
3077 4875 3392 4946 accepisti?
3441 4898 3463 4926 ι»
3525 4879 3568 4946 (I
3615 4877 3717 4933 Cor
3772 4877 3883 4933 Iv.)

2177 4953 2510 5016 Conside'ret
2540 4960 2733 5030 etiam,
2773 4962 2927 5035 quod
2963 4961 3046 5019 nil
3079 4963 3248 5021 habet
3277 4963 3337 5020 in
3385 4964 3490 5020 hac
3547 4963 3665 5021 vita
3719 4961 3879 5036 quod

2176 5048 2418 5118 perdere
2459 5066 2574 5107 non
2615 5051 2810 5126 possit,
2845 5053 3012 5125 juxta
3059 5053 3207 5112 illud
3247 5077 3260 5112 :
3319 5075 3347 5108 ‹‹
3379 5053 3666 5113 Memento
3725 5051 3887 5112 unde

2175 5139 2482 5214 excideris,
2505 5149 2559 5201 et
2590 5144 2779 5217 prima
2809 5160 2980 5219 opera
3013 5147 3101 5204 fac
3130 5147 3321 5218 (Apoc.
3350 5150 3426 5220 II).
3464 5172 3490 5196 »
3524 5147 3890 5206 Sacrificium

2169 5226 2344 5299 justas
2392 5233 2744 5304 operationis
2783 5236 2966 5308 exigit
2997 5235 3194 5294 oleum
3247 5236 3630 5294 discretionis.
3665 5234 3896 5293 Sacriﬁ-

2175 5315 2333 5374 cium
2362 5317 2552 5378 laudis
2588 5321 2830 5396 requirit
2861 5322 3202 5382 babsamum
3231 5323 3572 5383 devotionis.

2254 5405 2482 5466 Habent
2539 5417 2737 5469 autem
2775 5412 2901 5469 haec
2953 5412 3231 5470 sacrificia
3286 5413 3542 5487 opposita
3583 5411 3698 5470 sibi
3747 5411 3896 5471 vitia

2173 5497 2350 5582 quasi
2392 5513 2468 5556 ex
2519 5498 2693 5559 latere
2723 5501 3030 5560 venientia.
3068 5501 3362 5562 Sacrificio
3384 5501 3746 5562 contritionis
3781 5517 3896 5576 op-
