4118 6438
243 305 357 367 905

1760 302 2010 367 SERMO
2048 305 2252 369 LXXI.

3653 318 3762 384 906

240 434 483 508 ponitur
538 434 898 494 absinthium
966 432 1412 509 indignationis;
1468 438 1613 499 380
1678 431 1957 491 sacriﬁcio
1980 422 2190 493 Atum.
2230 433 2512 494 Vovimus
2554 428 2801 495 Domino
2851 437 3293 512 continentiam,
3340 414 3793 517 obedientiam;

234 522 413 598 justas
468 524 817 598 operationis
852 570 867 592 ,
924 534 1149 584 acetum
1224 525 1607 595 confusionis;
1673 526 1955 586 sacriﬁcio

242 609 456 681 laudis,
491 627 783 673 venenum
812 612 1177 684 adulationis,
1213 617 1337 675 sive
1372 617 1762 677 detractionis.
1795 617 1950 677 Oﬁ‘e—

245 715 447 760 ramus
462 701 662 775 igitur,
685 702 1064 775 dilectissimi,
1099 706 1342 765 Domino
1365 707 1520 780 piam
1547 709 1957 768 contritionem

243 788 311 847 in
358 792 749 850 amaritudine
799 793 1084 868 interiori,
1137 803 1192 856 et
1240 799 1580 871 poenitentia
1637 800 1955 876 exteriori;

238 882 313 936 ut
366 899 389 930 ι
433 880 640 949 sobrie,
683 882 841 957 juste
884 899 952 942 ac
999 886 1092 959 pie
1144 886 1417 947 vivamus
1466 889 1529 948 in
1588 890 1697 950 hoc
1744 893 1958 951 saeculo

246 970 384 1039 (ﬁt.
438 973 520 1041 tt).
558 993 578 1022 ι
637 969 840 1031 Sobria
890 973 1075 1044 nobis,
1124 975 1282 1049 juste
1333 979 1621 1052 proximo,
1672 981 1765 1054 pie
1816 980 1954 1041 Deo.

249 1055 457 1118 Sobrie
492 1061 551 1118 in
596 1060 844 1133 duobus,
895 1063 960 1122 in
1006 1067 1258 1126 cavenda
1306 1068 1621 1143 veluptate,
1678 1076 1734 1129 et
1800 1072 1955 1131 curis

246 1145 430 1222 hujus
464 1147 639 1223 vitae;
684 1150 843 1225 juste
870 1152 932 1210 in
966 1151 1216 1224 duobus,
1260 1162 1324 1214 ut
1352 1157 1577 1216 nemini
1618 1175 1950 1230 noceamus,

246 1241 308 1292 et
342 1237 567 1297 cunctis
611 1241 881 1312 prodesse
915 1241 1273 1316 studeamus,
1315 1246 1487 1319 juxta
1530 1248 1682 1309 illud
1718 1276 1731 1309 :
1793 1275 1815 1305 ε
1848 1251 1958 1311 De-

246 1325 404 1414 clina
430 1343 465 1384 a
493 1326 665 1393 malo.
692 1337 749 1386 et
774 1330 863 1389 l‘ac
893 1332 1111 1391 bonum
1143 1336 1310 1406 (Psal.
1337 1340 1497 1411 LVI);
1537 1360 1557 1390 ι
1590 1340 1684 1414 pie
1715 1340 1777 1399 in
1805 1340 1957 1401 duo-

245 1412 379 1484 bus,
419 1420 486 1473 ut
514 1414 734 1475 scilicet
776 1419 840 1476 in
878 1422 1150 1493 praesenti
1195 1425 1354 1483 vivat
1385 1412 1690 1501 justus—ex
1729 1429 1867 1500 ﬁde,
1898 1438 1954 1489 et

248 1501 313 1561 in
360 1503 562 1563 futuro
616 1513 892 1566 aeternam
944 1518 1236 1586 exspectet
1280 1514 1721 1577 beatitudinem.
1786 1518 1954 1578 Unde

246 1594 558 1687 Apostolus
604 1620 617 1655 :
672 1597 816 1656 «Ex
870 1605 1029 1673 parte
1087 1605 1508 1678 cognoscimus,
1564 1614 1620 1666 et
1669 1624 1746 1667 ex
1793 1615 1953 1687 parte

248 1684 680 1760 prophetamus,
736 1703 870 1748 cum
927 1699 1120 1752 autem
1166 1695 1389 1755 venerit
1431 1697 1586 1770 quod
1630 1684 1951 1771 perfectum

2038 524 2444 596 humilitatem,
2484 526 2838 599 patientiam,
2870 529 3237 588 saecularium
3283 546 3514 591 morum
3556 542 3746 594 muta-

2036 613 2276 672 tionem.
2334 614 2614 673 Praedicta
2661 616 2771 673 tria
2821 628 3103 677 voverunt
3158 624 3482 692 specialiter
3539 625 3747 697 sancti,

2036 707 2092 760 et
2143 701 2540 762 reddiderunt.
2583 704 2796 763 Audite
2831 706 2973 780 quid
3017 708 3255 781 dixerit;
3303 724 3357 769 et
3400 714 3543 786 quid
3599 717 3754 775 fece-

2038 789 2115 850 rit
2153 792 2465 864 Apostolus
2503 816 2518 850 τ
2573 817 2602 842 α
2651 790 2780 852 Non
2836 806 2989 865 sum,
3043 796 3255 874 inquit,
3302 800 3516 875 dignus
3558 807 3753 866 vocari

2039 876 2179 935 381
2232 882 2564 956 Apostolus,
2622 884 2759 958 quia
2824 898 3160 959 persecutus
3226 905 3359 950 sum
3433 894 3757 960 Ecclesiaml

2039 967 2142 1026 Dei
2172 972 2219 1040 (I
2243 971 2362 1029 Cor.
2393 971 2515 1043 xv).
2554 994 2576 1023 ι
2607 971 2750 1031 Ecce
2775 974 2870 1047 pia
2913 978 3180 1037 contritio
3230 980 3302 1040 de
3355 985 3751 1050 recordatione

2039 1061 2273 1134 peccati.
2326 1061 2471 1121 Item
2524 1081 2538 1121 :
2588 1084 2614 1113 ι
2652 1061 2906 1138 Bonum,
2935 1068 3147 1144 inquit,
3184 1079 3471 1132 certamen
3516 1081 3751 1152 certavi,

2040 1166 2278 1210 cursum
2322 1155 2747 1225 consummavi,
2796 1157 2969 1217 ﬁdem
3009 1163 3272 1235 servavi;
3303 1165 3376 1224 de
3413 1169 3637 1244 reliquo
3666 1188 3753 1232 re-

2041 1241 2223 1314 posita
2270 1249 2355 1299 est
2393 1242 2538 1302 mihi
2588 1258 2798 1305 corona
2837 1249 3101 1322 justitiae.
3151 1269 3327 1326 quam
3365 1241 3563 1317 reddet
3604 1261 3751 1323 mihi

2039 1327 2323 1417 Dominus
2374 1330 2437 1388 in
2488 1331 2587 1389 illa
2641 1333 2734 1392 die
2778 1335 2968 1408 justus
3020 1338 3205 1413 jndex
3257 1347 3336 1412 (Π
3386 1349 3524 1405 Tim.
3566 1356 3669 1417 IV).
3716 1374 3744 1402 ιι

2038 1416 2182 1476 Ecce
2214 1418 2370 1491 justa
2407 1421 2661 1492 operatio
2697 1422 2769 1480 de
2795 1424 3006 1485 ﬁducia
3039 1430 3178 1502 spei.
3209 1431 3355 1491 Item
3386 1455 3399 1493 :
3435 1459 3463 1488 α
3498 1437 3747 1500 Benedi-

2037 1513 2163 1565 ctus
2193 1505 2455 1597 Deus,-et
2482 1507 2647 1567 Pater
2676 1509 2907 1571 Domini
2942 1516 3118 1573 nostri
3148 1517 3286 1578 Jesu
3325 1522 3557 1597 Christi,
3584 1526 3751 1588 Pater

2038 1592 2587 1668 misericordiarum,
2633 1604 2691 1656 et
2744 1599 2900 1660 Deus
2945 1605 3118 1663 totius
3167 1592 3591 1683 consolationis,
3646 1620 3751 1691 qui

2037 1684 2368 1744 consolatur
2411 1698 2515 1742 nos
2564 1685 2623 1744 in
2665 1689 2828 1748 omni
2868 1691 3236 1756 tribulatione
3276 1700 3469 1761 ilostra
3517 1708 3598 1773 (Π
3625 1684 3744 1767 σὸν.

246 1778 354 1847 est,
395 1776 769 1836 evacuabitur
820 1780 976 1854 quod
1029 1798 1105 1841 ex
1155 1792 1315 1858 parte
1364 1792 1449 1844 est
1501 1790 1555 1853 (Ι
1581 1790 1700 1848 Cor.
1736 1794 1887 1860 xm).
1923 1781 2106 1857 »BI)-
2134 1800 2161 1824 ’θ
2221 1774 2366 1832 Ecce
2418 1773 2544 1832 laus
2591 1776 2661 1835 de
2713 1778 3010 1840 δεηθδείίε
3061 1783 3166 1843 Dei
3236 1790 3395 1848 νονίῑ
3447 1790 3632 1854 Πανία
3694 1803 3755 1856 οε

245 1861 571 1923 Oﬂ'etamus
621 1865 859 1941 dignam
910 1869 1143 1931 laudem
1194 1873 1257 1932 in
1309 1877 1669 1937 confessione
1704 1879 1842 1953 oris,
1900 1887 1957 1939 et

244 1953 549 2014 devotione
584 1956 788 2017 cordis.
828 1957 930 2020 Pia
960 1962 1176 2039 quippe
1212 1965 1403 2024 cordis
1440 1966 1706 2027 contritio
1757 1969 1957 2028 nasci-

249 2054 344 2102 tur
392 2059 469 2102 ex
518 2044 909 2107 recordatione
962 2060 1345 2124 peccatorum,
1403 2062 1460 2114 et
1517 2055 1720 2116 timore
1770 2057 1957 2118 futuri

239 2129 481 2206 judicii;
514 2133 668 2205 justa
719 2138 992 2210 operatio,
1021 2155 1093 2199 ex
1132 2157 1329 2201 amore
1367 2144 1619 2217 virtutis,
1649 2152 1703 2205 et
1742 2147 1956 2206 ﬁducia

244 2218 389 2292 spei,
417 2218 546 2281 laus
580 2230 636 2281 et
657 2225 928 2298 jubilatio
965 2244 1042 2286 ex
1080 2229 1291 2289 affectu
1331 2232 1628 2292 charitatis
1667 2240 1723 2293 et
1763 2249 1955 2294 recor-

243 2306 476 2370 datione
501 2311 914 2375 beneﬁciorum
956 2316 1082 2376 Dei.

319 2397 467 2458 Sunt
521 2407 715 2461 autem
767 2410 882 2463 tres
947 2406 1368 2467 recordationes
1450 2411 1713 2484 peccati,
1770 2412 1956 2486 prima

249 2486 508 2547 afﬁciens
532 2497 587 2548 et
611 2491 919 2566 delectans,
951 2510 1083 2571 quae
1111 2496 1261 2556 mala
1291 2504 1414 2568 est;
1446 2500 1699 2559 secunda
1725 2516 1961 2575 exaspe-

248 2592 388 2636 rans
437 2586 493 2636 et
542 2581 874 2655 pungitans,
924 2598 1060 2659 quas
1112 2585 1276 2643 utilis
1321 2593 1437 2657 est;
1486 2589 1650 2648 tertia
1684 2589 1957 2663 gloriosa,

248 2680 384 2740 quae
439 2668 821 2742 perfecturum
875 2679 982 2731 est.
1038 2672 1313 2733 Alﬁciens
1368 2680 1478 2745 est,
1535 2692 1650 2751 qua
1710 2675 1958 2736 aﬂicitur

247 2754 421 2814 homo
476 2757 795 2832 recogitans
844 2760 918 2819 ad
977 2761 1120 2821 ollas
1169 2763 1439 2822 carnium
1496 2763 1902 2840 Egyptiorum
1939 2814 1953 2836 ,

244 2856 422 2916 quam
458 2841 727 2904 deliciose
762 2854 816 2905 et
857 2849 1115 2908 suaviter
1164 2850 1381 2908 vixerit
1421 2853 1623 2923 (Emod.
1682 2858 1854 2925 XVI);
1902 2858 1958 2911 et

244 2947 425 3008 quam
450 2933 705 2994 arduum
744 2937 818 2996 sit
860 2939 988 3010 iter,
1021 2940 1176 3014 quod
1207 2958 1588 3016 aggressurus
1634 2952 1737 3003 est.
1773 2943 1954 3003 Reco-

246 3022 446 3098 gitatio
490 3026 803 3099 pungitaus
847 3034 948 3099 est,
982 3030 1136 3104 quod
1189 3031 1586 3091 reminiscitur
1614 3049 1791 3109 quam
1832 3050 1957 3093 sor-

2038 1865 2287 1929 reddidit
2333 1883 2346 1923 :
2383 1885 2411 1918 ‹‹
2459 1863 2623 1938 Vota,
2671 1868 2883 1944 inquit,
2924 1887 3051 1933 mea
3103 1874 3353 1938 Domino
3400 1882 3636 1943 reddam
3686 1887 3751 1946 in

2035 1961 2340 2030 conSpectu
2377 1956 2570 2014 omnis
2610 1959 2811 2033 populi
2852 1961 2977 2036 ejus
3020 1967 3189 2034 (Psal.
3238 1975 3402 2041 CIV).
3459 1994 3488 2024 ι)
3535 1973 3747 2035 Votum

2039 2046 2200 2109 vovit
2227 2044 2404 2105 Jacob
2429 2052 2483 2103 et
2511 2046 2755 2107 reddidit
2786 2068 2800 2107 :
2837 2072 2865 2104 (ι
2895 2050 2959 2111 Si
2990 2054 3183 2127 fuerit,
3214 2055 3427 2133 inquit,
3460 2060 3743 2124 Dominus

2036 2150 2266 2195 mecum
2305 2140 2361 2193 et
2404 2134 2737 2196 custodierit
2768 2155 2859 2199 me
2896 2141 2959 2200 in
2997 2142 3111 2214 via,
3147 2160 3250 2221 per
3279 2164 3456 2221 quam
3486 2167 3592 2227 ego
3620 2168 3749 2213 am-

2038 2224 2198 2295 bulo,
2230 2231 2286 2283 et
2328 2223 2547 2285 dederit
2588 2228 2731 2286 mihi
2766 2244 2978 2304 panem
3005 2233 3077 2292 ad
3108 2238 3460 2298 vescendum
3488 2223 3547 2299 et
3570 2246 3750 2303 vesti-

2039 2321 2303 2372 mentum
2330 2314 2403 2371 ad
2440 2313 2822 2389 induendum,
2856 2335 3241 2398 reversusque
3278 2327 3442 2387 fuero
3480 2344 3750 2406 prospere

2037 2402 2107 2461 ad
2137 2402 2376 2460 domum
2403 2403 2580 2476 patris
2623 2405 2757 2478 mei,
2789 2408 2896 2466 erit
2942 2411 3090 2471 mihi
3128 2413 3414 2476 Dominus
3444 2402 3502 2477 in
3533 2402 3746 2494 Deum,

2037 2495 2094 2547 et
2114 2488 2256 2563 lapis
2278 2489 2406 2560 iste,
2428 2506 2602 2565 quem
2627 2494 2788 2554 erexi
2818 2497 2878 2554 in
2911 2498 3168 2573 titulum,
3192 2504 3495 2564 vocabitur
3520 2488 3740 2570 Domus

2037 2579 2163 2650 Dei,
2205 2586 2663 2656 cunctorumque
2705 2600 2839 2660 quae
2874 2586 3100 2649 dederis
3143 2591 3290 2651 mihi
3324 2593 3577 2656 decimas
3603 2600 3751 2659 oﬂ’e—

2039 2684 2163 2753 ram
2213 2668 2316 2727 tibi
2355 2671 2509 2740 (Gen.
2558 2678 2799 2747 XXVIII).
2834 2700 2857 2726 ι
2921 2677 3126 2753 Jephte
3165 2681 3489 2744 Galaadites
3539 2697 3743 2752 votum

2042 2752 2214 2826 vovit,
2249 2763 2305 2815 et
2350 2758 2595 2818 reddidit
2635 2784 2648 2818 :
2697 2787 2718 2814 ιι
2774 2752 3033 2835 Domine,
3086 2768 3300 2843 inquit,
3345 2772 3393 2831 si
3446 2776 3749 2839 tradideris

2036 2844 2190 2905 ﬁlios
2230 2846 2482 2907 Ammon
2531 2848 2593 2907 in
2640 2865 2852 2910 manus
2901 2871 3076 2927 meas,
3134 2859 3472 2935 quicunque
3520 2866 3751 2939 primus

2037 2949 2303 3007 egressus
2345 2937 2519 2996 fuerit
2548 2939 2618 2997 de
2664 2940 2887 3001 foribus
2934 2945 3140 3005 domus
3178 2964 3324 3008 mea;
3364 2937 3628 3028 mihique
3653 2972 3750 3017 oc-

2036 3024 2281 3083 currerit
2308 3030 2614 3087 revertenti
2654 3044 2787 3089 cum
2818 3049 2949 3104 pace
2976 3051 3010 3092 a
3041 3035 3182 3096 ﬁliis
3219 3041 3493 3114 Ammon,
3521 3024 3655 3103 eum
3685 3047 3747 3105 in

245 3112 380 3171 dide
423 3121 479 3170 et
514 3114 790 3189 ﬂagitiose
831 3120 1067 3192 vixerit;
1108 3136 1227 3179 non
1283 3129 1347 3180 ut
1383 3123 1453 3181 ad
1495 3121 1687 3196 priora
1739 3124 1953 3197 redeal,
1979 3114 2439 3211 gholocaustum
2488 3120 2725 3181 offeram
2780 3123 3041 3185 DominO-
3094 3112 3506 3208 Ττίιηείνίῖτμιὸ
3544 3134 3749 3211 Iephte

245 3201 345 3260 sed
384 3211 449 3260 ut
488 3203 664 3278 digne
703 3205 926 3280 deﬂeat,
973 3215 1025 3266 et
1073 3223 1269 3268 coram
1315 3227 1377 3270 se
1423 3227 1489 3270 ea
1537 3218 1767 3285 statuat,
1806 3215 1951 3274 unde

2047 3203 2304 3296 adulilios
2344 3208 2616 3278 Ammon,
2666 3218 2731 3268 ut
2766 3222 3048 3287 pugnaret
3085 3226 3279 3278 contra
3317 3201 3422 3280 eos
3451 3238 3597 3296 quos
3617 3201 3751 3286 ‘tra-

245 3287 430 3349 David
478 3310 491 3350 :
538 3315 561 3345 ι
589 3293 893 3370 Peccatum
947 3311 1142 3356 meum
1197 3314 1389 3358 coram
1442 3316 1535 3359 me
1592 3308 1675 3360 est
1728 3318 1957 3376 semper

244 3379 411 3445 (Psal.
458 3391 521 3448 1).
557 3403 578 3432 ι
630 3380 823 3441 Tertia
862 3383 1200 3457 recordatio,
1245 3403 1377 3460 quae
1427 3387 1640 3447 dicitur
1680 3390 1951 3463 gloriosa,

242 3472 328 3526 est
357 3468 589 3542 quando
620 3471 795 3531 homo
822 3475 1170 3533 remeditans
1201 3477 1334 3550 quis
1365 3478 1563 3548 fuerit,
1591 3488 1647 3537 et
1677 3496 1791 3554 qua
1821 3498 1954 3555 gra-

243 3555 321 3614 tia
370 3556 441 3615 de
473 3557 603 3618 lacu
656 3562 909 3620 miserim
941 3571 996 3621 et
1035 3563 1107 3621 de
1156 3563 1279 3623 luto
1322 3564 1484 3624 faecis
1537 3566 1817 3627 liberatus
1859 3571 1951 3643 sit,

241 3644 452 3717 gratias
489 3647 628 3721 agit,
657 3649 889 3709 dicens:
933 3670 962 3704 α
992 3650 1119 3710 Non
1159 3652 1346 3725 nobis,
1380 3654 1646 3729 Domine,
1693 3674 1806 3718 non
1844 3674 1953 3719 no-

239 3732 351 3806 bis,
392 3736 493 3794 sed
532 3737 757 3796 nomini
803 3746 905 3799 tuo
947 3739 1021 3798 da
1073 3742 1321 3815 gloriam
1366 3747 1537 3816 (Psal.
1587 3748 1770 3820 CXIII).
1808 3769 1835 3803 »
1883 3748 1957 3808 Et

241 3836 379 3882 cum
415 3820 690 3885 Israelitis
732 3827 803 3885 de
839 3826 1110 3903 Egyptia
1163 3832 1439 3891 servitute
1481 3834 1779 3907 liberatus,
1830 3853 1955 3911 gra-

243 3911 561 3999 tulabunda
610 3914 890 3987 decantat,
936 3918 1133 3978 dicens
1180 3939 1192 3978 :
1256 3940 1284 3975 α
1312 3923 1625 3983 Cantemus
1683 3925 1951 3999 Domino,

241 3997 489 4072 gloriose
537 4001 693 4060 enim
730 4002 1142 4067 honoriﬁcatus
1185 4016 1290 4081 est,
1331 4025 1549 4086 equum
1589 4020 1646 4071 et
1689 3997 1952 4074 ascenso?

2036 3291 2185 3349 didit
2219 3294 2501 3353 Dominus
2535 3298 2596 3355 in
2639 3315 2849 3360 manus
2887 3303 3031 3376 ejus.
3070 3306 3400 3367 Revertenti
3443 3291 3638 3373 autem
3688 3316 3751 3374 in

2034 3379 2271 3451 Maspha
2315 3383 2554 3441 domum
2600 3401 2785 3457 suam,
2836 3391 3083 3449 occurrit
3127 3395 3429 3467 unigenita
3474 3398 3595 3458 ﬁlia
3638 3417 3746 3460 sua

2035 3482 2167 3526 cum
2211 3472 2502 3542 tympanis
2549 3480 2605 3531 et
2657 3476 2885 3549 choris;
2930 3495 3049 3537 non
3095 3483 3252 3541 enim
3304 3484 3544 3545 habebat
3604 3488 3748 3548 alios

2034 3556 2262 3616 liberos.
2293 3558 2417 3630 Qua
2454 3561 2597 3634 visa,
2628 3563 2797 3622 scidit
2836 3567 3181 3628 vestimenta
3225 3587 3332 3630 sua
3374 3581 3429 3632 et
3465 3576 3583 3635 ait:
3615 3576 3752 3638 Heu

2034 3657 2164 3709 me!
2219 3647 2339 3707 ﬁlia
2397 3665 2542 3722 mea,
2591 3652 2867 3726 decepisti
2928 3672 3039 3728 me,
3094 3666 3150 3717 et
3204 3659 3328 3735 ipsa
3380 3664 3611 3739 decepta
3667 3683 3748 3726 es.

2038 3737 2256 3814 Aperui
2277 3737 2435 3794 enim
2466 3752 2531 3796 os
2578 3754 2773 3799 meum
2810 3743 2880 3802 ad
2916 3744 3252 3819 Dominum,
3280 3757 3336 3807 et
3372 3737 3534 3809 aliud
3564 3755 3747 3814 facere

2035 3843 2155 3890 non
2181 3835 2392 3901 potem.
2428 3827 2496 3885 Et
2530 3829 2660 3887 fecit
2683 3831 2752 3890 de
2789 3848 2875 3904 ea,
2908 3835 3055 3894 sicut
3087 3847 3317 3898 voverat
3346 3843 3547 3910 (Judic.
3578 3850 3685 3916 XI).
3720 3869 3744 3899 ι

2033 3919 2235 3993 Ipsum
2277 3916 2649 3990 unigenitum
2693 3920 2793 3980 Dei
2834 3921 3048 3982 Filium
3081 3926 3311 3999 jurasse
3366 3930 3518 3990 Patri
3545 3948 3610 3991 ac
3642 3948 3749 3994 vo-’

2035 4008 2189 4066 visse
2235 4006 2466 4071 scimus,
2505 4012 2805 4068 attestante
2849 4011 3170 4088 Psalmista,
3200 4019 3303 4091 qui
3342 4020 3425 4077 ait
3456 4039 3483 4079 -:
3527 4041 3556 4075 α
3587 4021 3751 4083 Sic‘ut

242 4103 368 4147 rem
405 4087 609 4185 dejecit
636 4091 695 4150 in
736 4110 894 4153 mare
929 4098 1123 4168 (Exod.
1173 4100 1309 4173 xv);
1344 4109 1399 4159 et
1437 4117 1573 4161 cum
1626 4102 1901 4165 Zacharia
1934 4130 1948 4165 :

2047 4093 2249 4167 iuravit
2308 4093 2573 4185 Domino,
2634 4106 2835 4156 votum
2910 4106 3067 4160 vovit
3148 4087 3265 4165 Deo
3347 4108 3521 4169 Jacob
3575 4113 3746 4185 (Psal.

248 4201 270 4232 ε
304 4177 653 4240 Benedictus
680 4181 964 4243 Dominus
993 4186 1149 4246 Deus
1179 4187 1373 4260 Israel,
1411 4192 1551 4265 quia
1592 4192 1870 4265 visitavit,
1899 4202 1955 4254 et

242 4267 378 4331 fecit
408 4270 861 4345 redemptionem
892 4275 1076 4347 plebis
1101 4293 1224 4337 suae
1255 4282 1405 4349 (Luc.
1443 4288 1509 4350 1).
1548 4302 1576 4336 »
1612 4282 1754 4342 Haec
1791 4292 1952 4357 sunt,

244 4371 380 4431 qum
405 4358 522 4417 Deo
550 4360 755 4420 oﬁ'erre
780 4361 1079 4423 debemus.

317 4443 613 4506 Tenemur
654 4448 827 4507 etiam
879 4450 933 4509 ei
989 4452 1263 4524 reddere,
1318 4470 1450 4531 quae
1503 4457 1748 4517 fecimus
1800 4466 1950 4532 vota,

239 4530 414 4621 juxta
434 4530 736 4609 Prophetas
777 4536 1236 4601 adhortationem
1269 4568 1280 4602 :
1319 4530 1347 4596 cf
1377 4543 1601 4621 Venite,
1635 4554 1691 4607 et
1736 4530 1954 4608 reddite

251 4617 494 4711 Domino
533 4621 652 4682 Deo
694 4631 899 4686 vestro.
942 4649 965 4679 ι
1005 4628 1117 4700 Qui
1161 4644 1279 4689 non
1325 4631 1510 4691 reddit
1557 4617 1709 4711 quod
1758 4642 1949 4708 vovet,

243 4709 414 4780 quasi
465 4709 653 4771 Deum
702 4722 989 4786 provocat,
1041 4726 1096 4776 et
1146 4719 1369 4780 irridet.
1425 4709 1811 4783 Reddendum
1867 4731 1951 4783 est

245 4802 445 4855 votum
478 4797 791 4874 integrum,
823 4810 879 4861 et
914 4807 1252 4881 perfectum,
1287 4811 1455 4886 quasi
1489 4812 1658 4872 aliter
1699 4830 1818 4873 non
1857 4831 1948 4873 sa-

243 4885 718 4977 tisfaceretDeo,
756 4895 875 4967 *qui
925 4901 1124 4955 votum
1177 4885 1439 4958 nostrum
1489 4908 1763 4976 tanquam
1813 4918 1946 4977 pro-

238 4971 437 5048 prium
462 4976 646 5053 exigit
683 4981 964 5042 debitum.
992 4984 1157 5043 Unde
1189 4994 1245 5044 et
1282 4987 1343 5045 in
1379 4987 1507 5062 lege
1529 4971 1762 5057 dicitur.
1790 4971 1947 5064 quod

1974 4508 2025 4567 D

2034 4187 2287 4254 CXXXI);
2318 4202 2347 4235 »
2384 4183 2601 4241 scilicet
2632 4192 2694 4243 ut
2731 4198 3153 4251 sacramentum
3194 4195 3493 4270 religionis
3526 4183 3590 4257 in
3620 4216 3751 4274 pas-

2034 4275 2199 4332 sione
2224 4287 2347 4330 sum
2374 4273 2564 4330 carnis
2591 4290 2693 4347 pro
2722 4275 2909 4336 salute
2935 4283 3164 4352 generis
3194 4284 3439 4344 humani
3468 4273 3756 4362 expleret.

2034 4365 2339 4424 Faciamus
2380 4372 2435 4421 et
2471 4379 2573 4422 nos
2615 4364 2900 4440 similiter,
2931 4378 2987 4428 et
3024 4381 3155 4431 vota
3183 4390 3318 4448 quia
3351 4378 3619 4459 vovimus
3652 4380 3750 4461 in-

2038 4458 2193 4527 tegre
2224 4464 2640 4527 persotvamus.
2675 4454 2838 4524 Quod
2880 4457 3001 4533 ipse
3028 4471 3298 4534 przestare
3338 4458 3611 4542 dignetur
3646 4458 3750 4541 qui

2026 4558 2175 4602 cum
2213 4542 2377 4600 Patre
2415 4548 2470 4599 et
2502 4542 2717 4616 Spiritu
2759 4557 2952 4607 sancto
2992 4551 3137 4611 vivit
3165 4560 3217 4611 et
3244 4563 3442 4629 regnat
3466 4555 3623 4617 Deus
3640 4572 3752 4630 per
3855 4542 3860 4546 ’

2038 4632 2234 4693 omnia
2258 4633 2471 4692 saecula
2505 4637 2879 4698 saeculorum.
2911 4641 3122 4701 Amen.

2364 4853 2371 4856 ,
2652 4779 2902 4843 SERMO
2929 4784 3130 4846 LXXI.

2413 4894 2495 4941 IIl.
2531 4896 2594 4943 IN
2624 4898 3012 4948 DEDICATIONE
3050 4902 3363 4954 ECCLESLE.

2108 5022 2137 5051 α
2164 4997 2321 5057 Fecit
2349 4999 2506 5061 Deus
2555 4999 2672 5059 duo
2717 5017 2923 5075 magna
2947 5006 3281 5080 luminaria,
3314 5010 3603 5072 luminare
3624 5029 3743 5076 ma-

235 5065 469 5135 bovem,
501 5075 556 5126 et
582 5084 772 5142 ovem,
792 5088 934 5132 aure
964 5082 1017 5134 et
1044 5075 1225 5134 cauda
1247 5082 1586 5151 amputatis,
1616 5081 1947 5140 voluntarie
2024 5084 2141 5161 jus,
2171 5094 2238 5146 ut
2270 5096 2537 5162 praeesset
2561 5089 2697 5162 diei,
2726 5099 2779 5149 et
2812 5094 3095 5153 luminare
3126 5076 3345 5171 minus,
3374 5109 3439 5158 ut
3472 5111 3741 5175 praeesset
3782 5130 3785 5131 ν

236 5154 451 5216 offerre
495 5172 807 5233 possumus
860 5166 1055 5230 (Leuit.
1120 5178 1274 5235 XXII,
1310 5168 1421 5238 23).
1476 5168 1691 5230 Votum
1747 5181 1942 5231 autem
2025 5154 2180 5237 nocti
2213 5154 2366 5250 (Gen.
2406 5192 2468 5249 1).
2508 5201 2535 5233 ››
2562 5182 2688 5240 Νοη
2734 5187 2949 5255 omnia,
2980 5187 3184 5247 fratres
3223 5154 3568 5264 chai'issimi,
3606 5210 3741 5271 qum

236 5256 306 5271 Α..
350 5244 439 5271 λιι.
479 5248 619 5271 ..ΑΙυζ
668 5267 777 5271 μ-..
838 5266 923 5271 μ--
1000 5264 1010 5271 .
1163 5256 1196 5271 ιι
1357 5258 1393 5271 μ
1487 5258 1539 5271 οι
1683 5266 1701 5271 ..
1795 5261 1805 5271 .
1897 5263 1908 5271 .
2215 5269 2222 5271 Α
2349 5269 2401 5271 _,

235 5256 312 5353 lix
347 5244 441 5303 his
478 5248 623 5307 solvi
668 5267 785 5311 non
834 5264 1036 5329 potest,
1077 5256 1292 5331 quibus
1319 5258 1543 5334 aliquid
1569 5261 1942 5334 perfectionis
2025 5277 2163 5328 sunt
2208 5244 2268 5326 in
2313 5269 2546 5339 cithara,
2580 5286 2805 5339 sonant,
2835 5276 2933 5333 sed
2975 5279 3170 5336 omnia
3201 5279 3428 5353 juvant.
3478 5244 3570 5340 Sic
3608 5244 3734 5345 non

235 5329 418 5392 deest.

2022 5356 2220 5415 Omnia
2266 5372 2400 5432 quae
2437 5368 2575 5415 sunt
2604 5360 2664 5416 in
2695 5360 2895 5420 divina
2930 5363 3223 5439 Scriptura
3252 5368 3604 5442 spiritualem
3639 5372 3733 5431 in;

303 5423 601 5500 Recogitet
651 5430 831 5502 igitur
869 5434 1273 5531 unusquisque
1323 5442 1592 5497 nostrum
1631 5439 1775 5514 quid
1824 5440 1939 5501 Do-
2024 5423 2399 5522 telligentiam
2432 5460 2729 5523 generant,
2764 5453 2863 5511 sed
2900 5423 3098 5515 omnia
3127 5423 3359 5531 juvant.
3393 5450 3565 5521 Unde
3580 5464 3636 5522 si
3664 5452 3730 5526 in

233 5512 397 5612 mino
435 5517 678 5630 voveri‘t,
714 5526 768 5578 et
805 5530 1023 5597 satagat
1060 5520 1210 5585 illud
1245 5524 1506 5588 reddere.
1541 5512 1936 5592 Abrenuntia-
2018 5512 2217 5613 aliquo
2250 5538 2391 5614 legis
2432 5512 2686 5616 capitulo
2718 5512 2804 5601 fas
2845 5512 3208 5606 estisensu'm
3253 5549 3489 5623 Spiritus
3530 5540 3731 5630 aliqua

233 5601 429 5663 vimus
465 5606 702 5677 saeculo,
738 5611 1003 5671 monachi
1042 5629 1251 5673 nomen
1285 5617 1648 5690 suscepimus
1675 5626 1732 5676 et
1764 5620 1932 5678 habi-
2018 5601 2233 5687 rimula
2259 5601 2642 5701 invtueri,‘non
2680 5630 2742 5690 in
2779 5631 3161 5706 inquisitione
3200 5601 3512 5700 dormitare
3547 5601 3726 5702 debe-

518 5721 773 5784 PATROL.
804 5725 1052 5787 CXLIV.

3380 5756 3450 5816 29
