4118 6456
398 290 504 359 907

1015 283 1073 342 S.
1115 279 1335 342 PETRI
1376 278 1698 340 DAMIANI
1743 278 1903 338 OPP.
1949 277 2143 339 PARS
2182 277 2319 340 SEU
2361 281 2612 342 TOMUS
2650 280 2833 342 II.'—
2873 277 3290 344 SERMONES.

3807 288 3920 350 908

401 437 560 491 mus,
593 415 692 476 sed
735 413 1070 470 thesaurum
1105 404 1390 479 jacentem
1428 403 1492 462 in
1533 402 1721 462 littera
1760 402 1958 475 vigore
1993 403 2179 464 ala-A
2199 407 2387 466 radios
2435 417 2738 468 enumerat
2785 411 2943 470 ﬁlius
2989 411 3130 470 solis
3196 412 3416 472 Paulus
3471 415 3790 487 apostolus,
3853 417 3922 475 in

402 512 518 571 cris
563 501 785 579 ingenii
841 493 1206 571 perscrutari.
1247 492 1412 562 Quod
1454 495 1592 552 satis
1629 493 1858 566 egregie
1899 493 1986 550 vir
2021 509 2112 550 sa-

2195 493 2450 568 Epistola
2470 497 2541 553 ad
2572 498 2917 569 Corinthios,
2947 499 3050 558 ubi
3076 499 3157 558 ait
3186 519 3198 557 :
3228 524 3250 553 ι
3284 501 3545 561 Charitas
3571 517 3689 561 non
3719 518 3921 562 amu-

402 599 569 674 piens
609 585 998 654 adumbravit,
1055 600 1192 642 cum
1247 581 1454 674 dixit“:
1520 605 1546 633 α
1579 580 1706 640 Non
1751 581 2112 674 dormiasin
2197 583 2365 674 latur,
2398 600 2510 642 non
2546 587 2663 660 agit
2689 603 3008 661 perperam,
3034 603 3148 646 non
3176 587 3441 647 inflatur!
3475 611 3502 643 »
3531 595 3579 658 (1
3606 593 3727 650 Cor.
3755 597 3918 663 x111.)

401 671 539 748 sinu
568 678 832 742 mulieris
870 677 1060 745 (Ecclt'.
1096 675 1205 743 ix).
1239 696 1266 720 »
1308 671 1519 730 Mulier
1557 687 1763 745 nempe
1801 671 1947 730 sacri
1990 671 2110 730 elo-
2195 673 2240 732 Ο
2285 691 2460 747 quam
2504 676 2726 735 clarum
2775 678 3132 752 poenitentia
3181 679 3657 758 jubarhnoctem
3691 685 3917 756 peccati

401 775 526 853 quii
555 773 804 831 litteram
845 761 1141 853 exprimit,
1171 776 1247 818 ex
1285 775 1402 833 qua
1439 759 1634 853 fidelis
1655 761 2100 853 enpositorfru-

399 847 556 926 ctum
595 857 796 933 gignit.
839 853 982 923 Qua
1021 851 1228 920 littera,
1265 863 1398 907 cum
1435 849 1489 906 ei
1529 848 1827 907 catholica
1865 847 2103 908 rationis

394 948 695 1026 diligentia
739 943 1073 1006 adhibetur,
1108 937 1296 996 virilis
1329 937 1655 1026 intellectus
1693 937 1882 996 robori
1923 938 2102 996 mari-

396 1024 584 1111 tatur;
614 1054 748 1096 cum
782 1047 918 1090 vero
943 1046 1068 1088 eam
1101 1029 1352 1087 seducta
1377 1024 1522 1082 382
1553 1029 1764 1085 mentis
1796 1027 2099 1102 ingenium

393 1132 688 1205 depravat,
728 1121 895 1196 quasi
943 1118 1260 1177 castitatem
1301 1115 1537 1174 femina
1575 1115 1903 1175 adulterino
1947 1118 2104 1176 coitu

393 1220 592 1280 violat.
624 1216 796 1275 Recte
823 1226 956 1284 ergo
980 1208 1192 1266 dicitur
1223 1231 1234 1264 :
1273 1229 1299 1259 «
1330 1205 1411 1262 Ne
1441 1205 1694 1264 dormias
1723 1206 1782 1263 in
1814 1206 1948 1265 sinu
1981 1223 2104 1265 mu-

393 1308 590 1368 lieris:
629 1328 650 1356 ι
684 1319 750 1361 ac
777 1301 825 1360 si
854 1304 1046 1373 aperte
1072 1295 1360 1354 diceretur
1389 1314 1400 1353 :
1440 1294 1525 1352 Ne
1557 1294 1617 1351 in
1651 1300 1867 1352 secreto
1896 1295 2102 1354 littera

392 1413 568 1458 sensu
601 1402 844 1466 torpeas,
875 1388 973 1448 sed
999 1386 1271 1444 latentem
1300 1385 1515 1443 anima
1545 1384 1869 1458 profectum
1896 1384 2102 1455 pudica

389 1491 599 1545 excute
629 1478 952 1554 vigilantia.

465 1596 494 1628 α
527 1570 702 1640 Fecit,
735 1567 947 1640 inquit,
989 1562 1299 1623 Deusduo
1338 1576 1547 1632 magna
1594 1559 1907 1618 luminaria
1946 1562 2097 1630 (Gen.

389 1666 446 1736 ι).
486 1686 507 1714 ι
549 1659 769 1717 Verum
803 1654 1039 1728 quidem
1077 1658 1161 1709 est
1199 1650 1358 1724 quod
1397 1649 1548 1707 Deus
1587 1649 1648 1706 in
1695 1648 1897 1706 mundi
1941 1664 2100 1706 crea-

2193 772 2447 823 removet
2477 767 2630 840 quod
2659 768 3027 826 conscientia
3058 769 3327 827 nubilum
3357 771 3543 844 tergit.

2258 851 2446 910 Luna
2509 855 2705 925 hujus,
2759 855 2974 913 scilicet
3029 857 3416 929 panitentia,
3475 867 3724 932 quatuor
3768 871 3912 920 sunt

2183 939 2329 996 radii
2365 963 2376 997 :
2407 942 2658 1012 cognitio
2692 943 2926 1015 peccati,
2966 944 3130 1002 dolor
3166 961 3269 1018 pro
3310 949 3575 1018 peccatis,
3619 949 3911 1008 confessio

2181 1031 2394 1103 peccati
2430 1077 2443 1099 ,
2502 1034 2724 1091 fructus
2786 1033 3190 1108 eleemosyna.
3251 1035 3423 1095 Prius
3489 1033 3634 1093 383
3680 1045 3910 1111 oportet

2184 1134 2523 1190 cognoscere
2578 1131 2892 1193 peccatum,
2943 1124 3041 1181 sed
3083 1140 3196 1183 non
3238 1125 3489 1195 suﬂicit;
3523 1133 3743 1198 oportet
3791 1126 3904 1184 do-

2185 1208 2302 1266 lere
2332 1225 2434 1283 pro
2473 1221 2735 1284 peccato;
2775 1213 3037 1272 addenda
3071 1223 3157 1273 est
3195 1216 3368 1274 etiam
3405 1217 3712 1288 confessio,
3757 1216 3900 1290 quia

2186 1298 2398 1357 frustra
2426 1299 2579 1358 dolet
2604 1302 2704 1373 qui
2746 1317 2862 1359 non
2893 1303 3235 1373 confitetur;
3277 1303 3370 1361 his
3400 1319 3535 1362 vero
3569 1303 3903 1378 adjungen-

2183 1391 2293 1450 dus
2317 1400 2401 1449 est
2437 1393 2660 1451 fructus
2690 1393 3096 1470 eleemosyna,
3124 1397 3225 1468 qui
3253 1403 3339 1453 est
3379 1395 3627 1468 pretium
3658 1395 3896 1468 peccati.

2187 1482 2350 1540 Unde
2381 1484 2651 1557 propheta
2686 1484 2756 1542 de
2793 1486 2971 1560 impio
3001 1486 3140 1544 dicit
3169 1506 3180 1544 :
3225 1509 3252 1540 α
3293 1486 3421 1545 Non
3450 1486 3642 1545 credat
3683 1486 3904 1543 frustra

2184 1587 2378 1629 errore
2420 1572 2709 1646 deceptus,
2741 1576 2894 1648 quod
2949 1574 3145 1649 aliquo
3185 1576 3365 1650 pretio
3403 1574 3775 1633 redimendus
3826 1573 3903 1630 sit

2185 1664 2300 1731 (Job
2352 1667 2478 1734 xv).
2545 1687 2564 1712 ι
2620 1663 2876 1722 Pretium
2922 1675 3072 1724 certe
3113 1664 3326 1738 peccati
3377 1672 3459 1722 est
3503 1663 3897 1736 eleemosyna.

387 1752 546 1810 tione
589 1746 800 1806 calum
837 1742 1057 1800 clarum
1111 1739 1248 1798 solis
1285 1738 1349 1828 et'
1378 1737 1534 1828 luna
1567 1736 1836 1828 distinxit
1873 1742 2098 1828 ornatu,
2123 1751 2298 1819 Βδεά
2329 1751 2431 1823 qui
2471 1767 2694 1826 semper
2733 1736 3155 1828 ejeemosynam
3197 1761 3388 1824 erogat
3425 1761 3479 1811 ει
3507 1768 3734 1826 semper
3770 1765 3900 1824 pec-

389 1846 456 1900 ut
477 1838 727 1897 alterum
748 1831 886 1900 diei,
909 1831 1159 1888 alterum
1190 1827 1375 1886 noctis
1401 1825 1862 1884 vicissitudinem
1889 1825 2098 1897 guber-

389 1933 570 1985 naret.
621 1923 795 1982 Porro
852 1919 900 1976 si
950 1915 1194 1975 interius
1243 1921 1688 1989 perscrutemur,
1728 1912 2101 1971 inveniemus

387 2014 555 2075 nobis
589 2011 882 2085 allegoria
920 2005 1262 2081 respondere
1312 2010 1615 2062 secretum.
1652 2001 1906 2060 Ecclesia
1943 2002 2102 2060 enim

391 2106 596 2166 mundi
626 2104 875 2176 figuram
901 2099 1068 2172 gerit,
1101 2096 1239 2170 quia
1278 2096 1426 2153 sicut
1463 2094 1722 2152 mundus
1753 2109 1826 2150 ex
1857 2100 2102 2165 quatuor

389 2194 688 2256 elementis
736 2189 1016 2259 subsistit,
1057 2187 1136 2244 ita
1176 2185 1429 2242 Ecclesia
1467 2199 1540 2240 ex
1583 2182 1948 2256 quaternaria
1998 2181 2100 2240 do-

387 2285 572 2343 ctrina
600 2277 901 2352 Evangelii
921 2274 1204 2334 coalescit.
1230 2272 1414 2330 Habet
1433 2278 1627 2330 autem
1652 2271 1905 2328 Ecclesia
1928 2286 2100 2328 suum

389 2372 566 2440 diem,
601 2370 770 2427 habet
813 2373 866 2424 et
919 2364 1118 2423 lunam
1166 2361 1226 2418 in
1276 2367 1457 2418 nocte.
1514 2359 1646 2418 Dies
1705 2359 1976 2422 Ecclesia
2015 2367 2100 2417 est

391 2470 620 2535 tempus
659 2456 850 2532 pacis;
887 2470 1004 2512 nox
1037 2451 1309 2510 Ecclesia
1346 2457 1430 2509 est
1475 2457 1780 2522 tempestas
1827 2465 2097 2522 persecu-

389 2553 582 2614 tionis.
614 2549 712 2609 Sol
745 2563 878 2606 vero
917 2544 978 2602 in
1017 2542 1288 2601 Ecclesia
1327 2541 1441 2612 die,
1490 2548 1574 2598 est
1606 2540 1914 2612 sapientia;
1959 2540 2098 2598 luna

388 2649 582 2702 autem
607 2639 669 2696 in
699 2636 970 2694 Ecclesia
989 2639 1173 2702 nocte,
1207 2638 1291 2689 est
1325 2629 1615 2703 patientia.
1647 2628 1752 2686 His
1776 2628 2099 2686 luminibus

388 2731 542 2790 Deus
594 2725 906 2786 Ecclesiam
958 2737 1125 2780 suam
1169 2721 1380 2794 pinxit,
1420 2727 1708 2794 quatenus
1746 2727 1799 2778 et
1852 2720 1911 2776 in
1964 2735 2098 2792 pace

390 2835 509 2879 non
547 2817 621 2875 sit
652 2812 974 2888 improvida
1015 2819 1068 2870 et
1103 2811 1160 2868 in
1207 2809 1356 2867 bello
1389 2825 1506 2867 non
1546 2809 1880 2868 inveniatur
1910 2808 2101 2868 mollis

389 2917 444 2968 et
475 2908 667 2965 fracta.
705 2903 809 2962 Per
835 2901 1173 2975 sapientiam
1210 2899 1463 2957 Ecclesia
1492 2915 1551 2956 se
1579 2898 1822 2972 protegit
1861 2899 1920 2956 in
1963 2913 2102 2972 pace

391 3014 424 3057 a
470 2991 855 3060 damonibus,
911 3006 1011 3063 per
1048 2989 1384 3062 patientiam
1424 3003 1484 3045 se
1523 2996 1716 3046 tuetur
1764 2991 1826 3046 in
1877 2988 2028 3046 bello
2069 3005 2101 3046 a

2185 1847 2273 1896 cat
2301 1841 2512 1898 frustra
2537 1841 2715 1899 credit
2750 1843 2903 1916 quod
2933 1843 3298 1916 eleemosyna
3323 1843 3375 1901 ei
3399 1841 3674 1915 proficiat.
3704 1839 3896 1897 Inter-

2184 1927 2525 2000 pretandum
2582 1936 2666 1986 est
2714 1930 2891 2003 igitur
2945 1933 3324 2004 eleemosyna
3379 1929 3748 1988 vocabulum.
3800 1927 3892 1997 Et,

2185 2016 2485 2088 Hebraice,
2541 2022 2700 2083 Deus,
2757 2035 2942 2092 moys,
3002 2019 3334 2092 [Egyptiaca
3407 2019 3608 2090 lingua
3682 2017 3898 2075 dicitur

2186 2124 2352 2177 aqua,
2383 2107 2519 2166 inde
2558 2108 2937 2182 eleemosyna,
2974 2110 3032 2166 id
3067 2117 3169 2180 est,
3201 2128 3347 2180 aqua
3375 2113 3491 2166 Dei.
3537 2109 3580 2164 E
3611 2105 3897 2164 contrario

2185 2194 2381 2252 videre
2434 2211 2741 2268 possumus
2785 2197 2939 2271 quod
2982 2205 3275 2271 peccatum
3322 2205 3405 2255 est
3451 2195 3604 2269 ignis
3654 2193 3892 2251 diaboli.

2183 2282 2368 2355 Igitur
2418 2291 2612 2342 contra
2663 2287 2857 2359 ignem
2913 2287 3126 2345 diaboli
3188 2292 3510 2360 opponatur
3559 2299 3709 2357 aqua
3767 2281 3890 2339 Dei.

2185 2370 2494 2444 Perpende,
2550 2373 2893 2443 Christiane,
2939 2374 3278 2446 dignitatem
3321 2382 3496 2439 tuam,
3558 2378 3612 2428 et
3665 2370 3892 2428 redem-

2182 2457 2438 2531 ptionem
2468 2461 2658 2534 culpa
2678 2467 2813 2520 tua.
2845 2463 2972 2521 Noli
3001 2462 3256 2521 belluina
3286 2469 3477 2520 mente
3503 2468 3891 2520 contemnere.

2181 2546 2337 2605 Deus
2368 2547 2796 2623 eleemosynam
2830 2550 2960 2607 fecit
2991 2551 3114 2620 tibi,
3145 2565 3352 2623 corpus
3392 2545 3687 2621 proprium
3722 2547 3891 2604 morti

2182 2635 2480 2708 tradendo,
2525 2643 2584 2695 tu
2631 2638 3056 2712 eleemosynam
3099 2639 3183 2695 fac
3221 2637 3329 2706 illi,
3368 2634 3687 2695 buccellam
3728 2634 3895 2708 panis

2183 2723 2526 2796 porrigendo
2588 2729 2846 2799 pauperi.
2911 2727 3045 2785 Esto
3096 2726 3257 2800 prius
3316 2727 3377 2784 in
3442 2733 3495 2782 te
3542 2723 3892 2792 misericors,

2182 2815 2390 2874 deinde
2417 2816 2476 2872 in
2505 2815 2836 2890 proximum
2864 2818 3186 2875 clementia
3215 2817 3408 2874 rivum
3435 2812 3684 2882 effunde,
3716 2819 3781 2870 ut
3813 2810 3896 2869 sic

2183 2904 2394 2977 pariter
2421 2919 2554 2962 cum
2581 2904 2846 2977 proximo
2885 2905 2955 2962 ad
3000 2906 3219 2964 fontem
3258 2901 3666 2962 misericordia
3699 2901 3899 2958 valeas

2183 2995 2505 3068 pervenire,
2559 2994 2696 3052 Jesu
2749 2995 3047 3053 Christum
3104 2995 3418 3052 Dominum
3459 2999 3747 3059 nostrum,
3791 2989 3894 3062 qui

391 3081 871 3163 persecutoribus.
931 3079 1099 3177 Non“
1122 3078 1405 3177 claudicat
1475 3077 1770 3177 Ecclesia,
1843 3093 1960 3136 non
2015 3085 2317 3177 estccum
2351 3081 2514 3139 Patre
2541 3090 2596 3177 e‘t
2627 3082 2843 3156 Spiritu
2873 3091 3066 3142 sancto
3106 3083 3248 3142 vivit
3288 3089 3344 3140 et
3381 3088 3580 3155 regnat
3609 3079 3770 3138 Deus
3795 3094 3898 3152 per

389 3175 653 3242 inermis,
679 3167 1246 3245 argumentadivina
1264 3167 1548 3242 sapienter
1577 3166 1787 3239 eludit,
1812 3173 2098 3226 tormenta
2123 3166 2163 3177 “”
2185 3171 2381 3229 omnia
2409 3168 2620 3229 sacula
2648 3173 3016 3230 saculorum.
3049 3170 3262 3230 Amen.

389 3264 700 3326 hominum
727 3259 974 3319 sustinet
1007 3256 1306 3331 patienter.

459 3352 634 3412 Recta
670 3362 905 3424 prorsus
942 3345 1290 3420 comparatio
1326 3351 1409 3403 est
1440 3344 1580 3402 solis
1615 3344 1686 3402 ad
1737 3345 2096 3418 sapientiam,

387 3446 546 3504 luna
573 3439 644 3498 ad
676 3435 1029 3513 patientiam,
1061 3433 1199 3508 quia
1221 3433 1370 3491 sicut
1399 3433 1483 3492 sol
1513 3434 1691 3503 luna,
1714 3434 1792 3492 ita
1816 3435 2098 3509 sapientia

384 3531 684 3610 prapollet
723 3525 1032 3603 patientia.
1070 3524 1366 3598 Sapientia
1405 3525 1601 3598 itaque
1641 3525 1748 3593 sol,
1776 3524 1914 3597 quia
1954 3525 2100 3585 illu-

387 3624 607 3692 minat;
658 3617 930 3695 patientia
963 3615 1121 3687 luna,
1164 3614 1302 3690 quia
1340 3613 1638 3672 confortat.
1686 3615 1791 3672 His
1848 3616 2096 3689 geminis

381 3710 636 3773 brachiis
680 3707 934 3768 Ecclesia
974 3711 1212 3779 pugnat,
1255 3705 1434 3761 altero
1471 3712 1838 3776 prosternens
1872 3703 2093 3764 damo-

383 3817 508 3872 nes,
541 3799 718 3858 altero
747 3798 984 3854 vincens
1021 3792 1304 3852 homines.
1349 3792 1503 3850 Fecit
1541 3792 1738 3866 itaque
1785 3792 1936 3851 Deus
1970 3793 2094 3851 hac

381 3893 497 3952 duo
529 3904 737 3963 magna
766 3885 1097 3955 luminaria,
1132 3884 1346 3957 quibus
1375 3890 1623 3941 ornatur
1651 3882 1926 3954 Ecclesia,
1960 3885 2091 3958 qui-

381 3984 491 4043 bus
519 3979 685 4054 quasi
712 3977 941 4037 duobus
972 3973 1158 4034 oculis
1191 3973 1452 4032 munitur
1481 3971 1697 4031 Christi
1729 3974 2016 4033 columba.

447 4069 756 4130 Dissolutis
796 4065 1023 4124 nebulis
1060 4063 1368 4136 allegoria,
1412 4065 1566 4123 hunc
1603 4065 1773 4123 etiam
1830 4065 2089 4125 rivulum

381 4159 695 4230 Scriptura
747 4155 818 4213 ad
873 4154 1196 4226 irrigandos
1253 4168 1442 4211 mores
1511 4162 1730 4212 nostros
1779 4169 2088 4228 possumus

382 4248 628 4306 trahere.
660 4243 805 4302 Nam
845 4243 992 4300 sicut
1027 4241 1173 4299 Deus
1210 4241 1271 4297 in
1311 4243 1417 4299 hoc
1465 4242 1683 4302 mundo
1725 4244 1840 4302 duo
1884 4261 2088 4318 magna

382 4333 698 4395 luminaria
738 4331 888 4401 fecit,
924 4329 1002 4386 ita
1032 4329 1205 4386 etiam
1246 4329 1304 4385 in
1339 4330 1571 4388 homine
1603 4331 1719 4390 duo
1759 4348 1965 4406 magna
1998 4334 2088 4391 lu-

2740 3309 2743 3311 -
2779 3277 3028 3338 SEBMO
3051 3277 3283 3337 LXXII.

2568 3362 2647 3408 IV.
2685 3361 2745 3407 ΙΝ
2775 3363 3159 3409 DEDICATIONE
3190 3361 3503 3408 ECCLESIE.

2252 3437 2418 3508 (1'21).
2467 3483 2479 3495 .
2519 3483 2532 3496 .
2573 3484 2584 3496 .
2625 3484 2637 3498 .
2675 3485 2687 3496 .
2724 3483 2738 3496 .
2772 3456 2902 3497 vere
2941 3447 3026 3497 est
3056 3454 3223 3496 mons
3267 3435 3646 3506 fortitudinis,
3680 3435 3887 3494 innui-

2181 3533 2274 3586 tur
2312 3527 2561 3586 salutare
2607 3527 2915 3598 vexillum,
2961 3527 3018 3586 id
3059 3535 3144 3586 est
3185 3543 3351 3598 crux,
3389 3541 3522 3602 qua
3569 3525 3889 3584 immortali

2180 3616 2458 3676 memoria
2490 3618 2635 3676 viret
2661 3633 2906 3692 semper,
2929 3618 3092 3676 ﬂoret
3117 3624 3288 3691 atque
3308 3616 3617 3676 fructilicat
3637 3616 3700 3674 in
3729 3631 3891 3674 meu-

2181 3708 2334 3766 tihus
2354 3707 2692 3766 electorum.

2251 3799 2357 3859 Per
2395 3801 2501 3858 hoc
2538 3807 2732 3858 autem
2760 3800 2918 3874 quod
2956 3800 3018 3859 in
3063 3800 3241 3858 sacris
3271 3798 3553 3857 altaribus
3585 3794 3890 3854 Dominico

2176 3892 2400 3964 corpori
2439 3899 2766 3949 sanctorum
2819 3890 3083 3966 reliquia
3137 3889 3453 3960 sociantur,
3491 3888 3724 3947 unitum
3772 3885 3886 3945 Re-

2173 3981 2457 4055 demptori
2495 3998 2600 4041 suo
2638 3988 2850 4040 sancta
2894 3981 3164 4040 Ecclesia
3202 3996 3408 4055 corpus
3454 3979 3798 4048 ostenditur,
3835 3986 3892 4037 et

2171 4071 2336 4144 quasi
2368 4087 2612 4146 sponsus
2646 4088 2777 4130 cum
2819 4086 3027 4144 sponsa
3066 4071 3127 4128 in
3164 4069 3346 4128 sancti
3394 4069 3591 4126 altaris
3633 4067 3890 4125 thalamo

2169 4161 2496 4219 collocatur.
2533 4160 2601 4217 Et
2629 4161 2766 4235 quia
2799 4160 2858 4217 in
2887 4160 3250 4234 Apocalypsi,
3279 4159 3385 4218 sub
3413 4157 3578 4216 altari
3603 4156 3704 4214 Dei
3745 4155 3889 4214 visa

2171 4258 2499 4308 sanctorum
2544 4258 2864 4322 martyrum
2899 4251 3111 4308 anima
3153 4249 3486 4307 referuntur
3537 4249 3726 4318 (Apoc.
3783 4252 3886 4315 Vt),

2171 4338 2465 4412 aptissime
2494 4339 2780 4411 congruit,
2821 4347 2886 4397 ut
2909 4339 3084 4397 etiam
3109 4338 3264 4413 apud
3306 4353 3411 4395 nos
3435 4335 3544 4394 sub
3582 4350 3700 4392 ara
3740 4333 3890 4391 visi-

382 4426 628 4484 minaria
677 4419 987 4480 ordinavit.
1049 4417 1129 4475 Ne
1181 4417 1292 4476 sibi
1353 4419 1612 4478 videatur
1649 4421 1883 4486 durum,
1935 4423 2310 4501 quodnbilis
2358 4443 2558 4486 mensa
2593 4442 2793 4485 eorum
2833 4427 3146 4501 patrocinia
3187 4425 3592 4485 recondantur.

379 4513 657 4583 dicimus;
708 4511 878 4569 homo
925 4506 1083 4566 enim
1125 4507 1265 4566 alter
1317 4517 1403 4568 est
1458 4510 1734 4582 mundus,
1766 4511 1920 4570 unde
1968 4514 2090 4586 ipsa

379 4605 580 4664 Graca
629 4600 830 4675 lingua
887 4606 1140 4670 vocatur,
1205 4597 1568 4673 μικρόκοσμος,
1629 4599 1687 4658 id
1736 4607 1840 4671 est,
1901 4602 2092 4664 minor

383 4691 659 4764 mundus,
699 4690 838 4766 quia
884 4689 956 4747 ad
1001 4688 1444 4747 similitudinem
1485 4689 1719 4761 majoris
1759 4691 1963 4749 mundi
2007 4701 2093 4751 est

382 4783 582 4842 factus.
626 4781 770 4838 Nam
804 4780 952 4837 sicut
987 4779 1144 4837 Deus
1180 4779 1384 4849 majori
1427 4778 1642 4836 mundo
1677 4779 1965 4851 prasidet,
2013 4783 2091 4840 ita

378 4870 530 4949 quod
571 4869 788 4944 ubique
813 4876 897 4926 est
926 4874 1114 4937 totus;
1145 4867 1227 4926 sic
1251 4867 1446 4924 anima
1473 4869 1695 4940 corpori
1725 4868 2086 4942 dominatur,

380 4964 461 5024 ita
484 4962 641 5037 quod
668 4961 884 5035 ubique
913 4967 1024 5016 tota
1061 4968 1146 5017 est
1177 4960 1234 5016 in
1264 4973 1520 5033 corpore.

450 5052 639 5112 Homo
665 5050 860 5124 itaque
903 5048 1069 5106 habet
1110 5047 1287 5119 diem,
1327 5047 1494 5106 habet
1533 5057 1588 5108 et
1626 5059 1884 5122 noctem;
1923 5053 2092 5110 habet

381 5144 563 5202 solem
589 5142 650 5200 in
681 5141 791 5210 die,
825 5138 994 5197 habet
1022 5137 1224 5196 lunam
1254 5137 1313 5194 in
1342 5147 1521 5197 nocte.
1557 5138 1692 5198 Dies
1731 5140 1984 5199 hominis
2008 5149 2092 5198 est

385 5233 499 5292 vita
545 5229 812 5306 justitia,
855 5243 972 5286 nox
1021 5227 1276 5285 hominis
1325 5235 1411 5285 est
1463 5228 1578 5286 vita
1631 5229 1942 5301 nequitia.“
1993 5228 2091 5287 Sol

382 5328 579 5378 autem
631 5319 691 5376 in
726 5318 842 5376 vita
874 5315 1115 5388 justitia
1147 5323 1230 5374 est
1265 5317 1513 5375 charitas
1550 5333 1682 5390 qua
1723 5327 1926 5391 praest
1961 5317 2091 5375 vita

374 5406 656 5477 iustitia;
696 5405 837 5465 luna
872 5420 1004 5463 vero
1032 5405 1092 5462 in
1125 5407 1236 5463 vita
1257 5405 1582 5478 peccatoris,
1617 5413 1700 5463 est
1731 5406 2086 5480 panitentia.

382 5489 428 5551 Ο
477 5509 656 5567 quam
705 5495 896 5553 clarus
941 5493 1026 5552 sol
1083 5501 1167 5552 est
1217 5495 1486 5562 charitas,
1537 5496 1707 5567 cujus
1754 5495 2089 5569 quindecim

443 5589 580 5658 (121)
601 5592 872 5645 Sermonis
897 5598 1057 5657 hujus
1079 5596 1400 5657 principium
1429 5608 1534 5646 non
1566 5595 1792 5646 habetur
1819 5596 1872 5644 in
1896 5608 1995 5644 ius.

2103 4476 2151 4535 D

2247 4517 2528 4575 Praterea
2582 4517 2729 4574 sicut
2775 4516 2836 4573 in
2887 4515 3148 4589 sepulcro
3185 4513 3586 4588 Redemptoris
3641 4513 3884 4586 myrrha

2174 4611 2228 4661 et
2264 4604 2390 4662 aloe
2429 4605 2603 4661 missa
2647 4610 2781 4660 sunt
2812 4606 2989 4670 (Joan.
3025 4609 3176 4674 XIX),
3205 4604 3285 4660 ita
3327 4608 3382 4660 et
3416 4601 3508 4658 hic
3537 4601 3671 4657 thus
3711 4614 3887 4672 appo-

2179 4695 2353 4764 nitur,
2383 4709 2484 4765 per
2520 4692 2670 4765 quod
2699 4691 2958 4764 ejusdem
2988 4691 3218 4750 Domini
3258 4688 3624 4748 mortilicatio
3658 4688 3877 4760 figura—

2176 4790 2286 4852 tur,
2331 4782 2477 4839 sicut
2511 4781 2631 4853 ipse
2663 4780 2801 4838 dicit
2832 4806 2844 4838 ε
2890 4802 2918 4834 ‹‹
2947 4781 3418 4854 Quotiescunque
3451 4777 3883 4836 manducabitis

2173 4886 2380 4945 panem
2443 4872 2614 4942 hunc,
2672 4878 2727 4928 et
2777 4869 3015 4930 calicem
3069 4870 3295 4940 bibetis,
3338 4876 3583 4928 mortem
3644 4866 3878 4925 Domini

2172 4959 2611 5029 annuntiabitis,
2661 4961 2842 5018 donec
2884 4961 3079 5018 veniat
3131 4962 3177 5031 (Ι
3221 4961 3338 5017 Cor.
3391 4961 3494 5027 x1).
3538 4982 3564 5005 »
3621 4955 3880 5028 Dignum

2173 5057 2258 5108 est
2285 5067 2418 5125 ergo
2456 5057 2518 5108 ut
2556 5052 2615 5106 in
2645 5049 2830 5117 altari,
2867 5065 3039 5124 super
3065 5049 3221 5123 quod
3259 5063 3466 5120 corpus
3503 5045 3880 5105 Dominicum

2168 5139 2384 5214 jugiter
2413 5137 2765 5210 immolatur,
2807 5155 2959 5198 mors
2989 5140 3114 5213 ejus
3149 5139 3324 5197 etiam
3355 5153 3454 5210 per
3487 5151 3684 5195 rerum
3723 5136 3881 5194 invi-

2173 5229 2434 5286 sibilium
2459 5229 2765 5301 anigmata
2796 5231 3120 5288 nuntietur.

2245 5319 2563 5377 Parietibus
2608 5336 2842 5394 quoque
2875 5320 3129 5378 basilica
3159 5335 3261 5392 per
3306 5317 3615 5376 circuitum
3655 5315 3882 5374 duode-

2171 5411 2285 5470 cim
2321 5410 2391 5466 de
2435 5417 2628 5466 sancto
2668 5407 2975 5466 chrismate
3025 5407 3191 5480 signa
3234 5406 3423 5464 crucis
3476 5404 3878 5477 imprimimus

2173 5494 2522 5568 totidemque
2554 5495 2822 5554 candelas
2847 5493 3156 5568 aﬂigimus,
3189 5500 3254 5551 ut
3289 5509 3415 5551 eam
3463 5490 3644 5550 sancti
3687 5487 3877 5564 Spiri-
