4118 6438
215 352 326 416 909

1708 344 1956 412 SERMO
1993 338 2224 407 LXXII.

3611 360 3721 424 910

220 486 314 539 tus
335 477 669 552 unguedine
696 478 1010 539 delibatam
1034 485 1092 537 et
1111 476 1501 552 apostolorum
1523 473 1800 535 doctrinis
1822 472 1915 532 di-
1936 470 2130 534 Asiae
2174 480 2456 532 camento
2483 483 2808 537 constructa
2850 476 3227 555 perﬂantibus
3276 486 3467 545 ventis
3488 456 3719 549 leverti-

218 567 446 627 vinitus
456 566 804 627 illustratam
819 568 912 629 bis
921 566 1514 642 signisinvisibilibus
1528 563 1920 625 ostendamus.

296 655 447 718 Sunt
487 657 658 716 etiam
699 657 815 716 alia
862 657 1166 727 nonnulla,
1221 656 1428 716 fratres
1482 655 1619 727 mei,
1672 669 1809 728 qua
1860 652 1925 711 in

223 746 599 807 ecclesiarum
657 746 1188 806 consecrationibus
1238 746 1378 804 certi
1432 760 1606 804 causa
1665 741 1928 817 mysterii

224 837 645 899 rationabiliter
666 836 1034 908 adhibemus,
1061 838 1211 897 sicut
1228 844 1313 897 est
1334 836 1558 905 vinum,
1586 836 1925 910 hyssopum,

226 925 334 992 sal,
376 927 620 999 cineres,
667 926 953 1000 pulveres,
992 927 1255 998 fragmen
1295 925 1460 985 rubei
1499 924 1724 998 lapidis.
1786 923 1932 992 Qua

228 1014 497 1074 videlicet
522 1017 723 1076 omnia
759 1016 972 1076 idcirco
1000 1030 1102 1091 per
1125 1016 1388 1075 ordinem
1428 1014 1594 1074 vobis
1619 1027 1929 1086 exponere,

230 1121 336 1166 cur
384 1108 789 1177 adhibeantur,
847 1106 1191 1176 omittimus,
1257 1101 1405 1160 384
1466 1118 1538 1162 ne
1596 1102 1933 1161 charitatem

234 1204 476 1255 vestram
512 1197 756 1272 prolixis
792 1196 1159 1256 sermonibus
1192 1210 1520 1255 oneremus.
1564 1193 1703 1263 Qua
1742 1200 1931 1250 tamen

233 1286 485 1346 breviter
543 1287 977 1362 perstringendo
1034 1285 1508 1353 transcurrimus,
1564 1290 1629 1342 ut
1699 1290 1935 1341 tenuem

232 1374 435 1434 saltem
494 1376 738 1435 uberius
808 1374 1176 1449 intelligendi
1250 1375 1462 1432 lineam
1526 1373 1930 1447 producamus.

233 1463 410 1522 Porro
436 1464 584 1523 sicut
618 1480 770 1539 aqua
815 1463 995 1523 Vetus
1029 1462 1490 1533 Testamentum,
1532 1460 1617 1519 sic
1647 1467 1702 1517 et
1729 1459 1937 1518 vinum

230 1551 518 1625 signiﬁcat
544 1552 953 1626 Evangelium,
978 1553 1134 1626 quod
1154 1551 1440 1609 Dominus
1471 1556 1607 1608 tunc
1632 1545 1937 1621 expressit,

237 1653 371 1698 cum
390 1655 604 1713 aquam
626 1640 688 1698 in
709 1640 913 1699 vinum
934 1640 998 1699 in
1018 1639 1266 1714 nuptiali
1295 1638 1649 1697 constitutus
1660 1633 1939 1695 solemni-

241 1733 351 1786 tate
383 1729 630 1786 mutavit
652 1732 830 1799 (Joan.
861 1732 943 1797 ιι).

2010 570 2123 631 tur,
2159 560 2236 620 ita
2280 561 2419 621 boni
2461 567 2653 638 operis
2688 566 3003 629 adiﬁcium
3039 572 3112 630 ad
3164 574 3487 647 quemlibet
3534 583 3718 639 tenta-

2010 650 2184 709 tionis
2221 650 2501 725 impetum
2543 655 2657 713 cito
2692 655 3019 731 collabitur,
3047 661 3096 719 si
3136 670 3389 735 paterna
3425 667 3723 727 charitatis

2011 739 2251 813 coagulo
2276 756 2393 800 non
2426 750 2669 802 tenetur.

2084 830 2158 888 Ilt
2186 845 2340 904 ergo,
2373 830 2753 906 dilectissimi,
2783 839 2963 895 sancti
2989 840 3177 912 operis
3217 844 3392 901 nostri
3437 852 3725 907 structura

2015 927 2364 993 permaneat,
2407 918 2656 994 Spiritus
2697 924 2796 982 Dei
2833 941 2936 985 vos
2991 928 3051 985 in
3109 930 3375 990 fraterna
3434 934 3728 994 charitatis

2013 1024 2284 1083 compage
2298 1020 2615 1071 connectat.
2640 1013 2763 1072 Non
2789 1015 2946 1074 enim
2968 1032 3188 1090 omnes,
3205 1020 3306 1092 qui
3332 1021 3726 1081 Christianum

2015 1097 2290 1157 videntur
2326 1098 2535 1157 habere
2573 1102 2940 1177 vocabulum,
2984 1107 3283 1178 pervenire
3322 1118 3620 1169 merentur
3655 1111 3729 1169 ad

2017 1187 2343 1255 Christum;
2378 1203 2567 1262 neque
2603 1206 2804 1251 omnes
2842 1194 2944 1268 qui
2985 1195 3199 1254 habent
3237 1196 3508 1256 Enclesia
3546 1201 3729 1259 socie-

2019 1283 2212 1346 tatem,
2254 1274 2401 1333 385
2452 1280 2526 1337 ad
2569 1282 2937 1342 ecclesiastici
2991 1286 3244 1360 corporis
3295 1288 3587 1361 pertinent
3628 1304 3732 1347 ve-

2021 1368 2224 1426 raciter
2245 1369 3029 1432 unitatem.Tabernaculum
3062 1393 3269 1451 nempe
3303 1378 3550 1448 faderis,
3577 1379 3730 1454 quod

2023 1458 2234 1518 Christi
2287 1467 2421 1519 tunc
2464 1462 2873 1535 prafigurabat
2911 1464 3245 1539 Ecclesiam,
3287 1467 3535 1526 Bezeleel
3576 1468 3733 1528 ﬁlius

2030 1546 2130 1604 Uri
2175 1545 2246 1603 de
2296 1546 2450 1605 tribu
2487 1548 2660 1620 Juda,
2692 1556 2745 1607 et
2782 1550 2982 1609 Ooliab
3034 1553 3191 1611 lilius
3238 1553 3617 1611 Achisamech
3666 1554 3735 1612 de

2028 1634 2181 1692 tribu
2214 1634 2358 1706 Dan,
2402 1636 2614 1709 pariter
2649 1645 3101 1698 construxerunt
3142 1643 3340 1709 (Exod.
3381 1647 3579 1710 XXXI).
3629 1640 3740 1700 Sed

2027 1724 2220 1784 cuncti
2248 1724 2469 1798 liquido
2508 1729 2782 1788 novimus
2819 1731 2957 1803 quia
2993 1730 3064 1787 de
3104 1731 3257 1789 tribu
3284 1731 3315 1789 J
3323 1732 3433 1789 uda
3462 1738 3630 1790 natus
3660 1739 3744 1789 est

224 1842 236 1852 -
309 1816 380 1876 Et
422 1816 570 1877 sicut
612 1817 865 1893 liquores
904 1816 993 1875 illi
1038 1814 1217 1875 simul
1263 1814 1327 1874 in
1365 1813 1792 1873 consecratione
1833 1810 2314 1893 mi-BChristus,
2351 1815 2423 1872 de
2453 1815 2604 1873 tribu
2629 1831 2765 1875 vero
2806 1816 2927 1875 Dan
2967 1818 3304 1877 nasciturus
3332 1826 3417 1877 est
3446 1821 3743 1879 Antichri-

239 1912 472 1968 scentur
525 1906 819 1974 Ecclesia,
852 1905 942 1964 sic
985 1904 1185 1979 procul
1229 1903 1407 1963 dubio
1457 1902 1701 1977 dignum
1755 1906 1840 1958 est
1886 1906 1953 1958 ut

245 2004 490 2073 utraque
545 1998 644 2057 lex
690 1996 908 2071 jugiter
944 2004 1139 2054 nostro
1189 2003 1451 2053 versetur
1503 1994 1566 2051 in
1614 1990 1803 2050 corde.
1854 1989 1953 2049 Sal

245 2087 420 2146 etiam
462 2085 641 2145 simul
685 2085 1039 2154 immittitur,
1092 2090 1156 2142 ut
1213 2082 1501 2156 insipidus
1552 2081 1761 2139 veteris
1808 2078 1953 2150 legis

245 2190 413 2249 sapor
447 2173 798 2247 evangelica
829 2171 1229 2245 intelligentia
1259 2171 1378 2230 sale
1404 2169 1671 2229 conditus
1699 2184 1823 2226 esse
1847 2167 1953 2226 do-

244 2270 458 2322 ceatur.
508 2261 672 2320 Unde
720 2276 853 2319 cum
901 2260 1058 2318 cives
1097 2259 1325 2318 Jericho
1369 2272 1548 2332 aquas
1584 2257 1747 2315 illius
1790 2264 1956 2314 terra

247 2356 739 2425 conquererentur
769 2364 1010 2420 amaras,
1048 2349 1131 2407 ait
1179 2347 1409 2406 Eliseus
1448 2366 1461 2404 :
1496 2371 1522 2397 ει
1555 2346 1771 2405 Atl‘erte
1811 2344 1957 2404 mihi

250 2456 351 2498 vas
380 2455 619 2507 novum,
654 2447 711 2497 et
746 2437 953 2496 mittite
982 2438 1044 2496 in
1072 2437 1221 2496 illud
1258 2437 1362 2494 sal.
1403 2434 1517 2505 Qui
1556 2450 1689 2494 cum
1729 2434 1954 2492 attulis-

250 2536 397 2600 sent,
427 2544 689 2602 egressus
723 2527 795 2585 ad
831 2527 1018 2587 fontes
1053 2541 1359 2602 aquarum,
1393 2525 1551 2583 misit
1587 2525 1642 2582 in
1675 2539 1811 2582 eum
1850 2522 1956 2593 sal,

250 2626 308 2677 et
336 2618 418 2676 ait
447 2637 460 2676 :
486 2617 624 2676 Hac
642 2616 1084 2676 dicitDominus
1112 2635 1125 2674 :
1161 2613 1374 2674 Sanavi
1402 2629 1584 2688 aquas
1604 2614 1727 2681 has,
1754 2619 1810 2670 et
1843 2627 1958 2670 non

254 2709 362 2767 erit
389 2707 452 2765 in
489 2708 572 2766 eis
613 2707 763 2766 ultra
798 2722 974 2779 mors,
1017 2719 1207 2780 neque
1234 2701 1522 2763 sterilitas.
1559 2701 1786 2761 Sanata
1824 2716 1960 2773 ergo

255 2803 392 2855 sunt
415 2810 583 2869 aqua
609 2809 793 2869 usque
814 2794 885 2852 ad
914 2794 1069 2852 diem
1092 2794 1260 2863 hanc,
1277 2792 1447 2865 juxta
1480 2789 1724 2848 verbum
1761 2788 1957 2857 Elisei,

256 2885 409 2959 quod
434 2884 661 2944 locutus
688 2890 774 2941 est
798 2886 904 2953 (IV
928 2886 1059 2953 Reg.
1093 2885 1173 2952 ιι).
1213 2903 1233 2933 ι
1270 2880 1384 2939 Per
1414 2879 1568 2953 quod
1606 2877 1960 2949 designatur,

257 2974 411 3051 quod
436 2989 628 3033 amara
656 2973 864 3032 veteris
902 2971 1044 3044 legis
1080 2986 1228 3043 aqua
1253 2983 1353 3042 per
1378 2966 1739 3041 spiritualem
1770 2965 1964 3023 Evan-

256 3064 391 3138 gelii
443 3061 799 3121 intellectum
847 3068 966 3119 erat
1023 3060 1087 3118 in
1141 3057 1509 3117 dulcedinem
1556 3053 1962 3114 convertenda.

2038 1908 2178 1961 stus.
2197 1901 2290 1960 Sic
2313 1917 2388 1960 ex
2415 1903 2717 1976 utriusque
2743 1919 2901 1963 nunc
2933 1908 3207 1964 membris
3232 1906 3584 1964 universalis
3604 1921 3747 1965 con-

2038 1998 2147 2049 stat
2205 1989 2489 2061 Ecclesia,
2542 1992 2641 2049 sed
2688 1991 2810 2050 sola
2862 1994 3139 2052 charitate
3197 1993 3582 2064 discernitur,
3644 1995 3748 2069 qui

2039 2078 2254 2139 scilicet
2294 2080 2365 2138 ad
2418 2078 2732 2151 Christum,
2787 2083 2888 2155 qui
2939 2082 3012 2140 ad
3065 2082 3490 2141 Antichristum
3545 2084 3751 2143 merito

2043 2170 2327 2243 pertinere
2382 2171 2664 2231 credatur.
2723 2172 2886 2231 Unde
2965 2180 3022 2231 et
3089 2172 3345 2232 Bezeleel
3420 2172 3633 2233 dicitur
3691 2180 3751 2230 in

2039 2263 2235 2318 umbra
2274 2265 2391 2326 Dei,
2422 2261 2561 2335 quia
2601 2261 2867 2337 quisquis
2905 2261 3200 2322 Christum
3242 2262 3520 2321 veraciter
3555 2262 3753 2336 sequi-

2041 2355 2155 2419 tur,
2183 2351 2391 2408 umbra
2433 2353 2615 2409 sancti
2670 2351 2935 2425 Spiritus,
2970 2367 3046 2409 ex
3096 2366 3212 2425 quo
3255 2351 3357 2410 ille
3397 2351 3457 2409 in
3503 2352 3757 2425 Virginis

2043 2446 2207 2498 utero
2234 2446 2542 2512 conceptus
2563 2447 2667 2511 est,
2707 2440 2781 2497 ab
2816 2449 2961 2498 astu
2985 2441 3404 2499 desideriorum
3434 2442 3755 2501 carnalium

2045 2533 2412 2600 temperatur.
2447 2526 2648 2587 Ooliab
2686 2527 3094 2602 interpretatur
3114 2533 3377 2601 protectio
3422 2547 3541 2585 mea
3576 2537 3753 2602 pater,

2044 2615 2323 2690 quoniam
2363 2616 2752 2674 Antichristus
2777 2630 2910 2674 cum
2942 2618 3064 2675 suis
3110 2617 3311 2689 utique
3355 2618 3632 2676 membris
3664 2634 3762 2692 pa-

2046 2712 2202 2763 trum
2250 2720 2510 2777 suorum,
2539 2705 2645 2764 hoc
2679 2713 2764 2764 est
2814 2713 3073 2765 veterum
3113 2706 3480 2776 Judaorum,
3508 2721 3568 2764 se
3601 2707 3764 2766 testi-

2045 2794 2241 2853 monio
2271 2794 2532 2869 protegit,
2563 2794 2703 2853 dum
2747 2794 2954 2868 legalia
3002 2796 3265 2853 mandata
3307 2795 3475 2867 juxta
3511 2794 3761 2855 litteram

2047 2888 2255 2952 servat,
2291 2889 2347 2939 et
2386 2898 2454 2940 ea
2496 2883 2815 2941 secundum
2865 2882 3098 2943 illorum
3157 2883 3523 2941 traditionem
3565 2899 3766 2942 carna-

2049 2971 2180 3031 liter
2204 2973 2561 3031 obscrvanda
2590 2975 2939 3033 mendaciter
2961 2975 3323 3048 dogmatizat.

2122 3063 2286 3135 Ecce,
2336 3063 2713 3133 dilectissimi,
2760 3066 3196 3124 tabernaculum
3255 3068 3358 3126 Dei
3410 3082 3567 3126 nunc
3609 3081 3771 3127 com-

259 3151 555 3227 Hyssopus
581 3158 796 3221 autem,
821 3148 921 3222 qui
962 3146 1204 3221 pectoris
1231 3161 1440 3204 arcana
1478 3142 1761 3219 purificat,
1791 3145 1949 3201 liden

2060 3152 2256 3210 munis
2284 3152 2621 3225 frequentia
2662 3154 2929 3212 societate
2955 3155 3365 3226 construimus,
3397 3166 3452 3215 et
3492 3155 3772 3232 templum

258 3245 539 3319 designat,
590 3244 661 3302 de
698 3257 814 3315 qua
850 3239 1137 3299 nimirum
1175 3238 1314 3297 dicit
1350 3236 1719 3311 Apostolus:
1769 3257 1791 3286 ι
1832 3232 2034 3291 Fide"
2057 3242 2159 3300 Dei
2190 3240 2469 3315 corporali
2510 3242 2831 3314 frequentia
2869 3243 3221 3303 sufﬁcienter
3269 3246 3605 3318 implemus,
3654 3247 3772 3306 imo

261 3332 574 3408 puriﬁcans
635 3328 806 3389 corda
868 3343 1072 3387 eorum
1146 3328 1298 3396 (Act.
1352 3330 1483 3393 XV).
1544 3345 1571 3377 ››
1640 3322 1710 3380 In
1782 3321 1949 3378 Cillel‘l

2060 3337 2113 3388 et
2140 3329 2251 3402 ipsi
2277 3328 2557 3401 templum
2586 3330 2688 3388 Dei
2723 3346 2825 3403 per
2853 3346 3020 3389 nova
3052 3336 3500 3403 regenerationis
3531 3336 3779 3407 gratiam

262 3436 399 3481 vero
436 3418 793 3493 signiﬁcatur
827 3415 1151 3486 humilitas,
1180 3429 1280 3488 per
1323 3428 1497 3487 quam
1539 3411 1758 3469 scilicet
1790 3408 1974 3466 Abrd-
2056 3416 2240 3476 effecti
2289 3431 2510 3474 sumus.
2562 3440 2590 3468 α
2635 3416 2942 3490 Templum
2988 3420 3146 3475 enim
3195 3419 3296 3477 Dei
3343 3428 3607 3479 sanctum
3669 3430 3774 3490 est,

262 3510 400 3569 ham
439 3507 556 3566 Deo
599 3506 959 3579 colloquens,
991 3504 1072 3562 ait
1123 3527 1134 3559 :
1191 3527 1218 3550 α
1265 3500 1495 3574 Loquar
1538 3499 1608 3558 ad
1661 3497 1976 3555 Dominum
2058 3507 2198 3565 dicit
2237 3506 2569 3581 Apostolus,
2611 3507 2765 3579 quod
2806 3507 2942 3565 estis
2982 3522 3112 3577 vos,
3153 3516 3207 3567 et
3248 3510 3495 3583 Spiritus
3536 3509 3636 3568 Dei
3676 3511 3776 3568 ha-

265 3611 482 3667 meum.
512 3608 648 3653 cum
696 3593 809 3652 sim
850 3591 1048 3666 pulvis
1092 3598 1147 3650 et
1192 3590 1342 3649 cinis
1373 3590 1529 3658 (Gen.
1571 3592 1764 3656 πίνω)-
1805 3609 1830 3637 ι·
1871 3584 1980 3643 Per
2060 3597 2200 3655 bitat
2234 3596 2298 3654 in
2338 3595 2518 3653 vobis.
2559 3617 2580 3645 ι
2628 3595 2735 3653 Ubi
2774 3596 3029 3655 terribile
3065 3605 3168 3665 est,
3199 3598 3351 3671 quod
3388 3604 3596 3672 prasto
3633 3598 3773 3657 sub-

263 3686 513 3762 speciem
541 3698 675 3742 vero
713 3682 878 3741 rubei
918 3680 1243 3755 fragminis,
1272 3679 1463 3738 fervor
1502 3677 1774 3736 innuitur
1801 3674 1982 3764 chari.
2055 3686 2321 3760 jungitur
2359 3709 2373 3744 ς
2421 3709 2445 3736 α
2488 3684 2548 3744 Si
2587 3687 2719 3760 quis
2764 3688 3042 3761 templum
3080 3686 3181 3746 Dei
3216 3690 3539 3763 violaverit,
3564 3689 3782 3764 disper-

268 3776 417 3836 tatis.
448 3774 602 3832 Hinc
628 3781 713 3832 est
738 3771 892 3846 quod
935 3770 1121 3829 Adam
1159 3768 1373 3827 dicitur
1402 3773 1549 3824 terra
1590 3767 1781 3831 rubra,
1815 3763 1949 3823 vide

2063 3774 2158 3833 det
2193 3775 2363 3833 illum
2400 3774 2554 3832 Deus
2604 3779 2654 3842 (Ι
2688 3777 2806 3834 Cor.
2839 3781 2947 3842 In).
2983 3796 3010 3828 »
3046 3774 3356 3850 Templum
3395 3794 3553 3848 sane,
3590 3763 3669 3834 id
3697 3785 3782 3835 est

268 3866 405 3925 licet
431 3872 493 3923 ut
520 3863 581 3922 in
615 3860 896 3921 νοοθδυιο
920 3859 1095 3934 Primi
1123 3858 1378 3916 hominis
1414 3858 1591 3917 homo
1628 3855 1807 3913 discat
1836 3869 1985 3928 αυει-
2067 3865 2378 3923 materialis
2436 3864 2711 3936 qualibet
2777 3881 2845 3923 ac
2892 3873 3117 3924 terrena
3174 3867 3428 3936 basilica,
3468 3868 3783 3941 aliquando

270 3966 479 4029 tenus,
510 3953 646 4029 quia
672 3960 823 4012 terra
845 3959 947 4020 est,
988 3950 1290 4010 humiliter
1334 3949 1524 4019 vivat;
1562 3954 1617 4006 et
1649 3947 1785 4020 quia
1812 3945 1989 4005 ruber
2066 3940 2327 4028 pulvere,
2357 3954 2446 4011 vel
2498 3953 2611 4010 levi
2665 3969 3011 4028 quacunque
3080 3956 3246 4013 sorde
3314 3940 3623 4029 polluitur;
3674 3956 3782 4013 ali—

273 4048 509 4120 dicitur,
556 4062 591 4105 a
635 4045 857 4104 fervore
902 4042 1197 4103 charitatis
1250 4041 1498 4115 gemina
1553 4054 1671 4097 non
1723 4043 1983 4110 tepescat.
2069 4040 2303 4116 quando
2343 4055 2442 4112 per
2478 4039 2817 4098 effusionem
2857 4041 3181 4113 sanguinis,
3223 4043 3315 4099 vel
3354 4050 3503 4101 certe
3542 4059 3643 4115 per
3679 4044 3787 4101 ad-

274 4136 418 4208 Qua
465 4137 682 4196 scilicet
719 4136 915 4195 omnia
952 4134 1165 4192 idcirco
1208 4133 1267 4190 in
1320 4131 1678 4190 dedicatione
1717 4128 1989 4188 Ecclesia
2072 4130 2308 4187 missum
2368 4128 2600 4200 aliquod
2657 4145 2831 4200 grave
2880 4130 3106 4188 facinus
3166 4129 3448 4198 violatur;
3503 4130 3601 4189 sed
3652 4146 3787 4189 cum

279 4229 583 4291 visibiliter
615 4228 1026 4298 admiscentur,
1054 4233 1119 4285 ut
1159 4241 1264 4284 nos
1299 4239 1502 4283 eorum
1551 4224 1858 4296 mysticum
1896 4222 1990 4279 in-

279 4322 572 4380 tellectum
608 4320 671 4378 in
723 4326 916 4378 mente
966 4323 1160 4375 nostra
1208 4315 1519 4374 recondere
1556 4313 1888 4371 doceamur.
1923 4311 1993 4369 Et

279 4413 421 4488 quia
447 4426 552 4470 nos
580 4409 778 4483 utique
806 4423 1011 4468 sumus
1045 4405 1318 4474 Ecclesia,
1348 4420 1450 4479 per
1479 4404 1742 4461 visibiles
1778 4401 1995 4476 species

280 4514 453 4578 atque
483 4513 780 4573 corporeus
815 4496 1053 4570 mystice
1084 4495 1417 4568 designatur
1439 4509 1570 4566 qua
1604 4489 1991 4565 spiritualium

282 4591 566 4650 virtutum
617 4587 785 4648 nobis
822 4586 1010 4645 inesse
1047 4583 1291 4643 debeant
1319 4587 1689 4645 sacramenta.
1724 4579 1864 4637 Hac
1899 4579 1993 4636 in-

285 4680 453 4738 terim
500 4692 600 4735 vos
643 4691 814 4735 nosse
860 4673 1125 4746 sutliciat,
1158 4681 1225 4732 ut
1267 4688 1368 4746 per
1401 4673 1527 4730 bac
1568 4685 1703 4744 qua
1745 4668 1996 4726 dicimus

286 4760 527 4821 valeatis
559 4767 615 4821 et
639 4760 739 4819 illa
767 4759 1047 4833 conjicere
1075 4774 1208 4830 qua
1230 4766 1503 4816 tacemus.

360 4852 580 4911 Videtis
627 4858 924 4929 praterea,
975 4847 1353 4917 dilectissimi,
1410 4844 1547 4920 quia
1601 4843 1839 4902 basilica
1889 4843 2001 4901 ista

286 4948 507 5004 constat
539 4939 832 5015 lapidibus
863 4945 921 4996 et
964 4944 1262 5003 camento,
1303 4935 1460 5009 quod
1505 4934 1554 4991 si
1605 4932 1839 5005 parietis
1876 4947 2000 4989 ma-

287 5032 463 5091 china
486 5030 547 5088 in
573 5028 699 5086 alta
716 5044 778 5087 se
805 5025 1111 5099 subrigens
1134 5024 1274 5083 solis
1300 5021 1593 5097 lapidibus
1611 5028 1998 5090 coacervatur,

289 5135 348 5186 et
372 5124 545 5187 calcis
573 5138 641 5182 ac
675 5120 864 5182 sabuli
900 5119 1125 5191 glutine
1165 5133 1280 5177 non
1320 5113 1720 5188 obstringitur,
1759 5113 1831 5171 ad
1872 5113 2001 5171 vio—

291 5216 491 5278 lentia
516 5212 826 5288 cujuslibet
852 5210 1134 5286 impetum
1170 5204 1455 5282 quidquid
1494 5210 1890 5263 constructum
1920 5209 2007 5261 est

296 5322 531 5369 necesse
561 5312 646 5366 est
682 5304 1015 5364 subruatur.
1054 5298 1209 5370 Quid
1238 5305 1323 5356 est
1358 5296 1519 5355 aliud
1561 5293 1844 5368 templum
1878 5290 2003 5362 Dei,

300 5396 415 5456 nisi
446 5394 698 5470 populus
736 5392 888 5453 Dei?
918 5389 1159 5466 lapides,
1200 5386 1315 5446 nisi
1357 5382 1679 5444 homines?
1717 5384 1871 5453 Quid
1903 5398 2010 5441 ea

300 5493 584 5558 mentum,
608 5484 723 5544 nisi
763 5490 936 5542 tenax
966 5480 1272 5554 coagulum
1302 5472 1640 5536 charitatis?
1669 5472 1834 5531 Unde
1871 5471 2011 5531 dicit

302 5573 616 5649 Apostolus
641 5596 656 5631 :
686 5593 715 5626 α
742 5569 1090 5630 Charitatem
1114 5568 1408 5638 habentes,
1430 5563 1587 5639 quod
1606 5568 1690 5621 est
1707 5559 2011 5649 vinculum

306 5647 671 5741 perfectionis
702 5662 838 5730 (Col.
882 5663 987 5729 ut).
1027 5681 1050 5710 ι
1094 5656 1258 5717 Sicut
1296 5669 1431 5728 ergo
1468 5650 1709 5711 muralis
1750 5647 2013 5706 machina

2071 4218 2228 4278 solus
2253 4233 2312 4275 se
2341 4217 2561 4275 nimius
2590 4217 2780 4290 pulvis
2804 4224 3129 4290 exaggerat,
3164 4218 3252 4275 vel
3292 4219 3484 4277 tenuis
3519 4220 3790 4293 quadam

2072 4309 2314 4384 pollutio
2344 4307 2658 4381 pavimenti
2690 4306 3037 4366 munditiam
3070 4307 3262 4378 radat,
3292 4308 3405 4365 levi
3439 4310 3787 4379 ramusculo,

2073 4400 2226 4470 quod
2258 4398 2534 4471 injectum
2573 4402 2678 4464 est,
2702 4394 2974 4469 scopitur,
3004 4404 3060 4453 et
3096 4396 3195 4453 δίεπ’
3221 4397 3294 4455 ad
3336 4398 3582 4471 priorem
3616 4413 3791 4455 mun-

2078 4487 2300 4556 ditiam,
2333 4486 2487 4560 quod
2540 4484 2816 4543 foedatum
2870 4493 2975 4556 est,
3025 4492 3341 4543 revocatur.
3376 4487 3453 4542 At
3488 4487 3536 4542 si
3566 4486 3654 4542 vel
3686 4486 3794 4543 ho-

2080 4574 2321 4643 micidii,
2372 4575 2464 4631 vel
2512 4574 2872 4643 gravissimi,
2914 4574 3071 4649 quod
3119 4574 3286 4643 absit,
3326 4573 3552 4631 sceleris
3595 4580 3793 4631 conta-

2082 4664 2401 4724 minatione
2436 4664 2821 4738 respergitur,
2862 4665 3054 4723 denuo
3091 4679 3191 4737 per
3232 4663 3451 4721 summi
3487 4662 3796 4721 sacerdotis

2080 4755 2335 4815 ofﬁcium
2385 4770 2620 4814 necesse
2677 4763 2761 4813 est
2812 4756 3182 4813 instauratur.
3232 4755 3348 4814 Nos
3391 4763 3543 4812 certe
3592 4755 3655 4812 in
3701 4754 3798 4813 die

2084 4845 2230 4903 sacri
2281 4842 2643 4917 baptismatis
2682 4860 2781 4916 per
2834 4842 3344 4901 sanctiticationem
3398 4841 3649 4916 Spiritus
3693 4842 3811 4901 Dei'

2088 4934 2369 5010 templum
2406 4952 2612 4995 sumus
2647 4933 2866 5006 allecti;
2898 4934 3052 5007 quod
3086 4934 3132 4990 si
3176 4935 3266 4992 vel
3298 4934 3463 4993 otiosi
3494 4934 3797 5003 sermonis,

2086 5027 2177 5085 vel
2216 5025 2419 5101 exigui
2475 5030 2816 5100 cujusquam
2861 5032 3052 5083 reatus
3100 5025 3532 5083 attaminatione
3572 5024 3801 5084 contin‘

2086 5117 2300 5191 gimur,
2344 5116 2509 5173 facile
2562 5122 2646 5172 est
2695 5122 2760 5171 ut
2804 5112 2951 5171 levis
3009 5114 3366 5187 poenitentia
3411 5112 3801 5171 satisfactione

2088 5220 2425 5279 purgemur.
2459 5205 2533 5260 At
2560 5202 2608 5259 si
2633 5202 2826 5269 gravis
2862 5203 3050 5275 culpa
3088 5202 3303 5277 lepram
3345 5217 3451 5261 nos
3486 5202 3805 5261 incurrisse

2091 5293 2412 5364 contigerit,
2456 5290 2720 5349 adeunda
2784 5297 2869 5347 est
2938 5291 3203 5364 protinus
3277 5299 3457 5350 mater
3528 5291 3798 5362 Ecclesia,

2092 5379 2503 5456 supplicandus
2563 5386 2648 5437 est
2706 5378 2986 5452 pontifex,
3040 5386 3107 5436 ut
3140 5379 3355 5435 anima
3401 5384 3610 5435 nostra
3652 5385 3803 5436 tem-

2093 5472 2278 5545 plum,
2307 5468 2463 5542 quod
2502 5468 2781 5527 violatum
2819 5475 2991 5541 atque
3025 5468 3377 5525 destructum
3403 5468 3649 5526 immani
3674 5482 3802 5526 sce-

2096 5559 2212 5618 lere
2254 5559 2528 5628 cernitur,
2572 5572 2674 5631 per
2729 5555 3092 5616 sacerdotalis
3142 5556 3499 5615 auctoritatis
3545 5555 3807 5617 ofﬁcium

2098 5661 2162 5703 ac
2188 5644 2591 5703 satisfactionis
2622 5643 2812 5717 digna
2837 5643 3157 5701 remedium
3184 5659 3282 5701 nox
3300 5644 3407 5701 iter
3433 5643 3808 5704 inslauretur.
