4118 6516
337 352 440 412 911

960 353 1034 411 8.·
1064 349 1284 410 PETRI
1321 350 1642 409 DAMIANI
1680 349 1838 410 OPP.
1883 349 2074 411 PARS
2120 351 2260 413 SEU
2299 351 2552 413 TOMUS
2591 353 2667 413 II.
2711 385 2775 396 --
2817 349 3231 412 SERMONES.

3740 353 3850 414 912

409 481 528 541 Nec
572 480 818 540 dubium
864 479 1004 554 quin
1062 479 1162 538 illa
1211 479 1411 554 templi
1457 479 1774 554 spiritualis
1815 479 2042 539 instau-
2064 482 2117 544 A
2202 481 2330 541 Non
2373 497 2508 554 ergo
2547 481 2622 540 sit
2668 496 2834 539 mens
2876 486 3084 553 vestra,
3121 479 3523 552 dilectissimi,
3568 483 3850 556 apotheca

338 573 502 646 ratio,
531 590 665 648 qua
692 590 792 648 per
814 572 1064 631 visibilis
1091 573 1401 630 sacerdotis
1429 572 1737 631 exhibetur
1764 571 2043 643 oﬂicium,

337 679 438 740 per
481 662 699 722 divina
737 661 970 720 virtutis
1008 667 1181 735 atque
1234 661 1505 734 potentia
1538 661 1890 719 intrinsecus
1930 661 2042 719 im-

336 750 562 827 pleatur
607 751 905 822 effectum;
950 757 1005 806 et
1045 749 1308 808 Christus
1339 749 1528 821 Jesus,
1560 749 1662 824 qui
1703 765 1878 808 verus
1918 748 2045 808 Rex

333 847 420 899 est
471 847 526 898 et
585 837 877 906 Sacerdos,
937 838 1092 912 quod
1147 838 1471 912 collapsum
1527 839 1590 897 in
1644 838 1884 897 homine
1952 840 2043 897 vel

334 926 690 988 destructum
743 927 987 1000 maligni
1049 927 1290 1000 spiritus
1363 935 1485 986 arte
1545 927 1888 999 considerat,
1943 943 2046 1001 per

334 1015 609 1090 plenioris
646 1017 846 1090 gratiae
878 1015 1202 1089 largitatem
1230 1018 1291 1074 in
1319 1016 1532 1074 melius
1571 1024 1810 1074 renovat
1854 1023 1911 1074 et
1949 1032 2042 1075 re-

333 1106 560 1164 format.
613 1104 774 1174 Quod
810 1106 984 1162 etiam
1031 1104 1229 1178 templi
1283 1103 1650 1164 Hierusalem
1702 1105 2042 1164 instauratio

331 1202 474 1252 tunc
503 1191 604 1250 illa
632 1192 976 1265 signaverat,
1009 1208 1147 1268 qua
1175 1207 1276 1266 per
1313 1192 1628 1252 Zorobabel
1663 1193 1852 1253 ﬁlium
1881 1193 2042 1253 Sala-

331 1279 495 1357 thiel,
549 1281 755 1340 ducem
807 1281 1070 1340 videlicet
1117 1282 1288 1351 Juda,
1341 1282 1537 1340 Jesum
1584 1282 1796 1356 (Josue)
1852 1283 2040 1342 ﬁlium

327 1367 608 1428 Josedech
656 1370 1006 1428 sacerdotem
1053 1385 1352 1444 magnum,
1398 1372 1544 1427 facta
1595 1370 1776 1428 fuisse
1828 1369 2042 1444 legitur

327 1451 473 1512 386
531 1457 642 1518 sub
685 1457 856 1518 Dario
913 1474 1046 1533 rege
1096 1457 1400 1518 Persarum
1449 1463 1501 1526 (Ι
1523 1461 1687 1517 Esdr.
1721 1464 1828 1528 III).
1881 1459 2042 1520 Sicut

323 1545 483 1619 enim
509 1553 648 1605 tunc
689 1544 1221 1608 Nabuchodonosor
1261 1564 1368 1606 rex
1405 1546 1721 1621 Babylonis
1759 1550 2042 1623 templum

320 1633 682 1696 Hierusalem
717 1637 1001 1710 populum
1039 1637 1380 1710 captivando
1407 1635 1792 1709 destruxerat,
1828 1638 1910 1696 sic
1934 1655 2038 1698 ne-

317 1722 522 1797 quitia
573 1724 830 1798 spiritus,
869 1725 970 1799 qui
1021 1740 1315 1799 possessor
1352 1731 1439 1783 est
1484 1726 1712 1784 intima
1753 1727 2042 1786 confusio-

2130 572 2432 642 mercium,
2466 586 2580 628 non
2606 570 2940 644 cupiditatis
2965 570 3261 641 ararium,
3290 586 3410 631 non
3446 587 3582 631 area
3609 571 3849 631 bellato-

2128 676 2279 720 rum.
2309 659 2601 732 Quidquid
2625 660 2785 718 enim
2811 659 3012 718 sedulo
3033 676 3227 719 versas
3248 660 3310 719 in
3331 661 3706 729 conscientia,
3737 663 3851 721 hoc

2127 748 2282 806 idem
2305 756 2360 805 et
2380 748 2502 822 ipse
2519 762 2580 805 es
2600 747 2657 805 in
2686 747 3068 806 astimatione
3089 747 3310 807 divina.
3342 748 3524 808 Omne
3550 750 3846 823 siquidem

2127 846 2412 908 nostrum,
2443 840 2566 896 sive
2593 838 2748 908 boni,
2784 839 2908 896 sive
2944 838 3083 897 mali
3121 839 3476 898 desiderium
3509 856 3706 900 coram
3745 843 3846 902 di-

2129 927 2267 986 vino
2320 933 2627 1002 conspectu
2659 929 2723 993 in
2754 935 2947 986 nostra
2992 928 3252 987 cernitur
3286 937 3478 989 mente
3519 929 3837 1005 depictum.

2129 1018 2303 1077 Porro
2334 1018 2383 1076 si
2429 1017 2496 1075 in
2537 1023 2588 1075 te
2617 1018 2848 1076 ﬂamma
2878 1016 3142 1076 libidinis
3169 1024 3392 1086 aestuat,
3421 1034 3588 1078 mens
3621 1028 3718 1080 tua
3743 1023 3846 1080 do-

2127 1123 2259 1166 mus
2291 1113 2374 1164 est
2409 1106 2823 1176 fornicationis,
2843 1121 2962 1164 non
2995 1108 3203 1166 domus
3229 1107 3544 1182 orationis;
3577 1109 3626 1166 si
3658 1109 3845 1169 fomes

2127 1199 2278 1256 inest
2306 1196 2508 1255 livoris
2533 1204 2586 1254 et
2611 1195 2760 1266 odii;
2791 1211 2908 1254 non
2932 1195 3295 1256 domicilium
3325 1198 3503 1271 pacis,
3534 1200 3633 1258 sed
3681 1216 3844 1260 cam-

2127 1305 2235 1363 pus
2273 1289 2503 1346 videtur
2554 1303 2675 1346 esse
2726 1287 3083 1346 certaminis.
3133 1286 3220 1346 Sit
3257 1304 3393 1362 ergo
3443 1305 3607 1348 mens
3646 1297 3843 1364 nostra

2126 1395 2242 1438 non
2271 1378 2536 1438 obscena
2563 1379 2817 1438 luxuria
2848 1377 3111 1437 clibanus
3139 1422 3154 1450 ,
3184 1393 3302 1438 non
3333 1381 3670 1454 passionum
3705 1399 3841 1442 sen-

2127 1467 2245 1526 tina
2285 1467 2630 1540 carnalium,
2669 1483 2788 1526 non
2826 1467 3078 1541 denique
3119 1466 3490 1528 volutabrum
3534 1470 3835 1542 vitiorum,

2125 1555 2223 1614 sed
2266 1556 2341 1614 sit
2389 1571 2524 1615 cum
2567 1556 2672 1615 Dei
2721 1555 3132 1629 omnipotentis
3178 1556 3402 1615 auxilio
3445 1557 3840 1630 spiritualium

2123 1644 2258 1704 aula
2304 1645 2608 1715 virtutum,
2651 1642 2796 1701 387
2839 1661 3015 1720 quam
3064 1646 3188 1720 ipse
3228 1662 3518 1720 supernus
3561 1647 3840 1721 dignetur

2125 1733 2409 1792 habitator
2442 1733 2696 1791 invisere
2726 1741 2897 1808 atque
2925 1735 2983 1792 in
3015 1735 3226 1808 templo
3255 1734 3430 1793 dicati
3455 1737 3564 1794 sibi
3591 1737 3839 1810 pectoris

319 1811 432 1884 nis,
460 1811 786 1900 humanam
814 1815 1127 1874 animama
1156 1830 1262 1874 sua
1286 1830 1441 1889 sape
1466 1813 1731 1873 libertate
1767 1815 2033 1888 captivat,
2056 1840 2103 1900 Β
2125 1821 2384 1880 habitare
2405 1869 2420 1892 ,
2481 1822 2630 1880 sicut
2681 1839 2782 1896 per
2836 1825 3174 1897 prophetam
3229 1825 3529 1898 promittit,
3589 1825 3788 1884 dicens
3817 1850 3830 1884 :

316 1906 374 1958 et
421 1899 503 1958 sic
539 1902 820 1976 templum
871 1903 974 1962 Dei
1015 1919 1281 1978 perversa
1335 1903 1819 1979 concupiscentia
1869 1905 2036 1964 sorde

317 1994 694 2055 contaminat.

385 2086 458 2146 Et
486 2086 638 2146 sicut
674 2103 776 2162 per
803 2089 1122 2149 Zorobabel
1153 2097 1326 2166 atque
1353 2091 1577 2163 Jesum,
1608 2090 1827 2164 regiam
1869 2091 2031 2150 vide-

316 2177 449 2237 licet
493 2179 1024 2254 sacerdotalemque
1068 2196 1395 2254 personam,
1454 2186 1591 2239 tunc
1653 2181 2035 2242 instauratum

314 2277 399 2330 est
447 2270 748 2343 templum,
787 2269 870 2328 sic
906 2270 1165 2328 hominis
1199 2271 1395 2328 anima
1430 2271 1629 2329 furore
1665 2271 1891 2344 antiqui
1925 2273 2036 2331 ho-

313 2359 417 2417 stis
445 2358 774 2432 impellente
799 2358 1069 2431 collapsa,
1101 2365 1157 2417 et
1195 2375 1297 2433 per
1327 2360 1454 2431 ejus
1481 2359 1755 2419 astutiam
1789 2360 2032 2434 turpiter

312 2451 542 2521 violata,
571 2467 646 2509 ex
691 2451 904 2509 virtute
934 2451 1334 2524 Redemptoris
1371 2452 1574 2522 nostri,
1604 2451 1710 2524 qui
1751 2467 1824 2509 ex
1869 2458 2028 2510 utra-

313 2556 427 2615 que
483 2540 661 2614 stirpe
715 2539 1030 2609 descendit,
1080 2539 1348 2612 erigitur,
1392 2546 1447 2598 et
1486 2554 1598 2596 non
1635 2539 1822 2597 solum
1868 2541 1927 2597 in
1971 2541 2031 2598 id

311 2629 461 2705 quod
489 2629 694 2698 fuerat,
727 2628 828 2686 sed
863 2637 918 2687 et
948 2627 1006 2686 in
1042 2628 1340 2702 amplioris
1371 2629 1572 2701 gratiae
1602 2629 2030 2702 plenitudinem

311 2718 678 2776 reformatur.
720 2716 881 2775 Unde
912 2724 966 2774 et
999 2733 1100 2790 per
1136 2719 1424 2789 Aggaum
1453 2719 1794 2790 prophetam
1833 2717 1904 2774 de
1944 2717 2028 2774 la-

306 2805 476 2883 pideo
524 2809 625 2867 illo
675 2807 889 2882 templo
924 2807 1148 2866 dictum
1197 2815 1283 2866 est
1325 2833 1337 2866 :
1390 2832 1416 2861 (ι
1444 2808 1653 2882 Magna
1690 2808 1799 2867 erit
1844 2809 2028 2882 gloria

303 2899 512 2958 domus
538 2899 712 2958 istius
738 2898 1072 2956 novissima
1098 2897 1231 2970 plus
1251 2913 1428 2970 quam
1451 2899 1656 2971 prima
1686 2916 1701 2968 ;
1729 2904 1785 2956 et
1814 2898 1877 2955 in
1900 2897 2027 2956 loco

305 2989 414 3048 isto
456 2987 603 3046 dabo
660 3003 883 3060 pacem,
925 2986 1062 3044 dicit
1115 2987 1401 3044 Dominus
1450 2986 1606 3045 Deus
1658 2988 2023 3047 exercituum

301 3078 465 3152 (Apy.
516 3075 596 3147 lt).
636 3096 662 3127 »
707 3075 875 3133 Tunc
925 3074 1187 3131 sacerdos
1235 3073 1336 3131 ille
1376 3075 1736 3146 pontificum,
1787 3084 1845 3133 et
1898 3076 2024 3134 Rex

2124 1940 2146 1966 ει
2181 1916 2559 1975 Inambulabo
2590 1915 2654 1973 in
2685 1914 2836 1983 illis,
2884 1923 2940 1974 et
2987 1916 3322 1976 inhabitabo
3359 1927 3415 1976 et
3453 1934 3550 1978 ero
3582 1919 3825 1978 illorum

2119 2003 2270 2062 Deus
2310 2008 2386 2073 (Π
2424 2007 2543 2064 Cor.
2586 2011 2691 2076 VI),
2725 2025 2752 2058 »
2784 2005 2886 2077 qui
2928 2005 3076 2062 vivit
3103 2013 3157 2062 et
3196 2012 3396 2079 regnat
3438 2008 3502 2065 in
3548 2007 3834 2067 Trinitate

2113 2093 2363 2166 perfecta
2412 2109 2569 2152 unus
2601 2101 2655 2151 et
2689 2107 2862 2152 verus
2894 2093 3048 2152 Deus
3086 2093 3149 2151 in
3189 2094 3406 2154 saecula
3455 2096 3827 2156 saculorum.

2116 2182 2326 2241 Amen.

2540 2348 2959 2409 SERMONES
2997 2349 3390 2410 MORALES.

2112 2433 2340 2499 Sermo
2370 2436 2447 2498 de
2482 2438 2633 2498 vitio
2664 2438 2925 2516 linguae.

2111 2522 2336 2586 Sermo
2370 2525 2446 2588 de
2472 2526 2813 2603 spiritu-ali
2832 2529 3222 2590 certamine.

2111 2611 2339 2676 Sermo
2364 2616 2727 2693 synodalia.

2697 2727 2944 2786 SERMO
2971 2727 3230 2786 LXXIII.

2677 2819 2750 2865 DE
2783 2819 2940 2867 VlTlO
2987 2819 3249 2868 LINGUE.

2179 2892 2324 2950 Cum
2361 2892 2494 2966 pius
2530 2902 2762 2953 exactor
2799 2911 3170 2970 quaecunque
3213 2910 3430 2954 merces
3473 2896 3580 2955 sub
3623 2896 3824 2956 chiro-

2104 2984 2323 3056 grapho
2352 2983 2636 3041 cautionis
2675 2984 3002 3043 offeruntur
3036 2984 3421 3060 amplectitur,
3453 3000 3696 3044 securus
3735 2995 3830 3046 est

2106 3069 2330 3128 debitor
2370 3071 2472 3143 qui
2509 3077 2756 3130 tenetur.
2793 3072 2887 3132 Sic
2934 3090 3086 3148 ergo,
3124 3077 3327 3133 fratres
3362 3073 3709 3145 charissimi,
3743 3077 3828 3134 sic

301 3177 505 3240 mum
547 3162 830 3237 templum
887 3178 1060 3220 suum
1093 3169 1368 3236 perpetuo
1408 3179 1780 3236 possessurus
1826 3165 2020 3238 ingre-
2041 3197 2086 3260 Ο
2106 3160 2412 3232 nimirum,
2437 3177 2570 3220 cum
2600 3179 2702 3222 vos
2728 3164 2800 3222 ad
2827 3164 3072 3222 libenter
3097 3163 3386 3223 audienda
3409 3180 3545 3239 qua
3573 3165 3644 3222 de
3673 3180 3826 3224 mea

301 3253 483 3323 ditur,
535 3257 591 3310 et
626 3251 777 3310 illud
820 3266 933 3308 non
969 3251 1161 3309 solum
1191 3267 1224 3308 a
1264 3252 1573 3325 perpetrati
1622 3252 1855 3311 sceleris
1887 3270 2018 3312 con-

299 3340 679 3402 taminetione
735 3341 1039 3414 puriﬁcat,
1094 3341 1193 3399 sed
1250 3341 1420 3399 etiam
1485 3342 1670 3412 gloria
1722 3343 2018 3401 continua

293 3432 565 3507 deinceps
610 3431 1045 3490 inhabitationis
1077 3432 1343 3491 illustrat.
1389 3432 1551 3492 Sicut
1603 3449 1700 3505 per
1743 3434 2014 3492 eumdem

296 3523 636 3598 prophetam
679 3522 930 3581 dicitur:
975 3546 995 3574 α
1025 3522 1094 3580 Et
1141 3524 1334 3581 veniet
1371 3522 1742 3582 Desideratus
1790 3525 2016 3584 cunctis

295 3611 599 3686 gentibus;
641 3617 696 3669 et
735 3611 988 3685 implebo
1016 3613 1259 3670 domum
1300 3613 1472 3671 istam
1497 3612 1700 3687 gloria,
1731 3614 1867 3673 dicit
1900 3615 2013 3673 Do-

298 3701 496 3760 minus
521 3701 882 3760 exercituum
914 3703 1117 3774 (Ibid.).
1153 3728 1180 3751 ν

366 3787 690 3848 Hortamur
736 3790 948 3862 itaque,
999 3789 1382 3863 dilectissimi,
1447 3800 1502 3851 et
1556 3799 1768 3851 sancta
1828 3791 2009 3852 devo-

297 3878 472 3940 tionis
505 3887 709 3938 vestra
742 3878 1102 3952 prudentiam
1141 3879 1454 3938 salubriter
1500 3881 1905 3949 admonemus,
1948 3888 2016 3940 ut

298 3969 349 4027 si
394 3969 681 4042 templum
737 3968 978 4040 pectoris
1019 3969 1192 4026 vestri
1231 3969 1598 4044 cognoscitis,
1652 3969 1744 4027 vel
1787 3970 2008 4044 antiqui

296 4059 478 4120 hostis
514 4064 636 4117 arte
681 4065 1042 4130 corruptum,
1099 4057 1190 4116 vel
1229 4058 1402 4116 etiam
1442 4058 1751 4132 perpetrati
1786 4059 2009 4131 gravis-

294 4147 442 4206 sima
501 4147 843 4219 cujusquam
903 4146 1134 4204 sceleris
1190 4147 1625 4205 attaminatione
1674 4146 2007 4222 pollutum,

294 4236 466 4296 illum
497 4234 650 4292 adite
685 4233 1037 4308 pontiﬁcem,
1089 4237 1190 4312 qui
1244 4238 1682 4297 reslaurationis
1730 4247 1786 4297 et
1836 4239 2011 4298 totius

297 4324 574 4383 humana
633 4322 838 4382 salutis
889 4325 1286 4399 principaliter
1336 4326 1558 4384 obtinet
1635 4333 2005 4400 potestatem;

295 4417 367 4476 de
417 4415 630 4475 mentis
676 4422 882 4474 vestra
916 4416 1216 4476 'cubiculo
1270 4433 1466 4491 prava
1521 4420 2010 4492 concupiscentia

297 4503 494 4565 sordes
535 4503 784 4577 abjicite,
846 4505 1060 4563 furoris
1109 4512 1166 4562 et
1223 4505 1540 4563 iracundia
1590 4507 1858 4566 stimulos
1911 4524 2009 4580 per

297 4592 590 4668 patientia
624 4592 1139 4652 mansuetudinem
1173 4592 1451 4666 mitigata,
1489 4594 1798 4670 petulantis
1826 4594 2008 4654 luxu-

300 4685 402 4746 riae
432 4685 596 4744 virus
625 4683 923 4759 expellite,
957 4699 1228 4758 superna
1255 4685 1761 4759 contemplationis
1790 4686 2012 4746 intuitu

302 4788 585 4833 vanarum
639 4774 1061 4847 cogitationum
1107 4775 1416 4846 caliginem
1454 4775 1771 4846 dimovete;
1818 4777 2016 4851 sicque

298 4867 499 4940 procul
545 4864 783 4939 abjectis
823 4864 1090 4923 omnium
1142 4864 1412 4924 sordibus
1462 4865 1762 4936 vitiorum,
1816 4883 2014 4926 succe-

298 4953 440 5014 dant
465 4952 858 5028 spiritualium
901 4959 1240 5012 ornamenta
1283 4953 1587 5024 virtutum,
1623 4953 1837 5028 quibus
1883 4969 2017 5012 sua-

301 5044 450 5103 viter
477 5042 791 5102 delectatus
816 5043 1182 5117 omnipotens
1213 5043 1387 5112 Deus,
1423 5041 1569 5100 illud
1599 5043 1657 5100 in
1689 5043 1854 5101 vobis
1876 5059 2018 5101 con-

301 5143 483 5195 struat
529 5135 910 5205 domicilium,
962 5137 1024 5191 in
1053 5150 1170 5209 quo
1209 5133 1284 5191 sit
1336 5133 1458 5206 ipse
1499 5134 1806 5192 summitas
1845 5133 2022 5192 simul

305 5235 359 5286 et
405 5226 872 5286 fundamentum.
913 5225 1232 5284 Summitas
1261 5223 1519 5297 quidem,
1559 5226 1707 5283 sicut
1745 5225 2023 5297 scriptum

307 5322 393 5374 est
421 5334 433 5373 :
468 5339 489 5367 ι
516 5316 817 5390 Lapidem,
852 5331 1026 5389 quem
1049 5314 1506 5386 reprobaverunt
1529 5313 1906 5384 aediﬁcantes,
1930 5315 2024 5371 hic

308 5403 491 5462 factus
539 5413 625 5464 est
673 5406 735 5464 in
788 5414 956 5478 caput
1005 5404 1204 5478 anguli
1260 5408 1426 5477 (Psal.
1485 5408 1693 5463 cxvut.
1741 5430 1763 5455 ι
1799 5403 2028 5462 Funda-

309 5499 576 5551 mentum
601 5509 758 5565 vero,
792 5494 942 5553 sicut
977 5494 1228 5553 dicitur:
1263 5514 1291 5547 α
1323 5493 1791 5552 Fundamentum
1828 5502 2026 5552 autem

309 5589 482 5638 nemo
525 5585 708 5651 potest
753 5595 986 5652 ponere,
1043 5587 1255 5657 prater
1293 5578 1351 5636 id
1406 5579 1562 5652 quod
1616 5580 1870 5653 positum
1917 5587 2023 5653 est,

316 5664 611 5725 Christum
638 5667 837 5726 Jesuni
861 5671 913 5741 (Ι
941 5672 1058 5726 Cor.
1097 5675 1200 5739 In).
1234 5695 1258 5717 »

2109 3250 2448 3309 rusticitatis
2497 3252 2693 3326 inopia
2739 3255 3118 3326 proferuntur
3165 3254 3417 3312 intentos
3465 3254 3703 3327 aspicio,
3750 3254 3824 3313 ad

2105 3340 2464 3399 reddendum
2504 3342 2670 3400 vobis
2715 3343 2983 3417 deinceps
3027 3343 3297 3417 promissi
3335 3343 3824 3402 sermonisdebi-

2105 3435 2227 3489 tum
2284 3430 2600 3504 promptior
2657 3432 3015 3491 convalesco.
3049 3433 3118 3490 Et
3147 3432 3284 3506 quia
3317 3449 3419 3507 per
3457 3424 3632 3492 tetius
3681 3433 3827 3491 heb—

2103 3517 2366 3575 domada
2410 3516 2698 3574 circulum
2727 3519 2788 3576 in
2819 3519 3049 3578 cellulis
3078 3521 3456 3592 singulariter
3499 3521 3825 3592 constituti,

2101 3608 2475 3666 ailluentibus
2516 3606 2827 3680 Scriptura
2865 3623 3042 3668 sacra
3090 3609 3334 3682 dapibus
3373 3609 3511 3667 estis
3546 3608 3823 3683 saginati,

2102 3712 2259 3755 nunc
2297 3697 2368 3754 de
2419 3697 2696 3756 manibus
2752 3700 3046 3758 servitutis
3092 3705 3304 3757 nostra
3347 3705 3535 3756 vester
3586 3699 3826 3759 animus

2101 3793 2376 3859 tanquam
2409 3787 2546 3845 vilia
2569 3788 2641 3845 ad
2673 3788 3023 3848 vescendum
3060 3803 3225 3860 poma
3254 3789 3546 3862 suscipiat,
3576 3796 3640 3847 ut
3663 3797 3823 3863 post-

2098 3879 2337 3938 modum
2369 3879 2442 3937 ad
2479 3880 2696 3952 priores
2732 3880 2936 3954 epulas
2996 3887 3214 3954 quanto
3253 3880 3603 3940 esurientius
3663 3888 3824 3940 tanto

2099 3968 2333 4026 avidius
2363 3976 2636 4026 recurrat.

2169 4056 2376 4115 Curate
2431 4055 2631 4130 igitur,
2688 4058 2891 4116 fratres
2941 4059 3075 4129 mei,
3123 4074 3259 4118 cum
3303 4059 3556 4118 invicem
3594 4075 3819 4120 conve-

2097 4144 2256 4216 nitis,
2296 4152 2360 4203 ut
2395 4146 2652 4213 honeste,
2691 4146 2944 4217 graviter
2995 4154 3048 4204 et
3103 4163 3326 4206 morose
3373 4148 3640 4207 incedere
3690 4157 3816 4209 stu-

2095 4235 2295 4306 deatis,
2327 4242 2615 4311 quatenus
2641 4235 2852 4293 debitae
2887 4237 3346 4297 mortificationis
3374 4239 3628 4313 insignia
3661 4255 3815 4314 pra-

2092 4325 2360 4396 ferentes,
2396 4333 2452 4382 et
2488 4326 2636 4383 inter
2668 4327 3045 4400 vosmetipsos
3081 4329 3278 4401 quiete
3315 4345 3381 4388 ac
3429 4330 3667 4402 pacifica
3696 4331 3816 4389 fra-

2094 4424 2255 4476 terna
2312 4416 2550 4476 valeatis
2605 4418 2880 4477 charitate
2940 4433 3291 4492 congruere,
3354 4425 3410 4478 et
3450 4420 3816 4480 extrinsecus

2091 4507 2538 4566 adventantibus
2587 4514 2797 4568 sancta
2841 4509 3296 4568 conversationis
3341 4509 3606 4584 exempla
3661 4524 3816 4583 pra-

2098 4595 2252 4662 bere,
2315 4596 2603 4669 pracipue
2660 4605 2848 4655 tamen
2896 4597 3260 4670 loquacitatis
3312 4599 3455 4657 vitio
3497 4613 3695 4658 severe
3749 4614 3816 4658 ac

2101 4683 2409 4757 vigilanter
2437 4684 2712 4755 obsistite,
2757 4691 2813 4742 et
2851 4685 3135 4758 prurienti
3176 4686 3397 4760 lingua
3439 4687 3670 4745 frenum
3717 4701 3814 4745 so-

2101 4771 2213 4829 brii
2258 4771 2672 4830 moderaminis
2714 4773 3001 4846 adhibete,
3053 4790 3148 4846 ne,
3197 4775 3355 4848 quod
3395 4774 3560 4845 absit,
3619 4774 3817 4833 brevis

2103 4859 2260 4916 hora
2293 4860 2475 4932 spatio
2505 4861 2754 4933 perdatis
2773 4862 2954 4921 otiosa
2992 4863 3282 4940 loquendo
3309 4864 3464 4936 quod
3499 4880 3597 4936 per
3616 4863 3817 4938 plures

2102 4947 2430 5022 acquisistis
2476 4951 2710 5022 orando,
2752 4957 2807 5009 et
2838 4967 2994 5010 nunc
3031 4969 3106 5010 ex
3137 4952 3342 5026 lingua
3374 4952 3580 5011 leviter
3617 4953 3818 5012 aﬂluat

2104 5039 2256 5113 quod
2312 5048 2566 5099 mentem
2625 5049 2817 5115 postea
2878 5043 3209 5116 paenitendo
3267 5042 3521 5118 graviter
3570 5052 3814 5117 premat.

2108 5128 2274 5204 Sape
2321 5145 2576 5204 namque
2628 5131 2780 5190 inter
2820 5132 3074 5206 retiquos
3114 5131 3292 5205 cibos,
3342 5149 3528 5192 unum
3577 5134 3817 5192 fortasse

2107 5220 2245 5293 quid
2292 5236 2324 5277 a
2370 5220 2702 5280 comedente
2753 5222 3055 5295 trajicitur,
3089 5223 3242 5296 quod
3289 5238 3388 5296 per
3425 5224 3618 5297 plures
3656 5233 3815 5298 post-

2107 5310 2343 5369 modum
2377 5311 2501 5369 dies
2526 5327 2812 5384 occupans
2837 5314 3198 5372 stomachum
3229 5313 3474 5373 minime
3498 5315 3813 5387 digeratur.

2109 5398 2206 5459 Sic
2242 5399 2520 5458 nimirum
2548 5400 2700 5458 inter
2731 5401 2914 5458 multa
2943 5401 3137 5474 verba,
3171 5418 3304 5476 qua
3333 5403 3643 5461 indiscrete
3679 5420 3818 5477 pro-

2109 5489 2373 5562 ferimus,
2420 5491 2778 5566 impossibile
2825 5500 2909 5550 est
2947 5499 3014 5550 ut
3051 5508 3164 5551 non
3197 5493 3546 5569 quandoque
3586 5494 3813 5569 aliquid

2108 5579 2360 5653 prodeat,
2390 5595 2504 5654 quo
2523 5579 2770 5653 deprimi
2802 5582 3012 5639 mentis
3043 5587 3257 5641 nostra
3282 5583 3646 5642 stomachum
3675 5598 3813 5642 sen-

2111 5669 2338 5739 tiamus,
2381 5686 2444 5725 ar
2493 5685 2590 5741 per
2628 5671 2732 5727 hoc
2768 5676 3013 5741 nequeat
3054 5671 3219 5730 facile
3261 5671 3465 5744 digeri,
3507 5673 3644 5746 quia
3691 5689 3809 5731 non
