4118 6440
284 272 391 331 913

1775 265 2023 326 SERMO
2061 267 2322 326 LXXIII.

3686 268 3792 328 9M

283 399 468 470 potest
501 390 790 452 oblivioni
829 389 1106 449 traditum
1135 404 1169 446 a
1195 389 1538 464 cogitatione
1582 390 1782 451 deleri.
1831 391 2395 465 Non-Apeccamus.
2447 393 2558 452 Sed
2607 392 2894 468 quidquid
2941 394 3002 451 in
3053 395 3310 453 humana
3358 392 3790 452 conversatione

284 483 436 543 nulli
467 481 626 541 enim
678 480 925 538 fratrum
974 485 1280 554 postquam
1328 495 1390 538 se
1433 479 1727 555 aliquanto
1765 479 1993 539 diutius

284 571 520 632 siluisse
557 567 954 636 meminerint,
1001 569 1252 643 quadam
1286 569 1452 644 quasi
1491 585 1566 628 ex
1606 570 1731 644 ipso
1762 569 1993 628 silentio

285 659 594 720 securitate
653 652 1008 732 praesumpta
1041 702 1055 726 ,
1115 672 1250 715 mox
1311 658 1382 715 ad
1440 658 1781 732 proferenda
1846 673 1994 716 vana

281 749 562 822 quaelibet
603 755 662 805 et
705 747 858 805 levia
903 746 1185 818 deﬂuunt,
1233 752 1290 806 et
1339 762 1455 806 non
1506 749 1578 806 ad
1639 749 1994 807 necessitatis

283 839 518 906 indicia,
579 836 676 895 sed
727 837 800 894 ad
851 836 1162 910 voluptatis
1218 836 1407 910 potius
1461 837 1840 910 petulantiam
1899 836 1992 896 in-

281 926 525 986 discreta
558 939 659 983 ora
699 922 1017 983 resolvunt.
1051 922 1274 992 Quibus
1312 925 1561 997 profecto
1596 924 1762 982 valde
1789 924 1992 982 timen-

281 1020 421 1078 dum
473 1023 576 1088 est,
608 1033 682 1075 ne
717 1016 903 1088 magis
934 1017 1116 1075 Deum
1157 1016 1300 1075 vitio
1331 1017 1604 1076 vaniﬂuaa
1632 1016 1993 1076 verbositatis

279 1109 572 1168 offendant
597 1123 773 1182 quam
802 1106 913 1164 sibi
940 1106 1103 1180 prius
1125 1103 1270 1161 388
1298 1106 1367 1163 de
1388 1107 1602 1164 silentii
1631 1107 1719 1165 sui
1747 1122 1987 1165 censura

280 1189 661 1273 placaverant.
723 1198 909 1256 Deum
961 1197 1274 1270 siquidem,
1330 1212 1504 1273 quem
1549 1198 1619 1254 de
1665 1198 1890 1256 silendo
1937 1204 1993 1255 et

277 1287 638 1346 orationibus
688 1285 1006 1344 insistendo
1045 1286 1107 1344 in
1147 1301 1207 1344 se
1244 1287 1533 1360 suscipere
1573 1287 1829 1345 fortassis
1858 1294 1991 1344 ante

278 1381 659 1446 meruerant,
722 1389 880 1433 nunc
937 1375 1190 1433 vacando
1244 1373 1458 1433 fabulis
1511 1381 1566 1432 et
1625 1374 1992 1433 sermonibus

275 1464 477 1526 otiosis
527 1470 685 1522 tanto
719 1463 1110 1539 periculosius
1152 1470 1368 1538 quanto
1411 1464 1666 1523 vicinius
1716 1465 1988 1538 persequi

278 1569 392 1614 non
425 1554 760 1614 formidant.

345 1643 604 1702 Audiant
661 1643 856 1715 itaque
927 1641 1069 1717 quid
1158 1641 1373 1701 Paulus
1453 1642 1717 1716 Ephesiis
1771 1643 1921 1702 dicat
1974 1661 1986 1703 :

2072 480 2431 556 delinquitur
2471 481 2781 541 fructuosas
2819 483 3174 558 pcenitentize
3210 481 3466 541 remedio
3493 485 3548 540 et
3577 480 3790 539 crebris

2073 569 2433 629 orationibus
2463 571 2750 644 expiatur.

2145 655 2592 716 Consideremus
2665 675 2821 732 ergo,
2904 659 3101 718 fratres
3186 659 3536 731 charissimi,
3609 674 3787 734 quam

2073 761 2250 818 grave
2302 746 2375 804 sit
2424 747 2486 803 in
2543 746 2741 820 lingua
2785 746 3145 824 delinquere,
3186 763 3319 822 quae
3366 748 3697 822 compuncti
3736 755 3792 810 et

2070 835 2248 892 amari
2277 836 2465 893 cordis
2502 835 2785 911 interpres
2824 853 2927 910 pro
2967 838 3179 896 nostris
3218 837 3441 895 delictis
3485 836 3789 896 efﬁcaciter

2072 927 2379 983 consuevit
2405 940 2586 992 orare,
2621 932 2675 983 et
2711 941 2838 983 eam
2877 926 3210 984 vanissimas
3253 925 3608 998 loquacitatis
3644 925 3786 984 vitio

2075 1029 2233 1072 ream
2280 1019 2452 1086 atque
2506 1013 2820 1071 obnoxiam
2879 1014 3078 1072 divino
3147 1012 3473 1086 conspectui
3527 1012 3785 1084 reddere,

2077 1117 2210 1176 quae
2247 1103 2531 1160 nimirum
2573 1103 2630 1159 in
2673 1118 2796 1161 suae
2853 1102 3157 1162 munditia:
3193 1102 3442 1177 puritate
3476 1101 3788 1176 persistens

2071 1190 2280 1248 nostris
2319 1190 2573 1248 reatibus
2611 1197 2830 1263 poterat
2877 1191 3108 1249 veniam
3145 1191 3424 1249 obtinere.
3464 1191 3627 1250 Unde
3666 1206 3786 1251 non

2070 1277 2360 1339 immerito
2397 1293 2499 1351 per
2536 1277 2732 1336 virum
2776 1280 3103 1351 Sapientem
3142 1279 3354 1337 dicitur
3399 1299 3410 1336 :
3466 1301 3493 1333 «
3541 1279 3784 1355 Flagelli

2071 1365 2218 1423 389
2248 1368 2414 1442 plaga
2465 1368 2706 1426 livorem
2748 1369 2913 1437 facit;
2944 1371 3112 1443 plaga
3153 1376 3346 1428 autem
3381 1371 3597 1446 linguae
3625 1386 3784 1430 com-

2073 1457 2295 1516 minuet
2342 1473 2469 1516 ossa
2507 1461 2697 1528 (Eccli.
2731 1464 2971 1526 XXVllI).
3004 1480 3031 1511 ι)
3066 1459 3209 1518 Ecce
3256 1460 3456 1534 lingua
3503 1477 3632 1520 ossa
3668 1475 3782 1518 non

2069 1548 2259 1619 habet,
2291 1555 2346 1607 et
2371 1565 2498 1608 ossa
2560 1549 2922 1621 comminuit,
2957 1549 3093 1624 quia
3145 1565 3281 1609 cum
3325 1551 3450 1624 ipsa
3495 1567 3592 1624 per
3642 1565 3785 1610 ven-

2066 1647 2191 1700 tosa
2237 1639 2412 1698 verba
2471 1639 2674 1698 leviter
2720 1639 2900 1698 efﬂuit
2944 1641 3114 1700 fortia
3161 1647 3334 1715 atque
3380 1641 3614 1700 robusta
3664 1638 3785 1698 vir-

279 1741 309 1786 σί
333 1733 554 1802 Omnis,
603 1731 815 1806 inquit,
864 1746 1054 1790 sermo
1105 1731 1293 1790 malus
1337 1748 1412 1790 ex
1467 1746 1565 1791 ore
1621 1741 1809 1793 vestro
1867 1729 2210 1812 nonBtutis
2249 1737 2459 1788 nostrae
2497 1730 2645 1787 facta
2680 1731 3013 1804 corrumpit.
3054 1731 3199 1789 Nam
3229 1746 3362 1789 cum
3403 1745 3558 1789 mors
3584 1735 3640 1788 et
3671 1727 3789 1787 vita

274 1823 560 1898 procedat,
613 1823 710 1881 sed
752 1822 800 1880 si
841 1823 979 1894 quid
1017 1822 1232 1881 bonum
1275 1826 1399 1894 est,
1438 1823 1508 1880 ad
1548 1823 1988 1882 aedificationem

273 1911 714 1988 opportunitatis
783 1912 916 1970 ﬁdei
947 1957 960 1984 ,
1015 1918 1081 1970 ut
1143 1913 1238 1970 det
1301 1914 1542 1985 gratiam
1617 1915 1989 1974 audientibus

275 2005 496 2074 (Ephes.
529 2006 634 2069 IV).
665 2026 693 2051 ι»
727 2000 792 2058 Et
824 2003 960 2075 quia
990 2001 1261 2060 nonnulli
1298 2001 1480 2060 Deum
1521 2004 1680 2074 prius
1717 2003 1860 2061 bene
1902 2005 1988 2062 vi-

275 2091 461 2150 vendo
500 2090 812 2159 laetiﬁcant,
851 2091 951 2148 sed
992 2092 1354 2164 postmodum
1401 2092 1695 2165 superﬂua
1743 2109 1992 2169 quinque

272 2187 328 2239 et
379 2195 649 2256 perversa
695 2180 983 2256 loquendo
1029 2183 1388 2253 contristant,
1424 2182 1578 2241 illico
1628 2184 1933 2260 subjunxit
1975 2205 1987 2244 :

275 2293 301 2322 α
333 2269 404 2328 Et
449 2269 627 2328 nolite
673 2270 1010 2328 contristare
1073 2268 1354 2343 Spiritum
1412 2279 1676 2329 sanctum
1729 2273 1869 2345 Dei,
1931 2274 1990 2331 in

271 2375 390 2434 quo
443 2360 651 2434 signati
693 2360 830 2420 estis
876 2359 936 2416 in
983 2358 1077 2416 die
1110 2359 1520 2433 redemptionis
1555 2364 1755 2430 (Ibid).
1794 2385 1820 2417 ››
1866 2361 1994 2422 Per-

271 2451 529 2522 pendant
558 2450 775 2520 miseri,
806 2464 939 2522 quae
964 2447 1082 2506 illis
1107 2449 1316 2506 lzetitia
1343 2451 1403 2507 in
1438 2451 1602 2509 vanis
1631 2453 1996 2512 sermonibus

274 2545 456 2614 potest
497 2539 890 2598 lenocinantes
927 2538 1219 2612 obrepere,
1271 2538 1485 2610 quibus
1521 2539 1714 2598 sciunt
1760 2557 1821 2598 se
1875 2557 1992 2599 non

274 2635 565 2703 potentem
615 2627 838 2699 saeculi,
869 2643 987 2686 non
1034 2629 1205 2685 etiam
1245 2628 1562 2701 quemlibet
1591 2636 1858 2688 sanctum
1890 2631 1995 2689 ho-

276 2719 512 2785 minem,
567 2716 666 2776 sed
725 2716 917 2789 ipsum
973 2714 1254 2789 Spiritum
1307 2725 1588 2785 sanctum,
1645 2718 1749 2792 qui
1796 2706 1995 2792 procul

272 2797 452 2857 dubio
480 2797 635 2856 Deus
663 2801 766 2867 est,
806 2795 1164 2853 contristare.

349 2886 571 2957 Quanto
622 2892 814 2944 autem
875 2884 1120 2944 cautelae
1165 2885 1356 2943 studio
1411 2885 1629 2959 lingua)
1682 2889 1995 2961 procacitas

272 2978 553 3037 frenauda
591 2977 684 3048 sit,
715 2978 763 3035 si
810 2976 942 3051 quis
994 2992 1165 3035 nosse
1201 2977 1503 3050 desiderat,
1535 2981 1686 3038 inter
1730 2995 1864 3056 qua:
1884 2980 1999 3039 cri-

271 3068 432 3127 mina
472 3067 544 3125 ab
593 3068 792 3127 eodem
831 3066 1104 3140 magistro
1129 3068 1391 3141 gentium
1423 3077 1780 3140 numeretur,
1812 3078 1996 3130 atten-

271 3152 366 3211 dat
414 3173 426 3212 :
488 3173 516 3207 α
571 3153 916 3223 Fornicatio,
978 3152 1192 3226 inquit,
1251 3161 1308 3212 et
1356 3157 1547 3215 omnis
1599 3157 1974 3217 immunditia

270 3251 371 3304 aut
420 3245 684 3315 avaritia,
739 3260 847 3302 nec
897 3245 1232 3304 nominetur
1282 3245 1342 3304 in
1401 3246 1584 3318 vobis,
1640 3247 1790 3306 sicut
1838 3229 1998 3312 decei

273 3339 516 3404 sanctos,
547 3340 649 3392 aut
698 3331 1014 3406 turpitudo,
1046 3341 1146 3392 aut
1195 3335 1644 3408 stultiloquium,
1694 3343 1792 3396 aut
1844 3355 1996 3398 scur-

273 3421 476 3491 rilitas,
517 3436 652 3495 qum
698 3421 769 3479 ad
811 3435 933 3480 rem
981 3437 1099 3480 non
1136 3423 1383 3494 pertinet
1434 3426 1647 3497 (Ephes.
1701 3427 1776 3497 v).
1815 3449 1836 3478 ι
1883 3427 1994 3486 Ubi

275 3511 433 3569 enim
481 3509 938 3580 fornicationem,
980 3510 1432 3580 immunditiam,
1473 3519 1644 3586 atque
1692 3513 1994 3573 avaritiam

278 3599 482 3668 texuit,
517 3597 598 3656 ibi
648 3599 822 3656 etiam
865 3598 1259 3657 indifferenter
1306 3600 1732 3673 scurrilitatem,
1765 3608 1821 3660 et
1845 3604 1992 3662 stul-

275 3690 581 3764 tiloquium
630 3690 985 3758 nominavit,
1033 3696 1099 3748 ut
1158 3690 1462 3750 manifeste
1505 3690 1675 3750 detur
1724 3691 1991 3764 intelligi,

277 3780 497 3853 linguae
543 3779 766 3839 malum
804 3778 1162 3852 gravissimis
1201 3779 1544 3839 criminibus
1580 3780 1641 3838 in
1677 3780 1994 3840 offensione

274 3869 671 3942 conjunctum,
700 3883 734 3926 a
783 3868 1003 3941 quibus
1043 3868 1105 3925 in
1148 3868 1272 3942 ipsa
1312 3884 1429 3927 non
1479 3877 1563 3928 est
1609 3869 1994 3942 prohibitione

274 3955 609 4015 discretum.
637 3955 784 4026 Quid
831 3962 1023 4014 autem
1063 3956 1401 4032 vaniloquio
1442 3963 1622 4030 potest
1664 3973 1788 4016 esse
1833 3958 1993 4017 dete-

276 4045 418 4116 rius,
442 4043 596 4118 quod
636 4059 753 4103 non
783 4043 954 4103 modo
991 4059 1093 4118 per
1127 4045 1502 4118 semetipsum
1538 4045 1831 4105 infelicem
1861 4047 1992 4106 ani-

273 4146 428 4190 mam
477 4131 763 4190 lethaliter
817 4139 1039 4206 gravat,
1087 4131 1187 4190 sed
1235 4139 1289 4191 et
1328 4133 1511 4204 ipsam
1540 4133 1795 4194 honestati
1853 4135 1992 4195 vitas

271 4219 632 4293 religionem,
666 4237 800 4297 quae
841 4221 1139 4280 hominem
1173 4221 1290 4281 Deo
1326 4221 1548 4295 junxit,
1592 4230 1849 4294 evacuat,
1891 4225 1991 4284 Ja-

271 4310 412 4370 cobo
452 4315 712 4381 testante,
744 4311 846 4385 qui
884 4311 962 4369 ait
996 4329 1063 4369 ;‹‹
1105 4312 1166 4370 Si
1196 4313 1330 4387 quis
1362 4317 1522 4385 putat
1557 4327 1618 4370 se
1655 4312 1990 4387 religiosum

270 4415 412 4472 esse,
441 4415 558 4459 non
597 4403 898 4458 refrenans
934 4400 1197 4472 linguam
1237 4415 1425 4473 suam,
1457 4402 1556 4460 sed
1587 4404 1867 4461 seducens
1892 4419 1990 4463 cor

2075 1817 2148 1876 sit
2192 1817 2252 1876 in
2303 1833 2480 1877 manu
2528 1816 2746 1888 lingua:
2787 1820 2959 1891 (Prov.
3005 1821 3194 1890 XVIII),
3242 1818 3408 1878 valde
3463 1818 3786 1881 cavendum

2075 1915 2158 1966 est
2211 1907 2419 1966 vitium
2465 1909 2621 1981 quod
2659 1916 2714 1967 et
2764 1925 2941 1970 manu
2973 1911 3042 1968 ad
3071 1909 3397 1969 feriendum
3433 1910 3518 1970 uti
3555 1909 3786 1980 dicitur,

2075 1999 2229 2058 unde
2255 1997 2506 2056 inaniter
2536 1997 2826 2071 loquentis
2863 1999 3059 2056 anima
3091 1997 3424 2057 trucidetur.
3460 1995 3622 2059 Unde
3667 2014 3782 2060 non

2075 2089 2364 2148 immerito
2417 2087 2592 2157 idem,
2639 2087 2739 2160 qui
2786 2103 2979 2160 supra,
3031 2085 3273 2160 Sapiens
3314 2087 3454 2146 dicit
3492 2107 3504 2147 :
3547 2107 3576 2142 α
3617 2087 3788 2146 Multi

2075 2182 2407 2240 ceciderunt
2436 2180 2498 2238 in
2527 2194 2626 2237 ore
2654 2177 2851 2251 gladii,
2874 2178 2970 2235 sed
3004 2193 3118 2235 non
3144 2177 3242 2247 sic,
3273 2178 3440 2250 quasi
3471 2175 3574 2254 qui
3603 2177 3788 2236 inter-

2076 2270 2270 2328 ierunt
2300 2284 2400 2343 per
2431 2268 2694 2342 linguam
2723 2282 2889 2324 suam
2921 2269 3110 2335 (Eccli.
3147 2269 3383 2336 XXVIII).
3418 2287 3440 2317 1

2150 2358 2278 2416 Duo
2322 2365 2514 2416 autem
2564 2357 2882 2430 unicuique
2922 2355 3238 2414 necessaria
3280 2359 3416 2414 sunt
3458 2353 3560 2428 qui
3609 2368 3671 2412 se
3715 2352 3788 2413 ab

2081 2448 2255 2520 hujus
2287 2447 2562 2519 nequitiae
2617 2452 2771 2519 peste
2803 2445 3090 2503 custodire
3137 2443 3440 2513 desiderat,
3482 2451 3546 2502 ut
3582 2441 3785 2501 videli-

2078 2544 2165 2595 cet
2196 2543 2249 2593 et
2291 2535 2590 2609 proprium
2639 2549 2703 2592 es
2758 2550 2790 2591 a
2837 2533 3209 2606 supervacuis
3238 2530 3602 2590 sermonibus
3628 2545 3786 2588 com-

2080 2623 2310 2697 primat,
2343 2628 2398 2681 et
2434 2637 2603 2680 aures
2634 2621 2806 2679 etiam
2840 2621 2913 2678 ab
2951 2620 3160 2692 ineptis
3191 2619 3398 2677 aliena;-
3426 2618 3789 2692 loquacitatis

2079 2710 2647 2770 confabulationibus
2689 2708 2934 2779 claudat,
2983 2707 3263 2782 quoniam
3318 2709 3424 2766 hoc
3471 2707 3635 2766 virus
3669 2722 3789 2766 non

2082 2800 2273 2859 solum
2315 2815 2411 2858 eos
2460 2817 2492 2857 a
2542 2798 2756 2872 quibus
2785 2798 2973 2857 oritur
3009 2797 3291 2856 lethaliter
3328 2798 3532 2867 inficit,
3563 2795 3665 2856 sed
3693 2812 3791 2857 eos

2080 2889 2251 2947 etiam
2289 2887 2348 2945 in
2389 2903 2533 2962 quos
2572 2885 2892 2945 effunditur
2932 2886 3251 2959 perniciosa
3282 2885 3417 2944 tabe
3449 2885 3785 2960 corrumpit.

2089 2977 2247 3036 Unde
2294 2978 2570 3050 scriptum
2617 2981 2702 3033 est
2752 2994 2764 3032 :
2824 2995 2850 3028 ‹‹
2897 2974 3030 3048 Sepi
3082 2989 3254 3034 aures
3309 2981 3434 3033 tuas
3487 2975 3690 3050 spinis,
3734 2982 3791 3036 et

2084 3068 2207 3128 noli
2243 3066 2447 3126 audire
2471 3067 2738 3141 linguam
2771 3082 3061 3141 nequam;
3094 3072 3149 3124 et
3173 3066 3260 3124 ori
3291 3072 3392 3124 tuo
3429 3066 3597 3125 facito
3619 3067 3787 3140 ostia,

2079 3163 2136 3216 et
2181 3171 2335 3215 seras
2382 3155 2623 3216 auribus
2675 3157 2824 3226 tuis;
2875 3171 3088 3215 aurum
3135 3161 3326 3226 tuum,
3373 3161 3430 3214 et
3480 3160 3790 3230 argentum

2081 3253 2248 3305 tuum
2283 3245 2487 3317 conﬂa,
2519 3252 2574 3304 et
2608 3245 2797 3304 verbis
2827 3244 2944 3303 tuis
2985 3243 3153 3302 facito
3192 3250 3483 3315 stateram,
3512 3249 3568 3302 et
3596 3244 3790 3305 frenos

2075 3335 2164 3392 ori
2198 3341 2297 3393 tuo
2325 3340 2524 3403 rectos,
2557 3340 2612 3390 et
2638 3334 2888 3403 attende,
2929 3347 3003 3390 ne
3041 3331 3185 3390 forte
3222 3332 3432 3391 labaris
3468 3333 3528 3391 in
3566 3333 3786 3408 lingua,

2076 3429 2131 3481 et
2157 3421 2324 3481 cadas
2351 3422 2412 3480 in
2450 3428 2758 3496 conspectu
2800 3420 3178 3480 inimicorum
3215 3421 3622 3480 insidiantium
3659 3423 3784 3494 tibi,

2074 3519 2130 3571 et
2185 3513 2259 3571 sit
2311 3528 2480 3572 casus
2532 3519 2666 3571 tuus
2721 3510 3065 3570 insanabilis
3108 3511 3172 3568 in
3219 3518 3464 3570 mortem
3507 3513 3714 3586 (Ibid.).
3758 3534 3784 3566 ιι

2077 3602 2348 3662 Salomon
2385 3608 2579 3660 autem
2624 3600 2763 3660 dicit
2801 3619 2813 3658 :
2857 3619 2887 3654 ‹‹
2934 3598 3046 3669 Qui
3092 3598 3424 3659 custoditos
3453 3613 3650 3673 suum,
3681 3615 3788 3659 cu-

2074 3691 2248 3751 stodit
2284 3690 2541 3748 animam
2569 3704 2770 3760 suam;
2807 3687 2913 3763 qui
2949 3693 3148 3746 autem
3195 3687 3657 3747 inconsideratus
3701 3697 3788 3747 est

2072 3782 2143 3840 ad
2190 3766 2568 3854 loquendum,
2627 3777 2834 3836 sentiet
2887 3774 3105 3834 malum
3153 3777 3332 3845 (Prov.
3379 3781 3532 3846 XIII).
3580 3797 3608 3830 »
3669 3775 3787 3835 Nec

2073 3871 2232 3930 enim
2272 3869 2624 3929 credendum
2668 3873 2774 3940 est,
2815 3867 3017 3925 fratres
3072 3865 3206 3938 mei,
3250 3874 3476 3926 sanctos
3528 3866 3786 3926 doctores

2073 3962 2222 4022 Novi
2269 3961 2486 4021 scilicet
2535 3976 2603 4018 ac
2646 3958 2869 4018 Veteris
2921 3958 3275 4018 Testamenti
3325 3964 3405 4017 tot
3444 3959 3572 4018 sine
3612 3974 3785 4038 causa

2072 4051 2385 4111 sententias
2425 4049 2702 4108 adversus
2757 4046 2976 4122 linguae
3025 4046 3234 4106 vitium
3277 4046 3602 4120 protulisse.
3656 4047 3782 4106 Nisi

2072 4140 2231 4200 enim
2263 4137 2400 4197 huic
2429 4137 2630 4196 morbo
2667 4137 2925 4196 immane
2962 4134 3288 4209 periculum
3331 4134 3521 4194 inesse
3565 4149 3782 4209 cogno-

2071 4235 2312 4300 scerent,
2368 4241 2741 4302 nequaquam
2809 4225 3091 4285 adversus
3149 4225 3309 4284 hunc
3365 4231 3481 4283 tam
3535 4231 3781 4296 austere,

2071 4325 2187 4377 tam
2214 4323 2400 4389 acute,
2443 4323 2560 4375 tam
2585 4314 3001 4389 multipliciter,
3039 4320 3155 4373 tam
3186 4313 3556 4374 uniformiter
3581 4315 3782 4391 dispu-

2070 4413 2274 4465 tarent.

269 4464 467 4556 suum,
499 4489 673 4563 huius
721 4504 868 4547 vana
906 4494 991 4546 est
1025 4464 1248 4561 “fcligio
1289 4464 1425 4559 (Ιαοί
1462 4492 1519 4562 1)-
1551 4513 1572 4542 ι
1622 4487 1846 4558 Quibus
1895 4464 2052 4547 ni-D
2248 4497 2406 4555 enim
2451 4501 2655 4555 cmtera
2693 4495 3022 4555 testimonia
3060 4511 3238 4556 sacras
3287 4495 3601 4571 Scripturaa
3646 4514 3784 4573 prae-

271 4578 486 4636 mirum
547 4577 740 4637 verbis
776 4577 904 4636 luce
944 4577 1156 4637 clarius
1193 4585 1415 4638 constat
1459 4579 1595 4654 quia
1631 4580 1695 4637 in
1733 4577 1985 4637 nihilum

265 4667 459 4725 omnis
505 4675 696 4726 nostra
745 4668 946 4741 religio
1001 4667 1302 4742 redigitur,
1355 4667 1467 4726 nisi
1503 4668 1738 4726 solerter
1778 4669 1986 4726 immo-

265 4756 479 4814 derata:
517 4755 732 4829 lingua:
771 4755 1006 4814 lascivia
1043 4764 1452 4828 compescatur.
1486 4758 1598 4826 Qui
1626 4773 1832 4816 rursus
1860 4758 1940 4816 ait
1970 4781 1983 4816 :

269 4867 294 4898 α
345 4844 456 4915 Qui
506 4845 569 4903 in
615 4845 788 4904 verbo
838 4860 955 4903 non
1001 4845 1259 4918 offendit,
1293 4847 1385 4904 hic
1432 4848 1719 4919 perfectus
1769 4855 1856 4906 est
1899 4846 1989 4906 vir

269 4940 400 5005 (Jac.
438 4937 537 5008 III).
573 4959 599 4982 »ι
639 4932 701 4993 Si
740 4933 850 4992 viri
901 4933 1177 5007 perfectio
1222 4935 1282 4991 in
1325 4934 1486 4992 verbi
1523 4935 1784 4995 custodia
1824 4937 1986 5011 poni-

268 5032 390 5093 tur,
444 5025 694 5098 profecto
739 5029 892 5098 patet
939 5022 1077 5097 quia
1128 5037 1230 5096 per
1284 5024 1579 5082 effrenata;
1629 5025 1990 5099 loquacitatis

266 5112 572 5180 incuriam,
604 5113 794 5171 omnis
823 5111 997 5170 etiam
1035 5112 1300 5184 perfectae
1339 5112 1474 5170 vitae
1505 5113 1842 5186 compositio
1877 5115 1988 5174 dis-

266 5201 502 5274 sipatur.
535 5201 606 5258 Et
653 5201 703 5260 si
752 5216 873 5259 rem
917 5198 1167 5259 velimus
1210 5199 1518 5273 diligenter
1557 5201 1858 5275 inspicere,
1887 5203 1988 5263 de-

267 5289 445 5348 terius
472 5297 666 5364 peccat
692 5289 1033 5363 plerumque
1067 5288 1263 5362 lingua
1295 5304 1468 5362 quam
1496 5290 1652 5357 vita;
1684 5307 1821 5349 nam
1857 5297 1914 5350 et
1939 5293 1989 5352 si

269 5377 533 5452 vigilanti
579 5389 719 5437 cura
763 5378 1018 5436 animam
1071 5384 1325 5435 nostram
1376 5376 1665 5437 custodire
1711 5382 1988 5455 proponi-

267 5482 418 5540 mus,
470 5473 660 5527 tamen
714 5466 855 5542 quia
907 5465 1203 5542 propagati
1255 5465 1338 5525 de
1376 5481 1546 5526 carne
1593 5482 1728 5528 cum
1763 5477 1991 5543 peccato

274 5574 502 5632 sumus,
532 5559 887 5636 impediente
942 5560 1157 5636 saepius
1207 5561 1330 5634 ipsa
1387 5559 1578 5618 carnis
1633 5559 1988 5635 infirmitate,

2075 4590 2309 4655 teream,
2337 4599 2511 4658 quem
2550 4584 2859 4659 apostolica
2911 4584 3046 4644 tuba
3087 4585 3189 4642 illa
3225 4599 3338 4643 non
3383 4592 3609 4659 terreat,
3649 4603 3783 4662 quae

2072 4673 2144 4732 de
2188 4675 2294 4732 hac
2333 4673 2586 4747 pernicie
2627 4673 2955 4733 terribiliter
2983 4673 3224 4744 intonat,
3263 4673 3459 4732 dicens
3492 4695 3503 4732 :
3548 4695 3577 4728 «
3617 4676 3778 4744 Ecce,

2072 4761 2284 4834 inquit,
2330 4769 2589 4835 quantus
2629 4761 2784 4833 ignis
2833 4777 3007 4833 quam
3076 4777 3344 4833 magnam
3427 4763 3635 4823 silvam
3688 4765 3783 4824 in-

2071 4849 2284 4919 cendit,
2314 4855 2370 4907 et
2417 4849 2619 4923 lingua
2662 4851 2814 4924 ignis
2861 4856 2966 4920 est,
3019 4849 3365 4909 universitas
3413 4851 3778 4926 iniquitatis;

2072 4939 2276 5012 lingua
2307 4938 2678 4997 constituitur
2726 4939 2789 4996 in
2828 4936 3104 4996 membris
3142 4940 3376 5013 nostris,
3409 4956 3542 5017 quae
3584 4954 3782 5001 maeui-

2073 5027 2153 5086 lat
2205 5035 2387 5088 totum
2441 5044 2684 5103 corpus,
2741 5034 2795 5086 et
2847 5028 3171 5088 inﬂammat
3228 5037 3411 5090 rotam
3467 5031 3786 5091 nativitatis

2074 5109 2306 5188 nostra),
2336 5117 2690 5175 inﬂammata
2740 5130 2772 5172 a
2811 5116 3074 5188 gehenna
3115 5118 3243 5192 (Jac.
3287 5119 3384 5192 III).
3438 5139 3468 5173 »
3513 5109 3638 5178 Non
3675 5135 3781 5179 au-

2073 5209 2187 5264 tem
2217 5205 2510 5264 immerito
2538 5203 2740 5277 lingua
2765 5203 2919 5277 ignis
2955 5203 3186 5272 dicitur,
3223 5207 3360 5281 quia
3397 5207 3548 5268 sicut
3584 5209 3655 5268 de
3684 5209 3781 5268 in-

2071 5294 2315 5368 sipiente
2350 5292 2621 5352 Salomon
2658 5292 2838 5351 dicit:
2875 5319 2902 5344 «
2933 5294 3168 5369 Apertio
3205 5294 3321 5354 oris
3357 5295 3517 5356 illius
3547 5297 3782 5356 inﬂam-

2072 5382 2246 5441 matio
2282 5384 2470 5455 (Et-cli.
2516 5385 2646 5452 xx).
2698 5408 2725 5433 ιο
2769 5381 2846 5466 ,81
2893 5399 3028 5458 ergo
3072 5384 3269 5458 lingua
3310 5384 3466 5458 ignis
3509 5391 3612 5459 est,
3644 5401 3780 5464 quae

2071 5485 2306 5532 omnem
2329 5472 2618 5532 virtutum
2654 5478 2984 5533 nostrarum
3022 5466 3231 5533 silvam
3264 5471 3541 5548 incendit,
3576 5474 3627 5534 si
3655 5475 3785 5536 uni-

2071 5561 2313 5622 versitas
2353 5568 2439 5622 est
2475 5561 2822 5636 iniquitatis,
2852 5561 2899 5621 si
2935 5567 3116 5623 totum
3154 5577 3362 5638 corpus
3399 5578 3506 5627 sua
3534 5563 3790 5627 foeditate
