2059 3232
162 129 215 159 915

479 129 508 159 S.
529 128 641 158 PETRI
661 125 822 156 DAMIANI
842 125 920 155 OPP.
943 125 1038 156 PARS
1058 126 1128 157 SEU
1147 127 1272 158 TOMUS
1290 128 1328 158 II.
1348 145 1383 151 —
1403 128 1609 159 SEBMONES.

1860 129 1921 159 916

162 193 349 227 contaminat,
366 193 390 221 si
411 196 500 221 rotam
527 195 633 220 nostrae
659 189 817 218 nativitatis
839 189 1051 224 inﬂammat,A
1063 189 1124 218 sive
1151 190 1238 220 etiam
1262 191 1461 221 tedificationis
1485 190 1572 220 verba
1599 190 1778 227 proferendo,
1802 191 1920 220 studeat

164 238 192 267 id
213 239 256 266 est
274 236 299 266 si
315 244 400 266 omne
415 235 552 265 meritum
569 233 712 264 instabilis
726 233 815 270 hujus
833 233 900 262 vitae
915 236 1020 262 nostrae

163 289 225 312 suaa
254 280 447 320 damnationis
475 279 609 308 incendio
635 279 772 314 devorat,
803 277 860 307 nisi
890 277 1019 314 linguam

163 334 246 355 suam
278 324 345 361 quis
367 324 487 353 discreta
509 323 704 352 moderatione
730 322 880 357 custodiat,
901 322 967 358 quis
985 321 1021 350 de

165 371 335 405 sobrietate,
362 370 428 405 quis
454 370 490 398 de
517 369 642 397 castitate
669 375 860 404 prmsumere,
890 367 957 403 quis
985 367 1021 395 de

160 414 290 452 jejuniis,
318 414 380 443 sive
410 413 534 450 vigiliis,
562 416 614 442 aut
640 412 738 449 aliqua
767 419 797 440 se
820 411 922 448 poterit
947 411 1020 440 bona

161 459 325 496 operatione
337 458 443 495 jactare
452 459 465 486 ?

201 505 346 534 Ponamus
374 511 441 540 ergo
457 527 464 538 ,
495 503 595 532 fratres
627 501 813 535 charissimi,
840 501 955 530 frenum
977 501 1020 530 ori

166 553 277 584 nostro;
311 557 368 578 non
399 557 437 577 ex
459 556 491 577 eo
515 548 602 577 verba
621 547 752 576 scurrilia
778 546 937 582 prodeant,
961 553 1019 574 non

165 596 256 625 ﬂuxas
270 595 377 624 laetitiae
394 595 520 623 fomenta
538 596 742 629 prorumpam;
766 599 823 620 non
845 592 946 628 lingua
968 598 1020 619 no-

168 645 225 670 stra
249 640 345 669 fratris
364 639 473 668 inﬁrmi
498 639 587 667 vitam
609 637 777 666 detractorie
802 636 943 672 mordeat;
962 643 1020 664 non

165 684 239 714 bene
254 684 394 713 currentis
419 691 503 720 opera
522 682 577 712 sub
602 682 668 711 vitae
687 681 776 718 hujus
794 682 902 710 incerto
924 681 1023 718 praeci-

165 729 290 766 pitanter
314 728 454 761 extollat;
483 735 542 756 non
571 726 715 764 praeterita
747 726 819 754 facta
835 748 842 760 ,
875 725 920 754 vel
946 725 1022 754 dicta

165 775 291 805 inaniter
327 774 442 808 recitet;
479 781 537 802 non
576 772 648 808 quid
683 774 755 803 390
788 779 805 799 a
834 770 1022 800 saecularibus

167 822 269 856 agatur
292 819 369 847 inter
396 819 497 847 fratres
525 818 694 855 pestilenter
718 820 848 851 enarret;
875 823 1025 845 servemus

1060 242 1122 264 eam
1145 235 1300 265 salubriter
1323 244 1467 270 exercere,
1489 244 1523 265 ne
1541 235 1590 265 cui
1609 243 1689 264 nunc
1710 236 1791 264 ardet
1813 235 1921 271 lingua

1059 279 1090 308 in
1119 279 1257 316 loquendi
1279 280 1521 317 concupiscentia,
1542 279 1734 309 damnationis
1752 288 1816 309 suae
1837 282 1920 316 post-

1065 323 1185 353 modum
1213 325 1401 354 comburatur
1421 326 1451 353 in
1475 332 1570 361 pcena.
1594 324 1695 361 Neque
1718 324 1796 353 enim
1821 325 1920 361 negti-

1061 373 1163 406 genler
1181 369 1362 399 audiendum
1379 373 1422 398 est
1436 369 1513 406 quod
1532 369 1614 398 dives
1632 368 1681 397 ille
1698 368 1811 406 petebat
1830 368 1919 398 refri-

1061 413 1156 449 gerari
1185 414 1316 451 linguam
1341 421 1434 448 suam,
1454 414 1523 451 quia
1541 412 1725 442 cruciabatur
1744 413 1774 441 in
1796 413 1918 442 ﬂamma

1062 460 1137 492 (Luc.
1168 461 1242 492 XVI).
1267 459 1342 493 Quia
1370 458 1458 493 enim,
1483 458 1568 494 juxta
1589 457 1773 494 apostolicam
1796 461 1918 487 senten-

1062 503 1140 536 tiam.
1163 503 1293 531 humana
1311 502 1411 539 lingua
1431 511 1448 532 a
1467 502 1610 539 gehenna,
1631 502 1683 531 hoc
1700 505 1742 531 est
1763 510 1780 531 a
1803 502 1916 538 gehen-

1063 547 1180 577 nalibus
1204 547 1316 582 incolis,
1346 555 1425 576 nunc
1444 547 1550 576 dicitur
1573 547 1746 576 inﬂammari
1771 549 1915 582 (1:10.111);

1062 600 1121 621 non
1138 592 1282 621 immerito
1295 591 1477 628 postmodum
1490 591 1616 620 ﬂammis
1632 591 1785 621 ultricibus
1800 592 1915 626 tradita,

1062 645 1127 667 cum
1146 637 1253 666 eisdem
1275 637 1363 666 simul
1377 641 1504 667 meretur
1522 637 1616 669 aduri.
1640 637 1720 666 Unde
1734 646 1790 667 non
1813 638 1921 668 incon—

1063 690 1136 720 grue
1163 683 1198 712 de
1226 690 1361 719 perversa
1380 682 1481 720 lingua
1499 691 1550 720 per
1570 684 1670 713 virum
1693 684 1850 720 sapientem
1872 684 1919 714 di-

1064 728 1139 757 citur
1168 739 1174 756 :
1206 738 1216 751 ι
1244 727 1278 756 In
1310 728 1435 762 ﬂamma,
1465 727 1570 765 inquit,
1598 735 1651 757 sua
1683 736 1740 757 non
1768 728 1923 758 comburct

1062 772 1166 809 justos.
1192 771 1247 806 Qui
1285 771 1453 809 relinquunt
1478 772 1590 808 Deum,
1618 772 1746 801 incident
1766 771 1798 801 in
1824 773 1920 808 illam,

1066 816 1216 845 exardebit
1230 816 1259 845 in
1276 816 1346 852 illis,
1361 820 1388 846 et
1403 825 1461 846 non
1476 817 1688 854 exstinguetur,
1706 820 1732 846 et
1746 817 1922 847 immittatur

167 867 195 893 et
208 871 260 892 nos
289 863 365 900 quod
384 862 493 892 Paulus
513 862 731 892 Colossensibus
744 861 884 898 praecipit,
900 861 998 890 dicens
1014 873 1020 889 :
1035 861 1099 898 Bin
1115 860 1191 896 illos,
1208 862 1291 898 quasi
1311 861 1355 890 leo
1373 864 1401 890 et
1417 861 1500 899 quasi
1515 861 1622 898 pardus
1635 860 1720 890 lzedet
1737 862 1805 891 illos
1822 863 1921 896 (Eccli.

169 918 183 935 «ε
202 907 302 937 Sermo
317 911 412 937 vester
426 915 539 944 semper
557 907 587 936 in
601 906 692 943 gratia
708 906 768 935 sale
782 906 818 935 sit
832 905 975 940 conditus,
989 908 1024 934 ut

168 952 263 982 sciatis
297 952 442 988 quomodo
474 954 601 988 oporteat
633 958 684 980 vos
712 950 872 986 unicuique
905 957 1021 985 respon-

167 996 235 1025 dere
255 997 322 1030 (Col.
344 999 398 1030 1v).
422 1007 433 1021 ι
460 995 502 1025 Sit
530 996 617 1032 igitur
644 994 743 1032 lingua
767 997 862 1024 nostra
885 994 1022 1029 modesta,

168 1040 275 1076 sobria,
295 1040 427 1076 discreta,
450 1040 570 1077 pudica;
589 1039 626 1068 sit
646 1039 704 1068 oris
723 1039 814 1068 nostri
833 1038 924 1068 saliva
941 1038 1024 1075 virgo

171 1084 218 1112 die
245 1087 406 1119 crescente,
435 1088 463 1113 ct
482 1084 540 1113 nisi
564 1083 696 1113 utilitatis
716 1083 825 1112 occasio
848 1083 1023 1120 praebeatur,

168 1137 263 1166 usque
286 1129 316 1158 in
338 1129 508 1163 crastinum,
536 1128 597 1158 sive
619 1128 754 1165 perendie
774 1128 941 1165 incorrupta
963 1135 1024 1156 ser-

169 1177 263 1204 vetur.

206 1219 341 1254 Portatis,
371 1219 473 1249 fratres
498 1220 565 1253 mei,
592 1219 753 1252 vobiscum,
779 1218 895 1255 portatis
915 1218 1024 1247 clavem

172 1263 293 1296 cellulae,
311 1267 418 1300 portate
438 1267 465 1292 et
479 1263 590 1292 clavem
614 1263 741 1300 linguae;
762 1262 906 1299 opponitis
925 1270 1025 1298 pessu-

171 1308 234 1338 lum
254 1308 336 1342 ostio,
358 1308 491 1337 adhibete
508 1308 666 1337 retinacula
689 1307 841 1336 salubriter
857 1307 899 1336 ori
921 1310 1025 1335 vestro.

170 1353 283 1388 Auceps
298 1360 356 1381 non
369 1352 480 1381 emittet
494 1352 656 1389 accipitrem
669 1376 675 1385 ,
689 1351 746 1380 nisi
759 1359 891 1380 anserem
910 1350 1006 1379 videat
1019 1374 1025 1384 ,

173 1399 201 1426 et
226 1396 385 1426 monachus
414 1396 532 1426 dimittit
562 1396 691 1433 linguam
719 1404 813 1430 suam,
840 1395 865 1424 si
891 1393 1028 1431 loquendi

174 1441 328 1470 necessitas
342 1448 400 1469 non
416 1440 554 1478 assistat?
570 1440 748 1477 Dedignatur
768 1444 885 1469 venator
899 1439 1027 1468 catulum

177 1484 299 1520 solvere,
314 1485 371 1514 nisi
391 1485 474 1521 lepus
491 1489 641 1521 appareat;
659 1485 793 1514 viliorem
811 1484 915 1513 habeat
928 1491 1030 1512 mona-

177 1530 250 1559 chus
272 1529 403 1565 linguam
425 1536 519 1563 suatn,
536 1537 624 1566 quam
646 1528 680 1557 ad
702 1529 813 1557 nullius
836 1528 968 1563 salutem,
984 1528 1028 1557 vel

178 1573 363 1603 commodum
392 1573 534 1602 inutiliter
557 1572 669 1602 solvat?
686 1572 777 1602 Sudat
796 1573 869 1609 lapis
886 1573 917 1601 in
940 1580 1030 1602 manu

179 1617 410 1655 oppugnantium
431 1618 551 1652 mtenia,
566 1621 594 1646 et
609 1617 754 1649 incassum
770 1617 846 1646 volet
862 1617 983 1647 verbum
997 1617 1032 1646 de

178 1669 228 1692 ore
241 1662 343 1692 stantis
357 1663 388 1691 in
404 1667 510 1692 sanctae
534 1662 647 1692 militia:
669 1662 843 1699 disciplina?
862 1663 956 1691 Arcus
971 1663 1032 1691 fru-

178 1710 235 1737 stra
255 1707 340 1737 ﬂexis
361 1707 499 1736 cornibus
518 1715 575 1737 non
603 1707 773 1740 intenditur,
795 1711 822 1736 et
843 1706 981 1736 rationale
1003 1714 1035 1736 os

181 1752 216 1781 ad
236 1751 410 1781 effundenda
429 1752 535 1788 passim
554 1752 699 1788 superﬂua
718 1751 885 1781 reseratur?
906 1750 1036 1781 Parcitur

184 1798 338 1834 pharetrae,
361 1800 393 1826 ut
418 1805 454 1826 ex
477 1805 510 1826 ea
532 1797 632 1833 sagitta
659 1797 760 1826 leviter
781 1805 836 1826 non
855 1800 956 1831 exeat;
978 1804 1034 1826 non

186 1841 315 1879 parcitur
335 1841 454 1877 linguae,
481 1845 514 1870 ut
537 1841 658 1870 mordax
684 1841 713 1869 in
735 1840 894 1877 quemlibet
914 1841 1035 1870 verbum

183 1886 263 1916 velut
277 1887 366 1916 ictum
379 1887 511 1915 vulneris
521 1894 577 1916 non
594 1886 706 1922 inﬂigat
715 1886 729 1915 ?

218 1931 293 1966 Quid
318 1932 353 1960 ad
379 1931 449 1966 haec,
478 1931 589 1965 fratres,
618 1930 764 1960 dicimus?
790 1939 848 1968 qua
876 1938 928 1959 nos
950 1938 1038 1966 argu-

187 1977 365 2006 mentatione
380 1976 545 2011 defendere,
564 1984 620 2013 qua
636 1983 791 2012 possumus
814 1975 966 2005 artiﬁciosa
989 1983 1041 2004 nos

184 2022 369 2051 excusatione
385 2020 527 2059 purgare?
544 2021 681 2059 Nunquid
695 2029 753 2051 non
771 2020 885 2050 facilius
898 2024 940 2049 est
954 2023 1041 2056 atque

186 2066 372 2103 tranquillius
387 2066 478 2095 facere
498 2074 587 2103 quam
611 2065 714 2102 loqui?
735 2065 872 2103 Nunquid
887 2073 945 2095 non
961 2065 1041 2094 labo-

186 2111 291 2140 riosius
306 2116 347 2139 est
362 2111 493 2147 linguam
508 2119 555 2147 per
570 2115 608 2140 tot
623 2111 745 2148 prolixae
759 2110 938 2147 loquacitatis
955 2110 1041 2138 verba

187 2155 350 2184 discurrere
365 2163 452 2191 quam
467 2155 495 2183 in
514 2163 565 2183 suo
581 2156 707 2191 quietam
719 2154 835 2183 silentio
852 2153 1043 2191 permanere?

189 2199 271 2229 Unde
294 2207 350 2228 non
380 2199 525 2228 immerito
552 2200 587 2229 de
610 2199 784 2235 quibusdam
810 2207 860 2236 per
886 2199 1039 2228 Jeremiam

187 2245 294 2274 dicitur
314 2255 321 2273 :
350 2256 359 2270 ι
373 2244 538 2275 Docuerunt
560 2245 691 2281 linguam
712 2252 793 2274 suam
819 2244 897 2281 loqui
922 2245 1039 2273 menda-

189 2290 284 2326 cium;
312 2294 345 2321 ut
370 2291 471 2328 inique
498 2293 616 2326 agerent
638 2290 841 2319 laboraverunt
865 2290 925 2326 (Jer.
957 2292 1007 2326 Iv).
1026 2300 1039 2316 »

189 2336 347 2366 Laborasse
374 2343 501 2372 namque
525 2334 673 2370 dicuntur,
703 2337 736 2364 ut
764 2334 898 2371 nequiter
925 2337 1042 2371 agerent

189 2380 240 2419 qui
263 2379 380 2409 tacendo
394 2379 497 2417 utique
514 2378 578 2407 sine
600 2381 712 2415 petmto
727 2377 834 2408 melius
851 2379 1040 2416 quievissent.

190 2427 225 2455 Et
252 2425 277 2455 si
303 2425 377 2455 forte
395 2423 555 2462 quemlibet
577 2423 694 2453 fratrem
713 2423 744 2452 in
766 2423 867 2460 lingua
890 2431 921 2453 se
935 2424 1043 2461 jugiter

190 2470 310 2509 fatigare
335 2469 472 2505 delectat,
499 2468 627 2499 Paulum
649 2467 750 2500 audiat
780 2467 858 2506 quod
885 2467 1043 2498 Corinthiis

191 2517 267 2547 dicat
286 2526 293 2546 :
312 2526 326 2543 ι
341 2514 416 2554 Quid
435 2514 631 2559 6139,.

191 2517 267 2547 dicat
286 2526 293 2546 :
312 2526 326 2543 ι
341 2514 416 2554 Quid
435 2511 938 2565 argmrlrxgum'eonvenitis,
953 2520 1043 2544 unus-

232 2646 248 2653 --
376 2636 378 2638 ’
811 2633 917 2658 με
938 2634 963 2658 ;.
985 2649 1032 2658 ,μη

200 2659 311 2699 κλωπ-ζ
865 2658 959 2682 .j'
982 2658 1035 2678 W‘
1036 2670 1044 2679 .

190 2658 921 2747 ζ.

194 2734 195 2738 η
863 2731 893 2746 .11
907 2744 913 2747 ,7
939 2738 985 2747 μμ
1000 2738 1043 2747 ν.-ε

924 2747 1046 2773 autenm
1092 2747 1174 2776 quem

931 2783 1045 2822 unde.

1065 908 1183 941 XXVIII).
1198 918 1211 930 κ
1228 906 1305 935 Illud
1316 906 1403 935 etiam
1417 908 1486 937 391
1503 909 1621 942 quantae
1640 905 1797 942 formidini,
1812 910 1923 944 quanto

1066 951 1150 981 nobis
1176 950 1260 980 debet
1279 959 1341 980 esse
1359 951 1460 980 terrori
1481 952 1558 988 quod
1576 951 1688 981 Veritas
1706 952 1747 981 ait
1769 964 1776 981 :
1801 962 1815 979 α
1829 952 1923 982 Omne

1065 995 1188 1025 verbum
1204 995 1339 1030 otiosum,
1359 995 1436 1031 quod
1460 995 1547 1025 locuti
1566 995 1674 1025 fuerint
1692 995 1834 1032 homines,
1856 996 1922 1025 red-

1065 1040 1134 1069 dent
1148 1040 1183 1069 de
1198 1048 1231 1069 eo
1245 1039 1384 1069 rationem
1399 1040 1430 1068 in
1446 1039 1493 1068 die
1503 1039 1606 1077 judicii
1622 1040 1730 1075 (Matth.
1746 1040 1810 1076 xu).
1826 1051 1839 1065 ιι

1103 1084 1211 1114 Audiat
1243 1084 1346 1120 lingua
1378 1084 1545 1120 vaniloqua,
1570 1084 1667 1113 audiat
1692 1084 1794 1121 lingua
1819 1084 1921 1120 otiosa,

1067 1130 1166 1159 audiat
1191 1129 1292 1166 lingua
1314 1128 1452 1158 scabiosa.
1480 1128 1626 1164 Scabiosa,
1652 1129 1784 1167 inquam,
1807 1129 1922 1166 lingua,

1068 1182 1134 1211 quae
1158 1173 1239 1202 velut
1264 1172 1388 1202 scabiem
1408 1173 1564 1210 quamdam
1583 1176 1667 1211 atque
1685 1174 1831 1210 pruritum
1849 1174 1924 1211 pati-

1069 1223 1127 1254 tur,
1161 1218 1219 1247 nisi
1246 1226 1360 1255 semper
1388 1221 1472 1247 acuto
1497 1218 1708 1255 quodammodo
1735 1227 1925 1256 supervacuas

1069 1262 1221 1293 locutionis
1241 1270 1341 1298 ungue
1361 1262 1514 1299 scalpatur.
1537 1263 1643 1292 Audiat
1664 1266 1692 1292 et
1713 1266 1856 1301 pavescat,
1877 1263 1927 1293 in-

1069 1308 1179 1344 telligat
1204 1310 1231 1336 et
1257 1310 1315 1336 tam
1336 1307 1495 1336 terribilem
1521 1308 1690 1337 sententiam
1716 1308 1924 1345 perhorrescat.

1069 1351 1178 1381 Audiat
1196 1355 1333 1380 terrorem
1344 1351 1446 1388 judicii
1466 1352 1501 1381 de
1524 1359 1573 1381 ore
1586 1352 1679 1388 ipsius
1690 1352 1860 1388 judicaturi.
1878 1353 1926 1382 An

1071 1403 1127 1425 non
1155 1395 1240 1424 habet
1260 1403 1347 1425 aures
1365 1399 1396 1424 ut
1416 1396 1506 1431 possit
1529 1396 1640 1432 audire,
1661 1404 1728 1432 quae
1751 1400 1779 1425 et
1801 1404 1926 1425 manum

1071 1439 1156 1468 habet
1174 1443 1205 1469 ut
1229 1439 1319 1475 possit
1342 1438 1495 1468 occidere?
1520 1451 1534 1466 ,ι
1550 1439 1627 1469 Mors
1648 1440 1727 1469 enim
1753 1442 1780 1469 et
1804 1440 1866 1468 vita
1893 1439 1928 1469 in

1072 1492 1160 1514 manu
1172 1484 1282 1521 linguae
1298 1486 1388 1518 (Prov.
1401 1487 1498 1519 XVIII).
1509 1494 1522 1511 »
1541 1485 1647 1514 Audiat
1658 1492 1724 1522 ergo
1738 1484 1816 1521 quod
1828 1492 1865 1513 ex
1879 1491 1930 1514 ore

1075 1528 1208 1558 Veritatis
1242 1529 1364 1564 dicitur;
1398 1532 1426 1558 et
1451 1528 1552 1558 subtili
1578 1529 1761 1558 meditatione
1793 1528 1932 1558 discutiat

1074 1574 1150 1612 quod
1180 1575 1308 1604 minatur
1336 1584 1341 1603 :
1374 1575 1495 1604 «Omne
1512 1597 1519 1609 ,
1548 1574 1667 1612 inquit,
1699 1574 1821 1603 verbum
1855 1574 1930 1604 otio-

1075 1626 1151 1652 sum,
1166 1618 1242 1655 quod
1258 1618 1345 1648 locuti
1362 1619 1471 1648 fuerint
1485 1619 1633 1654 homines,
1649 1618 1769 1648 reddent
1785 1618 1931 1648 rationem

1075 1663 1110 1692 de
1128 1671 1162 1692 eo
1180 1663 1211 1692 in
1232 1663 1278 1692 die
1289 1663 1392 1700 judicii
1419 1665 1529 1697 (Matth.
1550 1665 1615 1697 XII).
1630 1673 1643 1689 ι)
1667 1663 1814 1693 Ponainus
1833 1663 1933 1701 itaque

1075 1711 1107 1737 ut
1121 1708 1245 1738 otiosum
1262 1708 1394 1742 verbum,
1416 1708 1439 1736 si
1459 1711 1558 1737 contra
1579 1716 1667 1737 sacrae
1687 1708 1845 1744 Scriptura)
1862 1716 1932 1737 sen-

1077 1753 1181 1782 tentias
1205 1753 1248 1781 fas
1273 1756 1315 1782 est
1334 1752 1440 1789 dicere,
1457 1753 1520 1783 leve
1539 1754 1576 1782 sit
1601 1756 1629 1782 et
1647 1754 1788 1789 exiguum
1809 1753 1932 1782 omnino

1078 1801 1236 1834 peccatum,
1254 1798 1302 1827 sed
1314 1798 1383 1834 quid
1398 1798 1480 1827 milio
1495 1798 1614 1828 brevius
1622 1798 1636 1827 ?
1645 1798 1716 1835 quid
1726 1806 1821 1835 penna
1836 1798 1934 1828 levius

1080 1843 1251 1873 invenitur?
1267 1843 1472 1873 Verumtamen
1492 1844 1515 1872 si
1530 1851 1702 1880 pennarum,
1719 1843 1764 1872 vel
1782 1842 1932 1872 niiliorum

1079 1887 1304 1918 innumerabilis
1323 1888 1479 1918 multitudo
1494 1889 1668 1925 congeritur,
1693 1895 1809 1917 necesse
1830 1890 1872 1917 est
1901 1891 1933 1917 ut

1079 1933 1221 1970 portantis
1234 1932 1345 1967 cervix,
1361 1932 1443 1962 velut
1459 1932 1513 1962 sub
1525 1933 1606 1968 gravi
1623 1932 1717 1969 lapide
1734 1932 1932 1961 immoderan-

1080 1978 1140 2007 tius
1153 1985 1258 2014 pressa,
1277 1977 1435 2014 frangatur.
1462 1976 1501 2005 Ex
1518 1977 1707 2006 humentibus
1723 1984 1839 2014 quoque
1852 1976 1935 2005 saxis

1082 2022 1177 2051 tenuis
1194 2021 1311 2059 quidem
1331 2024 1359 2050 et
1376 2029 1439 2050 rara
1456 2024 1536 2058 gutta
1554 2022 1683 2056 distillat,
1699 2021 1749 2050 sed
1769 2021 1794 2050 si
1812 2028 1866 2050 vas
1883 2029 1936 2050 su-

1083 2067 1165 2096 besse
1183 2066 1273 2102 spatio
1293 2065 1421 2102 longiore
1441 2066 1627 2103 permittitur,
1650 2067 1690 2095 ita
1706 2066 1827 2102 plenum
1852 2072 1887 2094 ac
1911 2065 1936 2094 si

1084 2112 1228 2148 proﬂuens
1248 2111 1324 2139 unda
1343 2111 1506 2139 decurreret
1520 2111 1680 2140 invenitur.
1696 2110 1796 2139 Parvaa
1815 2108 1937 2146 quidem

1085 2157 1132 2185 sed
1160 2157 1323 2184 innumerae
1347 2155 1450 2183 cinifes
1474 2155 1591 2191 superbi
1613 2155 1771 2184 Pharaonis
1794 2157 1822 2183 et
1844 2153 1938 2183 totius

1086 2200 1201 2237 {Egypti
1221 2207 1390 2236 superavere
1412 2200 1549 2228 virtutem
1565 2201 1663 2234 (Exod.
1687 2202 1727 2235 II).
1755 2198 1848 2228 Breve
1863 2202 1937 2227 tem-

1085 2253 1139 2281 pus
1158 2248 1199 2274 est
1225 2245 1304 2279 hora,
1323 2244 1370 2272 sed
1391 2244 1460 2273 dum
1480 2244 1550 2273 hora
1571 2244 1651 2273 hora;
1669 2243 1808 2273 continua
1822 2250 1940 2272 succes-

1085 2291 1165 2319 sione
1181 2291 1379 2326 conjungitur.
1410 2290 1497 2319 totius
1524 2290 1594 2318 vitae
1619 2292 1726 2318 nostras
1751 2296 1853 2318 cursus
1880 2287 1940 2317 im-

1084 2334 1188 2371 pletur.
1456 2341 1459 2344 '

1121 2380 1212 2408 Nemo
1233 2380 1329 2415 itaque
1356 2379 1541 2416 semetipsum
1567 2378 1699 2415 decipiat,
1728 2377 1829 2406 fratres
1860 2376 1938 2410 mei;

1087 2424 1136 2454 sed
1156 2427 1315 2461 peccatum,
1329 2423 1408 2460 quod
1430 2423 1496 2453 leve
1515 2422 1670 2452 arbitratur
1688 2429 1760 2457 esse,
1776 2421 1847 2449 dum
1866 2428 1941 2457 pen-

1087 2473 1140 2506 sat,
1166 2477 1252 2506 grave
1278 2468 1409 2498 videatur
1431 2469 1461 2497 in
1487 2468 1550 2505 ejus
1570 2467 1771 2502 aestimatione,
1795 2473 1865 2495 cum
1888 2473 1942 2494 nu-

1087 2518 1188 2544 merat.
1204 2514 1278 2549 Quid
1289 2514 1367 2543 enim
1381 2512 1582 2543 duriussaxo?
1598 2512 1670 2546 Quid
1685 2519 1761 2548 aqua
1775 2509 1942 2547 liquidius?

1034 2580 1043 2593 ι
1087 2563 1115 2589 et
1129 2563 1223 2590 tamen
1238 2567 1255 2589 a
1267 2559 1391 2596 quodam
1408 2557 1535 2594 sapiente
1554 2556 1672 2593 (Ovidio)
1689 2555 1794 2584 dicitur
1810 2564 1817 2583 :

1169 2610 1247 2636 Gutta
1261 2613 1334 2635 cavat
1351 2608 1471 2640 lapidem,
1484 2606 1644 2631 consumitur
1658 2604 1768 2630 annulus
1787 2610 1842 2628 usu.

1124 2649 1270 2679 Nimirum
1301 2651 1328 2677 et
1360 2646 1455 2677 omnis
1480 2646 1589 2675 animai
1612 2647 1718 2674 nostra:
1750 2642 1881 2673 soliditas
1910 2649 1946 2670 ac

1089 2693 1228 2724 fortitudo
1259 2693 1418 2723 destruitur
1434 2713 1441 2727 ,
1472 2691 1497 2721 si
1527 2689 1652 2720 assiduis
1679 2686 1889 2718 inundantium
1916 2689 1946 2715 et

1092 2737 1304 2776 quodammodo
1322 2735 1498 2774 pluvialium
1512 2734 1666 2764 verborum
1685 2731 1818 2762 ﬂuxibus
1839 2733 1947 2759 attera-

1092 2786 1150 2819 tur,
1164 2782 1299 2820 quamvis
1315 2784 1343 2811 et
1355 2781 1456 2810 leviter
1470 2787 1501 2809 se
1515 2786 1646 2817 peccasse
1660 2777 1726 2816 quis
1738 2778 1864 2811 asserat,
1877 2782 1948 2804 cum
