4118 6478
228 290 339 351 917
1489 312 1524 344 ο

1710 290 1959 351 SERMO
1998 291 2259 352 LXXIII.

3624 270 3736 335 918

230 416 545 493 Apostolus
576 413 728 474 dicat
757 433 770 473 :
804 435 827 466 ι
862 414 973 485 Qui
1007 413 1193 490 legem
1233 416 1508 490 praeterit,
1540 417 1727 477 Deum
1764 417 2327 493 inho-Apendenda
2374 418 2543 479 nobis
2590 421 2857 480 videntur
2896 425 2952 478 et
2995 415 3165 481 levia,
3196 410 3295 472 sed
3332 421 3467 468 cum
3503 404 3576 462 ad
3601 415 3734 493 ora:

230 511 401 566 norat
462 507 632 579 (Rom.
688 505 771 574 II).
817 523 846 557 io
902 503 1077 568 Porro
1134 503 1333 563 otiosis
1386 506 1583 565 verbis
1632 514 1896 566 assuetus
1928 551 1942 578 ,

231 593 458 668 duplici
487 592 691 667 procul
721 591 902 651 dubio
930 591 1117 666 culpa
1145 591 1378 652 videtur
1413 593 1723 665 obnoxius,
1750 595 1852 669 qui
1891 599 1947 653 et

231 684 467 743 divinas
505 682 726 752 laudes,
782 681 853 740 ad
913 697 1058 756 quas
1107 682 1366 742 humana
1415 683 1666 742 conditio
1714 684 1945 744 assidue

232 778 596 849 provocatur,
629 771 845 845 abjicit,
885 776 941 829 ct
984 772 1295 845 superﬂua
1332 772 1699 845 loquacitati,
1748 790 1782 832 a
1828 789 1944 847 qua

234 862 592 937 prohibetur,
658 859 893 930 insistit,
950 859 1101 920 sicut
1148 861 1220 918 de
1266 860 1612 936 quibusdam
1666 861 1947 920 Jeremias

238 950 382 1010 dicit
422 968 435 1007 :
486 975 513 1000 α
540 948 666 1008 Duo
705 948 856 1006 mala
889 945 1023 1006 fecit
1068 948 1315 1022 populus
1365 965 1571 1008 meus:
1608 965 1703 1008 me
1744 948 1947 1011 dereli-

241 1045 498 1112 querunt
531 1038 750 1097 fontem
778 1051 947 1112 aqua
982 1036 1155 1106 viva,
1190 1043 1248 1096 et
1289 1036 1559 1097 foderunt
1587 1039 1695 1097 sibi
1745 1039 1947 1097 cister-

242 1144 350 1188 nas
390 1129 713 1203 dissipatas,
745 1143 877 1202 qua
905 1127 1201 1186 continere
1226 1141 1343 1185 non
1384 1127 1576 1186 valent
1608 1142 1788 1203 aquas
1818 1127 1943 1201 (Jer.

240 1218 423 1289 x11).i
481 1220 625 1291 Qua
680 1219 964 1278 nimirum
1025 1220 1320 1293 propheta
1374 1220 1588 1286 verba,
1635 1219 1808 1277 etiam
1874 1219 1945 1277 de

237 1308 421 1367 otiosa
460 1307 836 1382 loquentibus
886 1310 1133 1381 possunt
1166 1322 1282 1366 non
1334 1306 1809 1366 inconvenienter
1851 1306 1947 1364 in-

234 1398 443 1472 telligi,
487 1397 585 1475 qui
620 1397 901 1457 nimirum
931 1395 1205 1455 derelicto
1242 1397 1400 1456 fonte
1434 1412 1601 1470 aqua
1632 1394 1807 1467 viva,
1840 1394 1949 1453 hoc

242 1495 345 1561 est,
377 1489 689 1565 postposito
715 1488 894 1547 verbo
921 1488 1080 1558 vita,
1111 1503 1213 1546 ora
1258 1502 1365 1547 sua
1394 1485 1668 1545 cisternas
1705 1483 1945 1553 faciunt,

240 1593 315 1638 ex
370 1577 587 1654 quibus
647 1591 765 1635 non
815 1576 953 1636 novi
984 1619 999 1647 ,
1054 1574 1152 1634 sed
1204 1574 1415 1634 veteris
1464 1571 1718 1632 hominis
1772 1571 1949 1632 verba

240 1667 561 1743 proferunt,
603 1662 1095 1739 quemadmodum
1141 1677 1256 1721 non
1312 1668 1595 1722 recentem
1649 1661 1719 1720 de
1767 1660 1947 1735 fonte,

2028 487 2252 567 tionum
2310 516 2522 568 secreta
2583 510 2974 576 recurrimus,
3029 505 3266 564 reducta
3337 493 3602 589 protinus
3662 487 3734 589 ad

2028 596 2391 668 memoriam,
2419 598 2565 658 dura
2592 614 2833 673 prorsus
2872 603 2929 657 et
2957 589 3343 655 intolerabilia
3375 582 3729 660 judicamus.

2096 685 2472 761 Quapropter,
2524 687 2882 747 dilectissimi
2940 686 3142 744 fratres
3192 679 3347 747 mei,
3400 673 3738 733 studeamus

2027 775 2408 848 nosmetipsos
2468 774 2621 835 intra
2672 775 2890 835 silentii
2959 774 3210 832 claustra
3284 764 3617 839 reprimere,
3678 762 3738 818 et

2027 847 2527 941 linguasinostras
2562 881 2595 922 a
2641 864 2808 923 vanis
2851 870 2907 921 et
2945 860 3252 921 inutilibus
3293 853 3546 929 eloquiis
3569 847 3733 910 cohi-

2026 952 2181 1013 bere.
2218 953 2431 1012 Anima
2456 969 2708 1028 namque
2734 958 2929 1012 nostra
2967 947 3204 1024 superni
3242 944 3395 1017 regis
3431 947 3514 1000 est
3554 954 3733 1028 spon-

2028 1059 2109 1114 sa,
2152 1059 2287 1119 qua
2341 1052 2567 1116 accepto
2602 1026 2841 1119 pignore
2886 1040 3069 1101 sancti
3117 1036 3387 1113 Spiritus,
3434 1026 3734 1105 signaculo

2029 1133 2164 1192 ﬁdei
2193 1141 2278 1193 est
2327 1135 2534 1194 dotata.
2587 1135 2813 1195 Maneat
2867 1147 3003 1207 ergo
3052 1130 3114 1189 in
3169 1126 3293 1187 suis
3343 1119 3737 1199 penetralibus

2027 1222 2212 1292 virgo,
2244 1237 2359 1280 non
2392 1221 2719 1280 indecenter
2756 1222 2816 1280 in
2855 1218 3163 1295 publicum
3200 1213 3453 1288 prodeat,
3485 1222 3602 1267 non
3635 1220 3739 1280 per

2028 1310 2146 1368 oris
2191 1308 2371 1367 limen
2418 1324 2664 1383 egressa,
2703 1310 2765 1366 in
2803 1320 3160 1381 supervacua
3208 1318 3268 1362 se
3320 1297 3518 1366 verba,
3542 1306 3740 1352 δοθῶ-

2027 1394 2247 1456 cularia
2283 1397 2534 1455 inaniter
2567 1396 2792 1468 fundat,
2836 1411 2909 1453 ne
2967 1394 3016 1453 si
3054 1392 3285 1452 deviare
3323 1404 3449 1448 eam
3489 1395 3740 1460 sponsus

2029 1502 2062 1545 a
2122 1487 2374 1546 modesta
2429 1486 2727 1561 pudicitia
2806 1503 2932 1545 sua
2997 1484 3275 1559 gravitate
3349 1471 3737 1550 conspexerit,

2032 1575 2385 1648 quandoque
2434 1560 2779 1650 iohjurgans,
2819 1574 2971 1633 dicat
3024 1592 3037 1631 :
3094 1595 3120 1623 α
3173 1569 3237 1630 Si
3278 1569 3514 1643 ignoras
3534 1570 3609 1633 te:
3643 1560 3737 1650 in?

2030 1665 2259 1739 quiens,
2296 1682 2331 1724 o
2382 1649 2625 1741 pulchra
2674 1665 2827 1725 inter
2873 1663 3170 1733 mulieres,
3216 1657 3507 1733 egredere,
3554 1659 3610 1711 et
3644 1649 3742 1710 abi

242 1741 343 1816 sed
399 1754 750 1815 sentinosam
810 1753 1002 1828 potius
1076 1767 1289 1828 aquam
1341 1753 1413 1811 de
1462 1751 1709 1810 cisterna
1759 1751 2159 1837 profe-Bpost
2195 1755 2437 1828 vestigia
2471 1771 2716 1830 gregum
2758 1756 2931 1827 (Cant.
2962 1753 3044 1825 II).
3085 1773 3108 1803 ι
3150 1749 3221 1809 In
3259 1745 3529 1837 cubiculo
3564 1741 3745 1816 igitur

243 1850 408 1916 rant;
454 1850 508 1903 et
542 1841 679 1919 quia
718 1841 871 1901 labia
919 1857 1026 1901 sua
1077 1840 1371 1900 moderata
1422 1840 1697 1900 nesciunt
1734 1834 2007 1899 discre:
2037 1859 2143 1902 suo
2186 1844 2461 1919 virginali
2515 1859 2675 1903 more
2730 1842 2995 1914 resideat,
3036 1839 3154 1899 oris
3202 1837 3418 1897 ostium
3477 1834 3744 1892 clausum

244 1930 401 1988 tione
428 1929 760 2003 reprimere,
787 1927 1059 1986 cisterna
1084 1928 1377 2002 dissipata
1403 1943 1614 2003 aquam
1653 1935 1954 2005 nequeunt

242 2017 554 2078 continere.

324 2105 469 2164 392
519 2109 847 2170 Notandum
900 2127 1039 2171 sane
1091 2111 1231 2186 quia
1287 2111 1436 2171 sicut
1488 2111 1613 2171 avis
1673 2110 1954 2170 advolans

244 2199 481 2272 exponit
523 2217 582 2260 se
622 2216 784 2260 ramo
834 2201 1141 2277 cujuslibet
1190 2200 1432 2273 arboris,
1481 2200 1563 2260 sic
1606 2201 1954 2275 plerumque

244 2289 537 2363 malignus
575 2289 812 2365 spiritus
841 2290 1083 2349 veniens
1119 2291 1333 2350 insidet
1367 2290 1587 2364 lingua
1627 2291 1951 2350 inconside-

246 2386 365 2438 rate
409 2378 697 2453 loquentis
719 2427 733 2448 ,
761 2388 817 2438 et
865 2379 1261 2439 inordinatum
1291 2380 1429 2457 quid
1461 2381 1521 2438 in
1552 2380 1802 2439 decursu
1831 2395 1953 2438 ser-

245 2471 435 2530 monis
459 2488 561 2546 per
597 2472 1025 2546 subreptionem
1075 2471 1278 2531 suadet
1319 2471 1576 2540 efﬂuere;
1618 2470 1776 2530 unde
1798 2477 1954 2545 post-

245 2560 487 2619 modum
535 2561 777 2619 veniens
820 2559 988 2633 quasi
1028 2566 1292 2633 congesta
1329 2560 1645 2619 dimicandi
1692 2560 1952 2630 materia,

246 2663 343 2706 cor
385 2648 639 2707 hominis
691 2647 876 2707 valeat
923 2649 1283 2723 impugnare.
1334 2648 1492 2706 Intra
1545 2648 1954 2707 conscientiam

246 2750 431 2806 suam,
468 2736 670 2794 fratres
717 2736 1066 2808 charissimi,
1115 2737 1522 2812 unusquisque
1568 2743 1822 2796 vestrum
1864 2752 1956 2794 re-

247 2825 392 2898 deat,
421 2832 475 2885 et
522 2842 601 2897 se,
635 2827 791 2901 quod
832 2827 1103 2900 dicimus,
1142 2834 1525 2901 recognoscat.
1571 2826 1734 2901 Sape
1786 2842 1956 2884 nam-

244 2931 360 2989 que
410 2916 769 2991 negligenter
812 2916 953 2993 quid
1003 2915 1335 2992 loquimur;
1377 2917 1534 2975 unde
1588 2916 1951 2991 postmodum

246 3004 316 3063 ad
370 3003 584 3063 silentii
627 3006 805 3064 nostri
855 3002 1171 3064 custodiam
1218 3005 1545 3075 redeuntes,
1591 3009 1808 3063 tantam
1861 3005 1953 3062 in-

2039 1936 2261 2003 teneat,
2313 1938 2369 1991 et
2423 1947 2748 2009 nunquam,
2809 1930 2925 1990 nisi
2980 1944 3113 2003 qua
3159 1927 3233 1985 ad
3289 1920 3745 1999 exspectandum

2034 2020 2324 2095 pertinent
2369 2023 2562 2095 sponsi
2622 2019 2870 2079 caelestis
2918 2018 3258 2086 adventum,
3292 2014 3552 2072 locutura
3610 2022 3748 2083 pro-

2036 2106 2235 2178 cedat;
2265 2107 2375 2166 sub
2418 2107 2624 2167 umbra
2676 2122 2738 2165 se
2785 2105 3002 2164 silentii
3062 2103 3356 2178 reprimat,
3387 2115 3464 2158 ne
3514 2096 3746 2156 decolor

2037 2197 2340 2269 videatur;
2371 2196 2446 2255 ab
2478 2196 2641 2256 omni
2667 2211 2727 2254 se
2752 2202 2902 2254 astu
2930 2193 3148 2268 negotii
3181 2188 3474 2251 sacularis
3501 2186 3748 2246 abscon-

2038 2287 2153 2358 dat,
2186 2292 2252 2346 ut
2306 2302 2423 2345 non
2477 2285 2770 2344 immerito
2822 2284 3003 2358 possit
3055 2281 3232 2340 alacri
3273 2293 3414 2337 voce
3457 2281 3691 2335 cantare
3730 2291 3745 2333 :

2044 2403 2070 2428 σι
2124 2376 2245 2437 Sub
2279 2377 2487 2435 umbra
2522 2372 2668 2430 393
2717 2374 2878 2434 illius
2927 2389 3101 2448 quem
3147 2369 3573 2438 desiderabam,
3605 2364 3747 2436 sedi,

2036 2472 2094 2523 et
2138 2466 2363 2524 fructus
2409 2462 2534 2535 ejus
2577 2461 2766 2521 dulcis
2818 2461 3042 2534 gutturi
3083 2474 3212 2518 meo
3247 2475 3260 2514 :
3292 2455 3620 2518 introduxit
3655 2468 3750 2514 me

2039 2573 2144 2615 rex
2203 2556 2265 2614 in
2313 2554 2517 2613 cellam
2569 2553 2874 2624 vinariam,
2906 2550 3199 2610 ordinavit
3244 2550 3305 2607 in
3360 2563 3454 2606 me
3494 2545 3749 2605 charita-

2039 2650 2154 2703 tem
2188 2645 2403 2713 (Ibid).
2442 2666 2466 2693 ο

2111 2730 2311 2791 Solent
2361 2736 2553 2789 autem
2600 2742 2825 2803 sponsa
2864 2725 3152 2785 nobilium
3202 2723 3460 2783 diversas
3496 2722 3754 2797 pigmen-

2040 2826 2229 2880 torum
2280 2819 2497 2894 species
2553 2816 2880 2876 mandendo
2928 2831 3029 2892 per
3066 2830 3166 2874 ora
3208 2810 3524 2883 revolvere,
3551 2816 3617 2871 ut
3646 2809 3756 2869 ad-

2038 2910 2409 2969 venientibus
2448 2907 2635 2983 procis
2692 2905 3045 2979 fragrantius
3098 2903 3348 2968 valeant,
3395 2917 3461 2961 ac
3510 2899 3756 2960 suavius

2040 2996 2310 3055 redolere.
2343 2995 2557 3053 Anima
2605 2993 2779 3052 etiam
2826 3000 3022 3051 nostra
3069 3005 3276 3065 capas,
3308 2989 3466 3058 allia,
3495 2993 3551 3046 et
3579 2986 3756 3061 quid-

244 3096 577 3169 gruentium
609 3096 1022 3171 cogitationum
1061 3095 1704 3185 molestiamApatimur,
1739 3100 1806 3156 ut
1849 3094 1951 3154 vix
1972 3124 2017 3185 ρ
2040 3086 2185 3185 q_u_id
2225 3093 2469 3185 terrena?
2496 3082 2823 3183 Ρηυάθοιίεθ
2863 3080 3251 3185 θενίίξάίηθω
3278 3078 3482 3185 ξίῖτνεξῑν
3518 3089 3756 3185 Ριςοΐξξιξ

247 3184 486 3244 tolerare
525 3169 834 3260 possimus.
876 3186 947 3245 Et
992 3185 1231 3260 panitet
1269 3183 1506 3259 quidem
1555 3183 1796 3244 omnino
1840 3190 1950 3242 tam

2044 3176 2381 3243 abhorreat;
2429 3173 2670 3233 cassiam
2721 3186 2859 3230 vero
2908 3169 3159 3228 assidua
3194 3169 3503 3239 orationis,
3537 3169 3751 3225 stacten

245 3278 474 3336 incaute
518 3278 695 3336 noxia
738 3277 1067 3352 protulisse,
1095 3277 1194 3336 sed
1235 3276 1557 3335 remedium
1597 3291 1713 3335 non
1753 3292 1954 3337 occur-

245 3366 340 3437 rit,
379 3367 518 3440 quia
564 3365 717 3440 quod
752 3366 929 3425 semel
991 3364 1269 3424 emissum
1319 3372 1422 3435 est,
1477 3380 1592 3423 non
1648 3381 1956 3439 possumus

243 3471 528 3517 revocare.
557 3455 735 3515 Juxta
766 3454 921 3529 quod
950 3454 1191 3513 Flaccus
1218 3455 1299 3513 ait
1332 3474 1344 3513 :
1506 3470 1515 3476 ’

432 3600 499 3650 Et
529 3602 690 3651 semel
726 3602 970 3649 emissum
1012 3599 1150 3648 volat
1179 3598 1511 3649 irrevocabile
1534 3599 1765 3649 verbum.

318 3723 582 3795 Oramus,
618 3721 945 3798 psallimus,
997 3723 1095 3781 sed
1139 3722 1387 3782 evellere
1425 3723 1494 3781 de
1539 3722 1709 3780 corde
1760 3730 1955 3781 nostro

246 3812 499 3871 inﬁxum
549 3811 733 3885 spina
778 3810 939 3869 illius
981 3810 1249 3869 aculeum
1299 3824 1417 3867 non
1467 3809 1747 3868 valemus.
1790 3809 1957 3868 Tunc

246 3906 581 3959 veternosus
621 3898 803 3957 hostis
864 3914 998 3958 cum
1057 3904 1308 3958 mentem
1369 3905 1625 3957 nostram
1680 3899 1743 3956 in
1801 3904 1955 3956 tanto

247 3988 462 4049 versari
492 3988 725 4048 turbine
760 3986 1055 4063 conspicit,
1093 3986 1276 4046 victor
1326 3994 1379 4046 et
1425 3987 1715 4046 insultans
1743 3986 1957 4061 gaudet

246 4095 329 4152 se,
358 4080 521 4153 quasi
564 4077 788 4137 fructus
836 4078 907 4136 de
951 4090 1058 4137 suo
1104 4076 1300 4134 labore
1356 4075 1646 4149 colligere,
1690 4090 1836 4151 quos
1889 4077 1951 4135 in

249 4167 398 4228 male
427 4166 599 4226 feraci
631 4174 776 4226 terra
805 4166 1022 4241 lingua
1057 4170 1268 4224 nostra
1302 4163 1568 4222 meminit
1598 4166 1950 4238 seminasse;

248 4258 308 4316 in
368 4272 483 4330 quo
537 4255 806 4314 videlicet
843 4254 991 4313 facto
1038 4253 1179 4328 quid
1226 4251 1387 4312 aliud
1443 4267 1618 4327 quam
1670 4252 1952 4313 turdelam

244 4345 564 4416 imitantur,
598 4359 733 4418 qua
760 4358 833 4402 ex
866 4358 934 4401 eo
965 4341 1115 4418 quod
1147 4341 1355 4415 digerit
1381 4341 1627 4400 moritur
1651 4341 1680 4400 *Ρ
1713 4341 1799 4399 Ex
1827 4342 1954 4418 ejus

2043 3279 2220 3322 sacra
2272 3261 2557 3332 lectionis,
2612 3258 3065 3334 psalmodiarum
3118 3258 3391 3315 cinnama
3440 3262 3497 3314 et
3551 3255 3759 3312 cuncta

2042 3351 2400 3411 odoramenti
2429 3349 2749 3423 spiritualis
2786 3352 3041 3405 aromata
3068 3345 3287 3420 jugiter
3321 3345 3577 3415 fragrare
3615 3353 3757 3398 eon-

2045 3440 2258 3500 tendat.
2289 3438 2556 3497 Christus
2582 3437 2655 3497 sit
2680 3451 2854 3495 omne
2881 3434 3034 3509 quod
3067 3433 3326 3508 loquitur
3352 3451 3367 3504 ;
3396 3446 3570 3491 omne
3599 3424 3755 3501 quod

2042 3529 2396 3592 delectatur,
2452 3541 2626 3585 omne
2679 3524 2836 3601 quod
2891 3523 3069 3595 sapit,
3128 3537 3303 3582 omne
3357 3519 3513 3598 quod
3576 3514 3753 3581 vivit,

2042 3618 2343 3677 Christum
2361 3616 2557 3691 spiret,
2587 3613 2884 3673 Christum
2916 3612 3155 3685 ﬂagitet,
3187 3611 3484 3670 Christum
3510 3606 3749 3697 memet.

2042 3706 2335 3767 Christum
2377 3688 2476 3765 ore
2522 3703 2875 3779 pronuntiet,
2940 3702 3239 3763 Christum
3283 3699 3518 3760 assidua
3562 3688 3747 3779 cordif

2043 3799 2414 3858 meditatione
2465 3772 2789 3871 pertractet.
2847 3772 3062 3854 Amare
3119 3794 3300 3853 alium
3355 3786 3567 3848 nesciat
3595 3825 3613 3850 ι
3668 3772 3743 3833 ³³

2044 3892 2203 3950 hunc
2233 3889 2420 3948 solum
2468 3887 2599 3946 totis
2647 3886 2970 3946 visceribus
3001 3886 3336 3944 inardescat.
3370 3877 3541 3937 Illum
3578 3876 3739 3927 slli-

2044 3980 2156 4041 mis
2187 3976 2458 4037 desiderii
2486 3975 2730 4035 vocibus
2761 3975 2991 4048 clamet,
3025 3973 3194 4033 illum
3223 3969 3291 4029 ad
3322 3982 3384 4025 se
3420 3958 3611 4048 want;
3630 3962 3735 4043 sf-

2042 4068 2239 4143 spiriis
2272 4074 2328 4128 et
2363 4066 2579 4127 crebris
2607 4064 2922 4137 gemitibus
2961 4044 3261 4138 provocet;
3302 4054 3462 4112 tum“
3490 4044 3733 4143 “mf?

2043 4126 2320 4220 adornata
2352 4126 2691 4230 virtutibus,
2724 4158 2847 4231 ipsa
2887 4126 2983 4217 sui
3008 4146 3445 4231 pulchritudine.
3476 4126 3731 4231 ut“

2041 4250 2420 4326 ingrediatur,
2457 4227 2702 4319 invitet;
2742 4227 3027 4322 quatenus
3063 4241 3198 4298 dum
3336 4227 3725 4329 [δὲ.

2042 4312 2264 4411 astuat,
2297 4339 2390 4401 cui
2426 4339 2724 4412 anxiatur,
2760 4312 2855 4398 cui
2899 4334 3098 4394 inhiat.
3352 4312 3722 4412 Ἧίν

245 4433 461 4509 quippe
504 4391 748 4492 stercore
788 4391 999 4507 planta1
1036 4391 1317 4501 nascitcur,
1363 4431 1435 4490 de
1488 4431 1655 4506 cujus
1710 4391 2311 4509 humorenprotint’is
2357 4391 2785 4504 gratulabunda
2829 4422 3081 4484 alacri"

245 4523 438 4583 viscus
475 4523 801 4595 conficitur,
852 4538 969 4599 quo
1010 4520 1374 4597 postmodum
1422 4526 1478 4579 et
1510 4520 1635 4595 ipsa
1675 4516 1950 4595 rapiatur,

244 4618 419 4689 atque
457 4626 533 4670 ex
572 4626 642 4670 eo
675 4610 867 4687 agitur
907 4610 1060 4684 quod
1092 4607 1256 4685 prius
1284 4609 1468 4668 fuerat
1495 4609 1665 4669 cibus
1693 4624 1854 4679 suus,
1890 4614 1956 4668 ut

245 4712 302 4762 et
328 4704 452 4778 ipsa
478 4702 846 4777 postmodum
878 4701 955 4761 sit
980 4702 1145 4762 cibus
1171 4700 1420 4761 alienus.

316 4794 401 4854 Ita
437 4810 570 4870 ergo
607 4810 741 4854 cum
778 4794 1085 4854 immunda
1130 4810 1381 4872 quaque
1413 4809 1480 4854 ac
1518 4810 1665 4854 vana
1708 4793 1955 4870 proferi-

248 4899 398 4956 mus,
456 4882 594 4957 quid
646 4882 805 4942 aliud
864 4897 1040 4958 quam
1102 4882 1341 4958 laqueos
1398 4881 1828 4957 nobismetipsis
1878 4881 1956 4941 lo-

246 4972 474 5049 quendo
517 4971 965 5045 compingimus,
995 4972 1214 5049 quibus
1255 4972 1330 5032 ab
1372 4971 1575 5031 astulis
1606 4970 1952 5045 aucupibus,

246 5063 355 5120 hoc
389 5066 508 5134 est,
537 5058 806 5134 malignis
841 5059 1140 5136 spiritibus
1161 5104 1175 5133 ,
1211 5059 1574 5137 postmodum
1611 5058 1957 5133 impiamur?

250 5149 414 5224 Sape
438 5156 634 5207 autem
673 5163 862 5208 sermo
904 5154 1096 5207 noster
1133 5163 1249 5208 non
1281 5144 1539 5221 loquenti
1568 5144 1665 5204 sed
1693 5144 1955 5208 audienti

247 5253 503 5313 pugnam
532 5241 788 5313 generat,
817 5237 897 5296 ita
934 5242 1001 5297 ut
1036 5253 1134 5297 cor
1157 5237 1284 5313 ejus
1310 5236 1370 5294 in
1404 5235 1604 5295 odium
1634 5235 1818 5310 illius,
1848 5239 1954 5315 qui

155 5319 164 5329 ’
248 5328 532 5389 contraria
589 5328 765 5388 verba
818 5328 1169 5402 protulerat,
1227 5327 1598 5386 vehementer
1658 5329 1952 5403 accendat,

1976 4485 2026 4545 Β
2043 4484 2234 4580 εἷ’ὗᾶιῖ
2247 4484 2619 4579 ἓῖιὲέιῖιῖίέῖ
2636 4484 2909 4593 {titanas
2932 4526 2951 4561 ε
2972 4498 3125 4593 *τῇ
3336 4484 3719 4593 ξέ,

2040 4625 2167 4669 mea
2196 4653 2213 4681 ,
2269 4569 2837 4668 immaculatarm:
2878 4614 2907 4642 r
2956 4600 3023 4644 ε
3694 4598 3715 4631 =

2045 4721 2070 4754 ι
2101 4664 2347 4760 Surrexi
2374 4699 2596 4774 aperire
2630 4693 2823 4752 dii"?
2856 4690 2987 4737 ωειλ

2040 4750 2364 4850 thalamum
2398 4750 2637 4848 diali-slis
2662 4778 2753 4833 ῑρἿθ
3518 4755 3705 4813 m

2040 4878 2274 4940 solubili
2300 4879 2407 4938 sibi
2431 4866 2673 4951 rem
3502 4854 3699 4951 13

2044 4968 2318 5029 nimirum
2346 4930 2469 5025 sin;
3486 4942 3661 5043 :2.-

2042 5014 2661 5141 iiii-1177mm:
2622 5040 2653 5141 ς
2690 5020 3219 5141 ἓὶῗὶευᾲῑὲ
3251 5014 3639 5141 227:1"

2039 5112 2395 5210 έιὶῖιῖὲἒίς.
2424 5136 2661 5205 mm
2920 5125 3059 5182 τε
3076 5112 3231 5210 Ψ

2426 5180 2825 5261 “iam:
2874 5180 3021 5295 ρίπ
3070 5180 3519 5305 μεεὶρ-Γαῖ’

248 5422 324 5489 et,
353 5417 401 5478 si
446 5418 688 5480 facultas
734 5370 903 5493 adsit,
932 5420 1055 5479 non
1100 5376 1217 5479 ta'm
1264 5416 1439 5478 verba
1488 5419 1680 5480 verbis
1718 5377 1952 5483 reddere
2026 5410 2253 5473 ﬂ.“
2582 5386 2825 5449 Μ
2850 5392 3029 5455 at”
3056 5383 3265 5448 Ψ

250 5480 426 5581 quam
480 5506 652 5567 mala
699 5480 1095 5569 retributionis
1133 5512 1294 5583 parat
1339 5505 1562 5569 actibus
1597 5480 1947 5586 resth
2018 5495 2341 5561 “in.
2376 5480 2579 5533 ,1-1-

257 5594 398 5656 Hac
427 5601 619 5658 autem
655 5597 721 5658 in
761 5597 888 5674 ipsa
928 5596 1233 5662 verborum
1269 5596 1729 5662 confabulatione
1760 5598 1943 5676 parvi-
