4118 6438
376 240 482 301 919

972 366 1219 427 SEBMO
1249 369 1508 430 LXXIV.

829 469 903 516 DE
930 468 1254 515 SPIRITUALI
1282 470 1636 519 CERTAMINE.

455 547 518 608 Si
562 546 867 621 diligenter
908 544 1267 604 considerare
1297 547 1589 618 volumus,
1626 549 1829 608 fratres
1865 546 2088 610 charis-

381 636 538 709 simi,
579 635 735 694 unde
779 635 1067 701 venimus,
1102 642 1158 693 ct
1193 652 1309 710 quo
1352 652 1643 707 vocamur,
1672 636 1853 696 nulla:
1883 638 1944 695 in
1982 652 2087 694 no-

378 730 468 789 bis
502 728 654 786 vires
682 735 837 795 sunt,
871 727 1086 802 quibus
1111 727 1181 784 ad
1223 728 1541 787 reddendas
1580 729 1695 788 Deo
1718 729 1931 805 gratias
1960 730 2083 789 suf-

376 819 545 878 ficere
592 820 906 877 valeamus.
960 818 1077 875 Nos
1119 818 1277 875 enim
1329 816 1435 875 ﬁlii
1488 817 1665 876 Israel
1706 834 1931 889 sumus,
1980 820 2085 892 qui

381 909 670 969 Pharaoni
726 910 789 967 in
843 908 1090 981 ngypto
1149 909 1498 965 servivimus
1548 910 1749 980 (Exod.
1804 912 1926 976 ιιι),
1981 909 2084 981 qui

378 998 725 1073 gravissimo
801 997 1034 1071 superbi
1114 996 1265 1068 regis
1345 996 1586 1070 imperio
1656 998 2078 1071 premebamur.

381 1088 681 1149 Gaudebat
706 1087 994 1160 siquidem
1024 1086 1287 1160 princeps
1334 1087 1538 1146 mundi
1568 1088 1741 1162 hujus
1768 1089 1877 1147 sub
1900 1090 2083 1148 ferreo

374 1192 504 1238 suae
556 1177 851 1235 servitutis
892 1176 1034 1250 jugo
1079 1191 1183 1234 nos
1241 1174 1636 1233 indesinenter
1685 1182 1926 1233 atterere
1956 1219 1972 1247 ,
2026 1182 2083 1234 et

373 1263 676 1323 servilium
728 1278 969 1337 operum
1008 1278 1231 1335 semper
1266 1262 1471 1320 oﬂiciis
1504 1278 1799 1337 occupare.
1835 1262 2081 1335 (legebat

371 1370 481 1415 nos
521 1352 729 1411 lateres
765 1367 1031 1424 coquere,
1062 1350 1202 1425 quia
1239 1367 1356 1410 non
1388 1368 1460 1410 ex
1497 1351 1759 1426 pretiosis
1794 1352 2077 1411 virtutum

368 1444 662 1520 lapidibus
716 1442 994 1515 templum
1054 1441 1172 1501 Deo
1222 1448 1577 1513 construere,
1622 1442 1718 1501 sed
1782 1448 2077 1501 terrenum

365 1535 558 1612 potius
607 1533 721 1593 sibi
761 1533 1008 1592 dictabat
1054 1532 1369 1592 {editicium
1422 1533 1721 1593 fabricare.-
1777 1534 1888 1594 Sed
1949 1549 2078 1594 ecce

997 242 1054 301 S.
1100 243 1322 303 PETRI
1363 243 1684 304 DAMIANI
1724 241 1882 303 OPP.
1923 239 2118 302 PARS
2156 238 2299 300 SEU
2337 240 2701 327 TOMUS.II.
2742 274 2813 288 -
2854 242 3269 305 SERMONES.

3780 248 3896 310 920

2101 370 2154 429 A
2177 367 2292 427 nisi
2333 368 2436 443 qui
2475 368 2731 443 legitime
2762 370 3067 428 certaverit
3101 370 3176 442 (II
3222 372 3361 428 Tim.
3395 372 3477 443 ιι).
3509 392 3533 423 ι
3577 370 3720 432 Haec
3749 379 3895 435 sunt

2170 456 2421 533 denique
2448 464 2646 532 gentes
2681 473 2826 533 quas
2854 456 3170 518 Israelitico
3206 458 3420 534 populo
3465 458 3693 535 Moyses
3729 479 3887 539 pras-

2170 546 2419 620 cipiehat
2470 547 2863 621 exstinguere,
2907 554 2962 606 et
3009 563 3045 606 a
3090 548 3233 608 facie
3280 554 3449 608 terrae
3490 550 3710 625 absque
3758 552 3891 613 ulla

2167 635 2401 694 fmderis
2453 637 2897 711 interpositione
2939 636 3130 696 delere
3171 660 3184 696 :
3234 660 3256 690 ι
3293 637 3440 697 Cum
3488 639 3889 703 introduxerit

2169 732 2244 796 te,
2270 726 2484 802 inquit,
2517 728 2801 788 Dominus
2825 728 2978 787 Deus
3011 735 3147 787 tuus
3173 727 3232 786 in
3274 733 3504 799 terram,
3534 745 3713 804 quam
3741 746 3884 805 pos-

2165 831 2432 875 sessurus
2473 817 2832 891 ingredieris,
2874 824 2929 876 et
2966 817 3248 876 deleverit
3282 825 3483 893 gentes
3518 820 3733 879 multas
3775 836 3879 880 co-

2164 921 2287 964 ram
2321 912 2391 977 te,
2424 905 2736 966 Hethaaum
2763 951 2778 978 ,
2810 914 2864 964 et
2896 907 3268 981 Gergezzeum
3292 949 3306 974 ,
3340 914 3397 965 et
3425 908 3836 969 Amorrhaeum
3861 953 3878 981 ,

2164 996 2595 1067 Chananzeum,
2631 1005 2687 1056 et
2728 996 3125 1069 Pherezaaum,
3165 1002 3220 1056 et
3261 996 3569 1069 Hevaeum,
3605 1006 3660 1057 et
3692 998 3884 1058 Jebu-

2163 1100 2367 1157 saaum,
2409 1094 2626 1160 septem
2664 1093 2867 1160 gentes
2906 1086 3096 1145 multo
3137 1086 3373 1161 majoris
3405 1088 3658 1158 numeri,
3694 1102 3879 1163 quam

2163 1180 2227 1231 tu
2265 1189 2347 1243 es,
2380 1180 2436 1232 et
2476 1175 2832 1234 robustiores
2874 1182 2950 1243 te,
2982 1173 3397 1250 tradideritque
3444 1190 3540 1235 eas
3592 1175 3885 1234 Dominus

2160 1262 2318 1320 Deus
2366 1268 2503 1321 tuus
2553 1262 2680 1335 tibi,
2714 1264 3001 1337 percutias
3040 1279 3138 1322 eas
3182 1279 3370 1336 usque
3408 1262 3478 1322 ad
3526 1264 3886 1324 internecio-

2161 1365 2342 1408 nem:
2393 1365 2509 1409 non
2558 1350 2738 1410 inibis
2766 1367 2905 1412 cum
2949 1352 3034 1410 eis
3081 1350 3292 1425 foedus,
3348 1368 3454 1412 nec
3507 1352 3883 1414 misereberis

2159 1458 2362 1501 earum
2388 1448 2567 1512 (Deut.
2597 1448 2726 1513 VII).
2762 1465 2784 1496 ι

2230 1534 2376 1593 Ecce
2440 1535 2687 1595 audistis
2724 1577 2749 1607 ,
2797 1534 3008 1595 fratres
3062 1535 3393 1596 charissimi
3416 1582 3433 1608 ,
3488 1536 3629 1612 quia
3673 1540 3879 1611 gentes

368 1626 491 1702 jam
537 1626 692 1685 Deus
748 1624 983 1683 Patrum
1034 1629 1383 1695 nostrorum,
1433 1623 1588 1683 Deus
1622 1624 1960 1683 benedictus
2013 1625 2077 1683 in
2156 1622 2325 1682 nobis
2387 1623 2627 1683 infestas
2693 1623 2907 1683 nostris
2959 1623 3230 1683 manibus
3297 1625 3454 1685 Deus
3504 1625 3877 1700 omnipotens

368 1712 607 1785 saecula,
636 1728 708 1772 ex
740 1712 987 1786 [Egypto
1032 1726 1155 1781 nos,
1186 1712 1248 1770 id
1289 1716 1374 1771 est
1404 1711 1474 1770 de
1514 1712 1766 1771 tenebris
1798 1713 1933 1771 vita;
1969 1728 2133 1796 ve-B
2159 1710 2411 1783 tradidit,
2439 1726 2654 1786 easque
2684 1711 2806 1786 jam
2843 1728 2877 1770 a
2911 1712 3057 1772 facie
3087 1719 3281 1773 nostra
3319 1714 3381 1773 in
3423 1729 3529 1774 sua
3554 1714 3870 1789 providen-

365 1802 508 1861 teris
554 1801 732 1872 eruit,
771 1800 843 1859 de
884 1800 1121 1859 vinculo
1165 1800 1481 1875 tyrannicae
1521 1801 1933 1861 dominationis
1969 1802 2071 1861 ab-
2157 1797 2251 1857 tite
2279 1798 2657 1871 dispositione
2692 1799 2929 1859 delevit.
2963 1799 3079 1859 Cur
3117 1816 3252 1874 ergo
3280 1800 3553 1875 degeneri
3591 1800 3872 1876 languore

363 1890 556 1959 solvit,
597 1898 773 1965 atque
808 1890 869 1947 in
915 1896 1123 1948 terram
1174 1906 1281 1949 nos
1331 1891 1796 1966 repromissionis
1832 1892 2075 1952 ﬁdeliter
2155 1886 2580 1963 torpescimus?
2609 1890 2725 1948 Cur
2768 1890 3034 1948 collatam
3083 1889 3250 1949 nobis
3299 1890 3531 1950 coalitus
3567 1890 3872 1950 victoriam

363 1978 711 2039 introduxit.
760 1979 999 2038 Terram
1048 1994 1301 2053 namque
1356 1980 1819 2055 repromissionis
1873 1997 1947 2040 ex
2007 1997 2075 2040 eo
2153 1991 2268 2035 non
2317 1975 2681 2051 arripimus?
2726 1976 2843 2035 Cur
2879 1993 2949 2035 ex
2988 1992 3076 2048 eo,
3134 1978 3288 2054 quod
3334 1979 3398 2038 in
3451 1993 3701 2053 superno
3748 1978 3873 2052 jam

362 2068 483 2143 jam
514 2068 759 2142 ingressi
805 2084 1033 2137 sumus,
1063 2084 1138 2127 ex
1163 2084 1280 2143 quo
1315 2078 1501 2143 spreto
1531 2070 1740 2129 mundi
1764 2070 2071 2142 desiderio,
2153 2064 2428 2124 examine
2481 2065 2864 2125 constitutum
2919 2072 3047 2137 est,
3095 2066 3157 2126 id
3200 2066 3387 2127 solum
3441 2067 3594 2142 quod
3642 2067 3717 2127 ad
3764 2082 3875 2127 nos

359 2160 549 2219 ﬁrma)
580 2159 703 2234 spei
730 2160 1003 2219 fiduciam
1038 2161 1099 2218 in
1132 2159 1450 2218 aeternitate
1476 2160 1819 2234 posuimus;
1853 2167 1909 2219 et
1928 2157 2076 2216 394
2153 2155 2419 2231 pertinet,
2472 2171 2592 2214 non
2636 2153 2985 2231 implemus?
3033 2156 3182 2215 Nam
3228 2155 3278 2215 si
3325 2155 3511 2230 ipsam
3563 2156 3875 2218 verborum

353 2248 477 2323 jam
523 2250 588 2308 in
642 2265 743 2322 spe
775 2247 1160 2322 possidemus,
1200 2263 1376 2320 quam
1422 2248 1483 2305 in
1520 2263 1583 2305 re
1625 2247 1878 2306 habituri
1920 2254 2074 2321 post-
2156 2245 2367 2304 seriem
2411 2252 2578 2304 caute
2609 2244 3045 2319 perpendimus,
3081 2244 3203 2318 jam
3252 2244 3408 2319 ipsas
3461 2250 3661 2319 gentes
3694 2245 3878 2321 apud

363 2338 603 2397 modum
636 2352 739 2411 per
763 2336 865 2395 Dei
891 2336 1131 2409 gratiam
1163 2351 1387 2394 sumus.
1414 2336 1479 2393 In
1507 2336 1611 2394 hac
1632 2336 1896 2395 videlicet
1929 2344 2077 2395 terra
2155 2334 2417 2393 divinam
2462 2336 2811 2394 sententiam
2856 2339 3165 2410 prostratae
3202 2332 3540 2409 aspicimus,
3583 2350 3730 2410 quas
3758 2335 3878 2410 ipsi

360 2424 481 2500 iam
530 2423 620 2483 illi
664 2440 765 2499 per
797 2425 917 2499 spei
955 2424 1202 2497 gratiam
1237 2422 1548 2481 introducti
1580 2424 1830 2495 fuerant,
1864 2424 2076 2499 quibus
2155 2430 2453 2498 percutere
2506 2421 2652 2480 395
2676 2431 2733 2483 et
2767 2424 2958 2501 delere
2973 2424 3274 2499 jubemur.
3323 2424 3473 2484 Cum
3518 2424 3676 2484 enim
3728 2424 3882 2484 dici-

368 2513 576 2573 Petrus
615 2512 803 2572 aiebat
846 2536 858 2571 :
912 2533 939 2566 ‹‹
977 2511 1091 2570 Vos
1128 2518 1323 2570 autem
1362 2526 1549 2583 genus
1584 2512 1853 2581 electum,
1887 2513 2078 2588 regale
2158 2519 2253 2572 tur
2294 2536 2306 2570 :
2356 2538 2381 2562 ‹‹
2412 2513 2557 2572 Cum
2592 2513 2985 2573 introduxerit
3028 2518 3083 2572 te
3129 2512 3416 2572 Dominus
3449 2512 3604 2573 Deus
3654 2513 3715 2572 in
3765 2520 3878 2574 ter-

362 2602 769 2672 sacerdotium,
818 2617 961 2673 gens
1005 2607 1227 2673 sancta,
1262 2601 1510 2675 populus
1548 2604 1969 2677 acquisitionis,
2011 2611 2078 2663 ut
2156 2617 2280 2661 ram
2339 2617 2517 2676 quam
2574 2617 2944 2676 possessurus
3006 2601 3359 2687 ingrediaris
3391 2645 3408 2676 ,
3463 2608 3519 2661 et
3592 2602 3875 2662 deleverit

359 2693 606 2754 virtutes
634 2693 1000 2754 annuntietis
1026 2693 1172 2767 ejus,
1205 2692 1309 2768 qui
1338 2692 1410 2750 de
1440 2693 1693 2753 tenebris
1719 2709 1822 2753 vos
1853 2695 2077 2754 vocavit
2157 2698 2375 2765 gentes,
2411 2713 2433 2743 ι
2485 2698 2660 2767 atque
2722 2692 2895 2767 paulo
2950 2699 3078 2768 post
3124 2692 3393 2769 adjungit
3445 2713 3458 2752 :
3517 2720 3543 2743 α
3574 2693 3872 2775 Percuties

361 2782 424 2842 in
458 2782 800 2842 admirabile
822 2783 1021 2842 lumen
1043 2797 1214 2841 suum
1244 2786 1288 2853 (Ι
1310 2786 1455 2839 Petr.
1496 2783 1575 2854 ιι).
1604 2803 1632 2836 ι)
2156 2797 2275 2855 eas,
2304 2802 2333 2835 ι)
2366 2782 2494 2841 luce
2531 2782 2749 2841 clarius
2784 2789 3026 2854 constat,
3065 2782 3204 2855 quia
3235 2782 3594 2843 adversarios
3639 2789 3873 2844 nostros

435 2871 548 2932 Sed
601 2872 742 2946 quia
792 2872 856 2931 in
904 2872 1054 2930 hanc
1108 2876 1356 2940 terram,
1418 2870 1563 2930 duce
1617 2871 1817 2931 divina
1871 2874 2076 2948 gratia,
2156 2871 2217 2931 in
2260 2887 2369 2931 sua
2421 2872 2790 2947 praescientia
2820 2873 2943 2946 jam
2971 2872 3339 2946 omnipotens
3375 2872 3529 2933 Deus
3557 2871 3869 2942 exstinxit,

365 2972 575 3022 sumus
625 2960 891 3034 ingressi,
924 2961 1041 3034 jam
1088 2974 1204 3019 non
1239 2959 1408 3018 nobis
1450 2960 1774 3020 vacandum
1821 2970 1908 3020 est
1935 2962 2074 3033 otio,
2157 2974 2305 3033 quos
2331 2975 2438 3019 nos
2466 3004 2480 3032 ,
2511 2966 2578 3019 ut
2607 2960 3140 3036 exstingueremus,
3168 2959 3441 3020 instituit.
3470 2960 3599 3036 Ipse
3623 2966 3870 3037 pugnat,

356 3067 479 3112 non
534 3050 769 3126 torpori,
817 3049 910 3109 vel
957 3048 1196 3108 desidias
1248 3050 1479 3120 cedere;
1541 3065 1659 3111 non
1706 3066 1930 3124 somno,
1981 3051 2131 3156 velo
2158 3054 2216 3109 et
2245 3056 2308 3109 ut
2352 3065 2459 3110 nos
2514 3050 2818 3112 vincamus
2856 3051 3093 3122 invitat;
3124 3052 3247 3128 ipse
3282 3052 3537 3113 hostium
3573 3052 3731 3112 vires
3765 3053 3873 3113 de-

359 3139 613 3200 incautas
652 3137 944 3197 securitati
984 3150 1191 3197 sanum
1223 3143 1308 3197 est
1331 3137 1654 3211 indulgere.
1688 3138 1934 3214 Expedit
1972 3137 2131 3200 ita-“'
2157 3140 2351 3211 struit,
2390 3145 2449 3197 et
2498 3140 2666 3201 nobis
2698 3140 2959 3201 victorias
3006 3156 3223 3201 nomen
3267 3140 3524 3202 ascribit.
3570 3140 3713 3202 Vult
3761 3158 3873 3204 nos

358 3243 477 3307 que
516 3234 583 3289 ut
628 3227 915 3288 virtutum
958 3226 1138 3287 armis
1177 3241 1405 3301 semper
1452 3227 1714 3296 accincti,
1768 3228 1837 3288 ad
1885 3235 2075 3290 custo-
2157 3230 2285 3290 ﬁeri
2319 3245 2427 3289 sua
2459 3228 2676 3290 virtute
2712 3229 2960 3290 victores
2985 3275 3000 3303 ,
3036 3236 3103 3290 ut
3133 3230 3337 3291 merito
3378 3245 3653 3291 coronare
3680 3232 3873 3293 valeat

358 3317 517 3378 diam
555 3317 739 3377 nostri
772 3316 991 3391 iugiter
1035 3316 1435 3389 excubamus,
1469 3323 1527 3376 et
1563 3318 1841 3378 adversus
1868 3319 2075 3379 imma-
2157 3319 2605 3394 triumphantes.

352 3405 637 3467 nissimos
709 3406 903 3466 hostes
974 3411 1201 3464 uestros
1260 3404 1467 3464 acriter
1534 3404 1900 3466 dimicemus.
1969 3407 2077 3466 Per
2229 3407 2406 3467 Nulla
2433 3423 2542 3467 nos
2569 3422 2706 3482 ergo
2737 3406 3059 3484 desperatio
3085 3409 3329 3481 frangat,
3359 3423 3508 3485 quos
3539 3408 3612 3467 ad
3642 3407 3872 3469 fortiter

361 3493 585 3555 bellum
632 3510 892 3569 namque
928 3495 1265 3569 pervenitur
1303 3494 1377 3554 ad
1414 3509 1633 3569 pacem,
1676 3511 1778 3570 per
1817 3495 2074 3557 laborem
2154 3497 2447 3571 agendum
2519 3512 2790 3571 supernas
2869 3498 3103 3558 virtutis
3177 3498 3500 3558 adhortatio
3573 3502 3868 3573 provocat.

364 3584 648 3645 transitur
701 3585 773 3644 ad
830 3584 1112 3661 requiem.
1174 3583 1303 3643 Non
1352 3589 1439 3643 est
1491 3584 1650 3644 enim
1698 3584 1825 3645 sine
1880 3602 2077 3660 pugna
2156 3584 2329 3643 Nulla
2382 3585 2696 3644 infirmitas
2741 3586 3016 3644 humanas
3063 3585 3412 3646 conditionis
3459 3585 3715 3657 obsistat,
3764 3585 3870 3645 ubi

364 3674 626 3744 victoria,
667 3689 785 3734 non
832 3674 1054 3749 absque
1101 3674 1341 3735 victoria
1385 3675 1733 3749 pertingitur
1782 3676 1854 3735 ad
1911 3691 2076 3737 coro-
2153 3675 2227 3735 ad
2279 3675 2712 3751 conﬂigendum
2757 3675 2978 3736 divinae
3020 3676 3302 3751 jussionis
3345 3677 3656 3736 auctoritas
3705 3675 3872 3737 robo-

360 3778 522 3824 nam.
556 3764 869 3824 Intestinos
893 3771 1092 3824 autem
1123 3765 1316 3823 hostes
1348 3763 1652 3834 habemus,
1692 3780 1826 3824 cum
1857 3765 2076 3839 quibus
2154 3771 2260 3824 rat.
2312 3764 2638 3825 Audiamus
2679 3771 2736 3824 et
2782 3781 2889 3826 nos
2924 3767 3083 3841 quod
3127 3766 3245 3826 illis
3289 3766 3507 3826 dictum
3558 3772 3686 3826 est:
3739 3784 3769 3820 tl
3803 3763 3869 3826 Si

358 3853 411 3912 si
436 3853 627 3929 perire
670 3853 969 3925 nolumus,
1002 3853 1461 3932 infatigabiliter,
1502 3861 1558 3912 et
1603 3853 1731 3913 sine
1759 3853 1880 3913 ulla
1910 3870 2075 3928 pror-
2154 3855 2376 3915 dixeris
2405 3855 2465 3914 in
2496 3856 2669 3915 corde
2696 3862 2799 3915 tuo
2833 3876 2846 3915 :
2890 3856 3096 3916 Plures
3124 3862 3263 3917 sunt
3297 3865 3497 3932 gentes
3529 3855 3655 3915 istae
3686 3870 3868 3930 quam

356 3957 461 4003 sus
530 3942 964 4003 intermissione
1032 3957 1293 4016 pugnare
1364 3928 1790 4016 compellimur.
1864 3942 2076 4004 Hostes
2153 3964 2260 4022 ego
2284 3990 2299 4020 ,
2328 3948 2618 4021 quomodo
2646 3953 2844 4023 potero
2880 3947 3070 4007 delere
3102 3948 3248 4008 eas?
3293 3928 3413 4008 noli
3442 3928 3739 4018 metueret,
3763 3946 3871 4006 sed

359 4047 571 4108 nempe
611 4041 855 4103 nostros,
882 4032 1194 4093 adversum
1224 4048 1371 4108 quos
1401 4032 1464 4092 in
1506 4033 1629 4092 acie
1676 4048 1905 4107 semper
1927 4034 2074 4093 assi-
2154 4037 2453 4098 recordare
2479 4053 2615 4112 quae
2637 4037 2837 4098 fecerit
2866 4038 3152 4099 Dominus
3177 4039 3330 4099 Deus
3365 4046 3502 4099 tuus
3530 4038 3815 4098 Pharaoni
3850 4081 3867 4110 ,

362 4125 573 4184 stimus
597 4170 612 4195 ,
641 4139 757 4184 non
786 4141 819 4183 a
840 4123 1013 4184 nobis
1036 4123 1319 4196 interjecti
1343 4138 1581 4198 aggeres
1610 4123 1920 4195 dividunt,
1952 4139 2072 4182 non
2155 4134 2213 4187 et
2241 4128 2469 4188 cunctis
2502 4128 2807 4204 Egyptiis,
2846 4128 3043 4202 plagas
3082 4130 3369 4188 maximas
3397 4144 3544 4203 quas
3593 4127 3873 4188 viderunt

365 4212 589 4273 moenia
614 4213 817 4272 turrita
839 4221 1166 4283 secernunt,
1197 4229 1317 4273 non
1347 4212 1622 4288 profundi
1659 4228 1860 4271 amnes
1889 4213 2075 4272 inter-
2155 4217 2311 4277 oculi
2363 4218 2471 4289 tui,
2523 4223 2581 4275 et
2623 4218 2791 4290 signa
2834 4225 3008 4291 atque
3050 4224 3328 4292 portenta,
3381 4232 3740 4292 manumque
3781 4232 3871 4278 ro-

358 4303 576 4373 ﬂuunt,
624 4318 742 4360 nou
793 4305 1071 4377 praerupti
1114 4312 1359 4373 montes,
1403 4319 1477 4362 ne
1524 4303 1792 4363 cominus
1833 4318 2075 4377 congre-
2155 4309 2405 4379 bustam,
2443 4315 2499 4366 et
2530 4314 2834 4368 extentum
2870 4308 3196 4381 brachium,
3245 4317 3314 4370 ut
3347 4309 3618 4370 educeret
3648 4316 3704 4369 te
3747 4307 3868 4367 Do-

362 4392 618 4464 diantur,
662 4391 974 4451 obsistunt.
1018 4393 1330 4454 Nobiscum
1366 4408 1594 4467 semper
1626 4399 1779 4462 sunt,
1831 4392 1969 4466 quia
2008 4393 2068 4451 in
2096 4399 2359 4474 _minus
2405 4398 2560 4458 Deus
2605 4404 2781 4467 tuus;
2823 4396 2907 4456 sic
2952 4397 3123 4456 faciet
3164 4398 3396 4458 cunctis
3444 4397 3674 4474 populis
3716 4411 3873 4471 quos

363 4489 580 4545 nostrai
607 4457 821 4544 mentis
851 4483 1249 4558 penetralibus
1285 4457 1527 4556 degunt.
1562 4457 1792 4559 Septem
1818 4457 2073 4561 namque
2096 4457 2371 4551 I)metui‘s
2408 4492 2585 4558 (Deut.
2627 4489 2751 4558 vn).
2769 4457 2811 4537 ἰο
2858 4487 2929 4547 Ut
2966 4487 3107 4562 quid
3148 4501 3285 4563 ergo
3331 4503 3407 4546 ex
3444 4457 3643 4547 ng,”
3694 4457 3871 4548 ίιῖθιι-

366 4573 712 4651 principalia
760 4572 901 4633 vitia
951 4579 1111 4641 sunt,
1160 4590 1235 4633 ex
1275 4589 1527 4648 quorum
1576 4575 1811 4649 vipereo
1851 4577 2073 4636 semine

361 4670 588 4723 catena
615 4660 888 4723 vitiorum
921 4667 1128 4736 pestes,
1158 4660 1327 4738 quasi
1361 4670 1660 4724 venenatas
1685 4662 2075 4724 nihilominus

362 4750 590 4811 sobolem
614 4752 912 4822 oriuntur,
946 4766 1080 4826 qua:
1110 4751 1393 4811 nimirum
1424 4759 1579 4822 sunt,
1614 4752 1904 4826 superbia,
1937 4767 2072 4811 ava-

359 4839 531 4911 ritia,
565 4839 760 4900 inanis
805 4839 1008 4915 gloria,
1054 4841 1160 4911 ira,
1225 4841 1471 4913 invidia,
1512 4842 1771 4915 luxuria,
1821 4842 2070 4902 tristitia.

359 4928 445 4988 De
470 4928 688 5004 quibus
718 4943 825 4987 nos
848 4929 1060 4989 idcirco
1083 4929 1390 5005 diligenter
1408 4932 1706 5006 disputare
1725 4932 2072 5005 omittimus,

362 5018 503 5098 quia
552 5017 859 5094 plerosque
909 5019 1057 5078 sacri
1102 5026 1433 5083 tractatores
1473 5021 1693 5097 eloquii
1728 5020 2077 5095 multiplices

361 5124 538 5183 super
567 5108 659 5168 his
690 5107 994 5183 reliquisse
1025 5111 1341 5171 sententias
1370 5110 1728 5170 invenimus.

434 5200 559 5260 Hec
608 5205 833 5258 tantum
883 5215 1042 5261 nunc
1083 5202 1372 5263 afﬁrmare
1417 5201 1688 5271 suﬂiciat,
1740 5201 1878 5273 quia
1913 5201 2077 5276 quis-

358 5290 496 5363 quis
519 5289 801 5350 adversus
839 5288 953 5350 ista
983 5291 1328 5364 conﬂigere,
1359 5288 1628 5363 quisquis
1655 5289 1783 5349 hac
1809 5305 1941 5350 cum
1977 5289 2078 5349 Dei

361 5376 645 5451 adjutorio
691 5377 1016 5455 neglexerit
1062 5394 1358 5452 superare,
1400 5390 1708 5453 nunquam
1757 5379 1817 5438 in
1867 5377 2079 5439 militia

362 5468 608 5543 spiritali
662 5471 844 5530 victor
890 5471 1169 5559 existere,
1210 5486 1517 5545 nunquam
1559 5471 1636 5533 ad
1682 5485 1953 5533 coronam
1996 5471 2081 5530 vi-

372 5558 569 5618 ctoriae
616 5560 823 5633 poterit
866 5558 1169 5636 pervenire
1211 5580 1222 5619 :
1267 5582 1293 5614 α
1328 5559 1452 5620 Νοιι
1493 5562 1653 5622 enim
1692 5560 2080 5634 coronabitur,

2156 4579 2355 4639 mitale
2382 4576 2726 4646 ditﬁdimus,
2762 4575 2863 4648 qui
2908 4576 3105 4650 ipsum
3140 4575 3374 4636 virtutis
3402 4584 3696 4636 auctorem
3724 4590 3873 4650 pra.

2156 4669 2321 4728 vium
2344 4682 2411 4725 ac
2433 4666 2642 4724 ducem
2672 4670 2882 4723 nostrae
2904 4664 3328 4737 congressionis
3353 4665 3654 4735 habemus,
3682 4672 3740 4724 et
3766 4662 3871 4725 ille
3969 4689 3981 4700 ι

2158 4763 2384 4816 tenetur
2417 4769 2492 4812 ex
2522 4750 2906 4826 promissione
2947 4751 3226 4823 victoriae,
3256 4753 3362 4827 qui
3400 4752 3524 4812 dux
3575 4758 3632 4811 et
3664 4758 3869 4811 auctor

2157 4853 2241 4908 est
2262 4860 2474 4921 pugnae
2487 4843 2515 4904 ?

2230 4935 2591 4997 Accendatur
2617 4933 2798 5008 igitur
2824 4948 2991 4992 mens
3039 4933 3103 4992 in
3141 4947 3398 4992 amorem
3430 4931 3781 5001 certaminis,
3812 4937 3872 4991 et

2159 5027 2219 5085 in
2279 5043 2553 5102 campum
2610 5029 2982 5100 pugnaturus
3026 5022 3313 5098 procedat,
3370 5021 3442 5082 ad
3493 5020 3871 5082 debellandos

2162 5114 2412 5175 hostium
2456 5129 2674 5173 cuneos
2720 5112 2937 5172 resides
2982 5110 3170 5171 animi
3211 5110 3581 5169 incalescant.
3622 5111 3871 5171 Nullum

2156 5204 2312 5267 inter
2339 5217 2447 5262 nos
2473 5209 2646 5278 atque
2679 5199 3040 5260 adversarios
3067 5198 3258 5258 foedus
3288 5197 3676 5269 interveniat;
3704 5199 3875 5258 nulla

2161 5308 2268 5353 nos
2293 5300 2606 5368 sequestra;
2632 5291 2790 5365 pacis
2834 5292 2963 5365 iura
3006 5294 3378 5365 componant.
3410 5289 3539 5347 Non
3581 5289 3671 5348 ire
3698 5305 3870 5349 nam-

2159 5398 2276 5458 que
2299 5383 2367 5443 ad
2400 5383 2672 5459 praelium
2700 5380 3018 5457 inglorium
3048 5387 3171 5448 est;
3227 5379 3313 5439 ire
3336 5384 3555 5451 autem,
3584 5387 3640 5439 et
3672 5380 3873 5455 segni-

2161 5479 2246 5537 ter
2281 5487 2471 5547 agere,
2515 5469 2714 5530 mortis
2747 5477 2833 5529 est
2868 5469 3110 5557 omﬂnino
3136 5466 3494 5557 periculum.
3534 5466 3747 5527 Melius
3783 5474 3875 5529 est

2159 5562 2318 5627 enim
2356 5576 2477 5622 non
2503 5575 2811 5637 agnoscere
2840 5556 2996 5635 viam
3020 5556 3306 5631 veritatis,
3337 5572 3515 5634 quam
3546 5564 3673 5633 post
3696 5557 3868 5633 agni-
