4118 6452
221 249 327 308 9‘21
1706 248 1953 307 SERMO
1993 246 2248 307 LXXIV.
3621 258 3730 319 922

227 377 441 434 tionem
473 381 782 433 retrorsum
822 373 1051 432 reverti.
1099 374 1383 434 Nonnulli
1409 375 1566 433 enim
1601 381 1728 450 post
1769 391 1924 435 arre-
1947 376 2098 438 Ates
2123 376 2182 434 in
2215 392 2275 435 se
2305 382 2495 436 motus
2521 379 2712 438 carnis
2750 379 2916 437 facile
2946 381 3245 454 reprimit;
3276 381 3326 440 si
3364 383 3726 444 tumultuan-

223 470 322 541 pta
350 479 527 522 sacra
557 462 886 523 rudimenta
914 463 1162 536 militia,
1195 465 1254 522 in
1284 470 1503 524 tantam
1539 482 1602 523 se
1630 466 1933 526 mollitiem
2017 466 2163 525 tium
2231 467 2649 540 cogitationum
2723 468 3028 543 strepitum
3104 469 3318 529 minori
3367 471 3488 543 jam
3547 471 3737 533 labore

221 557 421 616 animo
453 564 772 632 tepescente
815 557 1134 628 resolvunt,
1173 565 1237 618 ut
1285 560 1413 618 etsi
1448 559 1750 618 videantur
1782 560 1932 620 mala
2017 557 2360 630 compescit;
2416 556 2467 614 si
2523 563 2824 615 nascentes
2879 555 3127 615 carnalis
3173 557 3460 620 illecebra
3516 561 3734 634 spinas,

222 662 343 706 non
377 663 564 720 agere,
602 646 784 706 nullis
816 652 1011 705 tamen
1045 647 1312 705 studeant
1341 648 1556 706 anima
1584 665 1708 707 sua
1739 651 1929 722 profe-

221 735 416 794 ctibus
445 737 737 796 insudare.
775 737 851 794 Hi
882 736 1162 796 nimirum
1199 753 1313 795 non
1344 738 1557 797 famem
1588 739 1781 796 inedia
1808 740 1931 798 vin-

219 837 351 881 cere
377 869 392 892 ,
425 840 539 883 non
571 824 778 883 oblatis
807 826 1112 898 epularum
1147 827 1537 885 suavitatibns
1567 843 1887 900 repugnare
1913 873 1927 901 ,

217 927 336 971 non
378 913 608 986 frigoris
639 914 998 987 asperitatem
1040 915 1206 983 ferre,
1244 932 1360 973 non
1399 931 1741 976 communes
1778 924 1930 974 sata-

213 1009 364 1073 gunt
394 1002 621 1074 vigilias
649 1005 994 1078 pravenire,
1027 1006 1128 1079 qui
1160 1005 1446 1073 videlicet,
1489 1012 1546 1062 et
1577 1006 1622 1063 si
1652 1022 1932 1080 usurpare

212 1086 418 1147 illicita
449 1099 752 1166 respuunt,
784 1093 874 1151 bis
920 1099 1108 1152 tamen
1136 1087 1270 1165 qua
1303 1093 1454 1150 licita
1503 1101 1638 1152 sunt
1676 1096 1932 1154 suaviter

209 1179 618 1252 perfruuntur.
676 1181 753 1239 Hi
812 1183 1061 1254 profecto
1127 1181 1276 1238 intra
1355 1197 1576 1241 sacram
1658 1183 1929 1241 militiam

210 1268 508 1327 constituti
565 1278 744 1342 sunt,
800 1272 898 1330 sed
953 1272 1094 1345 quid
1149 1271 1446 1346 spirituale
1495 1278 1782 1332 certamen
1832 1274 1963 1344 sit,'

213 1358 497 1417 nesciunt.
554 1359 712 1418 Intra
750 1362 1005 1421 militum
1049 1379 1362 1422 numerum
1403 1371 1712 1424 censentur
1751 1364 1930 1422 ascri-

207 1449 316 1522 pti,
352 1449 449 1508 sed
493 1451 762 1509 militaris
796 1451 970 1511 cilicii
1016 1454 1337 1527 probantur
1380 1454 1586 1527 ignari.
1631 1453 1929 1528 Siquidem

207 1537 362 1596 inter
408 1546 656 1598 armatos
694 1555 812 1599 non
851 1548 1124 1601 verentur
1164 1543 1416 1601 inermes
1454 1543 1740 1613 incedere,
1780 1542 1930 1602 inter

207 1626 475 1688 loricatas
520 1628 870 1690 bellatorum
917 1632 1068 1691 acies
1111 1648 1230 1692 non
1281 1634 1630 1692 erubescunt
1665 1633 1928 1693 discincti

2012 660 2151 702 mox
2198 652 2264 704 ut
2309 645 2448 704 oriri
2500 647 2797 719 coeperint,
2834 653 3082 717 resecat;
3116 647 3166 705 si
3207 649 3487 710 tumentia
3529 667 3732 726 super-

2011 731 2146 804 bia,
2192 733 2471 805 luxuria,
2525 741 2986 810 caterorumque
3037 737 3312 798 vitiorum
3352 738 3498 798 colla
3535 740 3728 813 gladio

2011 821 2275 894 protinus
2294 822 2479 880 divini
2511 823 2736 882 timoris
2769 824 3090 883 obtruncat.

2083 911 2388 979 Caterum,
2418 912 2559 986 quid
2608 913 2836 986 prodest
2874 912 2976 971 diu
3019 930 3374 989 quemquam
3414 932 3591 978 sacra
3629 919 3723 976 in-

2013 1007 2222 1061 teresse
2262 1003 2507 1069 militia,
2543 1019 2720 1078 quem
2757 1003 2917 1063 velut
2956 1005 3066 1064 sub
3103 1006 3226 1080 ipsa
3267 1007 3439 1079 primi
3478 1007 3730 1067 tirocinii

2010 1089 2338 1148 rudimenta
2373 1092 2630 1149 remissis
2660 1091 2950 1162 manibus,
2988 1100 3042 1149 et
3073 1098 3265 1152 tenero
3287 1094 3478 1153 adhuc
3514 1094 3727 1168 poplite

2013 1178 2210 1237 videas
2247 1180 2619 1239 claudicare?
2650 1182 2700 1238 Α
2732 1197 2846 1255 qua
2884 1180 3165 1240 nimirum
3204 1183 3577 1256 negligentia
3607 1185 3728 1244 dis-

2011 1269 2297 1328 solutione
2337 1271 2675 1345 pradicator
2713 1271 2979 1346 egregius
3013 1272 3327 1346 discipulos
3363 1289 3498 1332 suos
3526 1274 3725 1348 probi-

2010 1357 2122 1428 bet,
2165 1358 2360 1417 dicens
2403 1379 2416 1415 :
2463 1385 2488 1408 ιι
2544 1359 2854 1430 Remissas,
2904 1359 3112 1432 inquit,
3163 1375 3389 1431 manus,
3423 1367 3480 1421 et
3535 1361 3722 1421 disso-

2011 1446 2132 1504 luta
2189 1462 2380 1519 genua
2418 1446 2636 1519 erigite,
2669 1453 2723 1502 et
2776 1462 3006 1519 gressus
3051 1455 3232 1507 rectos
3277 1450 3442 1508 facite
3480 1451 3726 1524 pedibus

2011 1538 2238 1610 vestris,
2276 1553 2346 1596 ne
2381 1537 2717 1596 claudicans
2754 1536 2886 1610 quis
2924 1543 3075 1595 erret
3110 1541 3292 1607 (Hebr.
3327 1545 3458 1608 XII).
3495 1563 3515 1592 η
3552 1540 3725 1602 Docta

2010 1645 2222 1690 manus
2259 1630 2328 1689 ad
2383 1628 2651 1704 pralium
2693 1627 2860 1688 facile
2898 1629 3161 1702 pervenit
3205 1629 3277 1688 ad
3318 1631 3722 1705 triumphum;

210 1719 465 1792 segniter
491 1719 817 1791 ambulare;
850 1728 1025 1793 atque
1062 1721 1275 1781 idcirco
1313 1722 1384 1779 ad
1420 1721 1677 1794 primum
1718 1724 1928 1782 vibrati
1949 1735 2222 1797 Bcorpus
2251 1719 2514 1778 attritum
2545 1716 2741 1790 lorica,
2775 1725 3108 1791 promptum
3146 1719 3328 1778 fertur
3355 1718 3418 1777 in
3447 1735 3725 1794 pugnam.

209 1805 526 1888 cujuslibet
565 1808 745 1884 jacnli
791 1811 967 1868 ictum
1015 1817 1312 1879 corruunt,
1367 1810 1505 1883 quia
1551 1811 1714 1868 nullo
1758 1827 1928 1871 causa

214 1893 746 1969 circumspectionis
791 1899 993 1973 clypeo
1048 1899 1414 1969 muniuntur,
1447 1899 1775 1975 meliusque
1801 1902 1928 1960 fue-

216 1990 302 2041 rat
334 1984 488 2042 intra
527 1994 683 2060 septa
724 1987 932 2048 domus
979 1989 1312 2061 ignobiliter
1359 1990 1570 2061 vivere,
1612 2007 1787 2065 quam
1823 1993 1928 2050 im-

209 2073 393 2132 belles
429 2074 585 2134 intra
610 2075 762 2135 bella
795 2075 920 2135 sine
961 2077 1100 2137 ullis
1131 2078 1557 2152 praconiorum
1600 2080 1784 2139 titulis
1833 2081 1926 2139 in-

213 2153 404 2223 terire.

280 2253 595 2314 Enimvero
638 2256 744 2330 qui
790 2258 1128 2317 monachico
1178 2258 1379 2317 habitu
1437 2260 1628 2318 carnis
1679 2259 1926 2319 delecta-

213 2342 429 2402 tionem
476 2352 769 2418 quarunt,
805 2363 879 2405 ex
923 2347 1086 2406 arido
1133 2346 1292 2420 ligno
1325 2365 1561 2408 succum
1601 2351 1927 2424 exprimere

211 2433 487 2507 gestiunt,
528 2451 602 2492 ex
651 2451 765 2510 qua
816 2437 1100 2496 nimirum
1149 2438 1411 2506 mollitie,
1469 2455 1535 2498 ac
1589 2439 1928 2499 remissione

212 2523 451 2583 vivendi
499 2525 792 2600 plerisque
831 2529 1201 2610 contingitmt
1250 2545 1382 2588 cum
1416 2529 1600 2590 multa
1632 2530 1834 2599 sciant,
1867 2545 1927 2587 se

212 2614 491 2684 nesciant,
555 2623 611 2676 et
674 2617 815 2691 quid
897 2618 1274 2678 districtionis
1344 2620 1455 2694 ipsi
1510 2620 1625 2692 pati
1683 2620 1922 2694 possint,

209 2707 456 2783 pleniter
497 2705 642 2764 396
689 2724 803 2767 non
853 2715 1163 2783 agnoscant
1195 2733 1208 2768 :
1243 2710 1439 2784 sicque
1485 2711 1568 2780 fit,
1600 2716 1666 2768 ut
1713 2711 1928 2784 quibus

210 2794 412 2855 datum
461 2803 548 2856 est
595 2797 880 2855 exteriora
933 2797 1120 2857 multa
1174 2814 1553 2872 cognoscere,
1607 2797 1798 2858 adhuc
1854 2799 1927 2857 ad

211 2888 676 2960 cognoscendum
716 2889 1053 2964 semetipsos
1093 2891 1401 2950 videantur
1447 2890 1801 2966 probationis
1841 2889 1927 2948 in-

210 2975 425 3049 digere.
463 2977 773 3052 Plerosque
814 2980 972 3038 enim
1011 2980 1270 3040 vidimus
1294 2981 1643 3054 jamdudum
1672 2983 1730 3039 in
1767 2997 1927 3040 sacro

2015 1809 2296 1868 Monacho
2350 1824 2579 1883 nempe,
2620 1806 2715 1867 cui
2755 1807 2945 1866 adhuc
2999 1807 3358 1881 impossibile
3400 1814 3487 1867 est
3528 1824 3730 1882 super-

2015 1896 2171 1956 biam
2220 1911 2514 1969 premere,
2572 1895 2877 1954 avaritiam
2934 1895 3222 1965 cohibere,
3283 1896 3523 1956 invidia
3574 1898 3728 1958 faces

2014 1984 2406 2057 exstinguere,
2437 1984 2720 2042 mundam
2753 1989 3004 2044 mentem
3042 2001 3076 2043 a
3113 1984 3370 2044 luxuria
3409 1985 3726 2058 petulantia

2013 2076 2337 2145 custodire;
2383 2076 2486 2148 qui
2537 2076 2696 2134 virus
2741 2074 2978 2133 malitia
3021 2075 3299 2134 adversus
3335 2075 3724 2136 offendentem

2014 2163 2215 2237 nequit
2251 2162 2558 2236 expellere,
2592 2163 2693 2237 qui
2734 2177 2836 2236 pro
2881 2162 3162 2220 servanda
3200 2177 3445 2222 censura
3482 2163 3724 2236 justitia

2012 2253 2339 2312 succumbit
2369 2251 2644 2326 injuriam
2683 2251 3005 2322 sustinere;
3040 2251 3181 2325 quid
3219 2251 3380 2312 aliud
3411 2252 3725 2314 dicendum

2011 2353 2117 2417 est,
2159 2345 2272 2404 nisi
2303 2345 2443 2420 quia
2481 2351 2764 2418 quantum
2793 2341 2866 2401 ad
2894 2343 3312 2416 professionem
3345 2345 3582 2419 quidem
3604 2344 3728 2418 jam

2012 2433 2072 2491 in
2103 2449 2262 2492 sacra
2304 2432 2515 2490 militia
2547 2446 2758 2490 nomen
2803 2430 2978 2501 dedit,
3010 2434 3106 2488 sed
3146 2432 3287 2506 quid
3325 2431 3400 2490 sit
3430 2431 3729 2506 spirituale

2010 2532 2322 2596 certamen,
2361 2526 2553 2583 adhuc
2597 2525 2830 2598 penitus
2877 2539 2996 2583 non
3027 2523 3308 2596 agnovit?
3335 2525 3453 2583 imo
3490 2525 3562 2583 ad
3594 2542 3726 2600 per-

2011 2615 2315 2674 fectionem
2369 2613 2741 2672 tendentibus
2786 2615 2894 2674 hoc
2931 2613 3065 2672 totis
3092 2621 3177 2672 est
3209 2613 3428 2672 viribus
3454 2615 3708 2674 adniten-

2011 2705 2174 2776 dum,
2207 2713 2271 2763 ut
2299 2703 2608 2763 salubriter
2639 2703 2811 2777 rigidi
2852 2703 3036 2777 magis
3073 2702 3296 2762 discant
3331 2704 3438 2762 ista
3479 2704 3722 2774 nescire,

2018 2809 2194 2867 quam
2225 2793 2474 2852 vincere.
2513 2792 2730 2852 Pudeat
2757 2793 2882 2863 hos,
2925 2792 3028 2868 qui
3063 2808 3126 2850 se
3161 2799 3416 2851 mortuos
3447 2792 3725 2866 proﬁten-

2014 2889 2108 2943 tur
2146 2899 2270 2942 esse
2308 2898 2446 2941 cum
2487 2881 2732 2953 Christo,
2772 2881 3013 2941 rebelles
3051 2889 3242 2942 motus
3273 2882 3484 2954 carnis,
3523 2889 3578 2940 et
3604 2897 3727 2956 pas-

2014 2975 2206 3033 siones
2263 2975 2595 3033 animorum
2651 2973 2845 3032 adhuc
2899 2971 2960 3031 in
3014 2989 3074 3032 se
3116 2974 3431 3047 procaciter
3487 2975 3721 3041 vivere;

210 3067 416 3126 ordine
446 3072 808 3142 constitutos,
836 3069 939 3144 qui
987 3071 1238 3130 necdum
1288 3080 1522 3131 nossent
1568 3072 1709 3146 quid
1747 3072 1807 3129 in
1841 3066 2286 3157 je-cadversus
2343 3062 2490 3120 397
2553 3079 2689 3157 qua
2750 3063 2914 3122 velut
2963 3063 3072 3124 sub
3127 3065 3253 3139 ipso
3307 3063 3726 3157 congressionis

206 3155 418 3231 juniis,
451 3156 591 3230 quid
639 3157 701 3215 in
733 3157 970 3230 vigiliis,
999 3161 1142 3235 quid
1186 3160 1250 3218 in
1286 3161 1530 3235 reliquis
1558 3160 1806 3220 caelestis
1846 3160 1928 3218 di-

213 3241 474 3317 sciplina
519 3245 728 3302 studiis
768 3245 918 3304 ferre
949 3247 1307 3321 potuissent;
1349 3255 1405 3307 et
1451 3264 1587 3307 cum
1639 3247 1933 3321 Scriptura

213 3332 413 3393 dicat:
470 3356 492 3383 α
531 3332 640 3403 Qui
693 3334 940 3407 ignorat,
994 3336 1355 3409 ignorabitur
1402 3342 1446 3404 (l
1511 3341 1629 3396 Cor.
1681 3342 1851 3407 XlV);
1901 3361 1927 3385 ιο

215 3437 333 3498 quo
382 3429 545 3496 pacto
595 3423 688 3482 vel
735 3440 769 3482 a
809 3424 926 3484 Deo
959 3428 1245 3498 cognosci,
1277 3428 1371 3486 vel
1418 3428 1604 3487 Deum
1645 3433 1933 3487 mereatur

215 3511 410 3588 ipsum
446 3527 809 3588 cognoscere,
839 3516 939 3587 qui
986 3517 1359 3590 semetipsum
1393 3519 1455 3576 in
1493 3518 1622 3592 ejus
1656 3518 1932 3591 obsequio

212 3602 580 3662 convincitur
618 3605 882 3678 ignorare
918 3604 946 3664 ‘P
983 3606 1157 3665 Porro
1195 3614 1390 3666 autem
1437 3607 1698 3666 fervidus
1748 3606 1930 3665 bella-

215 3697 324 3762 tor,
355 3691 457 3766 qui
497 3695 714 3752 mania
758 3695 1058 3755 obsidione
1103 3696 1439 3764 circumdat,
1473 3697 1932 3770 apprOpinquare

210 3781 528 3853 aggeribus
583 3783 810 3852 nititur,
869 3799 1147 3859 occupare
1200 3784 1384 3844 vallos
1436 3791 1699 3856 attentat,
1760 3793 1932 3860 atque

209 3868 365 3927 inter
415 3870 567 3944 ipsas
639 3872 1124 3932 crebrescentium
1202 3873 1512 3933 missilium
1595 3874 1928 3948 grandines,

211 3972 517 4032 quousque
545 3959 841 4020 violentus
869 3961 1193 4037 irrumpere
1225 3964 1400 4038 possit
1420 3964 1700 4038 explorat.

281 4044 396 4116 Qui
449 4048 825 4122 semetipsum
877 4066 1013 4125 ergo
1070 4051 1199 4109 vult
1247 4053 1500 4122 vincere,
1543 4052 1604 4111 in
1657 4069 1933 4112 mensura

211 4151 457 4196 suarum
491 4137 704 4196 virium
739 4147 903 4214 turpe
935 4147 1021 4198 est
1059 4141 1321 4199 notitiam
1361 4157 1477 4200 non
1519 4142 1746 4202 habere.
1779 4143 1934 4201 Hinc

211 4233 298 4284 est
324 4226 480 4284 enim
521 4227 674 4302 quod
702 4229 987 4288 Dominus
1033 4229 1174 4288 dicit
1215 4250 1226 4288 :
1273 4252 1300 4284 «
1346 4231 1682 4290 Contendite
1719 4233 1933 4292 intrare

209 4330 314 4389 per
339 4325 646 4388 angustam
687 4326 927 4393 portam.
962 4343 984 4368 -
1027 4319 1285 4379 Necdum
1332 4328 1524 4380 autem
1563 4322 1933 4395 eXperimen-

212 4409 336 4466 tum
386 4407 479 4464 sui
528 4405 629 4464 ille
670 4407 774 4466 Dei
833 4409 1001 4468 miles
1036 4417 1348 4483 acceperat,
1375 4410 1447 4468 de
1485 4427 1600 4484 quo
1639 4410 1933 4486 Scriptura

211 4492 354 4552 dicit
391 4510 404 4544 :
440 4516 463 4546 ι
509 4494 655 4566 Quia
700 4495 969 4570 imposita
1014 4498 1175 4570 galea
1197 4514 1346 4557 area
1374 4515 1546 4572 super
1571 4508 1742 4574 caput
1781 4501 1926 4575 ejus,

213 4588 274 4640 et
309 4583 547 4642 vestitus
591 4583 782 4654 lorica,
813 4586 1109 4646 accinctus
1154 4587 1329 4645 etiam
1375 4587 1568 4663 gladio
1610 4604 1784 4663 super
1829 4604 1930 4646 ve~

213 4677 359 4731 stem
414 4688 606 4742 suam,
652 4675 823 4749 capit
869 4681 1089 4735 tentare
1145 4675 1195 4735 si
1231 4686 1490 4735 armatus
1533 4684 1723 4751 posset
1770 4678 1930 4736 ince-

211 4761 384 4833 dere;
440 4778 555 4822 non
599 4765 755 4822 enim
803 4764 1049 4823 habebat
1089 4766 1592 4838 consuetudinem,
1629 4774 1684 4825 et
1721 4755 1873 4826 dixit
1915 4786 1926 4825 :

216 4850 344 4910 Non
394 4867 630 4926 possum
677 4852 759 4911 sic
798 4853 1082 4925 incedere,
1115 4857 1252 4929 quia
1291 4871 1398 4915 nec
1433 4871 1607 4916 usum
1650 4857 1933 4930 habeo,et

214 4939 480 5014 deposuit
525 4956 593 4999 ea
639 4945 692 5010 (Ι
740 4946 873 5011 Reg.
921 4945 1093 5014 XVll).
1138 4964 1167 4998 »
1219 4944 1349 5003 Jam
1417 4952 1612 5004 autem
1665 4945 1820 5004 idem
1873 4959 1933 5003 se

215 5027 378 5087 docte
422 5029 780 5104 probaverat,
826 5047 961 5090 cum
1030 5031 1289 5106 gladium
1343 5033 1569 5092 Goliath
1610 5034 1947 5094 Pbilistbai‘

215 5118 548 5178 involutum
594 5118 772 5193 pallio
812 5125 940 5193 post
983 5120 1184 5194 Ephod
1238 5121 1496 5192 abstulit,
1554 5130 1610 5180 et
1666 5139 1860 5182 secum
1901 5139 1935 5181 a

218 5206 363 5266 facie
408 5209 805 5283 persequentis
858 5208 997 5268 Saul
1053 5208 1326 5283 fugiendo
1379 5211 1645 5284 portavit,
1691 5211 1930 5270 dicens:

220 5317 246 5345 α
279 5294 430 5366 Quia
485 5312 602 5355 non
651 5305 737 5356 est
787 5296 1018 5371 gladius
1081 5298 1226 5356 alter
1289 5299 1500 5357 similis
1560 5299 1649 5357 illi
1705 5304 1756 5369 (Ι
1799 5304 1930 5370 Reg.

219 5390 372 5470 xm).
405 5385 526 5470 n_In
572 5387 678 5445 hoc
721 5394 913 5445 autem
951 5387 1206 5460 probatio
1249 5395 1354 5460 est,
1383 5387 1522 5464 quia
1550 5388 1651 5464 qui
1689 5388 1746 5446 in
1777 5388 1934 5470 mili-

221 5467 316 5526 tia
361 5468 684 5543 spiritualis
744 5488 928 5545 agone
979 5473 1304 5549 profecerit,
1346 5474 1394 5532 si
1427 5475 1550 5548 jam
1597 5467 1933 5533 debiliorem

218 5562 524 5629 contra,se
568 5559 854 5622 vitiorum
900 5562 1323 5626 contumaciam
1363 5563 1574 5638 sentit;
1615 5563 1665 5623 si
1692 5579 1939 5638 surgen-

2011 3153 2179 3212 initio
2202 3201 2218 3224 ,
2264 3167 2498 3212 necesse
2544 3152 2617 3211 sit
2655 3167 2976 3227 repugnare
3004 3199 3020 3223 ,
3055 3168 3130 3212 ne
3179 3169 3314 3213 cum
3347 3154 3421 3212 sit
3473 3160 3722 3228 tempus;

2014 3249 2080 3302 ut
2121 3244 2242 3316 jam
2279 3243 2411 3317 jure
2461 3242 2762 3316 quiescere
2803 3242 3210 3316 permittuntur
3251 3241 3496 3314 emeriti,
3542 3243 3733 3302 adhuc

2019 3339 2319 3390 versentur
2352 3332 2509 3390 inter
2537 3329 2693 3388 bella
2741 3329 2976 3388 tirones.

2083 3419 2276 3478 Discat
2307 3419 2486 3490 igitur
2533 3417 2703 3476 miles
2736 3417 2969 3488 Christi,
3001 3417 3144 3476 dum
3181 3418 3376 3477 adhuc
3400 3431 3589 3476 novus
3623 3424 3730 3486 est,

2013 3524 2225 3567 manus
2276 3523 2613 3578 conserere;
2665 3506 2864 3576 discat,
2913 3506 3345 3579 emergentibus
3397 3506 3736 3581 quibusque

2014 3598 2192 3668 vitiis,
2247 3604 2430 3671 prout‘
2473 3613 2563 3656 res
2614 3595 2934 3666 dictaverit,
2978 3596 3235 3657 obviare.
3283 3595 3416 3656 Huc
3464 3595 3729 3668 illucque

2013 3689 2423 3748 circumductis
2462 3687 2683 3747 vivacis
2717 3688 3097 3762 experientia
3132 3688 3319 3748 oculis
3358 3687 3637 3760 providus
3664 3703 3725 3745 se

2015 3784 2234 3849 vertat;
2266 3783 2322 3835 et
2357 3775 2609 3850 singulis
2653 3777 2984 3852 quibusque
3017 3775 3250 3849 jaculis,
3299 3792 3436 3851 qua
3480 3777 3724 3836 mittun-

2015 3872 2148 3936 tur,
2201 3863 2556 3924 defensionis
2625 3868 2851 3936 tegmen
2917 3870 3206 3938 Opponat,
3272 3871 3337 3924 ut
3391 3865 3720 3939 superbiam

2016 3954 2344 4013 humilitate
2369 3952 2617 4026 dejiciat,
2648 3951 2847 4026 gulam
2881 3952 3184 4012 sobrietate
3209 3954 3532 4028 restringat,
3555 3969 3721 4012 man-

2016 4045 2328 4103 suetudine
2356 4043 2717 4102 iracundiam
2758 4041 2961 4117 calcet,
2998 4041 3299 4102 avaritiam
3340 4042 3601 4117 largitate
3631 4059 3722 4102 re-

2016 4133 2221 4204 frenet,
2253 4131 2519 4191 ardorem
2568 4131 2826 4190 libidinis
2864 4137 3077 4190 terrore
3111 4133 3372 4205 perpetui
3420 4132 3575 4205 ignis
3613 4146 3723 4190 ex-

2017 4221 2288 4296 stinguat,
2344 4221 2462 4280 odii
2503 4220 2720 4279 trabem
2762 4221 2998 4278 ﬂamma
3030 4220 3394 4281 suavissima
3430 4221 3726 4281 charitatls

2015 4319 2242 4370 exurat.
2291 4309 2617 4368 Delectatur
2672 4315 2822 4368 certe
2871 4309 3025 4369 Deus
3072 4309 3180 4368 isto
3236 4310 3566 4383 certamine,
3620 4311 3724 4387 qui

2019 4402 2311 4462 subtiliter
2333 4418 2400 4460 ac
2428 4400 2712 4475 profunde
2741 4401 3066 4462 considerat
3097 4409 3279 4463 totum
3319 4402 3607 4477 quidquid
3650 4403 3724 4461 il-

2018 4492 2119 4551 lud
2148 4498 2233 4550 est
2258 4490 2414 4566 quod
2455 4499 2717 4550 versatur
2764 4491 2826 4549 in
2875 4499 3084 4551 mente.
3115 4491 3491 4550 Gratulantu-r
3534 4491 3727 4564 angeli

2017 4581 2089 4638 ad
2126 4580 2236 4639 tale
2274 4579 2695 4653 spectaculum,
2735 4579 2995 4639 videntes
3031 4581 3187 4654 quod
3227 4581 3483 4640 humana
3519 4585 3726 4639 natura

2019 4669 2078 4727 in
2112 4684 2178 4726 eo
2205 4667 2360 4741 quod
2399 4675 2596 4724 contra
2627 4667 2991 4742 semetipsam
3025 4674 3275 4742 pugnet,
3311 4667 3384 4727 ad
3422 4681 3626 4729 eorum
3664 4677 3726 4726 se

2019 4757 2396 4828 consortium,
2438 4753 2595 4814 unde
2625 4755 2813 4814 fuerat
2842 4759 3051 4829 ejecta,
3080 4756 3386 4827 reformat;
3433 4761 3492 4815 et
3526 4771 3724 4820 secum

2019 4848 2268 4907 rixando
2293 4846 2367 4904 ad
2398 4861 2598 4904 veram
2627 4847 2827 4921 procul
2861 4847 3042 4906 dubio
3080 4864 3278 4922 pacem
3319 4849 3514 4918 tendit,
3546 4864 3723 4923 quam

2019 4939 2156 4998 olim
2191 4937 2421 4998 sibimet
2459 4935 2610 4994 male
2646 4934 3072 5009 consentiendo,
3106 4938 3249 5012 quia
3280 4952 3400 4997 non
3435 4950 3724 5011 repugna-

2021 5028 2126 5100 vit,
2154 5027 2370 5086 amisit.

2092 5117 2209 5176 Nec
2241 5127 2687 5191 conqueramur,
2733 5113 2935 5172 fratres
2973 5113 3106 5182 mei,
3147 5112 3196 5170 si
3237 5113 3310 5172 ad
3353 5119 3552 5173 votum
3586 5128 3726 5172 mox

2021 5212 2229 5265 cuncta
2257 5221 2372 5264 non
2404 5203 2715 5273 vincimus,
2755 5201 2804 5260 si
2833 5201 2894 5259 in
2923 5200 3104 5273 hujus
3138 5201 3559 5261 conﬂictatione
3604 5217 3723 5260 cer-

2023 5295 2275 5364 taminis,
2325 5308 2640 5361 arumnas,
2689 5289 2935 5359 labores,
2976 5287 3294 5362 angustias,
3345 5298 3402 5349 et
3445 5290 3724 5363 gravissi-

2022 5400 2188 5444 mum
2210 5398 2361 5456 sape
2383 5379 2719 5440 fluctuantis
2746 5377 2959 5437 anima
2985 5377 3223 5436 taedium
3245 5379 3625 5439 sustinemus.
3656 5381 3726 5440 In

2024 5476 2132 5534 boc
2164 5472 2320 5532 enim
2349 5470 2547 5529 divina
2579 5468 2749 5529 nobis
2785 5465 3214 5541 dispensatione
3247 5466 3608 5542 prospicitur,
3651 5486 3726 5529 ne

2024 5563 2097 5622 de
2137 5557 2438 5634 repentina
2471 5556 2707 5618 victoria
2745 5557 2810 5618 in
2840 5553 3232 5630 arrogantiam
3264 5561 3457 5615 noster
3500 5557 3734 5618 animus
