4118 6460
403 253 511 315 923

1017 251 1075 310 S.
1119 251 1341 312 PETRI
1382 250 1703 311 DAMIANI
1742 251 1900 311 OPP.
1947 251 2139 311 PARS
2182 251 2320 313 SEU
2363 250 2611 312 TOMUS
2649 250 2724 310 II.
2766 281 2833 294 —
2875 250 3289 312 SERMONES.

3801 255 3907 314 924

407 378 742 448 extollatur,
780 384 836 436 et
874 377 944 434 de
981 375 1291 434 altitudine
1331 392 1433 436 sua
1479 377 1827 451 profundius
1863 378 2573 452 corruat,Apraasumenti
2624 379 2841 454 praebet
2895 379 3194 439 audaciam
3221 424 3235 450 ,
3291 387 3347 438 et
3396 382 3676 455 pugnanti
3726 383 3909 442 victo-

412 474 462 531 si
515 486 632 530 non
674 467 889 529 auctori
936 467 1068 537 Deo,
1103 466 1202 524 sed
1241 466 1353 524 sibi
1384 466 1639 524 victorize
1681 483 1802 525 suas
1839 467 1993 525 vires
2027 484 2119 526 as-

417 562 617 621 cribat.
668 561 821 618 Hinc
859 564 943 616 est
999 558 1179 625 enim,
1227 557 1377 632 quod
1421 558 1734 617 Israelitico
1774 559 1988 634 populo
2021 576 2121 634 per

415 650 648 724 Moysen
699 647 946 706 dicitur:
985 667 1012 699 ε(
1043 645 1348 720 Postquam
1393 645 1601 706 afflixit
1646 654 1698 705 te
1734 647 2040 720 Dominus,
2067 654 2124 706 et

412 737 696 816 probavit,
731 737 800 795 ad
839 742 1166 795 extremum
1213 736 1482 794 misertus
1515 743 1600 794 est
1647 736 1752 802 tui,
1794 752 1868 795 ne
1901 736 2122 795 diceres

414 829 475 887 in
509 827 677 886 corde
711 833 808 885 tuo
840 843 853 883 :
892 823 1189 882 Fortitudo
1219 838 1347 881 mea
1370 867 1384 895 ,
1419 829 1475 881 et
1498 824 1674 882 robur
1700 839 1907 882 manus
1933 839 2080 882 meae
2104 867 2120 896 ,

415 921 538 977 haec
566 917 765 976 omnia
804 915 948 974 mihi
985 914 1394 988 praestiterunt,
1423 914 1518 971 sed
1550 915 1863 972 recorderis
1891 915 2122 973 Domini

420 1010 520 1070 Dei
553 1010 677 1077 tui,
707 1007 858 1082 quod
893 1006 1014 1080 ipse
1050 1005 1150 1063 tibi
1184 1005 1337 1062 vires
1365 1004 1676 1078 praebuerit
1705 1006 1877 1076 (Deut.
1913 1010 2054 1075 VIII).
2092 1025 2118 1055 η

420 1099 573 1158 Hinc
598 1103 684 1156 est
711 1097 882 1155 etiam
913 1139 927 1165 ,
967 1095 1119 1168 quod
1150 1109 1300 1166 saepe
1332 1109 1495 1151 mens
1526 1141 1538 1161 ,
1569 1110 1702 1166 quas
1729 1093 1911 1151 multa
1935 1093 1994 1150 in
2023 1109 2082 1151 se
2107 1141 2121 1162 ,

415 1196 470 1248 et
527 1187 693 1245 fortia
757 1190 1006 1257 superat,
1066 1198 1251 1241 unum
1292 1181 1430 1256 quid
1485 1182 1722 1240 fortasse
1783 1184 2121 1255 minimum,

417 1275 689 1352 quamvis
728 1273 967 1332 solerter
1005 1271 1289 1344 invigilet,
1327 1286 1444 1328 non
1494 1277 1809 1345 expugnat.
1844 1271 2006 1341 Quod
2037 1271 2121 1328 di-
2163 1273 2176 1283 '

421 1365 559 1422 vina
585 1362 865 1421 nimirum
898 1359 1323 1434 dispensatione
1360 1359 1570 1431 agitur,
1602 1377 1676 1418 ne
1706 1361 1958 1418 humana
1983 1376 2120 1418 con-

425 1453 570 1512 ditio
599 1453 859 1526 undique
874 1450 1193 1508 virtutibus
1219 1449 1550 1523 splendens,
1570 1449 1630 1506 in
1660 1451 1907 1510 elatione
1935 1451 2128 1509 suble-

425 1549 615 1615 vetur,
652 1548 715 1602 ut
761 1543 825 1600 in
870 1557 936 1600 eo
991 1540 1145 1615 quod
1194 1557 1253 1599 se
1299 1555 1599 1614 snperasse
1658 1541 1825 1600 fortia
1883 1558 2132 1618 quaeque

425 1633 769 1703 considerat,
793 1633 933 1690 dum
965 1647 1210 1706 parvum
1233 1646 1350 1690 non
1370 1636 1554 1704 potest
1579 1631 1680 1690 diu
1707 1633 1964 1691 conando
1981 1632 2136 1692 subi-

427 1736 582 1795 gere,
615 1735 733 1778 non
773 1720 906 1790 sibi,
938 1719 1035 1778 sed
1075 1719 1163 1778 illi
1197 1719 1495 1778 victoriam
1529 1721 1764 1792 tribuat,
1798 1723 1964 1795 cujus
2003 1737 2132 1780 mu-

428 1825 566 1868 nere
613 1809 800 1884 potuit
843 1823 975 1881 quae
1011 1809 1243 1867 subacta
1280 1817 1417 1868 sunt
1453 1825 1743 1885 superare.
1803 1811 1967 1870 Unde
2014 1811 2135 1870 illic

429 1900 642 1960 dicitur
671 1925 682 1958 :
717 1924 738 1950 ο
775 1900 883 1958 Hie
911 1907 1046 1959 sunt
1076 1905 1292 1972 gentes,
1323 1916 1469 1972 quas
1493 1901 1779 1961 Dominus
1801 1902 2127 1977 dereliquit,

424 1995 492 2048 ut
525 1987 781 2046 erudiret
817 1988 878 2046 in
914 1987 996 2045 eis
1027 1987 1296 2045 Israelem
1324 1989 1520 2060 (Judic.
1557 1990 1663 2060 III).
1698 2008 1725 2038 η
1759 1988 1931 2047 Israel
1963 2004 2129 2046 nam-

419 2091 537 2150 que
572 2075 877 2134 reservatis
915 2075 1185 2148 gentibus
1222 2077 1506 2148 eruditur,
1547 2077 1688 2137 dum
1729 2094 1895 2136 mens
1937 2084 2132 2137 nostra

426 2163 489 2222 in
529 2163 722 2238 parvis
759 2163 868 2222 sibi
907 2163 1310 2222 resistentibus
1347 2165 1538 2234 discit,
1589 2167 1727 2239 quia
1767 2183 2133 2241 nequaquam

430 2271 506 2314 ex
539 2271 598 2314 se
631 2256 849 2328 majora
878 2253 1138 2326 subjecit.

503 2345 615 2404 Hic
651 2347 829 2404 totius
868 2345 1083 2417 negotii
1125 2360 1353 2403 summa
1401 2351 1503 2416 est,
1549 2345 1747 2403 fratres
1791 2346 2136 2417 charissimi,

435 2450 613 2510 quare
653 2435 936 2494 mundum
979 2436 1359 2510 reliquimus;
1410 2437 1503 2494 hic
1555 2443 1666 2495 tota
1719 2439 1936 2497 versari
1973 2439 2139 2496 debet

433 2523 698 2596 intentio,
739 2524 876 2598 quid
914 2523 982 2582 ad
1035 2540 1264 2584 sacrum
1297 2525 1559 2584 ordinem
1602 2542 1706 2584 nos
1743 2527 1966 2585 venisse
2005 2544 2140 2598 gau-

431 2613 656 2681 demus,
709 2613 976 2671 videlicet
1029 2622 1092 2672 ut
1146 2629 1309 2672 mens
1372 2621 1562 2673 nostra
1618 2614 1902 2673 virtutum
1962 2615 2140 2672 armis

431 2701 681 2760 accincta
709 2745 724 2772 ,
751 2702 808 2760 in
838 2703 1125 2778 spirituali
1155 2705 1470 2763 certamine
1501 2721 1560 2763 se
1586 2720 1810 2778 semper
1838 2713 2134 2775 exerceat,

435 2798 489 2849 et
538 2792 812 2850 vitiorum
860 2799 1142 2866 portenta,
1193 2810 1324 2867 quas
1361 2795 1509 2852 circa
1542 2810 1645 2853 nos
1687 2795 1984 2852 mitescere
2035 2811 2135 2853 ne-

438 2879 648 2950 sciunt,
665 2881 884 2940 fervido
903 2882 1108 2954 spiritu
1137 2883 1424 2942 debellare
1448 2883 1774 2941 contendat.
1799 2882 1948 2952 Quid
1978 2884 2135 2942 enim

441 2970 754 3044 profuisset
781 2973 1092 3031 Israelitico
1130 2974 1343 3048 populo
1378 2973 1710 3047 .Egyptiaca
1742 2975 2138 3033 tantummodo

2202 467 2370 538 riam,
2403 476 2457 526 et
2484 468 2812 526 vincentem
2852 469 3118 544 provehit
3157 468 3227 526 ad
3259 483 3570 540 coronam;
3615 469 3765 546 quin
3808 486 3910 544 po-

2205 555 2318 613 tius
2356 555 2479 629 ipse
2501 563 2586 616 est
2613 556 2994 616 militantibus
3023 556 3384 627 donativum,
3415 557 3672 616 emeritis
3704 559 3909 618 muni-

2203 645 2468 719 cipium,
2535 647 3029 722 triumphantibus
3104 646 3412 721 praemium
3489 647 3910 722 sempiternum

2202 733 2371 792 Jesus
2391 733 2652 794 Christus
2681 737 2828 808 heri,
2853 743 2906 795 et
2937 735 3126 808 hodie,
3149 735 3272 809 ipse
3304 735 3456 795 Deus
3482 735 3828 795 benedictus
3850 736 3909 794 in

2203 823 2434 882 saecula.
2471 825 2674 882 Amen.

2805 913 3051 974 SEBMO
3094 914 3317 973 LXXV.

2439 1015 2725 1062 SERMONIS
2753 1016 2910 1062 PRIMI
2942 1016 3263 1063 SYNODAUS
3290 1017 3670 1064 FRAGMENTA.

2282 1108 2463 1168 Sicuti
2487 1109 2546 1167 in
2573 1117 2763 1168 monte
2792 1111 2952 1170 Sinai
2979 1111 3260 1170 Dominus
3281 1111 3611 1170 Israeliticae
3631 1110 3787 1186 plebi
3817 1126 3918 1184 per

2206 1196 2440 1271 Moysen
2481 1197 2624 1272 legis
2664 1199 2848 1257 edicta
2879 1201 3175 1273 proposuit
3212 1202 3414 1268 (Exod.
3446 1212 3555 1259 XIX
3596 1208 3646 1255 et
3685 1201 3871 1270 seqq.)
3906 1244 3919 1266 ,

2207 1287 2285 1344 ita
2313 1294 2367 1344 et
2397 1287 2459 1345 in
2494 1294 2687 1346 sancta
2713 1288 2965 1346 Ecclesia
2994 1304 3092 1361 per
3129 1288 3521 1347 ministerium
3553 1287 3921 1346 sacerdotum

2213 1375 2369 1434 idem
2409 1377 2697 1452 legislator
2746 1385 2802 1434 et
2833 1378 3017 1453 judex
3051 1379 3379 1436 Christiano
3433 1377 3642 1452 populo
3680 1372 3923 1434 vivendi

2211 1465 2483 1523 mandata
2534 1466 2836 1540 depromit.
2892 1465 3052 1525 Sinai
3090 1467 3305 1540 quippe
3356 1467 3766 1539 interpretatur
3817 1478 3924 1522 ru-

2214 1553 2342 1625 bus,
2386 1556 2507 1614 sive
2557 1556 2809 1615 tentatio.
2862 1556 2944 1614 De
2989 1557 3134 1615 rubo
3185 1556 3471 1629 siquidem
3517 1555 3826 1621 Dominus,
3861 1558 3928 1610 ut

2219 1647 2518 1721 Scriptura
2552 1654 2810 1718 testatur,
2841 1647 3127 1722 apparuit,
3156 1652 3212 1706 et
3242 1646 3428 1720 Moysi
3465 1647 3538 1704 ad
3568 1645 3716 1704 filios
3744 1640 3926 1702 Israel

2153 1739 2437 1809 Bdeferre
2477 1739 2745 1796 mandata
2775 1737 3076 1812 praecepit;
3117 1745 3172 1794 et
3201 1736 3263 1794 in
3308 1736 3559 1795 Ecclesia
3590 1736 3745 1794 Deus
3787 1747 3923 1808 pro-

2216 1827 2306 1884 cul
2338 1827 2515 1886 dubio
2549 1827 2823 1898 cernitur,
2854 1827 3001 1885 sicut
3031 1826 3219 1884 eidem
3249 1825 3433 1900 Moysi
3467 1825 3691 1899 roganti
3723 1828 3930 1898 quate-

2215 1932 2330 1974 nus
2378 1916 2488 1973 sibi
2529 1916 2900 1988 semetipsum
2941 1915 3282 1986 ostenderet,
3316 1914 3637 1988 pollicetur,
3675 1913 3877 1971 dicens
3910 1933 3922 1966 :

2220 2027 2240 2056 ι
2275 2006 2415 2063 Ecce
2462 2007 2623 2064 locus
2667 2004 2821 2078 apud
2869 2020 2961 2061 me
3015 2010 3143 2075 est,
3200 2004 3378 2062 stabis
3431 2019 3605 2078 supra
3661 2009 3926 2076 petram;

2216 2110 2468 2169 cumque
2527 2093 2817 2151 transierit
2859 2093 3044 2167 gloria
3085 2109 3231 2164 mea,
3283 2100 3418 2150 tunc
3467 2090 3690 2151 videbis
3733 2095 3928 2164 poste-

2218 2185 2368 2242 riora
2400 2200 2527 2241 mea
2552 2186 2753 2251 (Exod.
2785 2188 3030 2252 XXXIII).
3067 2206 3087 2233 ι»
3134 2181 3297 2252 Quod
3333 2186 3527 2239 autem
3560 2179 3723 2240 Sinai
3751 2179 3925 2238 etiam

2221 2273 2460 2330 tentatio
2508 2272 2737 2337 dicitur,
2770 2272 2909 2345 quid
2957 2288 3052 2346 per
3098 2272 3206 2329 hoc
3234 2270 3396 2328 aliud
3446 2270 3614 2329 debet
3653 2268 3926 2341 intelligi,

2221 2365 2336 2423 nisi
2365 2365 2501 2439 quia
2528 2364 2588 2421 in
2617 2363 2871 2421 Ecclesia
2920 2363 3019 2421 ubi
3051 2363 3146 2420 lex
3177 2362 3366 2433 datur,
3405 2362 3486 2420 ibi
3518 2361 3755 2419 tentatio
3807 2376 3929 2417 ma-

2221 2453 2366 2525 ligni
2407 2451 2644 2526 spiritus
2680 2451 2991 2525 aliquando
3023 2450 3354 2525 pestilenter
3383 2450 3688 2508 oboritur?
3738 2447 3814 2506 Ut
3857 2448 3928 2505 ad

2222 2541 2550 2599 violandam
2591 2541 2726 2598 recti
2763 2539 2970 2614 judicii
3005 2539 3260 2612 regulam
3313 2537 3480 2596 modo
3508 2553 3636 2610 spes
3670 2542 3933 2612 quastus

2221 2631 2477 2704 obrepat,
2519 2631 2686 2688 modo
2735 2630 2982 2702 rigorem
3028 2629 3270 2702 justitiaa
3308 2629 3455 2700 laus,
3507 2629 3600 2686 vel
3651 2628 3933 2685 humanae

2220 2721 2421 2792 gratias
2459 2719 2618 2777 favor
2663 2718 2938 2787 emolliat,
2989 2718 3157 2776 modo
3200 2717 3272 2775 ad
3312 2716 3634 2775 nocendum
3666 2717 3794 2786 irze,
3845 2715 3933 2773 vel

2221 2811 2339 2868 odii
2371 2811 2519 2868 livor
2560 2808 2836 2882 impellat,
2869 2807 3038 2864 modo
3077 2812 3267 2864 metus
3295 2823 3329 2863 a
3369 2807 3619 2865 libertate
3654 2813 3810 2863 recte
3835 2807 3934 2879 ju-

2223 2898 2455 2956 dicandi
2498 2912 2594 2955 cor
2630 2895 2921 2970 reprimat,
2967 2895 3135 2953 modo
3181 2895 3490 2953 crudelitas
3525 2894 3722 2967 dignm
3755 2894 3933 2952 ultio-

2224 2989 2314 3046 nis
2343 3001 2678 3045 meusuram
2707 2985 2964 3042 excedat.

437 3071 571 3163 rura
623 3057 971 3131 relinquere,
1021 3060 1132 3118 nisi
1180 3062 1430 3119 cervices
1475 3060 1980 3160 hostiumbellica
2023 3063 2203 3163 fer-C
2297 3079 2436 3136 Εςορ
2475 3076 2633 3134 locus
2674 3077 2826 3150 apud
2864 3091 2956 3132 me
3005 3081 3110 3143 cst,
3145 3083 3198 3132 et
3239 3074 3415 3132 stabis
3463 3090 3637 3146 super
3687 3080 3936 3146 petram,

436 3148 700 3207 buissent
728 3157 914 3222 strage
940 3157 1262 3224 percutere,
1303 3159 1370 3209 ut
1405 3159 1611 3208 terram
1645 3152 1919 3224 optimam
1949 3153 2135 3226 quiete

2229 3174 2279 3225 et
2315 3174 2453 3225 tunc
2486 3148 2726 3224 videbis
2752 3165 3068 3238 posteriora
3100 3179 3245 3221 mea.
3293 3163 3435 3232 Quis
3464 3171 3656 3221 autem
3700 3163 3808 3222 iste
3853 3163 3937 3223 lo-

438 3238 800 3312 postmodum
868 3247 1096 3312 possent
1149 3242 1264 3300 otio
1302 3241 1640 3315 possidere?
1680 3238 1825 3296 398
1879 3242 1988 3312 Qui
2044 3243 2144 3301 de-

441 3325 618 3400 nique
653 3327 942 3400 profectus
973 3337 1138 3400 esset,
1169 3330 1217 3388 si
1261 3330 1577 3389 Pharaonis
1605 3331 1812 3405 jugum
1835 3379 1850 3401 ,
1891 3332 2002 3391 sub
2032 3349 2146 3406 quo

443 3415 929 3489 qualitercunque
985 3419 1182 3477 vivere
1243 3420 1622 3490 sinebantur,
1673 3422 2041 3494 effugerent,
2099 3423 2147 3479 si

438 3503 900 3565 Chananaeorum
944 3524 1109 3568 enses
1147 3510 1206 3566 in
1254 3510 1513 3583 proprios
1547 3511 1782 3585 jugulos
1823 3528 1923 3586 per
1965 3520 2148 3584 torpo-

440 3594 522 3652 ris
551 3593 1278 3670 incuriamprovocarent?

518 3682 901 3743 Excutiamus
945 3703 1099 3759 ergo,
1149 3689 1351 3746 fratres
1398 3689 1744 3760 charissimi,
1804 3692 2143 3764 degenerem

447 3771 719 3831 marcidaa
746 3773 1140 3833 dissolutionis
1163 3775 1451 3846 inertiam,
1482 3780 1580 3852 qui
1614 3795 1715 3853 per
1748 3779 2144 3838 fortitudinem

437 3866 672 3921 strenue
721 3862 1034 3923 dimicandi
1091 3867 1394 3938 pervenire
1435 3867 1707 3927 volumus
1744 3869 1814 3927 ad
1853 3886 2145 3928 coronam.

2227 3271 2354 3324 cus,
2385 3255 2484 3314 ubi
2519 3255 2711 3313 statim
2751 3269 2924 3327 super
2971 3254 3186 3326 [supra]
3233 3259 3447 3324 petram
3486 3251 3774 3311 Dominus
3809 3267 3935 3310 cer-

2231 3343 2410 3406 nitur,
2447 3341 2559 3400 nisi
2607 3347 2800 3399 sancta
2832 3339 3179 3413 intelligitur
3216 3339 3485 3410 Ecclesia,
3530 3339 3630 3397 ubi
3661 3338 3805 3397 dum
3837 3355 3938 3414 pe-

2233 3438 2334 3488 me
2370 3431 2503 3490 fidei
2542 3437 2868 3488 constanter
2911 3428 3204 3497 innititur,
3255 3427 3425 3486 simul
3476 3443 3608 3486 cum
3667 3427 3944 3500 Apostolo

2233 3519 2467 3578 Domini
2507 3518 2748 3592 gloriam
2791 3519 3199 3592 speculamur?
3226 3517 3365 3576 Haec
3407 3516 3567 3575 enim
3595 3524 3682 3574 est
3717 3516 3791 3574 de
3826 3532 3946 3590 qua

2230 3610 2446 3668 dicitur
2485 3634 2497 3666 :
2543 3635 2568 3657 ‹‹
2608 3608 2794 3682 Super
2835 3611 2980 3667 hanc
3027 3616 3246 3683 petram
3291 3609 3587 3667 aedificabo
3627 3607 3945 3666 Ecclesiam

2230 3711 2419 3754 meam
2451 3697 2666 3766 (Matth.
2703 3700 2849 3769 XVI).
2892 3719 2914 3746 ι

2305 3786 2482 3844 Terra
2533 3801 2718 3860 usque
2771 3785 2840 3843 ad
2903 3784 3176 3843 fenestras
3207 3831 3222 3855 ,
3284 3793 3339 3842 et
3402 3786 3672 3843 fenestrae
3729 3784 3948 3842 clausas

2233 3879 2448 3947 (Ezech.
2497 3881 2642 3944 XLI).
2688 3875 2785 3932 Ait
2827 3873 3137 3948 Apostolus
3187 3893 3199 3932 :
3247 3897 3268 3926 ι
3301 3873 3611 3948 Templum
3659 3871 3762 3931 Dei
3805 3887 3942 3930 san-

446 3951 634 4011 Parati
684 3954 868 4013 simus
918 3971 1144 4029 semper
1181 3955 1468 4015 irruentes
1506 3958 1779 4017 vitiorum
1817 3975 2052 4029 cuneos,
2085 3976 2152 4018 ac
2231 3974 2390 4025 ctum
2431 3973 2534 4035 est,
2566 3967 2720 4041 quod
2751 3966 2888 4024 estis
2917 3981 3021 4023 vos
3061 3969 3110 4033 (Ι
3147 3968 3265 4024 Cor.
3309 3971 3417 4033 ιιι).
3462 3988 3482 4016 ι
3522 3962 3719 4038 Hujus
3748 3970 3944 4021 autem

447 4043 757 4102 frementes
788 4043 998 4103 bestias
1039 4044 1108 4102 de
1139 4061 1277 4120 agro
1321 4048 1500 4106 nostri
1538 4049 1726 4107 cordis
1754 4048 1978 4122 ejicere,
2011 4049 2150 4107 nul-
2238 4055 2430 4129 templi
2484 4059 2753 4114 fenestrae
2793 4055 3113 4114 sacerdotes
3145 4052 3289 4110 399
3328 4063 3482 4126 sunt,
3523 4055 3623 4128 qui
3678 4052 3944 4112 fidelium

447 4132 690 4207 lumque
717 4132 800 4191 eis
829 4133 889 4192 in
924 4149 988 4192 ea
1015 4151 1152 4210 quae
1182 4137 1356 4193 nostri
1381 4137 1535 4209 juris
1563 4144 1720 4206 sunt,
1750 4138 2155 4210 permittamus
2237 4145 2450 4220 populo
2492 4146 2690 4204 lumen
2723 4151 2937 4203 sanctae
2967 4143 3395 4219 praedicationis
3436 4143 3782 4202 infundunt.
3831 4141 3944 4202 Sed

451 4221 978 4310 ιοευωγβεξτγεΐεω
1022 4224 1413 4284 damnalionis
1459 4225 1690 4285 habere.
1741 4225 1868 4284 Non
1921 4226 2154 4286 Videant
2234 4251 2367 4294 cum
2411 4241 2558 4292 terra
2601 4251 2785 4310 usque
2828 4234 2899 4292 ad
2941 4235 3218 4293 fenestras
3264 4235 3577 4308 aggeritur,
3607 4233 3820 4292 clausis
3860 4233 3946 4292 fe-

454 4323 561 4366 nos
592 4308 815 4367 ίυίῑιιίεί
857 4312 1058 4384 Ποδῐτίς
1102 4315 1255 4386 αυοά
1299 4314 1470 4383 abs“.
1511 4313 1798 4372 enel‘Vitel‘
1829 4314 2049 4384 cedere.
2081 4331 2153 4374 ne
2236 4324 2444 4383 nestris
2479 4308 2752 4396 templum
2794 4325 3072 4382 continuo
3101 4323 3450 4381 tenebratur.
3488 4323 3558 4380 Et
3587 4337 3717 4381 eum
3763 4329 3945 4379 terre-

451 4412 588 4455 mox
619 4397 850 4457 sibimet
875 4401 1303 4474 applaudentes,
1335 4402 1404 4460 de
1451 4403 1660 4460 nostris
1706 4403 1929 4460 valeant
1964 4419 2209 4482 reces-h
2236 4425 2310 4466 na
2362 4409 2588 4482 negotia
2639 4408 2958 4466 sacerdotes
3032 4408 3381 4482 implicant,
3443 4407 3609 4482 quasi
3676 4407 3947 4465 fenestrae

450 4487 612 4546 sibus
664 4488 976 4548 exsultare.
1035 4491 1326 4551 Invictum
1377 4507 1629 4566 namque
1674 4492 1901 4552 militiae
1944 4465 2212 4554 nostraeD
2236 4465 2469 4557 claust
2493 4497 2799 4571 templum,
2854 4495 3004 4570 quod
3059 4465 3269 4554 amittit
3311 4465 3530 4565 lumen,
3581 4493 3944 4553 obscuratur.

450 4577 659 4637 ducem
690 4579 989 4652 habemus,
1034 4584 1132 4642 cui
1165 4582 1509 4642 fiducialiter
1541 4583 1790 4644 dicimus
1823 4604 1836 4642 :
1875 4610 1900 4636 α
1926 4585 2150 4659 Judica,
2239 4587 2354 4648 Nos
2391 4603 2527 4660 ergo
2568 4603 2796 4645 necesse
2832 4594 2934 4653 est,
2982 4591 3266 4659 quantum
3311 4600 3641 4659 possumus,
3680 4584 3752 4642 ab
3802 4583 3948 4642 acti-

452 4666 717 4739 Domine,
763 4677 1036 4729 nocentes
1090 4689 1203 4736 me,
1253 4688 1522 4746 expugna
1572 4674 1980 4748 impugnantes
2037 4693 2151 4750 me,

449 4758 813 4830 apprehende
855 4775 1018 4819 arma
1062 4768 1118 4819 et
1164 4769 1415 4833 scutum,
1449 4770 1503 4821 et
1539 4779 1790 4838 exsurge
1830 4767 1887 4824 in
1927 4767 2153 4842 adjuto-

455 4845 610 4905 rium
653 4848 799 4906 mihi
833 4853 1003 4917 (Psal.
1038 4857 1146 4914 IX).
1178 4871 1206 4904 ν
1249 4849 1410 4909 Felix
1449 4852 1719 4926 spiritalis
1762 4854 1862 4912 ille
1889 4855 2148 4928 bellator,

452 4933 554 5007 qui
591 4934 763 4995 talem
791 4938 1058 5012 sequitur
1094 4938 1156 4996 in
1194 4938 1396 5013 praalio
1425 4940 1652 5012 ducem,
1694 4943 1796 5017 qui
1827 4944 1998 5004 talem
2028 4961 2151 5004 uie-

450 5031 610 5083 retur
665 5024 876 5085 habere
935 5043 1059 5087 suae
1114 5030 1545 5103 congressionis
1585 5038 1898 5106 auctorem,
1949 5036 2048 5110 qui
2099 5043 2155 5092 et

2239 4675 2348 4734 bus
2395 4690 2596 4732 vacare
2641 4674 2919 4744 terrenis;
2979 4679 3042 4731 ut
3083 4673 3259 4732 sacris
3301 4673 3519 4747 jugiter
3562 4669 3948 4743 invigilemus

2239 4764 2511 4839 eloquiis.
2551 4762 2715 4823 Sicut
2742 4777 2947 4835 sponsa
2978 4761 3118 4820 dicit
3150 4764 3209 4821 in
3242 4761 3493 4821 Canticis
3521 4779 3534 4818 :
3587 4780 3614 4812 α
3647 4759 3810 4817 Oculi
3857 4762 3947 4818 tui

2239 4854 2387 4912 sicut
2414 4852 2704 4912 columbae
2739 4867 2911 4925 super
2950 4852 3104 4910 rivos
3136 4865 3442 4926 aquarum,
3472 4864 3605 4923 quae
3639 4847 3783 4907 lacte
3811 4854 3949 4907 sunt

2237 4942 2388 5013 lotae,
2417 4949 2472 5001 et
2501 4941 2753 5001 resident
2785 4942 2955 5016 juxta
2982 4941 3198 4999 ﬂuenta
3223 4937 3564 5013 plenissima
3595 4937 3768 5008 (Cant.
3807 4939 3882 5008 ν).
3925 4963 3944 4986 ι
