4118 6452
155 249 270 310 925

1567 258 1748 318 VITA
1791 259 1847 319 S.
1890 258 2259 320 ODILONIS.

3556 265 3663 325 926

156 421 3648 452 m

734 437 3648 452 ,,‘_____________________________

977 594 1118 740 S.
1260 597 1854 745 PETRI

1993 600 2858 748 DAMIANI

1522 845 1581 907 S.
1621 847 1692 906 Β.
1737 847 1803 904 Ε.
1845 846 2304 907 CARDINALIS

247 1007 3564 1297 SANCTORUPl—HISTOBUE.

1185 1423 1466 1537 VITA
1550 1423 1976 1538 SANGTI
2061 1425 2638 1584 QDILONIS

679 1635 958 1683 ABBATIS
999 1636 1482 1688 CLUNIACENSIS
1527 1640 1612 1686 ET
1654 1639 2120 1700 GONFESSORIS,
2169 1639 2439 1688 0RDINIS
2487 1641 2720 1689 SANCTI
2763 1642 3142 1692 BENEDICTI.

1529 1775 1663 1854 (An.
1697 1759 1835 1839 Chr.
1874 1777 2046 1852 1049,
2083 1778 2106 1840 1
2144 1777 2306 1857 Jan.)

1155 1916 1319 1981 Cum
1355 1920 1525 1981 notis
1557 1920 1836 1982 Andreae
1875 1919 2212 1984 Duchesm‘i
2240 1929 2300 1983 et
2327 1921 2683 2001 Anonymi.

239 2253 389 2312 400
417 2246 649 2306 Ps'mus
662 2245 926 2304 DAMIANI
951 2247 1163 2305 sanctis
1194 2247 1466 2306 Ecclesiis
1495 2263 1629 2322 quae
1653 2255 1787 2308 sunt
1811 2250 1874 2308 in
1892 2255 1943 2313 A
1961 2254 2184 2309 ctorum
2212 2250 2331 2309 vita
2373 2249 2623 2309 ﬁdeliter
2649 2256 2908 2309 enarrata
2933 2251 3015 2310 sic
3044 2252 3258 2323 rutilat,
3299 2259 3366 2312 ut
3391 2255 3664 2334 splendof

160 2336 624 2396 Occidentalibus
679 2334 1000 2395 Galliarum
1054 2337 1314 2410 partibus
1365 2338 1736 2409 constitutae,
1792 2355 1878 2397 sa-

161 2427 346 2485 lutem
377 2442 512 2501 qum
539 2427 708 2485 estin
737 2425 966 2486 Christo
993 2426 1153 2486 Jesu.

234 2514 390 2582 (122)
413 2513 582 2587 Hugo
608 2513 1006 2573 Cluniacensis
1034 2516 1367 2573 monasterii
1399 2519 1600 2585 rector,
1619 2523 1672 2572 et
1701 2515 1873 2589 spiri-

165 2605 341 2663 tualis
364 2604 592 2662 militia;
620 2604 742 2662 dux
771 2619 838 2662 ac
863 2604 1194 2678 praecipuus
1215 2605 1570 2672 informator,
1591 2605 1700 2663 hoc
1729 2605 1873 2663 mihi

163 2695 376 2754 laboris
412 2694 697 2767 injunxit,
746 2700 811 2752 ut
859 2695 1049 2754 Vitam
1108 2695 1173 2754 B.
1229 2694 1512 2767 Odilonis,
1561 2693 1875 2754 decessoris

165 2783 435 2842 videlicet
464 2784 587 2850 sui,
618 2783 848 2856 pr0prie
886 2783 1036 2858 stle
1077 2784 1363 2844 succincte
1408 2784 1871 2859 perstringerem,

164 2879 220 2930 et
264 2887 339 2930 ex
387 2871 480 2930 his
512 2887 649 2945 quae
685 2871 747 2928 in
785 2872 1120 2931 auctoribus
1162 2873 1388 2945 paginis
1422 2873 1595 2932 latius
1636 2873 1875 2946 reperie-

164 2959 379 3018 bantur
406 2975 532 3018 esse
568 2959 800 3030 diﬂ‘usa,
840 2960 1073 3019 utiliora
1130 2977 1384 3036 quaeque
1419 2962 1722 3035 magisque
1768 2978 1871 3020 ne-

163 3047 411 3107 cessaria
469 3047 629 3105 brevi
685 3048 1028 3121 compendio
1091 3048 1452 3107 deﬂorarem.
1530 3049 1711 3123 Cujus
1769 3067 1874 3124 ego

163 3137 499 3208 compulsus
532 3137 796 3209 imperio,
833 3153 946 3195 non
979 3143 1343 3195 venustatem
1382 3137 1660 3198 luculenti
1689 3156 1873 3199 aucu-

163 3226 342 3299 pabor
387 3224 623 3300 eloquii,
673 3223 772 3283 sed
816 3225 968 3282 sicut
1005 3241 1080 3283 ex
1118 3225 1326 3284 oblatis
1367 3227 1628 3299 apicibus
1669 3228 1874 3301 depre-

165 3313 420 3372 hendere
451 3319 670 3386 potero,
716 3327 849 3370 cum
887 3312 988 3370 Dei
1029 3313 1442 3384 omnipotentis
1479 3315 1703 3374 auxilio
1751 3333 1874 3375 me-

165 3416 246 3460 rae
289 3401 516 3461 veritati
559 3401 849 3459 deservire
911 3402 1162 3460 tentabo.
1223 3401 1600 3475 Superﬂuum
1659 3405 1874 3478 quippe

163 3497 250 3549 est
304 3490 600 3549 lucernam
661 3488 936 3547 manibus
987 3489 1279 3557 adhibere,
1335 3489 1475 3547 dum
1533 3490 1873 3551 micantium

1959 2353 2080 2397 rem
2111 2337 2363 2397 accurati
2395 2337 2680 2396 sermonis
2707 2338 2778 2395 ad
2820 2337 3161 2397 illustranda
3194 2339 3456 2400 fidelium
3497 2345 3668 2404 corda

1933 2433 2074 2485 'non
2119 2427 2392 2501 requirat.
2424 2426 2552 2485 Huc
2602 2428 2836 2498 accedit,
2863 2428 3000 2502 quia
3054 2431 3346 2490 rusticitas
3382 2435 3667 2493 sermonis

1958 2517 2168 2575 inculti
2221 2517 2612 2591 suspicionem
2678 2533 2926 2590 purgare
2992 2520 3292 2577 consuevit
3360 2523 3663 2583 mendacii.

1958 2605 2104 2662 Nam
2142 2606 2247 2678 qui
2295 2604 2396 2667 vix
2442 2605 2673 2676 sufficit,
2705 2613 2767 2663 ut
2799 2605 3104 2663 elimatum
3137 2607 3339 2666 saltem
3367 2610 3667 2683 depromat

1956 2694 2252 2766 eloquium
2289 2741 2302 2763 ,
2337 2694 2628 2769 quomodo
2663 2693 2888 2752 noverit
2920 2693 3197 2752 fabricare
3221 2699 3666 2758 commentum?

1956 2781 2026 2840 Et
2057 2790 2216 2841 certe
2254 2782 2490 2855 majoris
2532 2781 2633 2840 tibi
2676 2782 2914 2840 honoris
2961 2788 3046 2840 est
3092 2789 3155 2842 ut
3195 2800 3298 2842 rex
3362 2785 3423 2843 in
3489 2787 3658 2858 ferro,

1956 2886 2132 2943 quam
2187 2885 2389 2929 servus
2445 2870 2756 2929 attituleris
2808 2870 2870 2928 in
2925 2886 3106 2944 auro;
3159 2879 3214 2931 et
3273 2873 3520 2942 habilior
3579 2882 3664 2935 est

1955 2976 2106 3033 aqua
2144 2960 2448 3034 perspicua
2483 2962 2543 3017 in
2587 2975 2722 3018 vase
2767 2959 2948 3031 ﬁctili,
2997 2977 3173 3035 quam
3217 2962 3521 3036 lutulenta,
3568 2965 3660 3024 vel

1957 3049 2167 3116 lurida,
2239 3065 2415 3124 quam
2477 3065 2593 3108 non
2648 3064 2817 3122 sapor
2865 3048 3168 3124 proprius,
3227 3052 3324 3109 sed
3375 3051 3660 3111 exteriora

1955 3138 2364 3197 commendant
2413 3143 2751 3197 ornamenta
2798 3153 3182 3212 gemmarum.
3227 3138 3324 3198 Sic
3364 3145 3422 3197 et
3466 3140 3672 3199 melior

1957 3238 2042 3288 est
2073 3229 2286 3288 veritas
2318 3227 2377 3285 in
2421 3228 2787 3302 simplicibus
2825 3228 3036 3298 verbis,
3084 3244 3260 3302 quam
3303 3230 3377 3288 sit
3423 3231 3654 3290 menda-

1958 3319 2117 3375 cium
2171 3318 2232 3374 in
2289 3317 2616 3374 elucubrati
2674 3322 2975 3375 venustate
3026 3317 3332 3376 sermonis.
3393 3317 3503 3378 Sed
3545 3320 3667 3394 jam

1958 3422 2047 3464 res
2087 3407 2209 3478 ipsa
2254 3407 2607 3479 producatur
2660 3405 2722 3462 in
2781 3404 3059 3475 medium,
3111 3412 3166 3463 et
3213 3405 3374 3464 illius
3417 3423 3669 3469 summae

1958 3494 2218 3552 veritatis
2266 3494 2567 3552 auxilium
2624 3492 3003 3566 imploremus
3034 3536 3048 3564 ,
3104 3510 3218 3567 qua
3267 3495 3666 3558 abbreviatum

164 3579 464 3677 stellarum
523 3578 760 3677 conaris
806 3578 973 3677 signa
1028 3578 1425 3651 distinguere;
1482 3594 1587 3677 ego
1642 3583 2217 3677 quoqueBVerbum
2241 3597 2344 3655 per
2371 3583 2710 3657 prophetam
2733 3583 3668 3661 promittitur(Isa.x);quatenus

164 3669 305 3727 dum
345 3675 505 3726 actus
535 3668 818 3727 mirabilis
855 3668 991 3737 viri,
1035 3675 1304 3743 tanquam
1339 3669 1526 3727 sereni
1574 3670 1876 3742 cujusdam
1897 3668 2018 3729 "in
2051 3673 2226 3745 hujus
2253 3672 2582 3744 scriptionis
2613 3671 2856 3729 articulo
2881 3718 2895 3741 ,
2924 3678 2979 3729 et
3003 3673 3347 3746 competenti
3390 3673 3667 3735 brevitate

165 3766 340 3832 atque
367 3759 651 3833 perlucidi
681 3759 810 3818 caeli
841 3757 1037 3817 stellas
1067 3759 1326 3828 ostendo,
1370 3759 1594 3818 facetiis
1635 3762 1877 3820 urbanae

167 3846 476 3906 facundiae-
509 3863 625 3906 non
683 3846 937 3920 indigeo.
1001 3847 1133 3922 Ipsa
1187 3848 1401 3922 quippe
1468 3864 1568 3922 per
1642 3865 1702 3907 se
1751 3867 1879 3908 san-

1961 3761 2280 3819 succinctos
2305 3805 2320 3828 ,
2351 3766 2402 3816 et
2433 3775 2466 3817 a
2494 3766 2627 3817 nota
2661 3759 2945 3818 mendacii
2977 3776 3082 3818 nos
3120 3760 3391 3820 exhibeat
3425 3763 3665 3823 alienos.

2033 3851 2242 3909 Beatus
2277 3849 2454 3923 igitur
2491 3847 2656 3907 Odilo
2699 3848 2846 3918 (123)
2890 3849 3158 3907 Arveniae
3187 3850 3491 3922 oriundus,
3517 3850 3658 3906 401

1176 3976 1507 4035 ANDREJE
1546 3976 1850 4038 CHESNII
1891 3979 1985 4037 ET
2025 3977 2370 4038 ANONYMI
2411 3974 2650 4036 NOT/E.

229 4073 360 4136 (122)
392 4073 543 4138 Hugo
572 4071 672 4124 fuit
716 4071 880 4125 abbas
918 4072 1288 4126 Cluniacensis
1325 4078 1536 4132 sextus,
1580 4077 1863 4128 sanctitate
1952 4078 2064 4136 235,
2124 4079 2177 4128 et
2235 4075 2326 4126 lib.
2398 4075 2470 4126 De
2519 4071 2872 4138 scriptoribus
2923 4073 3339 4135 ecclesiasticis;
3413 4075 3666 4128 Antonius

164 4157 383 4210 quoque
403 4145 760 4196 clarissimus.

226 4214 364 4279 (123)
406 4216 479 4267 De
543 4215 647 4266 hoc
715 4214 931 4267 Oiilone
989 4218 1185 4278 praeter
1247 4215 1453 4268 Petrum
1534 4217 1862 4280 Damianum,

165 4291 220 4339 et
295 4286 735 4338 Silviniacensem
821 4289 1140 4338 monachum
1216 4299 1568 4349 anonymum,
1626 4289 1717 4353 qui
1781 4290 1868 4340 Vi-

163 4361 274 4410 tam
323 4359 445 4421 ejus
510 4361 564 4409 et
631 4357 892 4411 miracula
947 4357 1166 4421 scriptis
1227 4359 1641 4420 consignavere.
1716 4373 1866 4412 meno

167 4430 368 4481 tionem
447 4427 651 4480 faciunt
743 4428 917 4478 adhuc
998 4427 1385 4479 Chartularium
1483 4430 1529 4479 S.
1618 4429 1869 4482 Honorati

167 4499 476 4552 Lerinensis
554 4499 785 4559 insulae;
850 4498 1040 4551 Glaber
1106 4497 1439 4562 itodulphus,
1509 4500 1596 4550 lib.
1673 4500 1866 4552 Histor.

167 4583 324 4633 capp.
357 4571 386 4620 5
417 4574 469 4620 et
503 4571 564 4632 8;
601 4571 696 4622 lib.
733 4582 817 4632 ut,
861 4583 978 4634 cap.
1027 4571 1076 4632 3,
1117 4577 1168 4622 et
1208 4569 1297 4620 lib.
1349 4583 1401 4632 ν,
1449 4583 1603 4635 capp.
1649 4573 1669 4623 ι
1721 4577 1773 4623 et
1805 4574 1869 4628 4:

171 4643 469 4693 Ademarus
540 4641 902 4694 Chahanensis
954 4643 1011 4693 in
1072 4642 1304 4694 Historia
1351 4644 1681 4708 Aquitaniae;
1739 4655 1876 4695 con-

166 4712 350 4765 cilium
410 4711 792 4766 Lemoviceuse
871 4726 1008 4766 sess.
1067 4715 1130 4773 3;
1190 4713 1486 4766 Chronicon
1548 4715 1876 4766 Cassinense

168 4796 292 4848 cap.
347 4784 454 4846 58;.
495 4782 778 4836 Fulbertus
821 4785 1159 4844 Carnqtensis
1215 4787 1524 4850 episcopus,
1589 4787 1746 4850 epist.
1794 4787 1872 4837 3i.

169 4861 225 4907 et
270 4855 364 4917 66;
410 4857 696 4908 concilium
746 4855 1098 4910 Cabilonense
1140 4858 1473 4919 provinciale
1518 4861 1578 4921 8;
1610 4859 1876 4911 Herman-

1959 4147 2402 4209 archiepiscopus
2479 4145 2811 4196 Florentinus
2886 4145 2940 4196 in
3016 4145 3328 4206 Chronicis,
3397 4145 3666 4211 Philippus

1959 4219 2249 4280 Bergomas
2311 4217 2362 4266 in
2419 4215 2818 4280 Supplementa,
2875 4215 3254 4267 Volaterranus
3319 4217 3375 4268 in
3445 4217 3668 4271 Anthro-

1957 4290 2192 4354 pologia.
2256 4289 2553 4339 Chronicon
2603 4299 2785 4338 rerum
2841 4287 3298 4349 Burgundionum,
3350 4287 3666 4341 Guillelmus

1965 4361 2256 4413 Paradinus
2296 4362 2351 4410 in
2386 4359 2626 4410 Annalib.
2683 4355 3016 4423 Burgundiai,
3069 4359 3248 4411 Petrus
3297 4360 3668 4413 Saniulianus

1961 4434 2016 4483 in
2073 4432 2239 4496 antiq.
2284 4431 2504 4491 Matisc.,
2549 4439 2603 4481 et
2643 4430 2802 4481 Gabii.
2849 4429 3142 4482 Riccardus
3205 4430 3668 4494 Wasseburgensis

1965 4504 2018 4554 in
2071 4502 2297 4554 historia
2359 4501 2534 4552 Galliae
2598 4501 2843 4564 Belgicae,
2899 4502 3071 4553 Caesar
3129 4501 3389 4554 Baronius
3442 4501 3498 4552 in
3565 4505 3666 4554 An.

1966 4573 2152 4632 nalib.,
2203 4577 2256 4625 et
2306 4573 2373 4624 ad
2426 4571 2698 4633 Martyrol.
2763 4571 3003 4629 Roman;
3063 4572 3314 4623 Altonsus
3374 4572 3665 4636 episcopus

1965 4645 2226 4697 Athiensis
2277 4645 2332 4694 in
2386 4643 2477 4693 lib.
2529 4642 2601 4694 De
2648 4655 2819 4707 regno
2886 4643 3202 4706 Burgundim
3269 4643 3662 4706 Transjuranae,

1967 4715 2236 4778 Chapinns
2299 4715 2357 4765 in
2421 4713 2730 4776 Monastico,
2811 4719 2866 4766 et
2912 4713 3003 4765 alii
3067 4717 3174 4764 tam
3233 4720 3447 4765 veteres
3505 4725 3666 4778 quam

1967 4785 2231 4838 moderni.
2282 4783 2480 4842 Qublus
2523 4783 2805 4837 addendus
2863 4787 3022 4836 etiam
3065 4783 3300 4835 Joannes
3357 4784 3666 4837 Parisiensis

1968 4858 2023 4909 in
2090 4855 2384 4909 Memoriali
2437 4855 2810 4916 Historiarum,
2881 4855 2971 4905 ubi
3047 4855 3125 4905 sic
3189 4856 3462 4907 aitzPost
3535 4853 3662 4906 bea-

170 4895 228 4979 ἶιῖ
271 4895 1472 4984 enixa?23;“angariant;sum"
1503 4895 1707 4981 ἔτιήἒῖιῖἱ
1720 4895 1872 4992 Ἥξιὲς
1898 4895 1941 4954 ο
1969 4895 2400 4982 ὶῗιηίἺιῖἇέὁέτίἐὶι
2437 4895 2810 4991 ’ἱαῖἴιῖῘᾎἸςΓ
2824 4895 2974 4977 critic}
3029 4895 3261 4990 gara;
3293 4895 3482 4978 ἀἰρῐῷ
3535 4895 3662 4979 "ci;-

173 4999 361 5048 Petrus
425 4997 712 5061 Blesensis,
785 5003 940 5062 epist.
1023 4997 1142 5055 t33;
1215 4998 1354 5050 liber
1422 5000 1876 5053 Consuetudinum

170 5068 404 5123 canobii
487 5069 891 5130 Cluniacensis;
959 5068 1266 5121 Fasciculus
1341 5073 1684 5135 temporum;
1748 5072 1872 5124 Vin-

170 5140 383 5192 centius
437 5139 848 5200 Bellovscensis,
905 5141 994 5193 lib.
1048 5152 1186 5193 xxv:
1226 5139 1459 5204 Speculi,
1509 5153 1626 5206 cap.
1685 5142 1773 5195 102
1821 5146 1874 5196 et

172 5212 563 5276 sequentibus;
639 5213 936 5265 Chronicon
1059 5212 1479 5273 Lemovicense;
1563 5213 1874 5267 Bernardus

170 5281 454 5343 Guidonis;
561 5283 860 5336 Chronicon
958 5285 1006 5334 s.
1129 5282 1265 5335 Petri
1379 5284 1528 5346 Vivi,
1633 5285 1868 5349 Platina,

165 5353 468 5406 Chronicon
549 5353 968 5414 Chronicorum,
1049 5353 1316 5416 Lupoldus
1384 5353 1874 5421 Bebemburgensis

169 5425 263 5478 lib.
325 5425 396 5478 De
456 5428 705 5478 veterum
755 5426 1062 5492 principum
1111 5425 1494 5479 Germanorum
1540 5426 1649 5479 ﬁde
1688 5431 1742 5479 et
1790 5440 1874 5481 re-

171 5497 394 5560 ligione,
447 5508 564 5563 cap.
637 5499 730 5558 13;
795 5497 1120 5552 Trithemius
1160 5497 1255 5551 lib.
1309 5511 1370 5558 ιι,
1424 5497 1496 5551 De
1559 5498 1692 5551 viris
1747 5498 1874 5553 iliu-

176 5567 383 5621 stribus
445 5569 658 5622 ordinis
708 5569 758 5620 8.
804 5568 1077 5624 Benedicti
1136 5579 1251 5636 cap.
1306 5570 1385 5632 75,
1436 5570 1525 5623 lib.
1603 5581 1688 5634 in,
1757 5583 1876 5637 cap.

1059 5212 1442 5265 Lemovicense
1465 5229 1479 5273 ;

1129 5282 1265 5335 Petri
1379 5284 1487 5335 Vivi
1513 5321 1528 5346 ,

1967 4999 2255 5052 niacensis.
2343 4999 2440 5050 Hic
2523 4999 2587 5048 de
2657 4996 2938 5057 Alvernia,
3015 5009 3081 5048 ea;
3156 4998 3393 5062 equestri
3477 5009 3667 5061 genere

1968 5069 2231 5124 oriundus
2288 5069 2418 5134 fuit,
2471 5072 2520 5122 et
2567 5066 2664 5119 sub
2694 5065 2748 5118 S.
2785 5064 2977 5118 Maioto
3004 5066 3186 5133 factus
3214 5067 3508 5121 monachus
3537 5065 3660 5120 Utu-

1964 5143 2250 5201 niacensis,
2320 5140 2414 5193 ubi
2494 5140 2624 5190 dum
2673 5137 2737 5189 in
2801 5137 2994 5203 quiete,
3054 5139 3404 5202 simplicitate
3454 5143 3502 5192 ct
3551 5137 3660 5190 hu-

1963 5213 2212 5273 militate,
2264 5215 2314 5264 et
2373 5216 2565 5263 sancta
2619 5209 3024 5263 conversatione
3071 5209 3392 5274 persisteret,
3441 5214 3492 5262 et
3535 5212 3662 5276 jam

1963 5282 2306 5350 perfectionis
2382 5293 2640 5334 normam
2687 5281 3000 5345 attingeret,
3055 5281 3146 5333 vis;
3203 5280 3366 5332 annis
3427 5286 3667 5347 quatuor

1966 5355 2209 5415 evolutis,
2273 5353 2330 5406 S.
2397 5352 2623 5406 Maiolus
2704 5353 2768 5404 in
2847 5354 3072 5405 Domino
3134 5351 3444 5417 requievit;
3511 5350 3664 5405 beato

1966 5431 2095 5482 tunc
2155 5424 2374 5478 Oditonc
2436 5423 2874 5477 concurrentibus
2941 5423 3005 5477 in
3062 5438 3122 5476 eo
3204 5423 3339 5476 cotis
3413 5421 3661 5474 omnium

1967 5501 2210 5564 fratrum
2269 5495 2369 5549 sibi
2440 5495 2728 5550 substituto
2781 5496 2844 5548 in
2897 5508 3032 5550 cura
3087 5493 3365 5560 pastorali.
3435 5493 3668 5558 Prasfuit

1972 5571 2145 5635 igitur
2195 5568 2256 5623 56
2310 5567 2488 5635 annis,
2561 5566 2679 5621 nec'
2712 5567 2899 5635 aliqua
2969 5568 3054 5621 die
3113 5579 3149 5620 a
3207 5564 3379 5620 missa
3446 5564 3670 5620 celebra-
