4118 6446
446 218 555 281 927

918 217 977 277 S.
1021 216 1248 278 PETRI
1283 219 1605 278 DAMIANI
1646 218 1804 278 OPP.
1844 217 2038 279 PARS
2077 216 2215 277 SEU
2256 216 2506 279 TOMUS
2545 215 2620 275 II.
2664 247 2726 260 —
2774 213 3227 276 SANCTORUM
3266 216 3488 278 VITIE.

3854 219 3969 279 928

458 362 535 406 ex
583 345 837 420 equestri
883 345 1123 419 quidem
1160 345 1363 406 ordine
1403 362 1590 424 genus
1639 347 1781 420 (124)
1826 346 2017 415 duxit,
2056 344 2224 408 sedA
2322 351 2468 410 402
2523 344 2637 414 Qui
2687 349 2965 418 praeterea
3009 342 3153 402 dum
3217 344 3291 403 ad
3356 345 3791 417 grandiuscula;
3838 346 3965 419 jam

454 440 704 494 terrenas
760 435 1049 509 prosapiae
1104 435 1319 495 lineam
1382 434 1633 496 caelestis
1684 435 1822 494 vitae
1869 434 2166 494 nobilitate

460 523 831 583 transcendit.
873 523 984 582 Hic
1011 524 1152 583 dum
1188 525 1378 585 adhuc
1406 525 1616 601 puerili
1646 530 1934 585 teneretur
1970 524 2164 583 infan-

457 613 557 682 tia,
589 617 746 670 tanto
777 619 1011 686 repente
1047 618 1131 671 est
1158 614 1425 673 omnium
1462 614 1579 672 fere
1615 614 2008 672 membrorum
2038 613 2164 671 lan-

455 716 634 776 guore
701 701 1043 760 constrictus
1077 747 1090 773 ,
1144 709 1208 761 ut
1264 702 1572 762 incedendi
1641 717 1871 776 quoque
1927 716 2165 775 prorsus

454 788 741 847 amitteret
796 789 1144 848 facultatem.
1201 791 1437 851 Accedit
1504 791 1744 865 [accidit]
1816 796 2013 849 autem
2064 788 2167 848 ali-

456 875 709 951 quando,
746 883 811 935 ut
835 878 1039 936 nutrix
1068 893 1207 937 eum
1234 885 1368 938 ante
1402 879 1641 951 ianuam
1672 878 1978 950 cujusdam
2007 877 2162 937 basi-

456 962 792 1038 licamque
848 965 913 1027 in
963 966 1245 1029 honorem
1295 968 1487 1028 beata
1526 968 1631 1037 Dei
1680 966 1994 1031 Gnitricis
2045 973 2166 1024 erat

456 1051 723 1135 dedicata
764 1052 1153 1130 relinqueret;
1200 1060 1262 1114 et
1304 1054 1429 1130 ipsa
1468 1054 1696 1115 intenta
1733 1055 1856 1114 suis
1904 1042 2167 1128 compen-

455 1138 570 1199 diis
617 1148 719 1214 per
756 1140 986 1201 diversa
1013 1145 1214 1216 procul
1260 1145 1465 1204 abiret.
1520 1145 1670 1204 Puer
1709 1145 1904 1218 itaque
1937 1159 1996 1200 se
2026 1146 2165 1201 con-'-

453 1229 702 1304 spieiens
721 1230 851 1288 sine
876 1230 1111 1290 custode
1139 1231 1427 1301 relictum,
1456 1248 1523 1291 ac
1552 1232 1813 1291 nutritiaa
1840 1231 2165 1290 sedulitatis

455 1317 780 1377 ministerio
829 1318 1206 1391 destitutum,
1257 1319 1459 1379 divino
1521 1321 1767 1396 quodam
1827 1325 2167 1395 provocatus

452 1405 753 1479 instinctu,
803 1413 1019 1468 tentare
1053 1410 1223 1483 erepit
1270 1412 1317 1469 si
1364 1411 1563 1469 valvas
1604 1410 1860 1470 ecclesiae
1905 1409 2167 1486 quolibet

453 1495 589 1554 nisu
631 1503 823 1569 posset
879 1499 1180 1572 attingere.
1238 1499 1581 1559 Fluctuabat
1652 1499 1830 1574 igitur
1887 1499 2165 1558 innocens

455 1598 591 1643 reus
632 1583 758 1658 Dei,
801 1593 857 1645 et
907 1586 1019 1646 sub
1064 1588 1266 1648 divino
1311 1590 1551 1649 verbere
1595 1590 1968 1660 constitutus,
2019 1588 2165 1663 quid

2248 435 2433 493 aetatis
2460 433 2809 493 adolesceret
2840 434 3283 506 incrementum,
3315 434 3479 510 prius
3507 435 3663 508 apud
3692 441 3969 494 sanctum

2246 525 2552 584 Julianum
2597 527 2914 597 martyrem
2943 522 3131 581 factus
3157 528 3241 580 est
3281 522 3528 582 clericus
3556 523 3720 596 (125),
3751 523 3970 583 deinde

2248 613 2312 673 B.
2343 614 2537 673 Maioli
2580 612 2929 673 confessoris
2970 612 3184 686 egregii
3215 627 3280 670 se
3321 613 3651 687 magisterio
3703 613 3966 684 tradidit,

2248 709 2304 761 et
2355 704 2414 761 in
2459 703 2831 762 Cluniacensi
2880 701 3226 760 monasterio
3268 700 3531 761 habitum
3570 709 3785 761 sanctas
3834 702 3969 761 reli-

2244 791 2433 864 gionis
2456 791 2695 865 accepit.
2724 790 2835 849 Ubi
2865 789 3006 849 dum
3027 790 3259 863 quietus
3288 797 3343 848 et
3374 790 3623 864 simplex
3653 790 3968 851 humiliter

2246 880 2308 938 in
2355 886 2553 938 sancta
2588 878 2870 953 religione
2918 879 3265 953 persisteret,
3306 886 3365 937 et
3406 881 3473 937 in
3515 879 3638 952 ipso
3684 881 3854 939 rudis
3899 896 3969 940 ac

2249 969 2489 1028 novitiae
2516 967 2975 1027 conversationis
2998 967 3247 1025 exordio
3268 1011 3283 1039 ,
3331 967 3599 1042 qualem
3621 969 3746 1039 jam
3774 969 3846 1029 in
3891 984 3964 1028 eo

2214 1058 2615 1139 lperfectionis
2652 1057 2910 1127 insignia
2956 1055 3358 1129 praelucereut,
3393 1056 3499 1114 vix
3529 1057 3778 1118 evolutis
3814 1072 3968 1132 qua-

2248 1156 2378 1206 tuor
2426 1146 2617 1217 annis,
2649 1146 2714 1205 Β.
2766 1144 3013 1204 Maiolus
3058 1145 3411 1204 obdormivit
3458 1145 3521 1205 in
3563 1146 3834 1218 Domino,
3862 1146 3964 1205 sed

2246 1242 2556 1311 antequam
2604 1233 2985 1293 humanitatis
3030 1233 3289 1293 debitum
3337 1234 3603 1305 solveret,
3652 1235 3968 1309 proximus

2249 1333 2441 1385 tamen
2483 1324 2665 1383 beatae
2708 1323 3076 1383 dormitionis
3104 1323 3389 1383 articulus
3422 1323 3776 1396 immineret,
3822 1324 3966 1383 bea-

2250 1421 2376 1473 tum
2405 1412 2706 1473 Odilonem
2744 1413 2977 1472 sibimet
3003 1412 3067 1470 in
3104 1411 3403 1486 pastoralis
3439 1411 3613 1471 ofﬁcii
3651 1427 3794 1471 cura
3826 1411 3964 1470 sub-

2246 1502 2455 1572 stituit,
2500 1516 2792 1574 suumque
2846 1516 3020 1576 super
3071 1499 3356 1559 Dominici
3408 1499 3600 1574 gregis
3634 1500 3967 1559 custodiam

2244 1589 2531 1650 vicarium
2569 1590 2896 1665 dereliquit.
2940 1590 3010 1648 In
3039 1603 3216 1663 quem
3260 1587 3525 1662 proﬁuus
3553 1589 3822 1647 omnium
3853 1589 3966 1648 ira-

453 1678 648 1743 ageret
676 1674 982 1734 nesciebat.
1016 1675 1322 1748 Innocens,
1355 1679 1616 1755 inquam,
1645 1685 1708 1738 ut
1738 1684 1875 1752 puta
1912 1678 2017 1752 qui
2043 1693 2159 1736 non
2183 1685 2404 1773 Btrum
2441 1687 2573 1738 vota
2609 1685 2985 1751 concurrunt,
3011 1693 3215 1737 omnes
3249 1692 3311 1736 se
3343 1676 3415 1735 ad
3464 1677 3859 1737 obedientiam
3900 1678 3956 1737 ei

449 1770 820 1835 peccaverat;
870 1781 1004 1825 reus
1045 1773 1243 1827 autem
1289 1767 1416 1838 Dei,
1469 1767 1606 1843 quia
1656 1768 1874 1827 caelesti
1922 1766 2511 1829 verbere‘unanimi
2553 1769 2857 1828 devotione
2896 1769 3309 1838 substernunt;
3369 1768 3589 1841 quique
3618 1782 3679 1826 se
3719 1772 3964 1826 eatenus

451 1851 779 1926 vapulabat.
814 1854 1073 1914 Tandem
1108 1871 1314 1930 repens
1354 1863 1408 1916 et
1446 1858 1616 1935 quasi
1649 1858 1901 1931 quodam
1935 1873 1995 1916 se
2036 1873 2161 1916 ma-

2245 1858 2471 1918 orbatos
2520 1873 2815 1917 remanere
2868 1857 3237 1928 deﬂeveraut,
3291 1854 3641 1914 decessionis
3698 1861 3961 1928 paternae

451 1956 643 2002 nuum
673 1944 1003 2018 pwumque
1040 1946 1283 2021 remigio
1328 1946 1578 2006 fulciens
1605 1991 1618 2017 ,
1647 1949 1750 2006 vix
1797 1947 2061 2021 pervenit
2088 1946 2162 2004 ad
2218 1948 2546 2026 Jacturam,
2579 1947 2845 2021 supparis
2886 1945 3085 2005 vicarii
3122 1945 3529 2004 reformatione
3557 1951 3956 2018 compensant.
4016 1966 4019 1969 ·

442 2029 709 2104 januam,
752 2032 1033 2106 paulatim
1085 2050 1418 2108 progressus
1470 2037 1731 2094 intravit.
1781 2035 2025 2110 Jamque
2062 2051 2163 2110 spe

453 2128 747 2196 concepta,
777 2123 1063 2184 valentior
1104 2125 1295 2198 palam
1339 2127 1538 2186 altaris
1582 2127 1845 2200 arripuit,
1880 2133 1937 2186 et
1969 2127 2053 2185 sic
2099 2142 2161 2185 se

451 2211 693 2284 erigere,
734 2211 951 2285 quibus
990 2220 1209 2287 poterat
1254 2216 1576 2284 meatibus,
1616 2218 1806 2290 erepit.
1853 2216 1965 2277 Sed
2018 2219 2159 2277 dum

456 2296 861 2371 intempestive
888 2308 1146 2372 conatur,
1171 2303 1421 2362 necdum
1446 2303 1618 2363 soluti
1646 2305 1943 2379 languoris
1967 2306 2163 2364 adhuc

457 2384 780 2445 uodositate
810 2388 1196 2464 restringitur.
1226 2390 1378 2461 Quid
1423 2394 1630 2466 plura?
1656 2393 1916 2454 Tandem
1941 2394 2163 2453 divinas

458 2472 690 2535 virtutis
718 2476 1009 2536 auxilium
1052 2477 1248 2545 sensit,
1289 2487 1346 2539 et
1379 2482 1540 2540 omni
1584 2481 1862 2556 languore
1904 2483 2162 2557 deposito

455 2559 643 2620 factus
671 2562 1001 2636 incolumis,
1025 2566 1099 2625 ad
1127 2569 1498 2628 referendum
1535 2570 1654 2629 Deo
1681 2572 1893 2645 gratias
1922 2573 2162 2632 intuen-

457 2650 603 2708 tium
647 2652 875 2713 animos
916 2658 1264 2727 provocavit.
1318 2658 1387 2717 Et
1414 2660 1559 2734 quia
1602 2666 1741 2720 tunc
1768 2661 1924 2723 alius
1968 2664 2168 2722 deerat

452 2740 553 2815 qui
581 2755 684 2814 pro
709 2757 772 2802 se
801 2743 1178 2806 intercederet
1205 2791 1221 2820 ,
1254 2756 1488 2809 sanctus
1514 2750 1635 2824 ipse
1666 2795 1680 2823 ,
1711 2758 1776 2810 ut
1813 2752 1891 2810 ita
1939 2753 2161 2826 loquar,

455 2832 520 2892 in
544 2848 607 2891 se
631 2833 865 2909 signum
889 2836 1124 2898 virtutis
1144 2840 1434 2911 exhibuit,
1454 2842 1576 2916 ipse
1604 2858 1709 2916 pro
1735 2858 1796 2902 se
1816 2844 2161 2914 intervenit;

454 2926 512 2979 et
536 2920 607 2978 de
638 2921 761 2994 ipso
801 2923 1081 2985 miraculo
1109 2928 1330 2987 faciens
1361 2931 1709 2990 medicinam
1740 2932 1961 2992 divinae
1989 2948 2162 2992 cura-

2314 2037 2442 2096 Jam
2474 2052 2611 2095 vero
2640 2036 2701 2095 in
2739 2034 3034 2094 commissi
3061 2033 3364 2108 regiminis
3392 2032 3786 2092 sollicitudine
3816 2048 3957 2092 con-

2245 2124 2479 2183 stitutus
2508 2170 2523 2195 ,
2579 2123 2853 2197 plurimis
2899 2131 3112 2181 sanctae
3164 2121 3463 2195 religionis
3522 2123 3696 2194 coepit
3748 2122 3956 2181 ﬂorere

2244 2212 2597 2280 virtutibus;
2627 2212 2909 2272 nimirum
2948 2217 3012 2270 ut
3040 2209 3378 2284 psalmodiaa
3404 2211 3611 2269 studiis
3640 2209 3958 2285 vigilanter

2243 2300 2552 2373 insisteret,
2605 2300 2753 2359 dura
2802 2316 3011 2374 corpus
3053 2300 3251 2358 inedia
3302 2305 3638 2372 maceraret,
3693 2308 3873 2374 atque
3919 2314 3956 2357 a

2245 2391 2422 2449 sacris
2480 2391 2761 2450 altaribus
2810 2406 2931 2450 non
2980 2391 3253 2449 recedens
3281 2433 3295 2462 ,
3363 2389 3777 2464 quotidianum
3832 2391 3959 2448 fere

2244 2479 2627 2552 omnipotenti
2684 2479 2801 2538 Deo
2851 2479 3201 2538 sacriﬁcium
3247 2478 3439 2538 laudis
3492 2478 3740 2537 oﬂ’erret.
3796 2476 3957 2536 Inter

2245 2585 2393 2644 quas
2444 2569 2696 2643 profecto
2749 2570 2861 2643 pias
2912 2570 3235 2630 devotionis
3294 2570 3589 2635 excubias,
3640 2568 3960 2628 uberrimis

2247 2661 2595 2736 plerumque
2641 2661 3035 2734 lacrymarum
3073 2660 3618 2735 compunctionibus
3657 2658 3957 2719 aﬁluebat.

2319 2744 2511 2809 Porro'
2532 2756 2724 2809 autem
2752 2749 3047 2808 Adraldus
3077 2749 3247 2821 (126),
3276 2748 3455 2808 abbas
3478 2747 3811 2807 Bremensis
3844 2762 3961 2807 mo-

2249 2839 2505 2911 nasterii,
2554 2839 2646 2896 vir
2687 2839 2953 2898 videlicet
3003 2838 3308 2912 religiosus
3347 2852 3414 2895 ac
3447 2843 3657 2896 sanctis
3704 2852 3963 2897 conver-

2248 2930 2491 2989 sationis
2547 2929 2843 2988 honestate
2899 2928 3266 3001 conspicuus,
3313 2928 3413 3001 qui
3459 2926 3786 3002 discipulus
3833 2927 3964 3000 ejus

457 3008 637 3069 tionis
685 3011 954 3072 obtinuit.
986 3015 1111 3074 Hoc
1163 3025 1249 3076 est
1294 3020 1454 3078 enim
1509 3024 1828 3095 egregium,
1854 3029 1911 3082 et
1938 3023 2224 3096 insigne“
2251 3019 2567 3090 exstiterat,
2604 3017 2774 3076 nobis
2812 3016 3128 3093 aliquando
3155 3017 3353 3075 retulit
3376 3016 3514 3090 quia
3540 3017 3630 3075 vir
3657 3016 3782 3087 Dei,
3815 3015 3964 3075 dum

461 3100 836 3174 miraculum,
865 3118 1003 3164 cum
1036 3106 1210 3167 homo
1241 3123 1358 3169 non
1389 3125 1492 3184 per
1518 3111 1736 3185 alium,
1772 3113 1869 3171 sed
1900 3112 2024 3188 ipse
2054 3113 2166 3172 sibi

458 3188 739 3249 conscivit
764 3191 988 3253 divinas
1014 3195 1249 3256 virtutis
1276 3198 1594 3259 auxilium.

2250 3110 2313 3167 in
2344 3123 2412 3166 eo
2453 3123 2570 3182 quo
2607 3107 2973 3182 postmodum
3014 3106 3323 3167 defunctus
3360 3103 3508 3161 403
3551 3112 3637 3165 est
3683 3107 3967 3179 languore

2249 3197 2655 3267 decumberet,
2712 3196 2801 3255 illi
2858 3196 3134 3271 prmcepit
3187 3202 3252 3255 ut
3300 3211 3376 3254 ex
3432 3194 3741 3255 calcularis
3796 3193 3962 3252 abaci

1478 3315 1808 3377 ANDBEIE
1847 3316 2149 3379 CHESNII
2190 3315 2283 3376 ET
2324 3312 2671 3375 ANONYMI
2708 3312 2948 3373 NOTIE.

462 3397 607 3450 tione
668 3399 912 3475 cessamt,
981 3405 1462 3475 quantumcunque
1531 3406 1825 3473 impeditus
1889 3408 2041 3475 fuit;
2102 3409 2164 3461 in

461 3469 748 3545 erogandi}
776 3470 1121 3545 eleemosynis
1160 3474 1244 3526 ita
1269 3469 1471 3539 (arcus,
1521 3482 1581 3530 ut
1613 3469 1667 3532 'a
1703 3469 2032 3545 quibusdam
2051 3493 2165 3533 non

456 3539 839 3622 dispensatoru
862 3544 955 3595 sed
1015 3545 1273 3609 prodigus
1332 3547 1622 3622 diceretur.
1677 3539 1935 3616 Tempore
1996 3550 2164 3615 famis

457 3612 790 3692 consumptis
817 3612 877 3665 in
914 3627 1062 3692 usus
1080 3629 1386 3692 pauperum
1417 3618 1685 3674 thesauris
1723 3612 1963 3685 ecclesia,
1997 3612 2165 3687 plura

465 3685 640 3758 etiam
655 3697 814 3758 sacra
833 3698 985 3758 _vasa
1013 3690 1063 3739 et
1098 3688 1452 3743 ecclesiastica
1480 3697 1809 3747 ornamenta
1836 3685 2164 3758 pauperibus

455 3752 757 3827 distribuit.
817 3754 1036 3827 Corona:
1090 3758 1282 3820 etiam,
1336 3774 1503 3827 quam
1560 3752 1848 3817 Βατινίου(
1900 3752 2162 3817 secundus

457 3826 758 3908 isnperatcf
788 3826 891 3880 sibi
929 3828 992 3880 ob
1028 3832 1119 3882 sui
1162 3826 1487 3908 memoriam
1537 3836 1854 3908 destinauit,
1905 3849 2018 3890 non
2067 3850 2162 3908 pe-

453 3899 657 3979 percit,
707 3899 907 3979 Corpus
967 3913 1129 3979 suum
1176 3915 1289 3979 non
1351 3907 1574 3979 tantum
1632 3907 1807 3979 duris
1846 3907 2163 3961 attenuabat

446 3968 695 4049 jejuniis.
719 3974 767 4022 et
807 3970 1124 4049 asperrimis
1151 3972 1682 4049 edomabat_citieiis,
1719 3980 1813 4030 sed
1853 3982 1906 4033 et
1946 3980 2158 4044 quibus-

454 4037 589 4122 ttam
609 4109 627 4122 1
931 4041 1157 4122 nexibus
1222 4046 1550 4122 coarctabat.
1619 4037 1844 4102 Sobrius
1907 4037 2027 4102 erat
2100 4048 2165 4101 in

455 4108 677 4169 edendo,
711 4114 761 4163 et
796 4111 918 4175 pius
950 4111 1012 4164 in
1055 4117 1446 4180 compatiendo.
1495 4121 1648 4171 Inter
1689 4126 1903 4173 ceteros
1951 4122 2163 4173 sanctos

458 4181 609 4257 circa
639 4182 855 4257 beatam
895 4180 1001 4257 Dei
1023 4189 1260 4239 matrem
1314 4189 1700 4243 ardentissima
1746 4191 2024 4244 devotione
2066 4192 2165 4257 ﬂe-

455 4248 668 4331 grabat,
703 4253 917 4331 ipseque
965 4254 1098 4307 dum
1145 4258 1635 4323 reprehenderetur
1687 4275 1753 4315 ea
1800 4276 1860 4315 eo
1914 4248 2077 4329 quod"
2104 4262 2168 4313 in

455 4324 768 4402 pandentes
808 4329 1211 4383 misericordior
1252 4332 1404 4396 justo
1451 4345 1557 4384 esse
1604 4333 1897 4392 videretur,
1920 4324 2163 4398 'respon.

456 4389 539 4445 dit
567 4413 580 4443 ε
606 4391 674 4447 ιςὶ
724 4396 1071 4456 damnandus
1098 4402 1220 4462 sim,
1247 4389 1393 4455 malo
1421 4403 1685 4456 damnari
1734 4405 1799 4455 de
1854 4389 2165 4458 misericor-

457 4464 556 4548 dia
603 4477 772 4548 quam
812 4472 877 4548 de
924 4474 1156 4548 duritia,
1202 4476 1285 4525 oet
1337 4473 1677 4548 crudelitate.
1705 4544 1714 4548 Δ
1741 4476 1912 4540 Hujus
1986 4478 2166 4548 Vitam

449 4539 613 4617 jussu
667 4539 903 4617 Huqonis
967 4546 1083 4617 ejus
1146 4546 1458 4597 successoris
1519 4544 1737 4609 scripsit
1801 4539 1990 4600 Petrus
2064 4547 2163 4600 Da~

741 4608 932 4668 Clarus
969 4608 1144 4680 igitur
1181 4617 1463 4667 miraculis
1510 4616 1573 4667 in
1618 4608 1753 4676 cita,
1788 4618 2049 4681 migrauit
2086 4619 2162 4672 ad

455 4676 730 4732 Christum
763 4684 829 4734 in
869 4676 1061 4752 viqitia
1108 4684 1564 4739 Circumcisionis.
1615 4689 1680 4737 In
1712 4676 1967 4741 estremis
2009 4690 2161 4743 tabo-

457 4762 590 4831 rans
617 4752 900 4831 amotum
941 4762 1123 4831 astare
1162 4757 1316 4831 vidit.
1357 4760 1405 4831 et
1453 4770 1597 4831 eumA
1615 4758 1941 4825 adjuratum
1995 4761 2162 4825 fuga-

456 4824 556 4874 vit.
614 4824 848 4880 Meminit
900 4832 955 4880 et
1011 4829 1160 4882 illius
1216 4828 1515 4881 Chronicon
1576 4829 1624 4881 S.
1692 4830 1912 4895 Benigm'
1986 4824 2157 4884 nmo-

454 4895 682 4966 ueusis.
748 4897 810 4951 in
881 4912 988 4966 quo
1037 4900 1252 4963 legitur,
1308 4901 1454 4965 quod
1506 4912 1649 4953 anno
1719 4902 1836 4954 1014
1895 4905 2005 4954 Rea
2050 4902 2160 4956 Ro-

459 4962 639 5038 bertus
711 4962 1114 5034 Burgundioni
1142 4962 1364 5023 intrans
1416 4985 1539 5025 cum
1604 4972 1845 5038 plurimo
1899 4973 2163 5037 exercitu,

459 5035 748 5110 Divionsm
798 5046 1046 5096 castrum
1099 5042 1340 5103 advenit,
1400 5035 1839 5108 circumpositum
1886 5035 2163 5110 regionem

453 5108 741 5180 deuastans
806 5123 871 5166 ac
928 5112 1274 5179 depopulans.
1331 5113 1497 5180 Cujus
1549 5118 1697 5169 iram
1748 5108 1963 5169 timens
1998 5116 2161 5169 abbas

467 5178 771 5246 Wittetmus,
847 5178 1030 5237 omnes
1077 5184 1362 5238 monachos
1403 5178 1503 5240 ἀὑ
1563 5186 1660 5240 hoc
1705 5188 1814 5240 loco
1877 5200 1978 5253 per
2045 5186 2162 5239 otia

456 5256 799 5308 monasteria
834 5255 1006 5323 jussit
1049 5258 1298 5319 secedere,
1344 5257 1658 5325 aliquantae
1714 5271 1859 5323 cera,
1904 5262 1958 5311 et
2010 5258 2161 5310 omni

457 5329 660 5378 metu
706 5327 931 5383 ecetesia
975 5327 1037 5381 in
1072 5331 1317 5381 castrum
1371 5329 1582 5389 tativion.
1640 5342 1707 5383 ac
1767 5329 1828 5382 in
1885 5329 2160 5383 ecclesiam

456 5392 516 5467 ες.
569 5397 854 5461 Vincentii,
906 5412 1074 5466 quam
1118 5403 1248 5452 time
1282 5401 1463 5465 quieto
1522 5402 1655 5467 jure
1711 5401 1964 5454 monachi
2004 5401 2161 5453 istius

462 5465 565 5519 laci
593 5465 983 5535 possidebant,
1026 5470 1163 5537 fecit
1220 5470 1490 5537 residere;
1525 5465 1537 5467 ’
1567 5472 1755 5537 paucis
1828 5472 2163 5525 solummodo

476 5538 741 5602 Miluus
772 5542 861 5595 sed
911 5535 1213 5599 custodiam
1238 5542 1370 5609 sicci,
1392 5535 1473 5597 τί
1494 5535 1583 5597 Sf
1610 5544 1836 5610 Rem
1877 5542 2164 5599 stis-citium

2254 3418 2378 3458 cum
2402 3405 2619 3456 domino
2650 3403 2838 3456 abbate
2867 3403 3085 3455 Odilone
3127 3402 3191 3455 in
3239 3400 3336 3454 hoc
3385 3400 3494 3453 loco
3547 3400 3803 3453 dimissis.
3852 3399 3965 3453 Res:

2253 3489 2398 3539 vero,
2460 3480 2522 3530 ut
2567 3479 2686 3529 erat
2737 3483 2909 3527 mente
2966 3473 3243 3539 benignus,
3284 3484 3408 3525 cum
3454 3473 3696 3538 cognovit
3735 3475 3967 3537 prapter

2253 3561 2306 3600 se
2360 3546 2648 3601 monachos
2703 3546 2988 3610 dispersos,
3045 3546 3201 3599 ualde
3266 3544 3457 3598 doluit.
3525 3543 3719 3596 Paucis
3771 3544 3967 3609 itaque

2255 3621 2552 3674 transactis
2581 3619 2764 3673 diebus
2798 3616 3092 3671 Franciam
3120 3617 3422 3678 repedavit.
3468 3617 3662 3669 Omnes
3706 3614 3787 3668 illi
3836 3628 3968 3670 con-

2252 3691 2490 3761 corditer
2535 3690 2680 3743 hunc
2736 3688 3014 3742 Odilonem
3067 3689 3599 3761 abbatemﬂvoesnt‘;
3644 3699 3759 3761 nec
3799 3688 3966 3740 aliam

2253 3760 2375 3832 ejus
2419 3764 2655 3814 nominis
2697 3762 3023 3824 scripturam
3076 3760 3205 3832 alibt
3253 3759 3457 3832 vidisse
3491 3757 3766 3832 sedatum,
3817 3770 3962 3832 pm:

2253 3828 2500 3901 terquem
2546 3834 2601 3884 in
2645 3832 2864 3885 Othonis
2895 3830 3238 3896 imperatoris
3270 3830 3435 3901 unico
3471 3830 3784 3894 diplomate,
3816 3828 3968 3896 quod

2256 3900 2474 3963 aditum
2509 3917 2606 3969 pro
2638 3903 2854 3957 Odilone
2884 3906 3253 3965 nuncupatum
3283 3900 3522 3965 praefert.
3551 3902 3835 3954 Ducussu.

2316 3980 2453 4046 (1‘24)
2494 3976 2750 4029 ‘Scribunt
2802 3975 2963 4032 idem,
3020 3977 3076 4026 et
3119 3973 3474 4046 allegatorum
3519 3975 3631 4038 jam
3678 3979 3964 4046 auctorum

2254 4043 2501 4116 plerique
2531 4068 2543 4098 :
2569 4048 2661 4114 qui
2693 4051 2873 4098 tamen
2902 4048 3097 4116 genus.
3130 4047 3249 4097 sive
3276 4043 3493 4096 familiai
3531 4045 3713 4116 tacent
3739 4054 3965 4116 nomen.

2253 4113 2449 4176 Verum
2506 4113 2650 4171 illam
2721 4116 2969 4168 Mereor-ii
3034 4115 3219 4173 fuisse,
3272 4120 3630 4181 sanctumque
3683 4113 3966 4169 Odilonem

2254 4196 2320 4246 de
2343 4190 2601 4245 Memorio
2627 4189 3065 4252 cognominatum
3100 4188 3370 4249 suspicor,
3401 4186 3621 4251 adjutus
3651 4186 3966 4239 testimonio

2260 4262 2565 4318 Kalendarii
2616 4260 3070 4311 Glaromontensts
3110 4257 3390 4315 Ecclesiae,
3438 4256 3581 4318 quod
3626 4256 3967 4309 immanitate

2260 4338 2315 4390 ι).
2332 4333 2619 4387 Savaronis
2647 4331 2946 4384 exhibitum
2968 4337 3049 4380 et
3074 4329 3380 4392 hujusmodi
3404 4343 3417 4377 :
3441 4327 3647 4392 Quarto
3663 4325 3854 4379 Nonas
3870 4327 3964 4379 Ja-

2257 4405 2466 4464 nuarii.
2505 4403 2707 4456 Octava
2740 4401 2799 4455 S.
2831 4399 3120 4467 Stephani,
3149 4404 3198 4453 et
3234 4398 3473 4450 Odilonis
3508 4396 3712 4467 abbatis
3745 4401 3800 4450 et
3832 4410 3962 4451 con-

2252 4477 2490 4544 fessoris,
2527 4488 2627 4539 pro
2660 4486 2765 4538 quo
2796 4465 2936 4544 raw
2957 4471 3221 4544 librarian
3240 4468 3392 4544 0dit_o
3417 4470 3480 4544 de
3507 4465 3764 4544 Mere-ario
3791 4481 3965 4544 cano—

2251 4539 2409 4602 nicus
2431 4543 2903 4603 Gtaromontensis,
2929 4547 2976 4596 et
2992 4541 3310 4608 prapositus
3333 4539 3682 4601 Brivatensis,
3706 4539 3965 4602 promisit

2251 4617 2622 4687 quadraginta
2675 4615 2870 4667 solidos
2911 4616 3198 4687 censuales,
3251 4615 3358 4687 aut
3384 4613 3610 4687 reddere
3639 4609 3804 4687 semet
3834 4624 3964 4675 qua-

2250 4682 2511 4754 draginta
2557 4686 2740 4745 libras,
2782 4689 2832 4739 et
2889 4684 3080 4737 debent
3112 4685 3308 4737 librari
3336 4684 3397 4735 in
3430 4683 3617 4738 missa.
3649 4684 3699 4733 et
3738 4682 3815 4754 in
3844 4695 3966 4733 υωο

2250 4752 2376 4828 pero
2406 4759 2542 4812 dicti
2569 4759 2715 4823 festi.
2751 4760 2825 4811 Ad
2852 4758 2983 4824 quid
3006 4757 3151 4810 enim
3181 4755 3471 4828 pecuniam
3506 4766 3603 4828 pro
3632 4752 3963 4828 8.__0dttonls

2252 4824 2458 4887 abbatis
2510 4832 2651 4883 testo
2702 4829 2949 4882 librsndo
2997 4829 3337 4893 promtstsset
3390 4827 3540 4879 Odtto
3572 4826 3641 4876 de
3677 4824 3961 4886 Mercurio,

2251 4905 2357 4958 nlst
2390 4901 2833 4965 consanguineus
2857 4903 2995 4965 ejus,
3020 4905 3072 4953 et
3096 4898 3376 4952 extendam
3406 4897 3608 4950 familia
3641 4899 3964 4961 procreatos

2254 4975 2570 5028 exstitisset.
2617 4973 2695 5026 lo.
3323 5026 3327 5031 ,
3362 5012 3371 5021 .

2311 5044 2449 5112 (1‘25)
2484 5046 2541 5097 lu
2579 5044 2907 5097 Brivatensts
2947 5038 3223 5109 [Brioude]
3266 5039 3388 5092 vico
3435 5034 3856 5112 scilicet._l]nde
3896 5041 3963 5093 et

2251 5105 2651 5172 Silvint'aceusts
2693 5105 2999 5167 monachus
3054 5115 3115 5163 tn
3178 5105 3424 5176 ejusdem
3479 5108 3634 5159 Vita:
3672 5105 3964 5173 Tanquam

2251 5191 2391 5245 alter
2420 5191 2592 5247 Isaac,
2620 5186 2819 5253 inquit,
2866 5185 2977 5237 siue
3009 5182 3229 5238 Samaei
3278 5179 3489 5235 ωινίεό
3518 5183 3875 5253 consecratus,
3910 5185 3962 5253 et

2252 5262 2473 5314 Brioate
2507 5259 2656 5324 apud
2690 5251 2763 5307 'S.
2815 5256 3101 5308 lulianum
3127 5253 3430 5320 gloriosum
3457 5255 3769 5317 martyrem
3800 5251 3966 5304 cteri-

2249 5337 2361 5386 cete
2393 5334 2537 5384 sorte
2569 5333 2644 5383 est
2666 5328 2917 5380 donatus.
2946 5328 3023 5379 lu.
3168 5360 3171 5365 ι

2311 5403 2447 5468 (126)
2483 5403 2554 5455 De
2585 5412 2695 5466 quo
2741 5404 2794 5451 et
2844 5398 3090 5468 Obrontci
3131 5394 3509 5468 clunisoenets-
3553 5395 3806 5468 scriptor,
3868 5395 3962 5459 qui

2252 5463 2507 5540 corrupte
2558 5463 2874 5524 Adraudum
2916 5466 3268 5523 Uremmnsis
3328 5463 3649 5521 monasterii
3707 5465 3960 5520 abbatem

2243 5550 2462 5604 ment.
2488 5546 2569 5599 lu.
2884 5574 2890 5580 ο
2918 5592 2923 5597 .
3476 5550 3477 5553 ‘
