4118 6470
109 369 224 431 929

1523 361 1704 423 VITA
1743 361 1805 421 S.
1847 357 2215 420 ODILONIS.

3519 357 3626 420 930

106 495 521 572 supputatione
549 494 840 569 colligeret
866 510 999 569 quae
1029 500 1216 569 posset
1251 509 1376 553 esse
1405 507 1634 553 summa
1681 491 1830 554 mis-
1859 489 2129 561 Agandis
2142 489 3212 564 porrojudiciis,acmodispcenitentiae
3228 489 3616 562 pneﬁgendis,

105 601 334 658 sarum,
393 600 538 660 quas
591 583 910 642 celebravit
951 599 1054 658 per
1105 585 1358 658 spatium
1412 583 1844 660 quinquaginta

108 690 219 733 sex
241 689 552 743 annorum,
577 671 792 747 quibus
813 674 1225 732 monasterium
1255 673 1425 732 rexit.
1459 673 1526 732 1n
1552 689 1670 746 quo
1697 673 1841 730 iacto

109 763 340 839 liquido
369 761 844 836 deprehenditur,
875 777 1052 836 quam
1083 763 1382 832 diuturna,
1415 778 1592 836 quam
1626 761 1842 819 indeli-

110 855 278 911 ciens
307 851 494 911 divini
521 852 738 910 amoris
769 850 1003 908 ﬂamma
1032 852 1183 910 beati
1210 852 1321 910 viri
1351 858 1551 924 pectus
1583 850 1838 924 excoxit,

113 942 276 1015 quod
325 941 611 1000 nimirum
662 938 735 996 ab
794 940 1103 999 efferendis
1168 940 1425 1014 quotidie
1480 939 1840 999 salutaribus

115 1029 326 1088 hostiis
371 1028 643 1087 cohibere
681 1035 760 1086 tot
787 1043 1080 1101 curarum,
1114 1035 1194 1087 tot
1222 1028 1631 1102 ingruentium
1661 1043 1842 1101 nego-

117 1118 339 1177 tiorum
367 1115 698 1175 sollicitudo
727 1131 840 1174 non
874 1118 1080 1191 potuit.

193 1206 263 1266 In
287 1206 594 1278 erogandis
625 1213 900 1279 praeterea
927 1207 1314 1280 eleemosynis
1344 1207 1423 1264 ita
1461 1207 1656 1280 largus
1697 1214 1838 1280 erat,

123 1303 192 1355 ut
215 1294 489 1354 nonnulli
519 1295 660 1354 dum
689 1310 824 1354 eum
857 1295 1056 1353 omnia
1079 1294 1504 1370 dispergentem
1541 1295 1668 1354 sine
1693 1312 1842 1355 eun-

119 1383 368 1442 ctatione
402 1385 818 1457 conspicerent,
862 1400 974 1444 non
1008 1385 1486 1459 dispensatorem,
1516 1387 1614 1444 sed
1655 1386 1844 1460 prodi-

119 1487 265 1545 gum
314 1471 674 1544 judicarent;
722 1473 1042 1546 praisertim
1095 1475 1346 1548 quodam
1403 1483 1655 1548 tempore
1699 1475 1842 1534 dum

119 1561 306 1620 fames
345 1561 535 1620 valida
577 1562 910 1636 Aquitaniae
939 1562 1086 1620 ﬁnes
1125 1565 1500 1622 vehementer
1540 1564 1838 1638 afﬂigeret,

118 1665 188 1708 ac
222 1649 509 1723 plurimas
544 1649 866 1709 Galliarum
911 1652 1243 1725 provincias
1282 1652 1618 1727 pestilenter
1657 1660 1842 1712 arcta-

121 1743 230 1809 ret,
259 1739 560 1797 exhaustis
583 1743 703 1812 jam
736 1739 797 1796 in
827 1755 1149 1814 pauperum
1183 1757 1326 1800 usus
1349 1742 1593 1810 terariis,
1623 1750 1678 1800 et
1707 1743 1842 1801 hor-

1928 584 2043 636 tam
2074 578 2203 651 pius
2226 587 2366 649 erat,
2398 587 2453 637 et
2477 587 2631 637 tanta
2658 577 3041 638 maerentibus
3071 579 3429 637 humanitate
3467 594 3628 638 com-

1927 668 2173 741 patiens,
2229 676 2294 726 nt
2339 684 2706 743 nequaquam
2753 667 2902 726 404
2944 671 3270 731 districtum
3310 673 3489 747 patris
3518 673 3634 729 im-

1926 757 2175 830 perium,
2227 758 2325 816 sed
2370 767 2697 819 maternum
2748 761 2941 834 potius
2989 761 3288 820 exhiberet
3338 761 3628 819 affectum.

1926 845 2093 904 Unde
2120 861 2181 903 se
2209 846 2786 919 reprehendentibus,
2817 849 3152 922 huiusmodi
3192 848 3386 908 verbis
3412 849 3630 907 solebat

1923 935 2212 1008 eleganter
2248 935 2503 993 alludere
2535 953 2549 994 :
2579 941 2819 993 Etiamsi
2854 939 3203 995 damnandus
3247 943 3371 1004 sim,
3415 939 3628 1012 inquit,

1923 1027 2067 1080 malo
2094 1031 2274 1082 tamen
2303 1027 2368 1080 de
2391 1029 2788 1092 misericordia,
2823 1046 2988 1099 quam
3021 1046 3090 1084 ea:
3119 1029 3331 1084 duritia
3373 1030 3458 1084 uel
3505 1046 3626 1084 cru-

1925 1113 2150 1168 delitate
2178 1116 2453 1173 damnari.
2500 1115 2657 1174 Inter
2695 1122 2930 1175 caeteros
2969 1123 3164 1176 autem
3215 1124 3442 1174 sanctos
3483 1115 3632 1174 circa

1924 1198 2148 1258 beatam
2197 1202 2301 1259 Dei
2348 1203 2696 1262 Genitricem
2739 1213 2853 1263 tam
2883 1205 3288 1264 ardentissima
3326 1204 3630 1262 devotione

1924 1287 2220 1362 ﬂagrabat,
2264 1299 2328 1350 ut
2353 1293 2695 1352 constitutus
2735 1294 2796 1351 in
2837 1296 3011 1353 choro
3044 1294 3440 1367 psallentium.
3496 1309 3629 1352 cum

1924 1377 1995 1435 ad
2023 1379 2191 1436 illum
2221 1381 2445 1439 veniret
2472 1398 2546 1442 ex
2578 1381 3007 1442 modulantinm
3045 1383 3426 1444 alternatione
3465 1382 3634 1442 versi-

1924 1464 2124 1526 culum
2148 1492 2160 1526 :

2048 1576 2126 1642 ’_I‘_u
2166 1575 2229 1642 ad
2260 1577 2583 1642 liberandum
2600 1586 2948 1642 suscepturus
2973 1580 3258 1642 hominem,

2050 1638 2166 1688 Non
2195 1640 2436 1689 horruisti
2461 1640 2696 1702 Virginis
2721 1638 2942 1702 uterum,

1924 1735 1986 1792 in
2016 1741 2228 1794 terram
2258 1752 2319 1794 se
2359 1745 2779 1810 prosterneret;
2817 1739 3014 1812 sicque
3045 1755 3147 1813 per
3187 1755 3395 1814 corpus
3434 1748 3632 1800 osten-

125 1825 240 1884 reis
289 1843 783 1903 quorumcunque
835 1835 1221 1903 proventuum
1284 1845 1405 1888 non
1479 1831 1842 1891 mediocriter
1865 1825 2100 1914 Bderet,
2147 1826 2360 1899 quibus
2407 1826 2679 1886 desiderii
2729 1829 2977 1887 cmlestis
3010 1828 3096 1916 in
3157 1837 3351 1888 mente
3403 1831 3626 1890 facibus

124 1915 462 1989 proﬂigatis,
493 1931 632 1974 mox
675 1918 846 1975 etiam
884 1915 1136 1990 plurima
1165 1919 1399 1976 sacrarii
1440 1935 1576 1977 vasa
1616 1922 1842 1979 confre-

128 2003 232 2076 git,
284 2005 540 2078 insignia
582 2005 839 2065 ecclesiae
878 2013 1217 2064 ornamenta
1269 2007 1562 2080 distraxit,
1616 2024 1844 2068 coronae

126 2106 380 2166 quoque,
413 2108 588 2167 quam
636 2094 748 2153 sibi
792 2095 1107 2169 imperator
1143 2095 1290 2165 (1'27)
1332 2094 1617 2155 Henricus
1646 2097 1719 2155 ob
1752 2097 1846 2155 sui

130 2184 474 2241 memoriam
538 2185 940 2255 destinaverat,
1017 2200 1130 2244 non
1194 2185 1461 2260 pepercit.
1533 2185 1606 2243 Ut
1669 2185 1847 2258 igitur

131 2282 247 2334 tam
291 2276 513 2335 acerba:
557 2275 698 2335 fami
726 2276 883 2350 (128),
915 2275 974 2333 in
1007 2275 1222 2351 quibus
1254 2276 1462 2346 valuit,
1507 2282 1848 2350 temperaret

128 2363 406 2438 inopiam,
485 2365 772 2440 quidquid
860 2364 999 2422 hinc
1087 2364 1223 2423 inde
1285 2366 1582 2424 corradere
1667 2365 1849 2439 potuit

128 2456 494 2523 facultatum,
529 2457 590 2515 in
621 2456 1068 2515 sustentationes
1098 2461 1151 2513 et
1180 2454 1457 2513 alimenta
1498 2453 1846 2514 contradidit

129 2558 470 2617 egenorum.

201 2633 465 2703 Quodam
498 2647 635 2691 sane
664 2633 779 2703 die,
811 2634 953 2691 dum
987 2648 1088 2707 per
1114 2633 1415 2706 publicum
1447 2634 1579 2706 pius
1615 2633 1846 2706 equita-

132 2730 222 2781 tor
273 2723 510 2794 incedit,
562 2724 707 2782 duos
742 2723 802 2782 in
843 2724 1045 2782 itinere
1076 2740 1284 2799 pueros
1330 2725 1484 2783 fame
1522 2729 1846 2798 peremptos

133 2813 368 2886 reperit.
417 2811 553 2870 Mox
600 2828 751 2888 equo
797 2812 1090 2884 desiliens,
1140 2815 1390 2884 laneam,
1444 2830 1560 2888 qua
1609 2811 1850 2870 indutus

133 2909 274 2971 erat,
299 2900 371 2959 ad
393 2916 624 2959 carnem
653 2901 935 2960 subduxit
962 2902 1068 2960 sibi
1098 2903 1438 2972 interulam,
1462 2917 1644 2976 eaque
1680 2909 1848 2976 prout

1925 1920 2210 1973 aestuaret.

2001 2002 2105 2061 Vir
2135 2003 2314 2076 igitur
2342 2011 2570 2063 sanctus
2607 2021 2742 2064 cum
2773 2007 2832 2064 in
2869 2005 3035 2066 bonis
3057 2009 3319 2066 moribus
3349 2023 3452 2082 per
3482 2023 3631 2083 quo-

1929 2091 2144 2151 tidiana
2178 2093 2287 2166 piae
2331 2093 2785 2152 conversationis
2824 2093 3181 2154 incrementa
3229 2103 3628 2168 snccresceret,

1931 2194 2167 2253 seseque
2206 2179 2462 2253 quotidie
2499 2181 2704 2241 melior
2735 2185 2807 2240 ad
2856 2184 3221 2258 perfectionis
3257 2185 3486 2243 culmen
3522 2187 3637 2244 fer-

1931 2268 2164 2328 ventius
2185 2268 2500 2341 anhelaret,
2532 2272 2701 2345 coepit
2732 2273 3033 2332 nonnullis
3055 2290 3357 2333 coruscare
3388 2277 3636 2335 miracu-

1932 2358 2040 2430 lis;
2074 2365 2138 2417 ut
2164 2357 2267 2431 qui
2300 2359 2492 2418 clarus
2521 2367 2640 2418 erat
2670 2360 2730 2418 in
2757 2361 3040 2435 probitate
3071 2377 3329 2432 morum,
3361 2363 3632 2422 claresce-

1930 2456 2016 2507 ret
2043 2450 2213 2506 etiam
2243 2450 2306 2507 in
2325 2451 2649 2509 ostensione
2677 2452 2976 2524 signorum
2999 2472 3015 2523 ;
3049 2452 3225 2526 etqni
3254 2453 3314 2509 in
3340 2452 3641 2510 obtutibus

1931 2538 2342 2611 omnipotentis
2393 2539 2494 2596 Dei
2539 2547 2658 2596 erat
2706 2539 2940 2598 lucerna
2980 2543 3208 2611 ardens,
3256 2541 3418 2598 fieret
3465 2541 3638 2598 etiam

1930 2643 2121 2687 coram
2153 2628 2494 2686 hominibus
2522 2628 2721 2687 lucens
2749 2632 2920 2699 (Joan.
2959 2632 3034 2702 v).
3071 2629 3236 2688 Unde
3277 2629 3478 2688 divino
3517 2628 3638 2687 dis-

1929 2725 2178 2790 ponente
2205 2715 2424 2790 judicio
2452 2717 2663 2774 factum
2694 2725 2797 2788 est,
2833 2725 2895 2776 ut
2924 2718 3059 2791 quia
3090 2717 3160 2776 de
3185 2717 3304 2776 illis
3333 2725 3474 2788 erat,
3505 2718 3638 2790 qui-

1933 2807 2045 2864 bus
2081 2804 2299 2863 dictum
2343 2812 2461 2863 est:
2490 2809 2597 2863 Vos
2627 2809 2755 2861 estis
2797 2807 2896 2861 tua:
2933 2807 3127 2861 mundi
3154 2810 3370 2878 (Matth.
3402 2810 3479 2879 ν),
3521 2806 3642 2882 pri-

1935 2908 2098 2952 mum
2168 2893 2240 2950 de
2307 2891 2433 2952 luce
2472 2893 2833 2952 miraculum
2908 2895 3229 2953 exhiberet.
3305 2893 3642 2970 Aliquando

137 2983 449 3048 velaminis
485 2990 774 3065 quantitas
822 2991 1204 3064 permittebat,
1249 2998 1561 3064 utrumque
1608 2990 1851 3048 cadaver
1935 2980 2224 3055 siquidem
2251 2980 2391 3038 dum
2423 2987 2567 3038 esset
2598 2981 2659 3037 in
2702 2981 2950 3053 Quadam
2997 2983 3085 3040 sui
3121 2982 3273 3058 juris
3303 2981 3464 3052 villa,
3510 2996 3642 3056 quze

137 3077 472 3147 obvolvens,
532 3077 769 3135 exhibet
835 3079 1077 3135 mortuis
1131 3079 1514 3150 sepulturam.
1577 3078 1721 3136 Nam
1798 3084 1854 3135 et
1936 3071 2347 3129 Bersoniacum
2382 3069 2612 3142 dicitur,
2661 3069 2813 3128 videt
2847 3087 3116 3144 puerum,
3150 3080 3464 3130 venustum
3509 3071 3642 3148 qui-

139 3166 488 3239 vespillones
537 3166 800 3225 mercede
841 3167 1142 3237 conduxit,
1181 3175 1235 3226 et
1288 3168 1511 3226 funeris
1546 3184 1731 3242 usque
1781 3167 1850 3226 ad
1875 3159 2068 3242 ﬁdem
2099 3161 2301 3228 forma,
2334 3159 2432 3218 Sed
2468 3174 2685 3218 Cilicum
2711 3175 2744 3217 ἃ
2771 3159 3086 3218 ηδῐὶνὶῐὶιΐθ-
3129 3159 3316 3236 super
3348 3177 3463 3236 quo
3507 3177 3647 3221 σου·

139 3257 442 3315 tnmulnm
495 3262 827 3328 persecutus
876 3257 1192 3328 exsequiis,
1243 3257 1530 3316 defunctis
1580 3256 1853 3316 fratribus
1875 3250 2152 3323 usulens,
2184 3253 2385 3312 didicit
2419 3253 2555 3326 quia
2582 3250 2740 3310 filius
2783 3258 2930 3310 esset
2959 3251 3161 3323 villici,
3193 3259 3248 3310 et
3277 3254 3414 3328 quia
3446 3254 3636 3313 visum

136 3344 399 3404 debitum
431 3345 706 3404 humanm
737 3343 963 3418 pietatis
994 3347 1266 3405 exsolvit.
1935 3341 2169 3416 penitus
2211 3354 2513 3410 nunquam
2562 3339 2876 3397 habuisset.
2929 3340 3034 3398 Cui
3079 3356 3215 3398 mox
3248 3340 3341 3414 pia
3375 3343 3645 3415 benigni-

209 3433 278 3492 In
309 3434 508 3492 eadem
541 3449 773 3508 quoque
805 3441 1096 3506 gestorum
1125 3431 1249 3506 ejus
1277 3435 1564 3508 reperitur
1592 3434 1852 3507 historia,
1940 3437 2049 3486 tate
2087 3426 2459 3500 compatiens,
2491 3435 2545 3484 et
2569 3427 2717 3500 apud
2768 3443 2827 3484 se
2869 3428 3052 3485 tacitis
3097 3429 3364 3501 precibus
3400 3429 3645 3488 latenter

135 3523 275 3596 quia
301 3537 508 3595 corpus
532 3537 727 3591 suum,
772 3536 885 3580 non
917 3521 1086 3580 modo
1111 3522 1273 3580 duris
1305 3531 1681 3582 consueverat
1707 3531 1854 3582 atte-

137 3625 322 3668 nuare
353 3609 618 3684 jejuniis,
651 3611 983 3684 asperrimis
1015 3609 1283 3668 edomare
1309 3609 1537 3680 ciliciis,
1583 3611 1682 3670 sed
1720 3612 1856 3684 qui-

138 3697 386 3757 busdam
437 3699 641 3758 ferreis
690 3699 942 3758 nexibus
989 3697 1329 3757 coarctabat.
1364 3697 1431 3756 In
1472 3700 1857 3775 percipiendis

138 3795 333 3847 autem
362 3789 438 3846 ita
470 3805 528 3845 se
553 3789 955 3848 moderabatur
978 3789 1211 3859 eduliis,
1235 3797 1298 3848 ut
1326 3790 1586 3862 apposita
1607 3805 1858 3864 quisque

140 3879 507 3951 contingens,
531 3894 598 3936 ac
619 3880 866 3937 naturali
893 3879 1177 3937 duntaxat
1208 3877 1531 3936 necessitati
1558 3879 1855 3953 dispensa-

145 3967 266 4026 tive
294 3966 687 4036 subserviens,
737 3974 794 4025 et
829 3967 1142 4025 vanitatem
1169 3967 1596 4040 superstitionis
1632 3968 1855 4042 etinge-

147 4063 252 4128 ret,
279 4063 340 4115 et
368 4056 690 4116 sobrietatis
717 4057 1070 4116 continentia
1098 4063 1434 4115 reservaret.
1477 4056 1544 4115 In
1593 4058 1861 4131 promul-

1938 3518 2232 3586 insistens,
2269 3525 2330 3575 ut
2353 3524 2489 3589 puta
2518 3516 2653 3589 quia
2682 3515 2816 3573 talia
2846 3516 3106 3574 nondum
3136 3524 3429 3590 expertus,
3463 3518 3646 3577 advo-

1939 3615 2028 3665 cat
2053 3605 2286 3664 tandem
2313 3607 2640 3678 parvnium,
2674 3604 2904 3678 signum
2928 3604 3017 3665 illi
3043 3606 3353 3665 salutiferae
3373 3607 3558 3666 crucis
3581 3608 3644 3667 in

1940 3697 2128 3755 fronte
2179 3696 2456 3769 depingit,
2501 3701 2557 3754 et
2601 3695 2905 3754 confestim
2949 3696 3164 3769 visum,
3215 3714 3390 3771 quem
3435 3706 3639 3758 natura

1941 3794 2270 3862 negaverat,
2298 3801 2443 3860 puer
2472 3788 2709 3860 accepit.

2012 3879 2144 3937 Alio
2173 3892 2402 3951 quoque
2434 3882 2686 3951 tempore
2715 3877 2855 3936 dum
2883 3886 3028 3937 esset
3053 3879 3144 3938 vir
3169 3879 3270 3939 Dei
3298 3881 3450 3954 apud
3472 3897 3646 3941 suum

1942 3968 2235 4044 quoddam
2291 3965 2712 4025 monasterium
2770 3967 2931 4037 (129),
3004 3969 3158 4042 quod
3223 3968 3406 4029 Vallis
3463 3972 3656 4030 Aurea

1948 4067 2201 4129 vocatur,
2257 4064 2460 4132 quarta
2511 4057 2778 4116 videlicet
2819 4057 2960 4117 feria
3015 4061 3218 4133 primae
3284 4061 3657 4136 quadragesi-

1160 4163 1490 4223 ΑΝΒΒΕίΕ
1533 4165 1837 4228 CHESNII
1879 4166 1975 4226 ET
2013 4165 2359 4226 ANONYMI
2398 4164 2641 4224 NOTAE.

211 4255 348 4321 (127)
395 4254 566 4320 Huius
619 4253 835 4309 Henrici
902 4253 1276 4308 liberalitatem
1337 4258 1391 4308 in
1455 4255 1852 4319 Ciuniacenses,

150 4328 257 4380 etsi
303 4339 414 4378 non
458 4339 723 4390 expresso
763 4337 980 4378 coronae
1029 4327 1265 4386 nomine,
1331 4327 1670 4378 commendat
1715 4341 1854 4394 quo-

150 4409 258 4461 que
315 4397 711 4449 Lemovicensis
778 4396 1074 4448 monachus
1139 4398 1197 4448 in
1266 4398 1490 4449 historia
1559 4401 1854 4461 Aquitano—

151 4479 276 4520 rum
335 4464 417 4519 h:s
474 4467 656 4520 verbis
700 4489 711 4516 :
751 4468 1014 4519 Henricus
1085 4467 1388 4530 imperator
1454 4469 1631 4520 multa
1714 4471 1860 4522 dona

150 4538 380 4591 contulit
409 4537 640 4590 canobio
674 4536 1029 4590 Cluniacensi.
1063 4537 1178 4590 Fuit
1216 4544 1396 4590 autem
1433 4541 1480 4590 is
1514 4540 1779 4593 Henricus
1815 4540 1857 4590 ll

149 4610 387 4668 nomine,
440 4609 585 4660 illius
629 4611 869 4669 Conradi,
931 4611 1020 4660 vel
1078 4612 1381 4662 secundum
1439 4611 1574 4662 alios
1625 4625 1798 4676 gener
1842 4628 1856 4665 :

151 4681 247 4745 qui
321 4686 376 4731 et
448 4678 670 4732 0dilone
752 4682 1024 4740 defuncto.
1094 4682 1232 4733 sicut
1284 4681 1453 4734 refert
1519 4682 1864 4737 Hildebertus

153 4750 446 4815 episcopus
494 4751 934 4814 Cenomanensis,
985 4753 1034 4802 S.
1084 4752 1330 4816 Hugonis
1372 4755 1494 4815 eius
1544 4756 1598 4805 in
1657 4754 1864 4806 abbaiia

154 4819 524 4871 Cluniacensi-3
569 4823 910 4874 successoris
961 4823 1161 4883 [aciem
1209 4824 1408 4878 videre.
1456 4829 1506 4877 et
1565 4825 1864 4888 familiari-

166 4894 332 4944 tatem
366 4890 598 4955 adipisci
627 4893 959 4951 desiderans,
1001 4896 1059 4944 ul
1093 4893 1278 4944 uenire
1307 4895 1635 4957 dignaretur
1682 4900 1754 4948 ad
1792 4911 1864 4958 se,

160 4961 392 5026 supplici
421 4976 544 5014 voce
577 4964 887 5026 postulavit.
933 4964 1302 5015 Postulanlem
1336 4967 1460 5027 pius
1503 4965 1662 5019 Pater
1696 4981 1868 5022 exau-

164 5032 310 5098 diit;
366 5033 596 5087 intravit
655 5033 985 5093 Samoniam,
1052 5046 1262 5086 summo
1317 5036 1531 5098 pariter
1581 5042 1630 5089 et
1673 5038 1871 5091 honore

164 5108 435 5174 mospius
481 5108 555 5156 est
605 5109 655 5156 et
705 5105 923 5169 gaudio.
993 5105 1189 5155 Paucis
1242 5105 1319 5156 ibi
1382 5106 1564 5159 diebus
1614 5114 1868 5174 peractis,

166 5186 232 5225 as
277 5173 535 5239 petitione
576 5177 716 5240 regis
753 5175 929 5238 ﬁlium
981 5178 1097 5237 ejus
1141 5190 1294 5226 sacro
1348 5177 1412 5226 de
1456 5177 1609 5240 fonte
1651 5173 1868 5244 levavit,

163 5256 330 5308 puero
377 5257 576 5296 nomen
608 5249 790 5309 patris
839 5247 1140 5308 imponens.
1186 5245 1484 5300 Celebrant!
1538 5255 1720 5302 autem
1769 5254 1874 5304 Pa-

165 5314 293 5367 scha
347 5329 471 5367 cum
515 5318 851 5381 imperatore
906 5319 969 5368 in
1017 5319 1318 5383 Agrippina
1355 5320 1610 5379 Colonias;
1651 5320 1869 5374 Teulho-

165 5387 306 5438 uicis
372 5387 703 5440 mirantibus
755 5389 816 5440 in
857 5389 1096 5453 juvenili
1156 5388 1326 5440 adhuc
1403 5394 1558 5442 relate
1614 5394 1875 5445 canitiem

167 5469 404 5518 morum,
475 5458 901 5513 conversationis
955 5461 1450 5517 mansuetudinem,
1514 5463 1693 5514 vultus
1746 5477 1870 5526 gra-

169 5527 330 5588 tiam,
381 5528 670 5582 uerborum
712 5531 1012 5586 lenitatem.
1070 5532 1264 5598 Quibus
1314 5531 1555 5598 profecto
1604 5537 1874 5588 virtutum

167 5599 410 5664 indiciis,
449 5601 536 5654 ita
583 5614 709 5656 cum
753 5615 829 5662 eo,
860 5606 932 5657 et
985 5617 1109 5657 eisin
1158 5604 1494 5657 Cluniacensi
1547 5607 1875 5660 monasterio

171 5670 315 5734 regis
359 5674 433 5721 est
471 5672 666 5723 anima
709 5673 980 5738 colligata,
1033 5687 1100 5726 ac
1155 5676 1206 5727 si
1251 5687 1350 5726 res
1391 5675 1504 5739 ipse
1557 5679 1874 5740 perpetuam

1955 4271 2080 4311 cum
2125 4256 2194 4308 eis
2227 4256 2536 4309 amicitiam
2586 4256 2882 4321 pepigisscl.
2932 4257 3144 4310 Henrici
3191 4260 3354 4322 filius,
3396 4260 3661 4318 Henricus

1958 4333 2154 4380 tertius
2200 4329 2394 4386 dictus,
2447 4328 2734 4379 Hunricum
2772 4333 3022 4392 quartum
3066 4331 3273 4394 genuit,
3319 4333 3412 4398 qui
3465 4339 3516 4386 et
3548 4335 3662 4398 ipse

1958 4399 2194 4460 tandem,
2264 4399 2430 4450 veluti
2492 4399 2710 4462 quidam
2759 4399 2947 4451 dicunt
3011 4402 3153 4466 apud
3217 4399 3498 4455 Martinum
3561 4405 3660 4456 Po~

1960 4471 2144 4523 lenam
2203 4469 2297 4522 lib.
2350 4484 2409 4522 iv
2463 4471 2734 4529 Ciironici,
2790 4471 3023 4536 imperio
3096 4472 3316 4526 dimisso
3367 4474 3664 4528 monachus

1889 4581 1940 4640 1)
1965 4539 2362 4640 Ξςίῗέῗίαιξῖζιῆίίε
2382 4543 2732 4640 εεεηείζξοέειξ·
2781 4543 3004 4640 ορξφιέῆ
3054 4556 3218 4640 re"?
3237 4557 3473 4640 ηειξιω...

1966 4615 2088 4676 ejus
2161 4612 2366 4662 0diloni
2439 4613 2744 4665 destinasse
2811 4615 3000 4666 scribit
3057 4615 3358 4678 Damianus,
3422 4616 3666 4670 meminit

1966 4684 2098 4733 item
2151 4695 2460 4746 anonymus
2500 4683 2772 4734 Silviniaci
2823 4685 3117 4737 monachus
3168 4685 3224 4735 in
3260 4685 3371 4738 Vita
3422 4686 3666 4750 ejusdem

1967 4753 2222 4811 0dilonis,
2247 4754 2338 4804 ubi
2375 4755 2466 4815 ait,
2492 4754 2636 4819 quod
2657 4755 2717 4806 in
2749 4769 2874 4807 usus
2906 4767 3210 4822 pauperum
3248 4753 3515 4820 confregit
3545 4759 3664 4822 pluo

1967 4825 2116 4876 rima
2153 4838 2288 4878 rasa
2328 4825 2567 4887 ecclesia,
2598 4830 2648 4878 st
2680 4832 3007 4880 ornamenta
3050 4827 3311 4891 insignia,
3358 4827 3506 4881 inter
3552 4841 3668 4894 qua

1969 4896 2137 4947 etiam
2233 4897 2573 4960 imperialem
2660 4896 2882 4949 Henrici
2957 4899 3305 4962 imperatoris
3389 4912 3670 4952 coronam.

1972 4967 2254 5022 Ducnass.

2035 5038 2169 5104 (128)
2231 5041 2405 5090 txstat
2450 5040 2503 5091 in
2563 5043 2704 5091 tomo
2764 5038 2809 5090 li
2871 5039 3144 5106 Spicilegii
3209 5039 3451 5096 Dacherii
3527 5042 3669 5104 beati

1975 5108 2213 5162 0dil0nis
2271 5108 2499 5174 epistola
2555 5109 2620 5160 ad
2671 5109 2914 5179 iGarsiam
2983 5123 3168 5174 regem
3236 5113 3496 5173 Navarm,
3563 5125 3673 5179 qua

1976 5180 2239 5254 ejusdem
2320 5193 2479 5246 opem
2560 5178 2810 5245 implorat
2895 5186 3137 5254 tempore
3231 5183 3404 5236 famis.
3497 5178 3676 5245 Quare

1978 5251 2315 5304 liabillonins
2397 5263 2462 5304 ea
2545 5255 2831 5305 occasione
2914 5251 3088 5316 ipsam
3161 5257 3412 5320 scriptam
3472 5256 3670 5314 credit.

1978 5327 2225 5377 Asoxm.

2047 5395 2184 5455 (l29)
2250 5394 2323 5446 De
2372 5405 2478 5458 quo
2527 5395 2580 5445 et
2619 5394 2736 5457 ipse
2790 5394 3074 5446 Damianns
3134 5397 3678 5460 postea:Pralersa,

1979 5469 2169 5529 inquit,
2208 5477 2331 5517 cum
2365 5464 2453 5516 vir
2496 5465 2814 5518 venerabilis
2848 5465 2996 5530 apud
3044 5469 3341 5532 quamdam
3394 5470 3666 5526 ecclesiam

1978 5535 2313 5595 monasterii,
2349 5535 2492 5601 quod
2536 5535 2741 5592 dicitur
2780 5537 2936 5590 Vallis
2986 5542 3183 5602 Aurea,
3216 5537 3394 5594 cibum
3433 5546 3672 5606 caperet.

1978 5608 2262 5662 DUCBBSN.
3109 5627 3126 5646 ο
