4118 6470
314 257 419 318 915

946 258 1003 317 S.
1046 255 1270 316 PETRI
1309 250 1633 313 DAMIANI
1672 249 1829 310 OPP.
1873 250 2064 312 PARS
2105 251 2245 313 SEU
2282 254 2532 317 TOMUS
2569 258 2644 316 ΙΙ.
2684 290 2754 303 -
2794 258 3206 320 SEBMONES.

3707 260 3818 321 916

312 385 688 455 contaminat,
721 386 768 443 si
810 392 988 443 rotam
1042 392 1254 441 nostra)
1304 377 1623 437 nativitatis
1665 378 2090 449 inﬂammat,A
2114 378 2237 437 sive
2291 381 2465 440 etiam
2513 383 2911 443 aadiﬁcationis
2959 382 3133 441 verba
3186 382 3546 457 proferendo,
3591 384 3818 443 studeat

314 475 373 534 id
413 478 501 533 est
538 472 588 531 si
618 487 788 532 omne
818 471 1093 529 meritum
1124 466 1412 528 instabilis
1441 466 1617 541 hujus
1653 465 1791 524 vitae
1818 472 2029 524 nostra;

314 577 439 623 suae
496 560 883 640 damnationis
938 557 1205 616 incendio
1258 557 1532 627 devorat,
1594 556 1709 614 nisi
1768 555 2027 629 linguam

313 666 482 710 suam
545 648 678 722 quis
721 648 962 706 discreta
1005 645 1395 704 moderatione
1448 643 1748 714 custodiat,
1790 643 1922 717 quis
1958 643 2030 700 de

317 740 658 809 sobrietate,
711 740 843 809 quis
895 738 968 795 de
1021 737 1273 794 castitate
1327 749 1709 808 praesumere,
1767 733 1901 808 quis
1957 734 2029 790 de

307 828 569 904 jejuniis,
625 826 749 885 sive
807 824 1056 899 vigiliis,
1113 832 1215 884 aut
1268 824 1465 899 aliqua
1522 838 1582 881 se
1627 823 1832 896 poterit
1881 821 2029 880 bona

310 917 639 992 operatione
663 916 917 990 jactare?

388 1009 682 1067 Ponamus
735 1021 870 1080 ergo
902 1052 917 1076 ,
976 1006 1178 1064 fratres
1242 1002 1613 1072 charissimi,
1668 1002 1899 1060 frenum
1941 1001 2029 1059 ori

321 1105 543 1168 nostro;
609 1113 725 1156 non
787 1113 863 1154 ex
904 1111 971 1155 eo
1019 1096 1193 1153 verba
1230 1093 1493 1161 scurrilia
1543 1092 1862 1165 prodeant,
1908 1106 2027 1149 non

320 1191 499 1250 ﬂuxae
527 1189 743 1247 laetitiae
774 1189 1028 1247 fomenta
1064 1176 1472 1258 prorumpant;
1519 1199 1635 1241 non
1677 1183 1880 1256 lingua
1922 1196 2028 1239 no-

323 1288 439 1339 stra
485 1279 677 1337 fratris
715 1277 935 1336 inﬁrmi
983 1277 1162 1334 vitam
1206 1275 1544 1333 detractorie
1591 1271 1876 1343 mordeat;
1912 1286 2029 1328 non

318 1367 466 1427 bene
494 1365 778 1426 currentis
826 1381 995 1440 opera
1033 1364 1143 1423 sub
1192 1363 1324 1421 vitae
1363 1363 1540 1437 hujus
1575 1363 1792 1420 incerto
1836 1361 2033 1435 praeci-

317 1457 568 1531 pitanter
615 1455 897 1521 extollat;
956 1469 1072 1511 non
1131 1451 1419 1527 praeterita
1482 1452 1673 1520 facta,
1737 1449 1828 1509 vel
1880 1449 2031 1507 dicta

318 1549 570 1609 inaniter
642 1547 872 1614 recitet;
945 1560 1065 1604 non
1141 1542 1285 1615 quid
1354 1548 1499 1606 390
1563 1557 1598 1598 a
1657 1540 2031 1601 saecularibus

322 1642 527 1711 agatur
572 1637 726 1694 inter
779 1636 984 1694 fratres
1038 1634 1377 1708 pestilenter
1424 1637 1684 1703 enarret;
1737 1645 2036 1689 servemus

2108 484 2233 527 eam
2278 471 2589 531 salubriter
2633 489 2923 541 exercere,
2966 489 3037 531 ne
3071 473 3168 532 cui
3204 487 3366 531 nunc
3407 473 3570 531 ardet
3613 472 3820 545 lingua

2107 557 2170 616 in
2226 558 2502 632 loquendi
2546 561 3032 635 concupiscentia,
3071 560 3457 620 damnationis
3493 576 3620 621 suae
3662 567 3819 636 post-

2119 647 2358 707 modum
2414 650 2790 710 comburatur
2830 652 2891 708 in
2938 665 3129 724 paena.
3176 650 3378 724 Neque
3423 649 3581 709 enim
3630 651 3821 724 negli-

2110 745 2315 812 genter
2351 737 2713 799 audiendum
2747 745 2833 797 est
2860 739 3013 814 quod
3052 738 3216 797 dives
3252 737 3349 796 ille
3384 737 3611 813 petebat
3647 738 3819 798 refri-

2109 826 2300 899 gerari
2356 828 2620 901 linguam
2670 843 2856 899 suam,
2896 828 3035 902 quia
3070 825 3439 885 cruciabatur
3475 827 3537 885 in
3580 827 3818 887 ﬂamma

2112 920 2262 985 (Luc.
2323 922 2472 986 XVI).
2523 917 2673 987 Quia
2727 918 2905 988 enim,
2953 917 3124 991 juxta
3167 916 3535 990 apostolicam
3581 924 3817 977 senten-

2112 1005 2270 1073 tiam,
2314 1005 2575 1064 humana
2609 1006 2812 1079 lingua
2849 1022 2883 1066 a
2921 1006 3209 1079 gehenna,
3249 1005 3355 1063 hoc
3387 1011 3472 1064 est
3515 1021 3550 1063 a
3594 1006 3815 1078 gehen-

2115 1094 2348 1153 nalibus
2396 1093 2620 1165 incolis,
2680 1110 2839 1153 nunc
2875 1094 3087 1153 dicitur
3133 1094 3482 1153 inﬂammari
3531 1100 3664 1164 (Jac.
3693 1098 3814 1167 III);

2112 1200 2230 1243 non
2263 1183 2551 1242 immerito
2576 1183 2942 1257 postmodum
2968 1183 3221 1243 ﬂammis
3250 1183 3558 1244 ultricibus
3587 1185 3813 1253 tradita,

2112 1290 2242 1334 cum
2279 1274 2495 1333 eisdem
2536 1274 2714 1334 simul
2741 1283 2995 1335 meretur
3032 1275 3219 1340 aduri.
3268 1275 3428 1335 Unde
3457 1292 3571 1337 non
3612 1277 3824 1337 incon-

2115 1380 2259 1440 grue
2313 1365 2385 1424 de
2440 1380 2710 1439 perversa
2747 1365 2950 1440 lingua
2986 1383 3088 1441 per
3127 1368 3327 1427 virum
3372 1369 3686 1443 sapientem
3728 1370 3821 1430 di-

2115 1455 2266 1513 citur
2324 1478 2335 1511 :
2400 1476 2420 1502 α
2475 1454 2544 1512 In
2606 1455 2858 1526 ﬂamma,
2916 1455 3128 1530 inquit,
3182 1472 3290 1515 sua
3354 1472 3467 1516 non
3523 1459 3827 1519 comburet

2111 1543 2320 1618 justos.
2371 1542 2482 1613 Qui
2556 1542 2893 1618 relinquunt
2942 1545 3167 1616 Deum,
3223 1544 3481 1604 incident
3520 1544 3581 1604 in
3633 1547 3822 1618 illam,

2119 1632 2420 1691 exardebit
2448 1633 2506 1691 in
2540 1632 2679 1704 illis,
2709 1640 2764 1693 et
2793 1650 2910 1694 non
2938 1635 3364 1710 exstinguetur,
3399 1642 3452 1695 et
3479 1635 3828 1696 immittetur

321 1733 379 1786 et
403 1740 509 1783 nos
566 1725 721 1799 quod
757 1723 974 1783 Paulus
996 1723 1451 1783 'Colossensibus
1476 1720 1755 1796 praecipit,
1787 1720 1984 1779 dicens
2015 1744 2027 1779 :
2056 1720 2185 1795 Bin
2217 1720 2370 1791 illos,
2402 1723 2569 1796 quasi
2608 1722 2697 1781 leo
2732 1729 2789 1781 et
2820 1722 2988 1798 quasi
3017 1723 3230 1796 pardus
3257 1721 3427 1783 laedet
3461 1724 3597 1784 illos
3629 1728 3825 1793 (Eccli.

326 1835 355 1868 α
392 1812 594 1873 Sermo
622 1820 813 1871 vester
840 1828 1066 1887 semper
1100 1813 1163 1870 in
1189 1811 1373 1886 gratia
1404 1809 1523 1869 sale
1549 1811 1623 1869 sit
1651 1809 1936 1879 conditus,
1966 1815 2033 1867 ut

324 1902 515 1963 sciatis
581 1901 873 1975 quomodo
934 1905 1189 1974 oporteat
1252 1914 1356 1958 vos
1410 1897 1732 1971 unicuique
1796 1912 2029 1970 respon-

321 1990 457 2049 dere
496 1991 632 2059 (Col.
675 1995 784 2058 IV).
830 2011 853 2041 ι
907 1988 992 2048 Sit
1046 1989 1222 2062 igitur
1273 1986 1472 2061 lingua
1518 1991 1711 2046 nostra
1756 1986 2031 2058 modesta,

323 2077 536 2150 sobria,
576 2077 841 2151 discreta,
886 2078 1127 2153 pudica;
1164 2077 1239 2134 sit
1278 2076 1395 2135 oris
1433 2075 1615 2135 nostri
1652 2074 1835 2134 saliva
1869 2075 2034 2150 virgo

327 2165 422 2224 die
475 2162 799 2235 cressente,
856 2173 912 2225 et
950 2165 1065 2224 nisi
1113 2164 1377 2224 utilitatis
1418 2164 1637 2224 occasio
1682 2164 2031 2238 praebeatur,

322 2272 513 2331 usque
558 2256 619 2315 in
663 2257 1002 2327 crastinum,
1057 2255 1180 2315 sive
1222 2254 1494 2328 perendie
1534 2255 1866 2328 incorrupta
1912 2269 2033 2312 ser-

325 2351 512 2407 vetur.

399 2437 669 2507 Portatis,
727 2436 931 2496 fratres
982 2437 1116 2506 mei,
1168 2436 1493 2505 vobiscum,
1541 2435 1777 2509 portatis
1816 2435 2035 2493 clavem

330 2524 573 2590 cellulae,
609 2531 823 2598 portate
862 2532 916 2583 et
944 2524 1165 2584 clavem
1213 2525 1467 2598 linguae;
1508 2523 1798 2598 opponitis
1836 2538 2036 2597 pessu-

329 2613 456 2674 lum
494 2614 659 2685 ostio,
702 2614 969 2672 adhibete
1002 2614 1318 2673 retinacula
1364 2613 1669 2672 salubriter
1699 2613 1785 2670 ori
1826 2619 2036 2671 vestro.

326 2704 554 2774 Auceps
581 2716 700 2761 non
726 2702 947 2760 emittet
973 2702 1298 2777 accipitrem
1324 2751 1335 2771 ,
1364 2701 1478 2759 nisi
1503 2716 1768 2760 anserem
1805 2700 1997 2758 videat
2024 2746 2036 2769 ,

331 2796 387 2850 ct
437 2791 757 2851 monachus
813 2789 1051 2850 dimittit
1110 2791 1369 2864 linguam
1424 2806 1611 2860 suam,
1666 2789 1716 2846 si
1767 2786 2043 2862 loquendi

332 2880 643 2938 necessitas
670 2894 788 2937 non
818 2878 1095 2957 assistat?
1124 2879 1483 2953 Dedignatur
1521 2885 1757 2936 venator
1784 2876 2041 2935 catulum

339 2966 585 3039 solvere,
614 2967 727 3026 nisi
768 2967 935 3041 lepus
968 2975 1270 3041 appareat;
1304 2969 1572 3026 viliorem
1608 2967 1816 3024 habeat
1842 2980 2046 3023 mona-

338 3059 485 3116 chus
528 3056 793 3129 linguam
836 3071 1025 3125 suam,
1058 3072 1235 3130 quam
1277 3054 1347 3113 ad
1388 3055 1612 3113 nullius
1658 3054 1923 3123 salutem,
1954 3054 2041 3111 vel

340 3145 712 3205 commodum
769 3144 1055 3203 inutiliter
1098 3142 1325 3202 solvat?
1358 3142 1540 3202 Sudat
1577 3142 1724 3216 lapis
1757 3142 1820 3199 in
1865 3157 2045 3201 manu

341 3232 806 3308 oppugnantium
847 3232 1087 3303 mmnia,
1119 3239 1175 3290 et
1204 3231 1493 3290 incassum
1526 3231 1678 3291 volet
1710 3230 1952 3291 verbum
1979 3232 2050 3290 de

341 3338 441 3383 ore
467 3323 672 3382 stantis
699 3323 762 3382 in
794 3331 1007 3382 sanctae
1055 3322 1280 3382 militia:
1323 3321 1672 3396 disciplina?
1710 3324 1897 3381 Arcus
1926 3322 2050 3381 fru-

340 3420 457 3473 stra
496 3412 667 3472 ﬂexis
707 3412 984 3471 cornibus
1022 3428 1137 3471 non
1192 3411 1532 3478 intenditur.
1575 3419 1631 3471 et
1670 3410 1948 3470 rationale
1991 3426 2055 3470 os

348 3500 419 3561 ad
456 3500 807 3560 eﬂ‘undenda
843 3501 1057 3576 passim
1093 3502 1384 3575 superﬂua
1421 3499 1756 3560 reseratur?
1797 3499 2057 3559 Parcitur

353 3594 662 3667 pharetrae,
708 3598 772 3650 ut
820 3608 895 3650 ex
939 3608 1005 3649 ea
1048 3592 1250 3666 sagitta
1302 3591 1506 3650 leviter
1546 3607 1658 3650 non
1696 3596 1899 3660 exeat;
1940 3606 2055 3650 non

358 3681 615 3757 parcitur
655 3680 894 3754 linguae,
947 3689 1013 3740 ut
1060 3679 1303 3739 mordax
1354 3680 1412 3737 in
1456 3678 1774 3753 quemlibet
1813 3678 2056 3738 verbum

350 3771 513 3831 velut
540 3772 719 3831 ictum
744 3771 1008 3830 vulneris
1027 3787 1140 3831 non
1173 3769 1443 3843 inﬂigat?

422 3860 571 3931 Quid
621 3862 693 3919 ad
743 3861 884 3931 haec,
941 3861 1163 3930 fratres,
1221 3858 1513 3919 dicimus?
1566 3875 1681 3936 qua
1737 3874 1841 3917 nos
1885 3873 2063 3931 argu-

360 3953 715 4011 mentatione
745 3950 1075 4022 defendere,
1113 3965 1227 4024 qua
1258 3964 1569 4022 possumus
1612 3947 1918 4008 artiﬁciosa
1963 3963 2068 4007 nos

353 4043 725 4102 excusatione
756 4039 1039 4116 purgare?
1074 4040 1348 4116 Nunquid
1376 4056 1493 4099 non
1527 4039 1757 4099 facilius
1780 4044 1866 4097 est
1893 4044 2068 4110 atque

357 4131 729 4205 tranquillius
760 4131 942 4190 facere
982 4146 1161 4204 quam
1209 4128 1415 4203 loqui?
1456 4129 1731 4205 Nunquid
1760 4143 1877 4187 non
1908 4127 2067 4186 labo-

355 4220 570 4279 riosius
597 4229 682 4277 est
706 4220 974 4292 linguam
1000 4235 1098 4292 per
1124 4226 1204 4277 tot
1231 4218 1477 4293 prolixae
1501 4215 1864 4294 loquacitatis
1894 4216 2070 4275 verba

358 4307 686 4367 discurrere
714 4322 893 4379 quam
919 4306 978 4363 in
1012 4322 1118 4364 suo
1147 4307 1401 4380 quietam
1425 4306 1657 4364 silentio
1688 4320 2026 4379 permanere
2044 4302 2073 4362 ἱ)

362 4396 529 4456 Unde
571 4410 687 4454 non
745 4395 1037 4454 immerito
1090 4396 1161 4454 de
1205 4394 1557 4468 quibusdam
1605 4411 1706 4470 per
1758 4394 2065 4453 Jeremiam

359 4486 575 4547 dicitur
614 4507 629 4544 :
685 4508 706 4539 ι
732 4485 1065 4546 Docuerunt
1108 4484 1369 4559 linguam
1409 4501 1575 4545 suam
1622 4484 1780 4559 loqui
1829 4485 2065 4545 menda-

363 4578 556 4650 cium;
611 4584 677 4638 ut
726 4577 929 4652 inique
982 4581 1218 4651 agerent
1261 4576 1668 4636 laboraverunt
1715 4578 1838 4650 (Jer.
1899 4580 2001 4650 Iv).
2036 4597 2065 4631 η

362 4669 680 4729 Laborasse
735 4683 987 4742 namque
1036 4667 1332 4737 dicuntur,
1392 4671 1457 4725 ut
1515 4666 1784 4741 nequiter
1834 4671 2070 4740 agerent

363 4758 467 4837 qui
510 4757 747 4816 tacendo
775 4756 979 4832 utique
1013 4755 1141 4814 sine
1185 4759 1410 4828 peccato
1441 4752 1655 4814 melius
1688 4754 2066 4829 quievissent.

364 4851 436 4910 Et
489 4848 541 4908 si
592 4848 740 4907 forte
775 4846 1095 4923 quemlibet
1140 4847 1373 4904 fratrem
1411 4844 1472 4902 in
1519 4844 1720 4918 lingua
1767 4861 1827 4904 se
1855 4844 2072 4919 jugiter

365 4938 605 5016 fatigare
655 4937 927 5009 delectat,
985 4936 1238 4996 Paulum
1287 4933 1484 4994 audiat
1547 4934 1699 5008 quod
1756 4933 2072 4994 Corinthiis

367 5031 518 5092 dicat
559 5051 571 5090 :
609 5050 637 5083 ι
668 5027 818 5098 Quid
858 5042 1012 5102 ergo,
1055 5023 1304 5086 fratres?
1343 5040 1482 5084 cum
1518 5021 1862 5096 convenitis,
1894 5038 2072 5084 unus-

366 5120 618 5194 quisque
655 5124 911 5178 vestrum
951 5116 1241 5191 psalmum
1283 5114 1476 5185 habet,
1516 5112 1839 5173 doctrinam
1880 5112 2072 5183 habet,

367 5208 756 5286 Apocalypsin
820 5206 1021 5276 habet,
1077 5205 1340 5279 linguam
1399 5204 1609 5274 habet,
1664 5202 2077 5277 interpretatio-

368 5316 502 5362 nem
562 5299 738 5360 habet
773 5322 787 5357 :
843 5296 1040 5358 omnia
1076 5297 1146 5355 ad
1187 5295 1631 5356 aediﬁcationem
1676 5295 1821 5355 ﬁant
1859 5298 1910 5359 (Ι
1953 5296 2074 5353 Cor.

366 5397 518 5457 XIV).
549 5409 580 5443 to

446 5477 508 5537 Si
546 5493 721 5552 quem
755 5494 891 5554 ergo
926 5476 1099 5538 tmdet
1138 5474 1397 5552 linguam
1437 5491 1603 5536 suam
1640 5475 1827 5550 rigida
1861 5472 2078 5534 silentii

377 5582 622 5628 censura
674 5582 1032 5643 compescere
1055 5613 1070 5639 ,
1121 5565 1359 5638 orando,
1418 5566 1716 5640 psallendo
1739 5615 1755 5636 ,
1815 5564 2077 5639 legendo,

2117 1815 2353 1882 XXVIII).
2384 1835 2410 1859 ι»
2443 1811 2596 1870 Illud
2618 1811 2793 1870 etiam
2820 1816 2960 1875 391
2993 1818 3229 1886 quantas
3265 1811 3581 1885 formidini,
3611 1820 3828 1889 quanto

2117 1902 2287 1961 nobis
2338 1901 2507 1960 debet
2543 1917 2668 1961 esse
2703 1902 2907 1961 terrori
2948 1904 3102 1976 quod
3137 1903 3363 1963 Veritas
3397 1905 3480 1963 ait
3526 1928 3539 1964 :
3588 1925 3616 1959 ‹‹
3644 1905 3828 1965 Omne

2117 1989 2363 2050 verbum
2395 1989 2666 2059 otiosum,
2703 1990 2857 2063 quod
2906 1990 3080 2050 locuti
3117 1991 3334 2051 fuerint
3371 1991 3655 2065 homines,
3695 1992 3828 2052 red-

2117 2079 2255 2138 dent
2282 2079 2353 2138 de
2382 2094 2449 2137 eo
2475 2078 2754 2137 rationem
2783 2079 2847 2137 in
2877 2079 2971 2138 die
2991 2079 3198 2154 judicii
3228 2081 3446 2153 (Matth.
3478 2081 3606 2153 xu).
3636 2102 3665 2132 ι»

2190 2168 2409 2226 Audiat
2473 2167 2678 2240 lingua
2741 2167 3076 2240 vaniloqua,
3124 2167 3321 2227 audiat
3371 2168 3575 2243 lingua
3624 2168 3824 2241 otiosa,
3916 2240 3919 2241 ν

2120 2259 2319 2318 audiat
2368 2258 2570 2332 lingua
2613 2257 2889 2317 scabiosa.
2946 2255 3238 2329 Scabiosa,
3291 2259 3556 2335 inquam,
3599 2260 3827 2334 lingua,

2121 2363 2254 2422 quae
2301 2345 2464 2404 velut
2513 2344 2761 2404 scabiem
2801 2345 3116 2420 quamdam
3151 2354 3321 2422 atque
3358 2348 3647 2422 pruritum
3681 2348 3831 2424 pati-

2124 2444 2241 2507 tur,
2309 2435 2425 2494 nisi
2477 2450 2706 2509 semper
2761 2442 2930 2495 acuto
2979 2436 3404 2510 quodammodo
3458 2453 3833 2513 supervacua

2123 2524 2428 2585 locutionis
2467 2540 2667 2598 ungue
2709 2525 3014 2597 scalpatur.
3058 2525 3272 2585 Audiat
3315 2530 3371 2584 et
3413 2533 3697 2602 pavescat,
3736 2527 3837 2586 in-

2123 2615 2343 2689 telligat
2393 2621 2449 2673 et
2499 2619 2615 2672 tam
2658 2615 2975 2673 terribilem
3027 2615 3368 2674 sententiam
3419 2617 3831 2691 perhorrescat.

2124 2702 2341 2760 Audiat
2377 2709 2652 2760 terrorem
2675 2702 2878 2776 judicii
2917 2703 2988 2761 de
3032 2719 3131 2762 ore
3157 2704 3345 2776 ipsius
3367 2705 3705 2775 judicaturi.
3741 2706 3836 2763 An

2126 2805 2239 2848 non
2295 2789 2467 2848 habet
2505 2805 2679 2848 aures
2716 2796 2779 2846 ut
2818 2791 2997 2862 possit
3043 2790 3266 2862 audire,
3307 2806 3442 2864 quae
3488 2799 3545 2850 et
3590 2808 3834 2851 manum

2127 2877 2299 2935 habet
2332 2884 2396 2936 ut
2443 2876 2623 2950 possit
2669 2875 2974 2935 occidere?
3024 2899 3053 2931 .u
3086 2876 3239 2936 Mors
3281 2877 3441 2935 enim
3493 2883 3548 2936 et
3597 2878 3718 2936 vita
3771 2878 3838 2938 in

2128 2982 2306 3026 manu
2330 2966 2551 3039 linguae
2581 2969 2763 3034 (Prov.
2786 2970 2981 3035 XVIII).
3002 2985 3030 3019 »
3066 2966 3279 3026 Audiat
3301 2982 3436 3042 ergo
3461 2967 3619 3041 quod
3642 2983 3716 3026 ex
3742 2982 3843 3027 ore

2135 3053 2402 3113 Veritatis
2468 3055 2713 3126 dicitur;
2780 3061 2837 3114 et
2888 3054 3089 3114 subtili
3141 3055 3510 3116 meditatione
3571 3055 3844 3116 discutiat

2133 3146 2287 3221 quod
2344 3146 2602 3205 minatur
2658 3165 2669 3203 :
2734 3146 2975 3206 «Omne
3009 3191 3023 3215 ,
3081 3146 3321 3221 inquit,
3383 3146 3628 3206 verbum
3694 3147 3841 3207 otio-

2134 3250 2289 3303 sum,
2317 3233 2471 3308 quod
2500 3233 2675 3294 locuti
2709 3235 2927 3293 fuerint
2956 3234 3251 3306 homines,
3284 3235 3524 3294 reddent
3555 3234 3842 3294 rationem

2135 3323 2206 3382 de
2242 3339 2310 3383 eo
2346 3324 2407 3382 in
2448 3323 2542 3382 die
2563 3323 2770 3398 judicii
2822 3326 3045 3391 (Matth.
3084 3328 3216 3392 XII).
3245 3344 3272 3377 ι)
3320 3324 3613 3384 Ponatnus
3649 3325 3847 3401 itaque

2136 3419 2200 3472 ut
2227 3414 2476 3473 otiosum
2508 3413 2774 3481 verbum,
2816 3412 2863 3471 si
2903 3419 3100 3472 contra
3142 3429 3320 3472 sacrae
3361 3413 3674 3488 Scripturaa
3707 3429 3845 3472 sen-

2139 3503 2348 3562 tentias
2396 3504 2482 3561 fas
2531 3508 2617 3561 est
2653 3501 2865 3575 dicere,
2899 3503 3026 3562 leve
3064 3504 3137 3561 sit
3186 3510 3244 3562 et
3279 3505 3561 3577 exiguum
3603 3504 3846 3563 omnino

2141 3600 2459 3666 peccatum,
2492 3593 2591 3651 sed
2613 3592 2753 3666 quid
2782 3593 2947 3652 milio
2976 3592 3257 3653 brevius?
3275 3593 3419 3668 quid
3439 3609 3628 3668 penna
3656 3593 3849 3654 levius

2142 3683 2488 3744 invenitur?
2521 3683 2931 3742 Verumtamen
2969 3684 3016 3742 si
3044 3699 3390 3757 pennarum,
3424 3685 3515 3742 vel
3548 3682 3845 3743 mitiorum

2142 3771 2594 3833 innumerabilis
2631 3772 2945 3833 multitudo
2973 3773 3322 3848 congeritur,
3372 3788 3603 3832 necesse
3644 3778 3729 3832 est
3783 3778 3849 3833 ut

2143 3863 2428 3939 portantis
2453 3862 2675 3932 cervix,
2707 3861 2873 3920 velut
2902 3861 3011 3921 sub
3035 3863 3198 3935 gravi
3230 3862 3420 3936 lapide
3453 3861 3847 3919 immoderan-

2146 3953 2266 4011 tius
2290 3967 2501 4026 pressa,
2538 3951 2856 4025 frangatur.
2908 3950 2988 4007 Ex
3020 3951 3401 4010 humentibus
3432 3965 3663 4027 quoque
3689 3949 3852 4009 saxis

2151 4041 2339 4100 tenuis
2372 4040 2609 4115 quidem
2648 4045 2705 4097 et
2736 4055 2865 4098 rara
2897 4045 3058 4113 gutta
3093 4040 3353 4109 distillat,
3384 4040 3485 4099 sed
3523 4039 3573 4098 si
3611 4054 3714 4098 vas
3748 4054 3856 4097 su-

2150 4131 2315 4190 besse
2350 4128 2533 4203 spatio
2570 4127 2828 4202 longiore
2867 4128 3239 4203 permittitur,
3285 4130 3366 4187 ita
3398 4129 3641 4203 plenum
3689 4141 3757 4185 ac
3804 4127 3856 4185 si

2151 4220 2443 4295 proﬂuens
2480 4218 2637 4277 unda
2671 4219 2998 4277 decurreret
3025 4218 3346 4277 invenitur.
3378 4217 3579 4276 Parvae
3615 4215 3858 4290 quidem

2154 4310 2251 4369 sed
2304 4309 2633 4368 innumeras
2679 4306 2886 4365 cinites
2934 4307 3168 4381 superbi
3210 4306 3527 4366 Pharaonis
3574 4311 3631 4363 et
3674 4305 3859 4364 totius

2080 4442 2129 4503 Β
2155 4397 2389 4472 ZEgypti
2426 4397 3085 4503 superaverejvirtuLtem
3115 4398 3312 4503 (Pa-od.
3360 4394 3681 4491 Iit-Breve
3711 4400 3859 4452 tem-

2154 4503 2263 4562 pus
2300 4493 2386 4546 est
2433 4487 2595 4555 hora,
2629 4485 2727 4543 sed
2765 4484 2906 4543 dum
2945 4485 3086 4543 hora
3126 4485 3288 4542 horas
3324 4481 3601 4540 continua
3629 4496 3866 4540 succes-

2154 4579 2316 4638 sione
2347 4577 2746 4651 eonjungitur,
2803 4576 2980 4633 totius
3034 4575 3172 4632 vitae
3222 4577 3436 4631 nostras
3486 4586 3692 4631 cursus
3743 4570 3864 4631 im.-

2152 4666 2362 4741 pletur.
2897 4676 2904 4683 '

2227 4757 2410 4815 Nemo
2450 4754 2645 4827 itaque
2695 4752 3067 4825 semetipsum
3119 4748 3384 4823 decipiat,
3441 4748 3644 4809 fratres
3702 4738 3858 4818 mei;

2157 4844 2257 4906 sed
2295 4849 2616 4918 peccatum,
2643 4840 2801 4916 quod
2846 4840 2977 4899 leve
3014 4838 3325 4898 arbitratur
3360 4853 3506 4910 esse,
3538 4836 3678 4896 dum
3714 4851 3862 4911 pen-

2158 4942 2267 5008 sat,
2318 4949 2490 5009 grave
2538 4931 2805 4992 videatur
2847 4931 2907 4990 in
2959 4931 3085 5004 ejus
3124 4929 3527 5000 mstimatione,
3576 4942 3713 4987 cum
3758 4941 3865 4985 nu-

2160 5032 2362 5085 merat.
2395 5024 2542 5096 Quid
2563 5023 2721 5083 enim
2746 5022 2953 5083 durius
2966 5019 3150 5080 saxo?
3179 5018 3326 5089 Quid
3354 5033 3508 5092 aqua
3534 5014 3816 5091 liquidius
3833 5013 3865 5072 ?

2159 5122 2216 5175 et
2245 5123 2432 5176 tamen
2461 5131 2496 5174 a
2517 5113 2768 5188 quodam
2801 5110 3056 5184 sapiente
3093 5106 3330 5181 (Ovidio)
3362 5105 3574 5164 dicitur
3603 5123 3619 5162 :

2325 5216 2481 5268 Gutta
2507 5220 2655 5266 cavat
2684 5210 2927 5275 lapidem,
2952 5207 3273 5258 consumitur
3300 5203 3522 5255 annulus
3558 5216 3670 5253 usu.

2234 5293 2526 5354 Nimirum
2588 5297 2643 5350 et
2704 5288 2896 5350 omnis
2946 5286 3163 5346 animas
3210 5287 3421 5342 nostrae
3485 5280 3745 5342 soliditas
3800 5293 3868 5336 ac

2166 5383 2442 5444 fortitudo
2503 5381 2822 5442 destruitur
2853 5421 2868 5449 ,
2929 5377 2980 5436 si
3039 5371 3289 5434 assiduis
3344 5368 3761 5431 inundantium
3811 5372 3869 5426 et

2170 5468 2596 5547 quodammodo
2629 5465 2983 5544 pluvialium
3010 5460 3318 5522 verborum
3355 5458 3620 5519 ﬂuxibus
3663 5461 3870 5514 attera-

2170 5569 2287 5634 tur,
2316 5560 2585 5637 quamvis
2615 5564 2672 5619 et
2696 5556 2899 5617 leviter
2927 5568 2989 5613 se
3015 5565 3278 5629 peccasse
3304 5548 3438 5627 quis
3461 5550 3713 5619 asserat,
3737 5557 3872 5604 cum
