4118 6438
243 286 348 347 917
1502 311 1535 341 ς

1722 290 1971 350 SERMO
2010 291 2271 350 LXXIII.

3638 275 3750 337 918

245 413 556 488 Apostolus
588 411 740 470 dicat
770 431 782 470 :
817 433 839 463 ι
874 413 984 482 Qui
1021 413 1206 487 legem
1247 415 1520 488 praterit,
1552 415 1737 475 Deum
1776 417 2339 492 inho-Apendenda
2389 419 2556 478 nobis
2603 421 2869 480 videntur
2909 426 2964 479 et
3007 417 3177 482 levia,
3209 412 3307 473 sed
3345 424 3481 469 cum
3518 405 3588 464 ad
3615 417 3747 492 ora:

244 507 410 561 norat
473 505 644 575 (Rom.
701 503 783 570 II).
830 522 858 555 »
917 501 1089 565 Porro
1147 502 1344 561 otiosis
1398 504 1594 563 verbis
1645 513 1907 564 assuetus
1939 551 1953 576 ,

245 589 468 664 duplici
499 589 702 663 procul
734 589 914 648 dubio
943 589 1128 663 culpa
1158 590 1390 650 videtur
1425 592 1734 664 obnoxius,
1762 594 1863 667 qui
1903 599 1958 652 et

245 680 478 740 divinas
517 679 738 748 laudes,
794 679 864 737 ad
926 695 1070 754 quas
1121 681 1377 739 humana
1427 682 1677 740 conditio
1726 683 1956 742 assidue

248 776 607 845 provocatur,
641 768 856 842 abjicit,
898 774 953 826 et
997 769 1306 842 superﬂua
1345 769 1710 842 loquacitati,
1760 788 1793 829 a
1840 787 1956 846 qua

247 859 604 933 prohibetur,
669 857 904 926 insistit,
963 858 1111 916 sicut
1160 858 1231 915 de
1279 858 1623 933 quibusdam
1678 860 1958 918 Jeremias

252 947 392 1006 dicit
432 965 445 1003 :
497 972 524 996 α
550 945 677 1004 Duo
717 945 867 1002 mala
901 943 1035 1002 fecit
1081 945 1326 1019 populus
1376 962 1581 1005 meus:
1620 963 1714 1006 me
1755 948 1958 1008 dereli-

254 1040 508 1106 querunt
544 1035 761 1093 fontem
790 1049 958 1108 aqua
994 1033 1166 1103 viva,
1202 1041 1258 1093 et
1300 1034 1569 1094 foderunt
1599 1037 1707 1094 sibi
1756 1037 1958 1095 cister-

255 1141 360 1184 nas
402 1126 724 1200 dissipatas,
757 1141 887 1198 qua
917 1124 1212 1183 continere
1238 1139 1354 1182 non
1395 1125 1587 1183 valent
1619 1141 1799 1201 aquas
1829 1126 1954 1198 (Jer.

253 1215 433 1285 xu);-
493 1216 636 1287 Qua
692 1215 975 1274 nimirum
1037 1217 1331 1290 propheta
1385 1218 1598 1283 verba,
1647 1218 1818 1274 etiam
1886 1218 1956 1275 de

250 1305 431 1362 otiosa
470 1304 847 1378 loquentibus
898 1308 1143 1377 possunt
1178 1320 1293 1363 non
1346 1305 1819 1363 inconvenienter
1863 1305 1956 1362 in-

248 1394 454 1468 telligi,
498 1394 595 1471 qui
631 1393 912 1452 nimirum
942 1393 1215 1452 derelicto
1254 1395 1410 1453 fonte
1446 1410 1612 1467 aqua
1642 1393 1817 1464 viva,
1852 1393 1959 1451 hoc

253 1492 355 1556 est,
388 1485 699 1561 postposito
726 1485 904 1543 verbo
933 1485 1090 1554 vita,
1123 1499 1223 1543 ora
1269 1499 1375 1543 sua
1405 1483 1678 1542 cisternas
1715 1482 1955 1551 faciunt,

251 1590 324 1633 ex
380 1573 598 1649 quibus
658 1587 776 1631 non
826 1573 1009 1644 novi,
1065 1572 1162 1631 sed
1215 1572 1426 1631 veteris
1475 1570 1729 1629 hominis
1783 1570 1958 1629 verba

251 1663 572 1737 proferunt,
615 1660 1106 1735 quemadmodum
1152 1675 1266 1718 non
1323 1665 1605 1719 recentem
1659 1659 1730 1717 de
1779 1659 1956 1732 fonte,

2039 490 2263 566 tionum
2321 516 2534 568 secreta
2596 511 2986 576 recurrimus,
3042 506 3278 565 reducta
3349 496 3614 575 protinus
3675 490 3747 550 ad

2039 596 2401 668 memoriam,
2432 598 2576 658 dura
2605 615 2844 673 prorsus
2884 604 2941 657 et
2970 590 3355 655 intolerabilia
3388 585 3741 662 judicamus.

2109 685 2482 760 Quapropter,
2536 687 2893 747 dilectissimi
2953 687 3154 745 fratres
3204 681 3358 748 mei,
3413 675 3750 734 studeamus

2039 775 2418 847 nosmetipsos
2480 775 2632 834 intra
2684 777 2901 834 silentii
2971 775 3220 832 claustra
3297 766 3629 840 reprimere,
3690 765 3749 820 et

2039 862 2269 938 linguas
2315 871 2537 938 nostras
2574 881 2606 922 a
2653 865 2818 922 vanis
2863 870 2918 921 et
2956 861 3263 921 inutilibus
3305 855 3558 930 eloquiis
3581 850 3744 911 cohi-

2038 951 2192 1011 bere.
2229 953 2441 1011 Anima
2468 969 2719 1028 namque
2747 959 2940 1012 nostra
2978 949 3215 1024 superni
3253 945 3406 1018 regis
3443 949 3526 1002 est
3567 957 3745 1016 spon-

2040 1057 2120 1112 sa,
2165 1058 2298 1117 qua?
2352 1051 2577 1116 accepto
2615 1044 2852 1118 pignore
2898 1042 3079 1101 sancti
3129 1038 3398 1114 Spiritus,
3445 1029 3745 1106 signaculo

2041 1132 2175 1190 fidei
2204 1140 2289 1192 est
2338 1135 2545 1192 dotata.
2598 1135 2823 1194 Maneat
2878 1148 3014 1205 ergo
3065 1131 3125 1189 in
3180 1128 3304 1187 suis
3356 1121 3749 1200 penetralibus

2038 1221 2222 1291 virgo,
2256 1237 2369 1278 non
2404 1221 2730 1280 indecenter
2768 1223 2829 1279 in
2867 1219 3174 1294 publicum
3212 1215 3464 1289 prodeat,
3498 1225 3613 1268 non
3647 1222 3750 1281 per

2039 1309 2157 1366 oris
2204 1307 2380 1365 limen
2430 1324 2676 1381 egressa,
2716 1311 2774 1366 in
2815 1322 3171 1381 supervacua
3220 1320 3280 1362 se
3332 1300 3529 1368 verba,
3554 1311 3621 1354 ac
3645 1309 3750 1353 sa-

2038 1394 2257 1454 cularia
2295 1395 2544 1453 inaniter
2579 1395 2803 1466 fundat,
2849 1411 2920 1452 ne
2979 1395 3026 1452 si
3065 1393 3295 1452 deviare
3335 1406 3460 1448 eam
3501 1398 3750 1460 sponsus

2039 1501 2072 1543 a
2132 1486 2384 1544 modesta
2439 1487 2737 1560 pudicitia
2817 1503 2943 1544 sua
3008 1485 3285 1558 gravitate
3361 1473 3746 1551 conspexerit,

2042 1574 2393 1646 quandoque
2458 1575 2788 1648 objurgans,
2830 1574 2981 1632 dicat
3035 1593 3047 1630 :
3105 1596 3130 1622 ‹ι
3183 1571 3246 1630 Si
3290 1570 3524 1642 ignoras
3546 1571 3620 1633 te,
3654 1563 3746 1621 in-

2040 1664 2267 1737 quiens,
2306 1681 2340 1723 ο
2391 1664 2634 1738 pulchra
2684 1665 2837 1723 inter
2883 1663 3179 1733 mulieres,
3226 1659 3517 1734 egredere,
3565 1661 3620 1712 et
3654 1651 3751 1710 abi

252 1753 352 1811 sed
409 1750 760 1810 sentinosam
821 1750 1014 1824 potius
1087 1765 1298 1824 aquam
1352 1750 1422 1808 de
1473 1749 1719 1808 cisterna
1771 1749 2168 1834 profe-Bpost
2204 1754 2445 1826 vestigia
2480 1770 2725 1828 gregum
2768 1756 2940 1825 (Cant.
2972 1753 3054 1825 It).
3095 1774 3118 1803 ι
3159 1750 3230 1808 In
3270 1746 3539 1807 cubiculo
3575 1743 3754 1817 igitur

252 1845 418 1912 rant;
465 1846 518 1898 et
553 1838 689 1915 quia
729 1838 881 1897 labia
930 1854 1036 1896 sua
1089 1838 1381 1897 moderata
1432 1838 1706 1896 nesciunt
1745 1837 1962 1896 discre-

253 1926 411 1983 tione
439 1926 770 1999 reprimere,
799 1925 1070 1983 cisterna:
1095 1925 1386 1999 dissipata
1413 1941 1623 2000 aquam
1663 1934 1964 2002 nequeunt

251 2013 564 2073 continere.

333 2101 479 2159 392
530 2105 858 2166 Notandum
911 2124 1050 2167 sane
1102 2109 1240 2182 quia
1298 2108 1445 2167 sicut
1498 2109 1622 2167 avis
1683 2109 1964 2167 advolans

253 2195 491 2268 exponit
533 2213 592 2255 se
634 2213 794 2256 ramo
845 2198 1150 2273 cujuslibet
1201 2197 1442 2269 arboris,
1491 2198 1572 2257 sic
1617 2199 1963 2272 plerumque

253 2284 547 2358 malignus
586 2286 822 2361 spiritus
853 2287 1093 2345 veniens
1129 2288 1341 2346 insidet
1378 2288 1596 2360 lingua
1638 2287 1959 2347 inconside-

253 2381 372 2433 rate
419 2374 742 2448 loquentis,
771 2384 827 2434 et
876 2376 1271 2434 inordinatum
1300 2377 1438 2452 quid
1471 2378 1530 2434 in
1562 2377 1810 2436 decursu
1841 2393 1961 2435 ser-

254 2467 444 2524 monis
469 2484 570 2540 per
608 2469 1036 2542 subreptioncm
1086 2469 1288 2526 suadet
1329 2468 1585 2537 eﬂluere;
1627 2468 1785 2527 unde
1808 2475 1962 2542 post-

254 2555 496 2614 modum
545 2557 786 2614 veniens
830 2556 998 2628 quasi
1037 2563 1301 2628 congesta
1339 2557 1654 2616 dimicandi
1701 2558 1961 2626 materia,

254 2658 352 2701 cor
395 2644 648 2702 hominis
703 2643 885 2702 valeat
933 2645 1292 2718 impugnare.
1344 2645 1500 2703 Intra
1554 2645 1963 2704 conscientiam

255 2745 439 2800 suam,
479 2732 680 2789 fratres
727 2732 1075 2804 charissimi,
1125 2734 1530 2808 unusquisque
1579 2740 1832 2793 vestrum
1875 2750 1964 2791 re-

254 2821 401 2892 deat,
430 2829 484 2879 et
531 2839 610 2891 se,
645 2823 800 2896 quod
842 2823 1112 2895 dicimus,
1153 2831 1534 2897 recognoscat.
1581 2823 1743 2898 Sape
1797 2839 1964 2881 nam-

253 2927 368 2983 que
421 2911 778 2985 negligenter
823 2913 960 2988 quid
1013 2912 1344 2987 loquimur;
1387 2914 1542 2972 unde
1597 2914 1960 2987 postmodum

253 2999 324 3058 ad
379 2999 593 3058 silentii
639 3001 814 3059 nostri
864 2998 1180 3060 custodiam
1229 3001 1553 3071 redeuntes,
1601 3007 1816 3060 tantam
1872 3003 1962 3059 in-

2047 1858 2152 1901 suo
2196 1843 2469 1917 virginali
2525 1859 2683 1902 more
2741 1842 3004 1913 resideat,
3046 1839 3164 1899 oris
3213 1839 3428 1898 ostium
3488 1835 3753 1893 clausum

2048 1936 2270 2001 teneat,
2323 1937 2377 1990 et
2433 1947 2757 2008 nunquam,
2819 1931 2934 1989 nisi
2989 1945 3122 2002 qua
3169 1928 3241 1985 ad
3299 1921 3754 1999 exspectandum

2045 2019 2334 2092 pertinent
2379 2023 2570 2093 sponsi
2631 2019 2878 2078 calestis
2928 2018 3267 2086 adventum,
3302 2015 3561 2072 locutura
3621 2025 3758 2085 pro-

2047 2105 2245 2175 cedat;
2276 2106 2384 2164 sub
2428 2107 2632 2165 umbra
2686 2122 2747 2163 se
2795 2105 3011 2164 silentii
3071 2104 3365 2178 reprimat,
3399 2115 3474 2158 ne
3524 2097 3754 2156 decolor

2047 2195 2349 2266 videatur;
2381 2195 2455 2253 ab
2489 2196 2649 2254 omni
2676 2211 2735 2254 se
2762 2201 2910 2253 astu
2939 2193 3155 2266 negotii
3190 2190 3483 2250 sacularis
3511 2187 3756 2246 abscon-

2047 2285 2162 2355 dat,
2197 2291 2261 2344 ut
2315 2301 2432 2344 non
2488 2285 2778 2342 immerito
2832 2283 3011 2358 possit
3065 2281 3239 2339 alacri
3282 2294 3422 2337 voce
3467 2282 3699 2336 cantare
3738 2293 3753 2334 :

2052 2402 2078 2425 κ
2133 2375 2253 2434 Sub
2288 2376 2496 2434 umbra
2532 2372 2677 2429 393
2726 2374 2886 2432 illius
2936 2389 3110 2447 quem
3155 2369 3580 2439 desiderabam,
3613 2367 3754 2438 sedi,

2046 2470 2101 2520 et
2148 2464 2371 2521 fructus
2419 2461 2543 2534 ejus
2587 2460 2775 2520 dulcis
2827 2461 3050 2532 gutturi
3091 2474 3220 2517 meo
3255 2475 3268 2514 :
3300 2457 3628 2518 introduxit
3664 2470 3757 2515 me

2049 2571 2153 2612 rex
2214 2554 2273 2612 in
2322 2553 2526 2611 cellam
2581 2552 2883 2624 vinariam,
2915 2551 3207 2609 ordinavit
3252 2550 3313 2607 in
3369 2563 3461 2606 me
3503 2547 3756 2606 Charita-

2047 2648 2163 2700 tem
2198 2644 2411 2710 (Ibid).
2452 2665 2475 2692 ι)

2121 2729 2320 2788 Solent
2371 2736 2562 2787 autem
2610 2743 2835 2802 sponsa
2875 2726 3163 2786 nobilium
3213 2724 3467 2783 diversas
3503 2723 3760 2797 pigmen-

2049 2825 2237 2876 torum
2290 2818 2506 2892 species
2562 2817 2890 2875 mandendo
2939 2832 3040 2891 per
3078 2831 3176 2874 ora
3220 2812 3530 2883 revolvere,
3558 2818 3623 2871 ut
3653 2811 3761 2870 ad-

2048 2907 2417 2966 venientibus
2457 2906 2644 2980 procis
2702 2905 3055 2978 fragrantius
3110 2904 3358 2969 valeant,
3405 2918 3469 2961 ac
3517 2901 3760 2961 suavius

2049 2994 2318 3052 redolere.
2351 2995 2565 3052 Anima
2614 2993 2787 3051 etiam
2836 3001 3030 3049 nostra
3079 3006 3286 3065 capas,
3319 2990 3473 3059 allia,
3503 2995 3558 3047 et
3585 2988 3759 3062 quid-

251 3091 584 3164 gruentium
619 3091 1029 3165 cogitationum
1071 3091 1392 3150 molestiam
1423 3093 1712 3165 patimur,
1747 3098 1814 3152 ut
1857 3093 1960 3150 vix
1982 3122 2025 3182 Ο
2049 3084 2193 3159 (μιίά
2234 3092 2478 3142 terrena
2507 3081 2830 3181 prudentia
2871 3081 3258 3182 acritudinem
3289 3080 3488 3179 fervet,
3525 3092 3758 3151 prorsus

254 3179 493 3238 tolerare
533 3181 842 3254 possimus.
885 3182 955 3239 Et
1000 3181 1239 3254 poenitet
1278 3180 1514 3254 quidem
1564 3181 1804 3240 omnino
1849 3167 2025 3239 tam"
2053 3174 2388 3241 abhorreat;
2437 3171 2677 3231 cassiam
2729 3186 2867 3228 vero
2915 3169 3165 3227 assidua
3203 3167 3510 3240 orationis,
3543 3172 3754 3226 stacten

253 3274 481 3331 incaute
526 3273 704 3331 noxia
747 3273 1076 3346 protulisse,
1104 3273 1202 3331 sed
1244 3273 1564 3331 remedium
1606 3289 1720 3331 non
1761 3289 1958 3334 occur-

2052 3277 2228 3319 sacra
2281 3261 2565 3330 lectionis,
2622 3258 3072 3332 psalmodiarum
3126 3259 3398 3315 cinnama
3446 3264 3503 3314 et
3557 3259 3762 3314 cuncta

253 3362 346 3432 rit,
387 3363 526 3435 quia
573 3361 725 3435 quod
750 3345 937 3419 iscmel
1000 3360 1277 3420 emissum
1327 3369 1430 3430 est,
1487 3377 1599 3418 non
1657 3377 1964 3435 possumus
2050 3350 2407 3408 odoramenti
2437 3348 2757 3421 spiritualis
2794 3353 3048 3404 aromata
3076 3345 3293 3435 jugiter
3329 3346 3582 3414 fragrare
3621 3358 3762 3435 conf

251 3432 536 3511 revocare.
566 3432 743 3509 Juxta
775 3449 929 3524 quod
961 3449 1198 3508 Flaccus
1227 3451 1307 3508 ait
1340 3470 1350 3507 ε
1658 3432 1673 3435 ’
2052 3438 2265 3496 tendat.
2297 3436 2563 3496 Christus
2591 3437 2662 3494 sit
2688 3450 2860 3494 omne
2889 3435 3040 3524 quod
3075 3434 3331 3507 loquitur
3358 3451 3371 3503 ;
3401 3447 3574 3524 omne
3605 3432 3762 3524 quod

2050 3527 2403 3591 delectatur,
2461 3540 2632 3583 omne
2686 3524 2843 3599 quod
2899 3523 3074 3594 sapit,
3135 3537 3307 3580 omne
3362 3520 3516 3597 quod
3580 3521 3760 3592 vivit,

2051 3615 2350 3674 Christum
2368 3615 2564 3689 spiret,
2595 3612 2891 3671 Christum
2923 3612 3159 3683 ﬂagitet,
3193 3611 3489 3669 Christum
3516 3614 3760 3680 aestuet,

325 3719 589 3787 Oramus,
627 3717 952 3792 psallimus,
1006 3719 1103 3776 sed
1147 3719 1395 3776 evellere
1433 3719 1502 3776 de
1548 3719 1716 3776 corde
1768 3727 1962 3777 nostro
2049 3704 2340 3763 Christum
2385 3719 2482 3762 ore
2530 3702 2880 3777 pronuntiet,
2946 3701 3242 3760 Christum
3287 3700 3524 3759 assidua
3573 3701 3760 3760 cordis

253 3808 506 3865 inﬁxum
557 3791 741 3878 spina
787 3805 947 3863 illius
989 3805 1257 3864 aculeum
1307 3820 1424 3862 non
1475 3806 1755 3863 valemus.
1798 3806 1964 3864 Tunc
2050 3796 2420 3855 meditatione
2474 3801 2795 3868 pertractet.
2852 3796 3066 3852 Amare
3123 3793 3303 3851 alium
3361 3791 3577 3850 nesciat
3611 3839 3626 3864 ,
3687 3791 3760 3849 ad

253 3901 589 3952 veternosus
630 3893 811 3951 hostis
872 3910 1006 3952 cum
1066 3899 1315 3952 mentem
1379 3902 1632 3953 nostram
1689 3895 1750 3952 in
1809 3901 1962 3952 tanto
2051 3889 2210 3946 hunc
2240 3887 2426 3945 solum
2477 3886 2604 3944 totis
2654 3885 2974 3944 visceribus
3003 3884 3342 3942 inardescat.
3376 3883 3555 3941 Illum
3597 3897 3759 3942 sum-

254 3983 470 4042 versari
502 3983 732 4041 turbine
769 3981 1063 4056 conspicit,
1102 3981 1282 4040 victor
1333 3989 1386 4040 et
1433 3983 1722 4042 insultans
1751 3983 1964 4057 gaudet
2051 3978 2163 4037 mis
2195 3975 2465 4035 desiderii
2494 3974 2735 4033 vocibus
2766 3973 2994 4045 clamet,
3031 3972 3200 4031 illum
3231 3972 3297 4030 ad
3333 3987 3394 4030 se
3432 3971 3632 4029 venire
3659 3987 3759 4030 su-

252 4089 334 4145 se,
364 4075 528 4146 quasi
572 4072 794 4130 fructus
844 4073 914 4130 de
959 4085 1065 4130 suo
1112 4071 1307 4128 labore
1363 4070 1653 4144 colligere,
1697 4087 1843 4147 quos
1899 4074 1958 4132 in
2051 4066 2246 4140 spiriis
2279 4073 2334 4125 et
2370 4064 2585 4124 crebris
2613 4061 2926 4135 gemitibus
2966 4069 3270 4135 provocet;
3313 4061 3482 4120 illum
3513 4059 3758 4119 diversis

440 3595 506 3644 Et
538 3597 698 3645 semel
734 3598 978 3644 emissum
1021 3595 1158 3643 volat
1188 3594 1519 3644 irrevocabile
1541 3595 1772 3644 verbum.

255 4161 404 4222 male
434 4161 607 4220 feraci
639 4168 783 4219 terra
814 4161 1030 4234 lingua
1066 4166 1275 4218 nostra
1311 4159 1575 4217 meminit
1605 4162 1956 4234 seminasse;

253 4253 313 4310 in
375 4266 490 4324 quo
545 4250 813 4307 videlicet
852 4249 998 4307 facto
1046 4248 1184 4322 quid
1235 4245 1392 4306 aliud
1450 4263 1623 4321 quam
1677 4249 1958 4308 turdelam

251 4339 571 4410 imitantur,
605 4354 740 4412 qua
767 4353 840 4395 ex
873 4352 940 4395 eo
973 4335 1122 4411 quod
1155 4335 1361 4410 digerit
1389 4335 1686 4394 moritur?
1719 4336 1805 4393 Ex
1835 4339 1960 4413 ejus

250 4428 467 4502 quippe
513 4432 755 4486 stercore
795 4426 991 4501 planta
1045 4425 1323 4495 nascitur,
1371 4426 1442 4483 de
1495 4426 1661 4501 cujus
1718 4425 1960 4485 humore

249 4518 442 4577 viscus
482 4517 807 4588 conﬁcitur,
859 4532 976 4592 quo
1018 4515 1381 4590 postmodum
1430 4522 1484 4573 et
1517 4515 1641 4590 ipsa
1682 4512 1956 4589 capiatur,

249 4613 425 4682 atque
465 4621 538 4664 ex
581 4621 648 4664 eo
683 4604 874 4680 agitur
915 4604 1067 4678 quod
1101 4602 1264 4678 prius
1292 4604 1474 4662 fuerat
1503 4603 1671 4663 cibus
1699 4619 1860 4675 suus,
1897 4609 1962 4663 ut

250 4707 305 4756 et
333 4698 457 4771 ipsa
485 4697 852 4770 postmodum
886 4696 962 4755 sit
987 4697 1152 4755 cibus
1179 4695 1426 4755 alienus.

322 4789 406 4848 Ita
443 4805 576 4863 ergo
615 4805 748 4847 cum
787 4788 1091 4847 immunda
1138 4805 1388 4865 quaque
1421 4805 1485 4847 ac
1527 4805 1671 4848 vana
1714 4789 1961 4864 proferi-

252 4894 403 4950 mus,
463 4876 601 4951 quid
653 4876 812 4936 aliud
871 4891 1046 4951 quam
1109 4876 1347 4950 laqueos
1405 4876 1834 4952 nobismetipsis
1884 4876 1962 4936 lo-

250 4966 479 5042 quando
523 4965 971 5038 compingimus,
1002 4965 1220 5040 quibus
1262 4966 1336 5025 ab
1379 4966 1582 5025 astutis
1613 4967 1958 5040 aucupibus,

252 5058 358 5114 hoc
395 5059 513 5127 est,
544 5052 812 5127 malignis
848 5052 1180 5129 spiritibus,
1217 5054 1581 5129 postmodum
1618 5054 1963 5128 capiamur?

254 5144 419 5218 Sape
443 5149 639 5200 autem
680 5157 869 5200 sermo
911 5147 1102 5199 noster
1140 5155 1254 5198 non
1286 5139 1545 5214 loquenti
1575 5140 1671 5199 sed
1701 5141 1961 5201 audienti

252 5247 508 5307 pugnam
538 5235 794 5306 generat,
824 5230 903 5288 ita
942 5235 1007 5289 ut
1042 5244 1139 5288 cor
1163 5229 1290 5304 ejus
1316 5229 1376 5286 in
1411 5230 1610 5289 odium
1640 5231 1824 5304 illius,
1855 5234 1961 5308 qui

161 5313 168 5322 ’
252 5322 537 5382 contraria
595 5321 772 5381 verba
825 5321 1174 5395 protulerat,
1233 5320 1605 5380 vehementer
1665 5324 1960 5396 accendat,

252 5417 327 5484 et,
356 5411 405 5471 si
452 5411 694 5473 facultas
740 5411 910 5485 adsit,
940 5413 1060 5472 non
1107 5417 1224 5471 tam
1272 5411 1445 5471 verba
1495 5413 1686 5473 verbis
1724 5416 1963 5477 reddere

254 5512 430 5574 quam
485 5500 657 5560 mala
705 5500 1101 5561 retributionis
1139 5505 1299 5576 parat
1345 5499 1567 5562 actibus
1604 5503 1963 5578 respondere.

261 5589 402 5649 Haec
432 5597 624 5652 autem
663 5590 726 5651 in
767 5591 894 5666 ipsa
935 5591 1238 5656 verborum
1275 5591 1737 5654 confabulatione
1771 5593 1966 5668 parvi-

1983 4481 2032 4540 D

2051 4159 2327 4217 adornata
2359 4156 2696 4227 virtutibus,
2729 4156 2850 4228 ipsa
2891 4155 2982 4214 sui
3015 4155 3470 4229 pulchritudine,
3504 4162 3569 4214 ut
3597 4156 3670 4214 ad
3701 4169 3762 4214 se

2049 4248 2426 4323 ingrediatur,
2464 4245 2707 4315 invitet;
2748 4251 3034 4319 quatenus
3075 4244 3326 4302 dum-ad
3367 4259 3427 4303 se
3473 4260 3628 4314 eum,
3663 4243 3758 4303 cui

2050 4346 2272 4409 aestuat,
2304 4338 2396 4398 cui
2433 4337 2729 4408 anxiatur,
2766 4337 2861 4395 cui
2908 4336 3116 4406 inhiat,
3149 4335 3352 4393 venire
3389 4338 3754 4409 perscnserit,

2051 4429 2318 4502 protinus
2364 4426 2793 4501 gratulabunda
2839 4425 3104 4484 alacriter
3151 4423 3457 4493 exclamet,
3511 4425 3753 4483 dicens:

2049 4537 2072 4568 ι
2107 4517 2234 4576 Vox
2267 4517 2462 4576 dilecti
2491 4518 2602 4577 mei
2644 4516 2926 4591 pulsantis
2957 4534 2970 4573 :
3001 4515 3159 4589 aperi
3199 4530 3360 4574 soror
3390 4529 3539 4584 mea,
3570 4513 3755 4572 amica

2046 4621 2218 4676 mea,
2275 4605 2649 4664 immaculata
2701 4620 2859 4675 mea;
2903 4625 2930 4657 »
2991 4619 3056 4662 ac
3117 4603 3326 4661 deinde
3387 4601 3688 4676 subjungit
3739 4624 3751 4658 :

2052 4715 2075 4748 ι
2107 4694 2351 4754 Surrexi
2381 4696 2606 4768 aperire
2647 4697 2854 4756 dilecto
2891 4711 3036 4755 meo.
3073 4715 3101 4748 »
3143 4694 3309 4753 Felix
3343 4694 3561 4764 anima,
3590 4692 3758 4767 cujus

2046 4784 2369 4844 thalamum
2406 4784 2655 4843 caelestis
2686 4785 2786 4844 ille
2816 4802 3060 4860 sponsus
3097 4783 3438 4857 ingreditur,
3468 4798 3535 4841 ac
3571 4782 3754 4841 indis.

2047 4873 2279 4934 solubili
2307 4874 2415 4932 sibi
2444 4874 2705 4949 perpetui
2730 4877 2943 4934 amoris
2971 4874 3204 4935 vinculo
3236 4873 3537 4948 copulatur-
3569 4895 3582 4932 :
3619 4887 3758 4947 qua

2049 4963 2328 5022 nimirum
2360 4962 2486 5022 sine
2512 4963 2947 5023 intermissione
2992 4964 3242 5023 celebrat
3273 4961 3530 5037 nuptiale
3555 4961 3756 5020 convi-

2048 5055 2232 5128 vium,
2263 5060 2317 5113 et
2347 5053 2704 5113 indeﬁcienti
2743 5054 2904 5128 copia
2947 5054 3275 5114 calestium
3313 5052 3531 5113 fruitur
3552 5051 3754 5128 epula-

2047 5158 2202 5204 rum.
2235 5141 2421 5213 Felix,
2454 5141 2719 5215 inqnam,
2747 5140 2960 5212 anima,
2991 5157 3124 5215 qua
3145 5143 3287 5202 dum
3313 5141 3531 5200 divina
3557 5141 3759 5215 gratia

2050 5246 2175 5291 rore
2227 5228 2614 5305 perfunditur,
2677 5227 2894 5287 caelesti
2949 5243 3087 5287 mox
3141 5229 3336 5290 sobole
3394 5228 3752 5290 fecundatur.

2050 5321 2145 5381 Sic
2189 5321 2470 5380 nimirum
2505 5319 2755 5378 arefacta
2801 5317 2984 5392 carni,
3022 5320 3306 5393 germinat
3341 5318 3475 5391 sibi,
3528 5323 3756 5377 mortua

2047 5411 2288 5483 mundo,
2319 5409 2469 5469 vivit
2496 5409 2614 5469 Deo
2655 5408 2898 5483 viventi,
2926 5413 3100 5483 atque
3131 5409 3396 5484 regnanti
3440 5409 3500 5470 in
3540 5407 3752 5469 sacula

2047 5499 2410 5562 mulorum.
2445 5499 2653 5559 Amen.
