4118 6446
379 248 484 311 919

974 376 1221 436 SERMO
1252 376 1510 437 LXXIV.

830 477 905 524 DE
931 476 1254 524 SPIRITUALI
1283 478 1638 527 CEBTAMINE.

456 555 519 616 Si
564 555 869 629 diligenter
910 553 1269 612 considerare
1298 555 1591 626 volumus,
1626 553 2090 617 fratrescharis-

384 644 540 716 simi,
581 644 737 703 unde
780 643 1068 710 venimus,
1103 650 1159 701 et
1195 660 1311 718 quo
1353 660 1644 715 vocamur,
1673 644 1855 704 nullae
1886 646 1946 703 in
1984 660 2089 702 no-

379 737 471 797 bis
504 736 656 795 vires
683 743 839 803 sunt,
873 735 1088 809 quibus
1113 736 1181 793 ad
1225 736 1543 795 reddendas
1582 737 1696 796 Deo
1720 737 1933 812 gratias
1962 738 2085 796 suf-

378 827 546 886 ﬁcere
594 828 908 885 valeamus.
962 826 1078 883 Nos
1120 826 1277 883 enim
1330 824 1437 883 lilii
1490 825 1666 884 Israel
1708 842 1933 897 sumus,
1982 827 2087 900 qui

384 917 670 977 Pharaoni
728 918 790 975 in
844 916 1090 989 [Egypto
1150 917 1500 974 servivimus
1550 918 1751 989 (Exod.
1806 920 1929 985 ιιι),
1983 916 2086 989 qui

381 1006 726 1080 gravissimo
802 1005 1035 1079 superbi
1115 1004 1267 1077 regis
1346 1004 1588 1079 imperio
1657 1006 2080 1078 premebamur.

384 1096 683 1157 Gaudebat
708 1095 995 1168 siquidem
1026 1095 1289 1168 princeps
1335 1095 1540 1154 mundi
1569 1096 1743 1170 hujus
1770 1096 1878 1154 sub
1902 1097 2084 1155 ferreo

374 1200 506 1246 suae
558 1185 852 1243 servitutis
894 1184 1036 1258 jugo
1081 1199 1184 1242 nos
1243 1182 1638 1241 indesinenter
1687 1189 1928 1241 atterere
1959 1226 1974 1254 ,
2029 1189 2085 1241 et

375 1270 678 1331 servilium
731 1286 971 1345 operum
1009 1286 1234 1344 semper
1268 1270 1473 1328 oﬂiciis
1506 1286 1801 1344 occupare.
1837 1269 2084 1342 Cogebat

374 1377 483 1422 nos
523 1360 732 1419 lateres
767 1375 1033 1432 coquere,
1064 1358 1203 1433 quia
1242 1375 1357 1418 non
1390 1375 1463 1417 ex
1499 1359 1762 1433 pretiosis
1796 1359 2080 1419 virtutum

371 1451 664 1527 lapidibus
719 1451 998 1523 templum
1057 1449 1175 1508 Deo
1225 1455 1579 1520 construere,
1625 1449 1721 1508 sed
1784 1455 2080 1508 terrenum

367 1542 561 1619 potius
609 1540 723 1599 sibi
764 1540 1011 1599 dictabat
1057 1539 1373 1599 aedilicium
1426 1541 1723 1600 fabricare.-
1779 1541 1890 1600 Sed
1952 1557 2080 1601 ecce

372 1634 493 1708 jam
540 1632 695 1691 Deus
750 1631 986 1690 Patrum
1037 1636 1385 1702 nostrorum,
1435 1630 1591 1691 Deus
1624 1631 1962 1690 benedictus
2014 1632 2079 1690 in

998 251 1056 310 S.
1102 252 1323 311 PETRI
1363 251 1686 311 DAMIANI
1726 249 1884 311 OPP.
1925 246 2119 310 PARS
2158 246 2301 308 SEU
2339 248 2703 334 TOMUS.II.
2744 283 2815 296 -—
2857 251 3272 313 SERMONES.

3778 256 3889 318 9ἳο

2102 378 2155 437 Α
2178 374 2293 434 nisi
2336 376 2437 451 qui
2477 375 2733 451 legitime
2764 378 3069 437 certaverit
3103 379 3178 451 (II
3225 380 3362 436 Tim.
3396 380 3478 451 ιι).
3510 401 3534 431 ι
3579 378 3721 440 Haec
3749 386 3888 443 sunt

2172 464 2423 540 denique
2450 472 2648 540 gentes
2684 482 2828 541 quas
2857 464 3173 526 Israelitico
3208 467 3420 542 populo
3465 467 3694 543 Moyses
3730 487 3881 547 prte-

2173 553 2421 628 cipiebat
2472 555 2864 629 exstinguere,
2909 561 2964 614 et
3011 571 3047 614 a
3092 556 3235 615 facie
3282 562 3450 616 terra;
3491 558 3711 632 absque
3759 559 3886 621 ulla

2170 643 2404 701 foederis
2455 645 2899 718 interpositione
2941 645 3132 704 delere
3173 668 3186 704 :
3237 669 3258 698 ι
3295 646 3441 706 Cum
3490 647 3884 710 introduxerit

2172 740 2247 804 te,
2273 734 2486 809 inquit,
2518 735 2803 795 Dominus
2827 736 2980 795 Deus
3014 744 3149 795 tuus
3176 736 3234 794 in
3275 741 3504 808 terram,
3536 753 3714 811 quam
3742 754 3881 813 pos-

2167 839 2435 883 sessurus
2474 825 2834 899 ingredieris,
2876 833 2931 884 et
2968 825 3250 885 deleverit
3284 833 3484 901 gentes
3520 828 3735 887 multas
3776 844 3877 888 co-

2166 928 2290 971 ram
2322 920 2394 985 te,
2425 912 2738 973 Hethaeum
2765 958 2780 986 ,
2812 922 2866 972 et
2898 915 3270 989 Gergezmum
3294 958 3308 983 ,
3342 922 3398 973 et
3426 915 3836 976 Amorrbaeum
3860 960 3876 990 ,

2166 1003 2599 1075 Chananmum,
2632 1013 2689 1064 et
2730 1004 3127 1076 Pherezaeum,
3167 1010 3222 1064 et
3262 1005 3571 1076 Hevaaum,
3607 1013 3661 1065 et
3694 1006 3882 1066 Jebu-

2166 1108 2369 1165 saeum,
2411 1101 2629 1167 septem
2666 1101 2869 1168 gentes
2908 1094 3097 1153 multo
3138 1094 3374 1168 majoris
3406 1095 3660 1166 numeri,
3695 1110 3877 1170 quam

2166 1187 2230 1238 tu
2268 1196 2349 1250 es,
2382 1186 2438 1238 et
2478 1182 2834 1242 robustiores
2876 1189 2952 1251 te,
2984 1182 3399 1258 tradideritque
3445 1198 3541 1243 eas
3593 1182 3883 1242 Dominus

2163 1269 2319 1327 Deus
2367 1274 2505 1328 tuus
2555 1270 2681 1343 tibi,
2716 1272 3003 1345 percuties
3042 1286 3139 1330 eas
3184 1287 3370 1344 usque
3410 1270 3480 1330 ad
3527 1272 3885 1332 internecio-

2162 1372 2344 1416 nem:
2395 1372 2513 1416 non
2560 1358 2740 1418 inibis
2768 1375 2905 1420 cum
2951 1361 3036 1418 eis
3083 1359 3294 1433 fcedus,
3350 1376 3455 1420 nec
3509 1360 3882 1421 misereberis

2162 1465 2363 1509 earum
2390 1454 2568 1520 (Deut.
2600 1456 2727 1521 v11).
2764 1473 2786 1504 ι

2232 1541 2377 1600 Ecce
2442 1542 2689 1602 audistis
2725 1585 2751 1615 ,
2798 1542 3010 1602 fratres
3064 1543 3434 1616 charissimi,
3489 1543 3631 1619 quia
3674 1548 3878 1619 gentes

2158 1629 2326 1689 nobis
2388 1630 2628 1691 infestas
2694 1631 2908 1691 nostris
2961 1631 3232 1691 manibus
3298 1633 3454 1693 Deus
3505 1633 3876 1707 omnipotens

372 1719 610 1791 saecula,
639 1735 711 1778 ex
744 1719 990 1793 Egypto
1035 1733 1158 1787 nos,
1189 1719 1250 1776 id
1291 1724 1376 1777 est
1407 1718 1476 1776 de
1516 1718 1768 1777 tenebris
1800 1720 1934 1778 vitae
1970 1734 2134 1802 ve-B
2161 1717 2412 1790 tradidit,
2440 1733 2655 1793 easque
2686 1719 2807 1793 jam
2844 1735 2878 1778 a
2912 1720 3058 1779 facie
3088 1726 3282 1780 nostra
3320 1722 3382 1779 in
3424 1736 3529 1782 sua
3555 1721 3871 1796 providen-

368 1809 510 1867 teris
558 1808 735 1879 eruit,
775 1806 846 1865 de
888 1806 1123 1865 vinculo
1167 1806 1481 1881 tyrannicae
1523 1808 1935 1868 dominationis
1970 1809 2072 1868 ab-

366 1896 558 1965 solvit,
599 1903 775 1971 atque
810 1896 871 1953 in
917 1902 1124 1954 terram
1176 1912 1282 1955 nos
1333 1897 1797 1972 repromissionis
1832 1898 2077 1959 ﬁdeliter

366 1984 713 2045 introduxit.
762 1984 1000 2044 Terram
1049 2001 1302 2059 namque
1357 1986 1820 2061 repromissionis
1875 2003 1948 2046 ex
2008 2004 2076 2046 eo

364 2074 485 2149 jam
516 2074 761 2147 ingressi
807 2090 1034 2143 sumus,
1064 2089 1140 2133 ex
1165 2090 1281 2149 quo
1315 2083 1502 2149 spreto
1533 2077 1741 2135 mundi
1766 2076 2072 2149 desiderio,

362 2165 551 2225 ﬁrmae
582 2165 706 2240 spei
731 2166 1005 2225 ﬁduciam
1038 2167 1100 2224 in
1133 2165 1452 2224 aeternitate
1478 2166 1820 2240 posuimus;
1854 2175 1910 2225 et
1929 2164 2078 2223 394

356 2254 480 2329 jam
525 2256 591 2314 in
644 2271 745 2328 spe
776 2254 1161 2329 possidemus,
1201 2269 1378 2327 quam
1422 2254 1484 2312 in
1523 2270 1585 2312 re
1625 2254 1879 2313 habituri
1921 2262 2075 2328 post-

365 2344 606 2403 modum
639 2359 741 2418 per
764 2342 866 2402 Dei
892 2343 1133 2416 gratiam
1165 2358 1389 2401 sumus.
1415 2342 1481 2400 In
1508 2343 1613 2401 hac
1633 2342 1898 2402 videlicet
1930 2350 2079 2401 terra

362 2430 483 2506 jam
532 2429 623 2489 illi
665 2447 766 2505 per
798 2431 919 2505 spei
957 2430 1202 2504 gratiam
1239 2428 1550 2488 introducti
1581 2430 1832 2501 fuerant,
1865 2431 2077 2505 quibus

370 2519 578 2579 Petrus
617 2519 805 2578 aiebat
848 2543 859 2577 :
913 2539 941 2571 α
978 2518 1092 2576 Vos
1129 2524 1324 2576 autem
1364 2532 1551 2590 genus
1585 2518 1854 2589 electum,
1890 2520 2079 2594 regale

364 2608 770 2679 sacerdotium,
819 2623 962 2681 gens
1007 2613 1229 2679 sancta,
1264 2608 1512 2682 populus
1549 2610 1970 2684 acquisitionis,
2012 2616 2079 2669 ut

362 2699 608 2760 virtutes
636 2699 1001 2760 annuntietis
1028 2699 1174 2773 ejus,
1207 2699 1311 2774 qui
1340 2699 1411 2756 de
1441 2699 1693 2759 tenebris
1720 2716 1823 2760 vos
1854 2701 2077 2761 vocavit

363 2788 426 2847 in
459 2788 801 2847 admirabile
823 2788 1023 2848 lumen
1044 2803 1216 2847 suum
1246 2791 1290 2858 (Ι
1311 2792 1457 2846 Petr.
1498 2789 1576 2861 ιι).
1605 2810 1634 2843 ››
1735 2794 1739 2798 ‘

437 2877 551 2938 Sed
604 2878 744 2952 quia
794 2877 858 2937 in
905 2878 1055 2936 hanc
1109 2881 1357 2946 terram,
1419 2877 1564 2936 duce
1618 2877 1818 2938 divina
1872 2881 2077 2955 gratia,

366 2980 577 3028 sumus
627 2966 892 3040 ingressi,
925 2967 1043 3040 jam
1088 2980 1204 3025 non
1240 2965 1408 3025 nobis
1449 2966 1777 3027 vacandum
1821 2976 1908 3028 est
1936 2970 2075 3040 otio,

359 3073 480 3118 non
536 3058 770 3132 torpori,
819 3055 911 3115 vel
958 3054 1197 3115 desidias
1249 3056 1478 3128 cedere;
1541 3073 1658 3117 non
1706 3074 1930 3130 somno,
1981 3058 2074 3117 vel

361 3146 615 3206 incautis
653 3145 945 3205 securitati
985 3158 1192 3205 sanum
1223 3151 1308 3204 est
1331 3144 1654 3219 indulgere.
1687 3146 1934 3220 Expedit
1972 3147 2075 3205 ita-

362 3250 478 3313 que
518 3241 585 3296 ut
629 3234 917 3295 virtutum
958 3233 1139 3295 armis
1177 3249 1405 3308 semper
1452 3235 1714 3303 accincti,
1768 3234 1839 3293 ad
1885 3241 2075 3295 custo-

360 3324 519 3385 diam
557 3325 741 3384 nostri
773 3323 991 3398 iugiter
1036 3324 1436 3396 excubamus,
1470 3330 1527 3384 et
1563 3325 1841 3383 adversus
1868 3324 2075 3383 imma-

354 3412 638 3474 nissimos
710 3413 903 3474 hostes
975 3419 1202 3472 nostros
1260 3412 1468 3471 acriter
1535 3410 1901 3471 dimicemus.
1969 3412 2077 3471 Per

363 3501 587 3562 bellum
633 3518 893 3577 namque
929 3502 1266 3577 pervenitur
1305 3501 1379 3561 ad
1414 3515 1634 3574 pacem,
1677 3516 1779 3575 per
1819 3499 2075 3561 laborem

367 3591 649 3652 transitur
702 3592 774 3651 ad
831 3592 1113 3668 requiem.
1175 3590 1305 3649 Non
1353 3595 1440 3648 est
1493 3588 1652 3649 enim
1699 3589 1826 3649 sine
1880 3607 2077 3665 pugna

365 3681 627 3751 victoria,
668 3697 786 3741 non
834 3682 1054 3756 absque
1102 3680 1342 3741 victoria
1386 3679 1734 3754 pertingitur
1784 3680 1856 3741 ad
1913 3696 2077 3741 coro-

360 3786 523 3831 nam.
558 3771 871 3831 Intestinos
895 3778 1094 3830 autem
1125 3771 1318 3829 hostes
1349 3768 1653 3839 habemus,
1693 3785 1828 3829 cum
1859 3770 2076 3844 quibus

360 3860 412 3919 si
437 3860 629 3936 perire
672 3859 970 3930 nolumus,
1004 3857 1463 3936 infatigabiliter,
1503 3866 1559 3917 et
1604 3859 1732 3919 sine
1759 3858 1881 3919 ulla
1910 3875 2075 3934 pror-

360 3933 463 4011 sus
532 3948 966 4010 intermissione
1033 3962 1295 4022 pugnare
1365 3933 1791 4020 compellimur.
1866 3933 2077 4009 Hostes

361 4055 573 4115 nempe
612 4048 857 4109 nostros,
884 4038 1196 4098 adversum
1225 4053 1372 4113 quos
1402 4037 1466 4096 in
1507 4039 1630 4097 acie
1677 4053 1906 4112 semper
1928 4040 2074 4098 assi-

362 4133 575 4191 stimus
598 4176 613 4200 ,
642 4146 758 4191 non
787 4148 821 4190 a
842 4129 1014 4190 nobis
1036 4129 1319 4203 interjecti
1345 4143 1582 4203 aggeres
1611 4128 1921 4200 dividunt,
1955 4144 2073 4187 non

367 4219 591 4280 mcenia
617 4220 819 4278 turrita
841 4228 1167 4289 secernunt,
1198 4234 1317 4279 non
1347 4218 1623 4293 profundi
1661 4233 1862 4276 amnes
1891 4219 2075 4277 inter-

362 4308 578 4380 ﬂuunt,
626 4324 743 4367 non
795 4312 1073 4384 praerupti
1116 4318 1361 4379 montes,
1404 4324 1478 4368 ne
1525 4309 1793 4368 cominus
1835 4322 2075 4382 congre-

364 4398 619 4470 diantur,
664 4397 975 4457 obsistunt.
1019 4399 1333 4459 Nobiscum
1368 4414 1596 4473 semper
1627 4404 1780 4468 sunt,
1832 4398 1969 4472 quia
2009 4399 2068 4457 in

366 4496 581 4552 nostrai
611 4489 823 4550 mentis
852 4488 1250 4564 penetralibus
1286 4490 1527 4563 degunt.
1563 4488 1793 4566 Septem
1819 4505 2074 4567 namque

368 4580 713 4658 principalia
762 4578 903 4638 vitia
951 4585 1112 4648 sunt,
1162 4596 1237 4640 ex
1277 4595 1529 4654 quorum
1576 4582 1811 4655 vipereo
1851 4582 2073 4641 semine

363 4675 590 4729 caeteras
616 4667 889 4730 vitiorum
922 4673 1130 4743 pestes,
1160 4666 1329 4745 quasi
1361 4677 1662 4730 venenatas
1684 4669 2075 4731 nihilominus

365 4756 592 4818 soboles
616 4758 914 4827 oriuntur,
948 4773 1081 4831 quas
1111 4757 1394 4817 nimirum
1424 4766 1579 4827 sunt,
1614 4758 1905 4832 superbia,
1937 4773 2073 4816 ava-

361 4846 515 4917 ritia,
567 4845 762 4905 inanis
807 4845 1010 4921 gloria,
1055 4846 1161 4917 ira,
1226 4846 1471 4919 invidia,
1513 4848 1771 4919 luxuria,
1823 4847 2070 4907 tristitia.

362 4935 446 4995 De
472 4935 691 5010 quibus
719 4949 829 4993 nos
848 4935 1061 4995 idcirco
1084 4935 1390 5011 diligenter
1409 4937 1707 5011 disputare
1727 4936 2073 5008 omittimus,

364 5025 505 5104 quia
546 5025 860 5101 plerosque
910 5025 1056 5085 sacri
1103 5032 1435 5087 tractaturos
1474 5025 1693 5101 eloquii
1728 5024 2078 5099 multiplices

363 5130 539 5189 super
568 5115 660 5175 his
690 5114 994 5189 reliquisse
1025 5116 1343 5175 sententias
1370 5114 1730 5174 invenimus.

435 5207 561 5267 Hec
609 5212 834 5266 tantum
883 5222 1043 5267 nunc
1085 5207 1375 5267 afﬁrmare
1419 5204 1689 5276 sufﬁciat,
1741 5204 1879 5278 quia
1915 5205 2078 5280 quis-

362 5297 497 5370 quis
522 5295 802 5356 adversus
840 5296 955 5356 ista
985 5295 1295 5368 conﬂigere
1317 5338 1330 5365 ,
1362 5292 1630 5367 quisquis
1657 5293 1785 5354 haec
1811 5309 1942 5354 cum
1978 5293 2079 5353 Dei

363 5383 648 5457 adjutorio
694 5384 1019 5461 nglexerit
1064 5398 1360 5458 superare,
1401 5395 1709 5457 nunquam
1759 5384 1818 5442 in
1869 5381 2081 5443 militia

365 5474 610 5550 spiritali
664 5476 845 5536 victor
892 5475 1181 5551 existere,
1212 5490 1518 5551 nunquam
1562 5475 1637 5537 ad
1684 5490 1954 5539 coronam
1998 5475 2082 5534 vi-

374 5548 572 5625 ctoria:
619 5566 825 5638 poterit
868 5548 1173 5643 perveniré
1213 5585 1223 5625 :
1268 5587 1295 5619 α
1329 5548 1454 5625 Non
1495 5566 1654 5626 enim
1694 5564 2081 5638 coronabitur,

2157 1805 2253 1863 tite
2281 1805 2657 1878 dispositione
2694 1806 2930 1865 delevit.
2964 1806 3080 1866 Cur
3117 1823 3252 1882 ergo
3281 1808 3554 1883 degeneri
3592 1807 3871 1883 languore

2157 1894 2581 1969 torpescimus?
2610 1896 2726 1955 Cur
2770 1897 3034 1956 collatam
3084 1897 3250 1957 nobis
3301 1897 3531 1957 cmlitus
3568 1897 3871 1957 victoriam

2155 1998 2270 2041 non
2319 1982 2682 2058 arripimus?
2727 1983 2844 2043 Cur
2881 2000 2950 2043 ex
2989 1999 3076 2056 eo,
3134 1985 3289 2061 quod
3335 1986 3399 2045 in
3452 2001 3702 2061 superno
3748 1985 3872 2059 jam

2155 2071 2428 2131 examine
2482 2072 2865 2132 constitutum
2920 2080 3047 2144 est,
3096 2074 3158 2133 id
3202 2073 3389 2133 solum
3441 2075 3594 2149 quod
3644 2074 3717 2134 ad
3765 2090 3874 2135 nos

2155 2161 2420 2237 pertinet,
2472 2178 2593 2221 non
2636 2161 2986 2238 implemus?
3034 2163 3182 2221 Nam
3229 2162 3279 2221 si
3325 2162 3511 2237 ipsam
3562 2163 3875 2225 verborum

2157 2252 2367 2311 seriem
2412 2258 2578 2310 caute
2609 2251 3045 2326 perpendimus,
3082 2252 3204 2325 jam
3253 2251 3408 2326 ipsas
3461 2258 3662 2325 gentes
3694 2251 3878 2328 apud

2156 2340 2418 2400 divinam
2463 2342 2812 2400 sententiam
2856 2347 3166 2416 prostratas
3203 2340 3540 2416 aspicimus,
3585 2357 3731 2417 quas
3758 2341 3876 2418 ipsi

2156 2437 2454 2504 percutere
2506 2428 2653 2487 395
2676 2438 2734 2490 et
2767 2430 2958 2507 delere
2973 2431 3274 2506 jubemur.
3323 2432 3473 2491 Cum
3519 2431 3679 2491 enim
3730 2430 3881 2491 dici-

2159 2526 2254 2578 tur
2294 2543 2307 2577 :
2356 2545 2382 2569 ι‹
2413 2520 2558 2579 Cum
2593 2520 2985 2580 introduxerit
3030 2526 3083 2580 te
3129 2520 3417 2580 Dominus
3451 2520 3605 2579 Deus
3656 2519 3716 2578 in
3766 2526 3876 2579 ter-

2157 2624 2282 2668 ram
2340 2624 2517 2683 quam
2575 2624 2944 2683 possessurus
3007 2608 3360 2693 ingrediaris
3392 2653 3408 2682 ,
3464 2615 3520 2668 et
3593 2608 3874 2669 deleverit

2158 2704 2376 2772 gentes,
2412 2720 2433 2750 ι
2486 2706 2661 2774 atque
2722 2699 2894 2774 paulo
2951 2706 3078 2775 post
3124 2699 3393 2775 adjungit
3446 2720 3459 2759 :
3518 2726 3545 2750 α
3575 2700 3870 2781 Percuties

2157 2804 2275 2862 eas,
2304 2809 2333 2843 ι)
2366 2789 2494 2849 luce
2532 2789 2748 2848 clarius
2784 2796 3026 2859 constat,
3065 2788 3204 2861 quia
3235 2789 3597 2848 adversarios
3642 2795 3870 2849 nostros

2157 2878 2218 2937 in
2261 2894 2369 2937 sua
2420 2877 2789 2952 praescientia
2819 2879 2943 2952 jam
2971 2877 3339 2951 omnipotens
3375 2877 3532 2938 Deus
3560 2877 3867 2948 exstinxit,

2157 2980 2305 3039 quos
2330 2981 2438 3025 nos
2466 3010 2480 3037 ,
2512 2971 2578 3023 ut
2607 2965 3139 3041 exstingueremus,
3167 2963 3442 3025 instituit.
3470 2965 3601 3041 Ipse
3626 2972 3868 3043 pugnat,

2158 3061 2309 3115 etut
2352 3071 2459 3115 nos
2514 3055 2818 3116 vincamus
2855 3056 3092 3127 invitat;
3124 3056 3247 3132 ipse
3282 3056 3537 3118 hostium
3574 3058 3731 3118 vires
3765 3059 3870 3119 de-

2158 3145 2351 3216 struit,
2391 3150 2449 3202 et
2499 3145 2667 3206 nobis
2699 3145 2959 3205 ViCtOl‘itB
3006 3161 3222 3205 nomen
3267 3146 3524 3206 ascribit.
3569 3146 3713 3207 Vult
3760 3164 3871 3209 nos

2157 3235 2286 3294 ﬁeri
2320 3250 2426 3293 sua
2460 3232 2676 3294 virtute
2713 3234 2960 3295 victores
2985 3279 2999 3307 ,
3036 3242 3102 3295 ut
3133 3235 3337 3295 merito
3378 3250 3653 3296 coronare
3680 3238 3870 3298 valeat

2158 3323 2605 3398 triumphantes.

2230 3411 2407 3472 Nulla
2433 3427 2542 3471 nos
2570 3426 2707 3486 ergo
2737 3411 3059 3488 desperatio
3086 3413 3329 3485 frangat,
3360 3427 3507 3490 quos
3540 3413 3612 3473 ad
3642 3412 3870 3474 fortiter

2155 3501 2449 3576 agendum
2519 3517 2790 3575 supernas
2869 3502 3103 3562 virtutis
3176 3503 3500 3563 adhortatio
3574 3506 3866 3577 provocat.

2156 3589 2329 3648 Nulla
2381 3589 2696 3648 inﬁrmitas
2741 3591 3016 3649 humanae
3064 3590 3413 3650 conditionis
3459 3590 3714 3661 obsistat,
3764 3590 3868 3650 ubi

2154 3680 2227 3740 ad
2280 3680 2713 3755 conﬂigendum
2757 3680 2978 3740 divinae
3021 3681 3302 3755 jussionis
3344 3681 3656 3742 auctoritas
3706 3679 3869 3742 robo-

2155 3776 2261 3830 rat.
2313 3770 2638 3830 Audiamus
2679 3776 2736 3829 et
2782 3785 2889 3830 nos
2924 3772 3083 3845 quod
3127 3770 3245 3830 illis
3290 3770 3507 3831 dictum
3559 3777 3686 3830 est:
3740 3789 3769 3824 α
3802 3768 3867 3831 Si

2155 3860 2377 3920 dixeris
2407 3860 2465 3918 in
2497 3860 2669 3919 corde
2696 3867 2800 3920 tuo
2833 3881 2846 3920 :
2890 3860 3096 3920 Plures
3125 3866 3263 3921 sunt
3297 3869 3497 3936 gentes
3530 3860 3657 3920 istae
3687 3874 3867 3934 quam

2154 3968 2260 4028 ego
2285 3996 2300 4025 ,
2329 3953 2618 4026 quomodo
2647 3959 2844 4028 potero
2881 3952 3071 4012 delere
3104 3953 3248 4013 eas?
3293 3953 3412 4012 noli
3443 3961 3700 4013 metuere
3720 3997 3739 4022 ,
3763 3951 3868 4010 sed

2155 4042 2454 4102 recordare
2480 4058 2615 4116 quas
2638 4042 2837 4102 fecerit
2866 4042 3153 4103 Dominus
3177 4044 3331 4104 Deus
3367 4050 3502 4103 tuus
3531 4042 3815 4103 Pharaoni
3849 4086 3865 4114 ,

2156 4139 2214 4193 et
2242 4132 2470 4194 cunctis
2503 4132 2808 4208 ZEgyptiis,
2847 4133 3043 4207 plagas
3082 4134 3370 4193 maximas
3397 4149 3544 4208 quas
3594 4131 3871 4192 viderunt

2156 4222 2312 4282 oculi
2363 4223 2472 4295 tui,
2524 4228 2582 4280 et
2624 4222 2792 4296 signa
2835 4231 3009 4296 atque
3051 4228 3329 4297 portenta,
3382 4236 3741 4297 manumque
3780 4236 3869 4282 ιο-

2155 4314 2406 4385 bustam,
2444 4319 2500 4371 et
2531 4318 2835 4373 extentum
2872 4313 3197 4385 brachium,
3246 4321 3315 4374 ut
3348 4314 3618 4374 educeret
3649 4321 3704 4373 te
3749 4312 3867 4372 Do-

2159 4404 2359 4465 minus
2406 4403 2561 4463 Deus
2606 4409 2782 4471 tuus;
2824 4401 2908 4461 sic
2953 4402 3123 4461 faciet
3166 4401 3396 4461 cunctis
3445 4402 3675 4477 populis
3718 4415 3872 4476 quos

2097 4463 2372 4556 1)metuis
2410 4497 2585 4564 (Deut.
2628 4463 2812 4563 vn)!»
2858 4492 2929 4551 Ut
2967 4490 3108 4565 quid
3147 4505 3285 4565 ergo
3331 4505 3407 4548 ex
3445 4463 3644 4548 hostra
3695 4463 3871 4550 inﬁr-

2158 4584 2357 4644 mitate
2383 4581 2727 4649 dillidimus,
2763 4579 2864 4651 qui
2908 4580 3105 4651 ipsum
3142 4576 3374 4636 virtutis
3402 4585 3697 4638 auctorem
3725 4594 3872 4653 pras-

2157 4674 2323 4733 vium
2345 4687 2412 4730 ac
2433 4672 2643 4728 ducem
2673 4673 2882 4725 nostris
2905 4664 3327 4737 congressionis
3354 4665 3655 4738 habemus,
3683 4674 3740 4727 et
3765 4665 3870 4729 ille
3973 4694 3985 4705 -

2160 4768 2384 4821 tenetur
2418 4773 2493 4816 ex
2522 4752 2907 4829 promissione
2947 4751 3227 4824 victoriae,
3257 4754 3362 4828 qui
3401 4754 3525 4814 dux
3576 4761 3633 4814 et
3665 4761 3867 4815 auctor

2158 4858 2242 4911 est
2264 4846 2516 4924 pugnae?

2230 4938 2592 5000 Accendatur
2618 4935 2798 5010 igitur
2824 4950 2991 4994 mens
3039 4934 3105 4994 in
3141 4949 3399 4994 amorem
3431 4934 3779 5003 certaminis.
3810 4941 3869 4995 et

2160 5030 2220 5090 in
2281 5044 2554 5104 campum
2612 5031 2983 5102 pugnaturus
3027 5024 3314 5100 procedat,
3370 5024 3443 5083 ad
3494 5023 3869 5085 debellandos

2163 5117 2413 5177 hostium
2458 5131 2676 5175 cuneos
2721 5113 2938 5174 resides
2983 5113 3171 5173 animi
3211 5112 3581 5172 incalescant.
3622 5113 3869 5174 Nullum

2156 5208 2313 5271 inter
2341 5221 2448 5265 nos
2475 5211 2647 5280 atque
2680 5201 3041 5262 adversarios
3067 5200 3259 5260 foedus
3289 5199 3676 5272 interveniat;
3704 5202 3872 5261 nulla

2162 5312 2269 5357 nos
2294 5303 2607 5371 sequestra)
2633 5293 2791 5367 pacis
2835 5294 2963 5368 iura
3007 5295 3378 5366 componant.
3410 5290 3539 5349 Non
3581 5291 3670 5351 ire
3698 5307 3868 5352 nam-

2160 5402 2277 5462 que
2301 5386 2369 5446 ad
2402 5386 2674 5462 praelium
2702 5382 3019 5459 inglorium
3049 5389 3173 5449 est;
3228 5380 3314 5440 ire
3337 5385 3554 5453 autem,
3584 5389 3640 5441 et
3672 5382 3873 5457 segni-

2162 5482 2247 5541 ter
2283 5489 2473 5550 agere,
2516 5472 2715 5533 mortis
2748 5479 2834 5531 est
2870 5470 3112 5559 emptae
3138 5468 3495 5559 periculum.
3534 5468 3744 5529 Melius
3780 5477 3873 5532 est

2161 5565 2321 5631 enim
2358 5579 2479 5626 non
2506 5576 2813 5640 agnoscere
2842 5557 2998 5635 viam
3020 5557 3307 5632 veritatis,
3338 5574 3515 5636 quam
3547 5565 3672 5634 post
3696 5559 3868 5634 agni-
