4118 6446
188 262 289 321 921
1675 255 1905 315 SERMC

2017 253 2217 314 XXIV.

3590 261 3698 322 92!

193 390 407 448 tionem
440 393 751 444 retrorsum
791 383 1020 441 reverti.
1067 382 1351 442 Nonnulli
1378 383 1536 442 enim
1570 389 1697 458 post
1738 399 1893 442 arre-
1916 384 2067 446 Ates
2092 383 2152 441 in
2184 399 2244 442 se
2274 389 2464 443 motus
2491 384 2681 444 carnis
2720 383 2886 442 facile
2915 386 3214 459 reprimit;
3245 385 3296 444 si
3334 386 3696 447 tumultuan-

192 483 288 554 pta
315 491 495 534 sacrae
525 473 855 535 rudimenta
882 472 1131 544 militiae,
1164 473 1223 531 in
1254 479 1472 533 tantam
1509 490 1572 533 se
1599 474 1902 534 mollitiem
1985 473 2132 532 tium
2200 475 2618 547 cogitationum
2692 473 2996 548 strepitum
3074 474 3286 532 minori
3337 475 3458 546 jam
3517 475 3706 536 labore

191 569 388 630 animo
420 576 741 644 tepescente
783 567 1103 638 resolvunt,
1142 574 1207 626 ut
1254 567 1382 626 etsi
1419 567 1720 627 videantur
1751 568 1903 628 mala
1987 563 2330 638 compescit;
2385 562 2436 620 Si
2493 568 2794 620 nascentes
2848 560 3096 620 carnalis
3141 561 3430 624 illecebrae
3487 563 3704 637 spinas,

192 675 309 718 non
343 675 534 733 agere,
571 658 753 718 nullis
786 663 981 715 tamen
1014 657 1281 715 studeant
1311 656 1527 714 animm
1555 673 1678 715 suae
1709 659 1899 730 profe-

191 747 384 807 ctibus
412 749 706 808 insudare.
743 747 820 806 Hi
852 746 1132 806 nimirum
1169 762 1284 804 non
1315 746 1527 805 famem
1557 747 1752 805 inedia
1779 749 1901 806 vin-

189 851 318 894 cere
344 882 360 904 ,
393 853 510 895 non
540 836 748 896 oblatis
777 837 1082 908 epularum
1117 835 1508 893 suavitatibus
1537 851 1858 910 repugnare
1883 881 1898 908 ,

188 941 304 983 non
347 926 579 998 frigoris
608 925 969 999 asperitatem
1009 925 1176 993 ferre,
1217 941 1331 983 non
1369 940 1712 984 communes
1749 931 1900 982 sata-

184 1021 333 1086 gunt
362 1015 591 1087 vigilias
619 1015 965 1090 prmvenire,
997 1016 1098 1089 qui
1130 1014 1418 1082 videlicet,
1461 1021 1517 1071 et
1547 1015 1594 1072 si
1624 1029 1902 1088 usurpare

184 1099 388 1160 illicita
419 1111 722 1178 respuunt,
754 1103 845 1162 his
891 1111 1079 1161 tamen
1107 1096 1241 1175 quae
1274 1102 1426 1160 licita
1474 1109 1609 1161 sunt
1647 1103 1904 1162 suaviter

181 1191 588 1265 perfruuntur.
647 1193 723 1250 Hi
783 1192 1032 1266 profecto
1098 1190 1247 1249 intra
1326 1206 1548 1250 sacram
1629 1191 1902 1249 militiam

182 1281 480 1340 constituti
536 1290 714 1354 sunt,
771 1283 869 1340 sed
924 1282 1066 1356 quid
1120 1281 1417 1357 spirituale
1466 1287 1753 1340 certamen
1804 1281 1934 1352 sit,-

186 1371 469 1430 nesciunt.
525 1371 684 1430 Intra
722 1373 978 1432 militum
1022 1389 1334 1432 numerum
1375 1379 1683 1432 censentur
1722 1372 1902 1430 ascri-

181 1462 286 1536 pti,
322 1462 422 1520 sed
464 1462 734 1520 militaris
768 1462 942 1522 olIicii
988 1464 1309 1537 probantur
1352 1463 1559 1536 ignari.
1604 1462 1902 1537 Siquidem

181 1550 334 1609 inter
380 1558 629 1610 armatos
667 1567 784 1610 non
824 1558 1096 1611 verentur
1136 1553 1389 1610 inermes
1427 1552 1713 1621 incedere,
1753 1550 1903 1609 inter

181 1639 448 1700 loricatas
492 1641 843 1701 bellatorum
889 1642 1041 1701 acies
1084 1658 1201 1701 non
1253 1643 1602 1701 erubescunt
1638 1641 1902 1700 discincti

1982 668 2121 710 mox
2168 658 2234 711 ut
2279 652 2419 711 oriri
2469 653 2767 725 cmperint,
2803 657 3052 722 resecat;
3085 651 3135 709 si
3176 653 3457 712 tumentia
3499 670 3702 729 super-

1981 739 2116 811 bize,
2163 740 2441 811 luxuriae,
2494 746 2955 815 cmtcrorumque
3008 741 3284 800 vitiorum
3323 741 3468 802 colla
3506 743 3699 817 gladio

1981 829 2244 902 protinus
2263 829 2450 887 divini
2481 829 2706 888 timoris
2739 829 3060 888 obtruncat.

2053 918 2359 986 Caeterum,
2389 918 2528 992 quid
2578 918 2807 992 prodest
2844 917 2946 976 diu
2989 934 3345 993 quemquam
3385 935 3562 980 sacrm
3599 921 3694 980 in-

1983 1013 2193 1069 teresse
2233 1009 2478 1076 militim,
2513 1025 2690 1084 quem
2727 1009 2887 1068 velut
2927 1010 3037 1069 sub
3073 1011 3197 1084 ipsa
3237 1011 3410 1083 primi
3449 1010 3702 1070 tirocinii

1981 1097 2308 1156 rudimenta
2342 1097 2601 1156 remissis
2631 1097 2921 1167 manibus,
2958 1105 3012 1154 et
3043 1102 3236 1156 tenero
3257 1097 3449 1156 adhuc
3485 1097 3698 1172 poplite

1983 1185 2181 1244 videas
2218 1186 2590 1245 claudicare?
2620 1187 2671 1244 Α
2702 1202 2817 1260 qua
2855 1184 3135 1244 nimirum
3175 1187 3549 1260 negligentia)
3579 1187 3698 1247 dis-

1983 1277 2268 1336 solutione
2308 1277 2646 1351 przedicator
2683 1277 2950 1351 egregius
2983 1276 3299 1350 discipulos
3334 1292 3470 1336 suos
3497 1277 3696 1352 prohi-

1983 1365 2094 1435 bet,
2137 1366 2332 1424 dicens
2374 1385 2387 1422 :
2434 1391 2460 1414 ιι
2515 1365 2826 1435 Remissas,
2875 1364 3084 1437 inquit,
3133 1379 3361 1436 manus,
3395 1371 3453 1425 et
3507 1364 3694 1424 disso-

1984 1454 2105 1512 luta
2161 1469 2352 1526 genua
2390 1453 2608 1526 erigite,
2641 1458 2695 1508 et
2748 1467 2979 1524 gressus
3024 1461 3202 1511 rectos
3250 1453 3414 1512 facite
3453 1453 3698 1528 pedibus

1985 1545 2212 1616 vestris,
2248 1560 2318 1602 ne
2355 1543 2689 1602 claudicans
2726 1541 2858 1615 quis
2896 1549 3047 1600 erret
3082 1545 3264 1611 (Hebr.
3299 1549 3430 1613 XII).
3466 1565 3487 1595 ι
3524 1543 3698 1604 Docta

1983 1653 2195 1696 manus
2232 1637 2302 1696 ad
2355 1635 2623 1710 praelium
2665 1633 2833 1694 facile
2870 1635 3134 1707 pervenit
3177 1634 3249 1693 ad
3291 1634 3694 1708 triumphum;

184 1731 439 1805 segniter
463 1731 790 1802 ambulare;
823 1739 998 1805 atque
1035 1731 1248 1791 idcirco
1287 1731 1358 1789 ad
1394 1731 1651 1803 primum
1691 1732 1902 1790 vibrati
1923 1743 2196 1805 Bcorpus
2224 1725 2488 1784 attritum
2519 1723 2712 1795 lorica,
2747 1729 3080 1797 promptum
3119 1724 3301 1782 fertur
3329 1721 3392 1782 in
3420 1738 3698 1797 pugnem.

185 1818 500 1892 cujuslibet
539 1820 718 1895 jaculi
764 1821 940 1880 ictum
987 1825 1285 1887 corruunt,
1340 1819 1478 1892 quia
1524 1820 1686 1877 nullo
1731 1835 1902 1878 causa

188 1907 720 1982 circumspectionis
765 1909 967 1984 clypeo
1021 1909 1388 1978 muniuntur,
1420 1908 1748 1983 meliusque
1774 1909 1902 1968 fue-

190 2004 274 2054 rat
309 1997 462 2055 intra
501 2005 657 2072 septa
698 1999 906 2058 domus
952 1999 1286 2072 ignobiliter
1333 1999 1543 2070 vivere,
1585 2015 1761 2073 quam
1796 2001 1902 2058 im-

184 2087 367 2146 belles
405 2087 559 2146 intra
585 2087 737 2146 bella
769 2087 894 2146 sine
935 2088 1074 2148 ullis
1105 2087 1530 2162 praeconiorum
1574 2087 1758 2148 titulis
1807 2089 1900 2146 in-

187 2167 378 2236 terire.

253 2265 569 2326 Enimvero
612 2267 718 2341 qui
765 2268 1102 2327 monachico
1153 2267 1354 2326 habitu
1412 2268 1603 2327 carnis
1653 2267 1900 2327 delecta-

187 2355 405 2415 tionem
451 2363 745 2430 quaerunt,
780 2373 854 2416 ex
898 2357 1060 2416 arido
1107 2357 1266 2429 ligno
1299 2374 1536 2417 succum
1575 2358 1902 2432 exprimere

186 2446 461 2520 gestiunt,
503 2462 577 2505 ex
626 2463 741 2522 qua
793 2447 1075 2507 nimirum
1124 2447 1386 2516 mollitie,
1444 2464 1510 2506 ac
1563 2447 1904 2506 remissione

188 2536 427 2596 vivendi
474 2537 768 2612 plerisque
807 2539 1176 2618 contingit,ut
1225 2554 1357 2598 cum
1391 2538 1576 2598 multa
1607 2538 1810 2607 sciant,
1843 2552 1903 2595 se

188 2628 466 2696 nesciant,
530 2635 586 2688 et
649 2628 791 2703 quid
873 2629 1250 2688 districtionis
1319 2630 1430 2703 ipsi
1486 2629 1600 2701 pati
1657 2628 1898 2704 possint,

186 2720 432 2796 pleniter
472 2717 617 2777 3’96
667 2735 780 2778 non
829 2725 1183 2794 agnoscant:
1219 2720 1414 2794 sicque
1461 2721 1545 2789 tit,
1576 2724 1641 2777 ut
1688 2719 1904 2792 quibus

187 2808 388 2868 datum
438 2816 524 2868 est
571 2808 856 2867 exteriora
911 2809 1096 2868 multa
1150 2824 1529 2883 cognoscere,
1583 2807 1774 2866 adhuc
1830 2807 1903 2865 ad

188 2901 653 2974 cognoscendum
693 2901 1030 2975 semetipsos
1069 2901 1377 2961 videantur
1423 2899 1778 2975 probationis
1817 2897 1904 2956 in-

187 2988 402 3063 digere.
439 2989 751 3064 Plerosque
791 2991 950 3049 enim
988 2991 1246 3050 vidimus
1269 2990 1620 3064 jamdudum
1649 2991 1706 3048 in
1743 3005 1904 3048 sacro

1989 1815 2270 1875 Monacho
2325 1830 2552 1888 nempe,
2592 1812 2687 1873 cui
2728 1812 2917 1870 adhuc
2971 1812 3331 1885 impossibile
3373 1819 3459 1871 est
3501 1827 3702 1886 super-

1989 1904 2145 1963 biam
2193 1917 2488 1976 premere,
2547 1901 2850 1960 avaritiam
2907 1900 3196 1970 cohibere,
3255 1899 3496 1959 invidiae
3548 1902 3702 1960 faces

1988 1991 2380 2064 exstinguere,
2411 1989 2693 2048 mundam
2727 1995 2978 2048 mentem
3016 2005 3049 2048 a
3087 1988 3343 2048 luxurias
3382 1988 3700 2061 petulantia

1987 2083 2310 2152 custodire;
2358 2082 2460 2155 qui
2511 2082 2670 2140 virus
2715 2079 2952 2138 malitiae
2995 2079 3272 2138 adversus
3309 2079 3698 2140 oil‘endeutem

1988 2170 2190 2244 nequit
2225 2169 2532 2244 expellere,
2566 2168 2667 2244 qui
2709 2183 2810 2242 pro
2855 2167 3136 2226 servanda
3175 2181 3418 2226 censura
3455 2165 3699 2239 justitim

1987 2260 2314 2318 succumbit
2344 2258 2619 2332 iniuriam
2658 2256 2980 2327 sustinere;
3015 2255 3155 2330 quid
3193 2256 3354 2316 aliud
3385 2255 3699 2317 dicendum

1987 2359 2092 2424 est,
2134 2352 2248 2410 nisi
2277 2351 2418 2425 quia
2456 2357 2739 2425 quantum
2769 2347 2840 2406 ad
2869 2347 3289 2422 professionem
3319 2349 3556 2423 quidem
3579 2347 3702 2422 jam

1987 2440 2047 2498 in
2078 2455 2236 2499 sacra
2280 2439 2490 2497 militia
2521 2452 2733 2496 nomen
2779 2435 2954 2506 dedit,
2985 2439 3082 2493 sed
3121 2435 3262 2510 quid
3299 2435 3374 2494 sit
3405 2434 3704 2510 spirituale

1986 2539 2297 2603 certamen,
2336 2533 2529 2589 adhuc
2571 2531 2806 2604 penitus
2853 2545 2971 2588 non
3003 2527 3282 2601 agnovit?
3309 2529 3428 2587 imo
3465 2528 3537 2587 ad
3569 2545 3701 2603 per-

1986 2623 2290 2682 fectionem
2344 2619 2716 2678 tendentibus
2761 2621 2868 2680 hoc
2906 2617 3041 2677 totis
3068 2625 3152 2676 est
3184 2617 3402 2677 viribus
3428 2617 3684 2676 adniten-

1987 2713 2150 2783 dum,
2183 2719 2246 2770 ut
2275 2710 2583 2770 salubriter
2613 2709 2786 2783 rigidi
2827 2709 3012 2782 magis
3048 2707 3272 2766 discant
3306 2708 3413 2766 ista
3455 2707 3698 2777 nescire,

1995 2816 2170 2874 quam
2201 2800 2450 2858 vincere.
2489 2798 2705 2857 Pudeat
2733 2799 2858 2868 hos,
2899 2797 3004 2872 qui
3039 2812 3102 2854 se
3136 2804 3392 2855 mortuos
3422 2795 3701 2870 proﬁten-

1990 2897 2085 2951 tur
2123 2906 2246 2949 esse
2285 2905 2422 2948 cum
2463 2887 2709 2959 Christo,
2748 2886 2989 2946 rebelles
3026 2892 3218 2947 motus
3249 2885 3459 2957 carnis,
3499 2892 3554 2942 et
3580 2899 3703 2958 pas-

1991 2983 2182 3041 siones
2240 2981 2572 3040 animorum
2627 2979 2820 3037 adhuc
2875 2977 2938 3036 in
2990 2993 3051 3036 se
3093 2977 3407 3052 procaciter
3461 2978 3697 3042 vivere;

188 3081 394 3139 ordine
423 3083 785 3154 constitutos,
814 3081 917 3156 qui
964 3082 1215 3140 necdum
1265 3089 1499 3140 nossent
1545 3081 1686 3156 quid
1725 3080 1784 3137 in
1819 3073 2264 3164 je-Cadversus
2321 3069 2466 3127 397
2531 3086 2666 3164 qum
2726 3068 2890 3128 velut
2939 3067 3049 3127 sub
3104 3069 3230 3142 ipso
3285 3066 3703 3164 congressionis

184 3168 395 3244 juniis,
428 3169 569 3242 quid
615 3169 679 3227 in
709 3169 948 3242 vigiliis,
977 3171 1119 3246 quid
1164 3170 1228 3228 in
1264 3170 1507 3244 reliquis
1536 3168 1784 3228 caelestis
1823 3168 1906 3226 di-

191 3255 453 3330 sciplinae
498 3256 706 3315 studiis
745 3257 896 3315 ferre
927 3258 1284 3331 potuissent;
1327 3263 1383 3316 et
1429 3273 1565 3316 cum
1617 3256 1911 3330 Scriptura

192 3345 391 3406 dicat:
449 3368 470 3396 α
509 3344 619 3416 Qui
670 3345 918 3419 ignorat,
971 3347 1333 3420 ignorabitur
1381 3351 1424 3413 (1
1489 3350 1608 3405 Cor.
1659 3351 1830 3417 XIV);
1879 3369 1905 3394 η

193 3451 311 3511 quo
360 3441 524 3509 pacto
573 3435 667 3493 vel
713 3451 748 3494 a
788 3435 905 3495 Deo
937 3438 1224 3510 cognosci,
1256 3437 1350 3496 vel
1398 3437 1583 3496 Deum
1625 3443 1912 3496 mereatur

1989 3161 2156 3220 initio
2181 3209 2195 3231 ,
2241 3174 2476 3218 necesse
2522 3159 2595 3218 sit
2634 3173 2953 3232 repugnare
2981 3202 2997 3227 ,
3031 3172 3106 3215 ne
3155 3173 3290 3216 cum
3324 3157 3398 3215 sit
3449 3163 3700 3230 tempus;

1991 3257 2057 3309 ut
2099 3252 2220 3323 jam
2257 3251 2390 3324 jure
2440 3248 2740 3322 quiescere
2781 3246 3188 3321 permittuntur
3228 3244 3474 3316 emeriti,
3519 3244 3710 3304 adhuc

1997 3345 2297 3397 versentur
2330 3338 2487 3396 inter
2517 3335 2670 3394 bella
2719 3335 2954 3393 tirones.

2062 3427 2254 3486 Discat
2284 3425 2464 3498 igitur
2511 3423 2682 3482 miles
2714 3423 2948 3494 Christi,
2979 3421 3122 3481 dum
3161 3422 3355 3482 adhuc
3379 3433 3567 3480 novus
3601 3425 3708 3489 est,

195 3510 389 3601 ipsum
424 3540 789 3600 cognoscere,
818 3527 918 3599 qui
965 3527 1339 3600 semetipsum
1372 3528 1433 3586 in
1473 3527 1602 3600 ejus
1635 3527 1905 3601 obsequio

2017 3532 2204 3576 nanus
2255 3529 2590 3584 conserere;
2643 3511 2842 3580 discat,
2892 3511 3324 3584 emergentibus
3376 3510 3714 3584 quibusque

192 3599 559 3674 convincitur
598 3617 861 3690 ignorare
897 3615 925 3676 ?
962 3617 1136 3676 Porro
1175 3599 1369 3676 autem
1419 3599 1678 3675 fervidus
1727 3599 1911 3674 bella—
1995 3605 2172 3676 vitiis,
2226 3609 2408 3678 prout
2451 3619 2541 3662 res
2592 3601 2913 3671 dictaverit.
2957 3601 3215 3662 obviare.
3262 3600 3395 3661 Huc
3444 3599 3708 3672 illucque

194 3710 302 3776 tor,
333 3704 436 3778 qui
476 3707 695 3764 magnis,
738 3707 1038 3766 obsidione
1083 3705 1418 3774 circumdat,
1453 3706 1913 3779 appropinquare
1994 3695 2401 3757 circumductis
2439 3694 2662 3753 vivacis
2696 3693 3077 3768 experientiae
3111 3693 3299 3754 oculis
3337 3691 3616 3764 providus
3644 3706 3704 3749 se

191 3794 507 3868 aggeribus
562 3795 790 3864 nititur,
849 3809 1127 3870 occupare
1181 3793 1364 3853 vallos
1417 3800 1679 3865 attentat,
1740 3802 1913 3869 atque
1995 3793 2214 3858 vertat;
2247 3791 2303 3844 et
2337 3781 2588 3856 singulis
2631 3782 2964 3858 quibusque
2997 3781 3231 3854 iaculis,
3279 3797 3415 3856 qum
3461 3781 3704 3870 mittun-

190 3881 344 3941 inter
395 3883 547 3957 ipsas
620 3869 1106 3943 crebrescentium
1183 3883 1492 3943 missilium
1576 3882 1905 3956 grandines,

2021 3891 2129 3945 ur,
2183 3870 2536 3932 defensionis
2605 3875 2830 3942 tegmen
2897 3874 3187 3943 opponat,
3251 3875 3317 3929 ut
3371 3869 3701 3942 superbiam

192 3986 498 4046 quousque
526 3971 822 4031 violentus
850 3973 1174 4048 irrumpere
1205 3973 1381 4048 possit
1401 3973 1681 4048 explorat.
1997 3963 2326 4022 humilitate
2351 3959 2597 4034 dejiciat,
2628 3957 2828 4048 gulam
2860 3957 3164 4048 sobrietate
3190 3957 3512 4048 restringat,
3535 3972 3702 4016 man-

261 4058 377 4129 Qui
429 4060 807 4134 semetipsum
858 4077 995 4136 ergo
1043 4046 1180 4121 vult
1211 4046 1496 4131 vincere,
1524 4061 1586 4119 in
1637 4076 1914 4120 mensura
1997 4053 2310 4111 suetudine
2339 4049 2697 4109 iracundiam
2738 4046 2940 4122 calcet,
2978 4046 3280 4106 avaritiam
3321 4046 3582 4120 largitate
3612 4062 3703 4104 re-

193 4165 438 4209 suarum
472 4150 687 4210 virium
721 4158 885 4226 turpe
917 4135 1003 4210 est
1042 4152 1303 4210 notitiam
1343 4167 1458 4209 non
1500 4151 1728 4210 habere.
1760 4151 1916 4209 Hinc
1998 4141 2203 4212 frenet,
2235 4139 2500 4199 ardorem
2550 4136 2807 4196 libidinis
2845 4143 3057 4195 terrore
3092 4137 3353 4226 perpetui
3401 4135 3565 4226 ignis;
3594 4149 3704 4226 ex-

193 4247 278 4298 est
304 4239 462 4297 enim
503 4240 656 4314 quod
685 4224 969 4299 Dominus
1015 4241 1156 4299 dicit
1197 4260 1209 4299 :
1255 4262 1283 4294 ‹‹
1328 4240 1664 4300 Contendite
1701 4240 1915 4299 intrare
1999 4229 2270 4302 stinguat,
2326 4229 2444 4286 0dii
2486 4227 2702 4286 "abem
2743 4227 2978 4284 ﬂamma
3010 4225 3375 4285 δαθνίεείωεθ
3411 4224 3708 4284 Charinus

192 4345 295 4402 per
320 4313 628 4400 angustam
669 4338 910 4404 portam,
945 4355 967 4380 .
1009 4330 1268 4390 Necdum
1315 4338 1506 4390 autem
1545 4330 1915 4404 experimen-
1998 4326 2224 4377 exurat.
2274 4317 2599 4376 Delectatur
2654 4321 2803 4374 certe
2853 4314 3006 4374 Deus
3052 4314 3161 4372 isto
3217 4314 3547 4387 certamine,
3601 4313 3705 4390 qui

194 4424 317 4478 tum
368 4419 462 4478 sui
512 4418 612 4477 ille
654 4420 757 4478 Dei
817 4420 984 4479 miles
1019 4428 1330 4494 acceperat,
1357 4421 1430 4478 de
1467 4437 1583 4494 quo
1622 4408 2292 4495 ScripturanSUblililel‘
2315 4425 2382 4467 ac
2409 4407 2694 4481 PFOfunde
2723 4406 3047 4468 (ὶοηεῖίίῖεξνῖιι
3076 4413 3259 4467 mium
3299 4406 3586 4481 (ιιιίᾶαυίά
3630 4406 3706 4495 ilj

194 4506 335 4566 dicit
373 4523 387 4558 ε
422 4529 445 4559 ι
491 4507 638 4578 Quia
683 4508 952 4582 imposita
997 4493 1164 4582 galea
1180 4525 1329 4568 aerea
1358 4493 1528 4583 super
1554 4517 1724 4584 caput
1752 4493 1909 4584 ejus,
1936 4493 1985 4523 υ
2001 4499 2103 4558 lud
2129 4504 2215 4556 est
2241 4497 2396 4572 quod
2438 4505 2699 4556 versatur
2745 4497 2806 4555 in
2856 4503 3065 4555 mente.
3095 4495 3472 4555 Gratulantur
3516 4493 3708 4568 angeli

196 4601 256 4654 et
291 4595 530 4655 vestitus
573 4595 766 4666 lorica,
796 4597 1092 4656 accinctus
1137 4598 1313 4656 etiam
1359 4598 1551 4674 gladio
1594 4613 1767 4672 super
1812 4613 1913 4655 ve-
2001 4588 2072 4646 ad
2109 4586 2219 4646 tale
2257 4586 2678 4660 spectaculum,
2717 4585 2977 4674 videntes
3013 4585 3170 4659 quod
3209 4585 3465 4674 humana
3502 4589 3708 4642 natura

197 4691 341 4745 stem
397 4701 589 4754 suam,
636 4686 807 4760 coepit
855 4692 1073 4746 tentare
1130 4686 1178 4746 si
1215 4671 1474 4746 armatus
1516 4671 1708 4760 posset
1753 4687 1913 4745 ince-
2002 4677 2062 4736 in
2095 4691 2161 4733 eo
2188 4675 2344 4748 QUOd
2382 4682 2579 4732 contra
2609 4673 2973 4748 εθωθῐίρεὸῐη
3007 4679 3257 4748 Pugnat»
3293 4671 3366 4732 ad
3404 4685 3608 4732 eorum
3646 4681 3708 4730 3°

197 4774 367 4847 dere;
423 4791 539 4834 non
582 4777 739 4834 enim
787 4776 1032 4834 habebat
1073 4777 1576 4848 consuetudinem,
1613 4783 1668 4834 et
1705 4764 1857 4835 dixit
1899 4795 1910 4834 :

201 4863 327 4922 Non
377 4879 614 4940 possum
661 4865 744 4923 sic
782 4866 1067 4937 incedere,
1099 4867 1236 4940 quia
1275 4882 1383 4925 nec
1417 4881 1590 4926 usum
1633 4866 1838 4938 habeo,
1861 4869 1918 4924 et

201 4952 464 5028 deposuit
508 4969 577 5012 ea
623 4957 676 5022 (Ι
724 4958 857 5023 Reg.
905 4957 1077 5025 XVII).
1122 4975 1152 5008 ιο
1203 4955 1333 5014 Jam
1401 4963 1596 5014 autem
1649 4955 1806 5012 idem
1858 4968 1918 5012 se

202 5040 362 5101 docte
405 5041 764 5118 probaverat,
811 5059 946 5102 cum
1015 5043 1274 5116 gladium
1328 5044 1554 5104 Goliath
1594 5044 1932 5103 Philisthaai‘

203 5131 532 5191 involutum
579 5131 757 5206 pallio
797 5137 926 5205 post
968 5131 1169 5204 Ephod
1223 5131 1481 5203 abstulit,
1539 5139 1595 5190 et
1651 5148 1845 5191 secum
1886 5148 1920 5190 a

207 5219 348 5279 facie
392 5221 789 5296 persequentis
843 5220 983 5280 Saul
1039 5219 1312 5293 fugiendo
1364 5220 1630 5295 portavit,
1677 5221 1916 5278 dicens:

208 5331 233 5358 α
265 5308 415 5379 Quia
470 5325 587 5368 non
636 5317 722 5368 est
772 5309 1003 5383 gladius
1067 5309 1211 5367 alter
1275 5309 1485 5368 similis
1546 5309 1634 5367 illi
1691 5314 1742 5379 (Ι
1784 5313 1916 5378 Reg.

2003 4764 2380 4835 consortium,
2421 4760 2578 4820 unde
2609 4762 2796 4821 fuerat
2826 4765 3035 4836 ejecta,
3063 4761 3367 4832 reformat;
3415 4766 3474 4819 et
3509 4775 3706 4822 secum

2004 4855 2252 4916 rixando
2277 4853 2351 4911 ad
2382 4868 2582 4910 veram
2611 4855 2811 4928 procul
2845 4853 3027 4913 dubio
3065 4869 3260 4927 pacem
3301 4853 3497 4921 tendit,
3529 4867 3707 4927 quam

2003 4947 2141 5006 olim
2175 4943 2405 5005 sibimet
2442 4941 2594 5000 male
2630 4942 3058 5016 consentiendo,
3091 4943 3232 5018 quia
3263 4956 3382 5002 non
3417 4953 3707 5015 repugna-

2005 5036 2111 5109 vit,
2138 5033 2354 5093 amisit.

2078 5125 2194 5184 Nec
2227 5133 2671 5198 conqueramur,
2718 5119 2921 5178 fratres
2958 5120 3092 5189 mei,
3133 5118 3182 5176 si
3223 5117 3294 5177 ad
3338 5123 3536 5176 votum
3569 5131 3709 5176 mox

2007 5221 2215 5274 cuncta
2243 5228 2356 5272 non
2389 5209 2700 5278 vincimus,
2740 5207 2789 5265 si
2819 5206 2880 5264 in
2909 5207 3090 5280 hujus
3124 5205 3543 5265 conﬂictatione
3588 5220 3706 5263 cer-

2009 5303 2262 5373 taminis,
2311 5313 2626 5368 aerumnas,
2675 5295 2921 5365 labores,
2963 5295 3280 5368 angustias,
3332 5303 3388 5355 et
3431 5293 3708 5368 gravissi-

207 5403 359 5468 XXI).
391 5421 418 5450 ιο
445 5399 510 5458 In
558 5399 663 5458 hoc
707 5382 899 5457 autem
936 5397 1191 5471 probatio
1235 5404 1340 5470 est,
1369 5397 1508 5474 quia
1536 5397 1637 5472 qui
1675 5398 1732 5455 in
1763 5397 1931 5473 mili-_
2008 5408 2175 5453 mum
2195 5407 2348 5466 saepe
2370 5386 2706 5449 ﬂuctuantis
2732 5383 2945 5474 animae
2971 5382 3209 5474 taedium
3232 5385 3610 5444 sustinemus.
3641 5383 3710 5443 In

209 5480 302 5538 tite
347 5482 670 5556 spiritualis
730 5499 914 5558 agone
941 5470 1290 5560 profecerit,
1332 5470 1931 5558 Sidam—debiliorem
2010 5485 2117 5542 hoc
2149 5480 2307 5540 enim
2332 5479 2534 5567 divina
2565 5474 2748 5567 nobis
2771 5470 3200 5567 dispensatione
3233 5474 3596 5567 prospicitur,
3637 5489 3711 5533 ne

208 5576 405 5630 contra
428 5586 510 5642 ,se
554 5571 840 5635 vitiorum
887 5573 1310 5637 contumaciam
1349 5571 1522 5634 sentit
1542 5591 1560 5646 ί
1601 5572 1651 5633 si
1679 5587 1925 5647 surgen-
2011 5571 2083 5631 de
2123 5566 2425 5643 repentina
2456 5563 2693 5625 victoria
2732 5563 2797 5625 in
2827 5562 3218 5634 arrogantiam
3250 5568 3445 5621 noster
3488 5562 3720 5622 animus
