4118 6482
391 285 498 347 923

1004 283 1062 342 S.
1106 283 1326 343 PETRI
1367 282 1690 342 DAMIANI
1728 282 1886 343 OPP.
1931 283 2124 343 PARS
2167 283 2306 344 SEU
2348 281 2597 343 TOMUS
2635 282 2710 342 ΙΙ.
2753 313 2820 325 -
2861 282 3275 344 SERMONES.

3781 287 3888 346 924

393 411 728 479 extollatur,
767 416 822 468 et
861 409 930 466 de
968 408 1277 466 altitudine
1316 423 1420 467 sua
1465 409 1813 482 profundius
1850 410 2559 484 corruat,Aprtesumenti
2611 411 2828 484 praebet
2882 411 3179 470 audaciam
3207 455 3221 482 ,
3277 418 3333 470 et
3383 413 3662 487 pugnanti
3709 415 3891 474 victo-

399 505 449 562 si
503 519 619 562 non
661 499 877 560 auctori
922 499 1054 570 Deo,
1089 498 1188 555 sed
1227 497 1339 557 sibi
1370 497 1625 556 victoriae
1667 515 1788 556 sum
1825 499 1980 556 vires
2013 516 2105 557 as-

403 594 604 654 cribat.
655 592 808 650 Hinc
846 597 930 648 est
985 589 1166 657 enim,
1213 589 1363 663 quod
1407 589 1721 649 Israelitico
1761 590 1974 666 populo
2007 607 2107 665 per

402 682 635 756 Moysen
685 679 932 738 dicitur:
971 699 998 731 α
1030 677 1334 751 Postquam
1380 677 1588 737 atllixit
1632 685 1684 736 te
1721 678 2026 750 Dominus,
2054 685 2110 738 et

400 770 683 848 probavit,
717 770 786 827 ad
825 774 1152 827 extremum
1199 767 1468 826 misertus
1501 774 1586 826 est
1633 768 1738 834 tui,
1780 784 1854 827 ne
1887 768 2108 826 diceres

402 861 463 918 in
495 859 663 918 corde
696 864 794 917 tuo
827 875 839 915 :
877 855 1175 914 Fortitudo
1204 869 1334 913 mea
1357 899 1371 927 ,
1406 860 1461 912 et
1485 855 1660 914 robur
1686 871 1894 914 manus
1920 871 2066 914 meae
2091 899 2106 926 ,

403 952 525 1009 haec
553 948 751 1008 omnia
791 946 934 1005 mihi
971 946 1380 1019 praestiterunt,
1409 946 1504 1002 sed
1536 946 1849 1004 recorderis
1878 946 2109 1005 Domini

407 1042 507 1101 Dei
540 1041 664 1110 tui,
694 1039 845 1114 quod
879 1038 1000 1111 ipse
1036 1037 1136 1094 tibi
1170 1037 1323 1094 vires
1351 1035 1663 1110 praebuerit
1691 1038 1864 1107 (Deut.
1899 1041 2041 1106 VIII).
2078 1057 2105 1087 ι)

407 1130 559 1189 Hinc
585 1135 670 1188 est
698 1128 868 1187 etiam
900 1171 914 1196 ,
953 1127 1106 1200 quod
1136 1140 1286 1198 saepe
1319 1141 1481 1182 mens
1513 1173 1524 1193 ,
1556 1141 1688 1199 quae
1716 1125 1897 1182 multa
1922 1125 1981 1182 in
2009 1141 2069 1183 se
2094 1171 2108 1194 ,

402 1227 458 1278 et
513 1219 679 1276 fortia
743 1223 992 1289 superat,
1052 1230 1237 1274 unum
1279 1213 1416 1288 quid
1473 1214 1708 1272 fortasse
1769 1215 2108 1285 minimum,

2189 499 2356 569 riam,
2389 507 2442 557 et
2470 499 2798 557 vincentem
2838 501 3104 574 provehit
3143 500 3213 558 ad
3245 514 3556 571 coronam;
3600 501 3748 578 quin
3789 518 3892 576 po-

2190 587 2304 645 tius
2343 587 2464 660 ipse
2487 594 2572 646 est
2598 587 2981 646 militantibus
3009 588 3370 658 donativum,
3401 590 3658 647 emeritis
3688 591 3891 650 muni-

2189 676 2454 750 cipium,
2521 678 3016 754 triumphantibus
3090 677 3398 752 praemium
3475 679 3894 753 sempiternum

2188 764 2357 824 Jesus
2377 765 2638 825 Christus
2666 768 2815 840 heri,
2840 774 2892 826 et
2923 767 3112 840 hodie,
3135 767 3258 840 ipse
3290 766 3442 826 Deus
3469 767 3809 826 benedictus
3831 767 3893 826 in

2189 854 2421 913 saecula.
2456 856 2661 914 Arnen.

2791 945 3037 1005 SERMO
3080 945 3303 1005 LXXV.

2425 1046 2711 1093 SERMONIS
2739 1048 2895 1094 PRlMl
2927 1048 3248 1095 SYNODALJS
3275 1048 3654 1096 FRAGMENTA.

2269 1139 2450 1199 Sicuti
2473 1140 2533 1198 in
2559 1148 2749 1200 monte
2778 1142 2939 1201 Sinai
2966 1143 3245 1202 Dominus
3265 1142 3596 1202 Israeliticae
3617 1141 3768 1217 plebi
3798 1157 3901 1215 per

2193 1227 2426 1302 Moysen
2467 1228 2610 1302 legis
2650 1229 2834 1288 edicta
2865 1232 3160 1304 pr0posuit
3198 1234 3400 1300 (Emod.
3431 1243 3541 1290 XIX
3581 1239 3631 1287 et
3671 1231 3852 1301 seqq.)
3888 1274 3902 1298 ,

404 1307 676 1383 quamvis
715 1305 954 1364 solerter
992 1303 1275 1375 invigilet,
1314 1318 1433 1392 non
1481 1309 1796 1376 expugnat.
1831 1303 1992 1372 Quod
2023 1302 2108 1360 di-

2219 1323 2271 1374 ta
2299 1325 2354 1376 et
2383 1318 2445 1376 in
2480 1325 2673 1377 sancta
2699 1302 2951 1378 Ecclesia
2973 1302 3078 1392 per
3115 1320 3506 1378 ministerium
3539 1318 3905 1378 sacerdotum

409 1397 546 1453 Vina
572 1394 852 1453 nimirum
885 1391 1309 1484 ᾄίερθῐξδδίίοιιβ
1347 1391 1946 1484 θξίίυΓῚΔΠθ-ῘῙΠ-Ῑηῧῃθ
1970 1407 2107 1484 (ξοᾼη-
2199 1406 2355 1465 idem
2394 1407 2683 1482 legislator
2732 1417 2787 1466 et
2819 1391 3003 1484 judex
3037 1410 3364 1468 Christiano
3419 1408 3626 1483 populo
3665 1403 3906 1465 vivendi

413 1484 557 1543 ditio
585 1485 846 1558 undique
862 1481 1180 1572 virtutibus
1206 1480 1616 1554 splendens,in
1647 1481 1894 1540 elatione
1922 1482 2115 1540 suble-
2198 1480 2477 1554 mandata“
2519 1480 2835 1570 depromit:
2878 1496 3038 1556 Sinai
3076 1497 3292 1572 quippe
3341 1480 3749 1570 interpretatur
3799 1509 3908 1552 ru-

413 1581 602 1646 vetur,
639 1581 702 1633 ut
749 1574 812 1631 in
858 1588 924 1632 eo
979 1571 1132 1645 quod
1181 1588 1241 1630 se
1287 1587 1586 1646 superasse
1645 1572 1811 1631 fortia
1869 1589 2119 1648 quaeque

2219 1600 2328 1655 ωδ,
2372 1587 2493 1644 sive
2543 1587 2794 1646 tentatio.
2848 1587 2929 1646 De
2975 1588 3120 1646 rubo
3171 1571 3456 1660 siquidem
3503 1586 3809 1652 Dominus,
3843 1588 3912 1640 ut

413 1664 756 1733 considerat.
781 1664 921 1754 dum
953 1678 1197 1754 parram
1220 1677 1337 1754 non
1357 1667 1540 1754 potest
1565 1661 1666 1754 diu
1693 1663 1950 1754 conando
1967 1662 2122 1722 subi-
2205 1678 2503 1752 Scriptura
2538 1685 2796 1748 testatur,
2827 1679 3114 1754 apparuit,
3142 1683 3198 1737 et
3229 1678 3414 1752 Moysi
3451 1678 3523 1736 ad
3554 1675 3702 1734 ﬁlios
3727 1671 3912 1732 Israel

414 1767 569 1826 gere.
603 1767 720 1810 ΠΟΠ
748 1751 894 1842 Emi:
925 1751 1022 1809 sed
1063 1750 1150 1842 mi
1183 1750 1481 1808 νίοίονίθῑη
1517 1751 1750 1824 tribuat:
1784 1753 1950 1826 cuius
1988 1768 2118 1810 mu'
2140 1750 2423 1840 Bdefcrre
2463 1769 2731 1827 mandata
2760 1750 3061 1842 prtecepit;
3103 1775 3158 1826 et
3187 1767 3248 1825 in
3293 1750 3544 1826 Ecclesia
3577 1767 3730 1825 Deus
3770 1778 3910 1838 pro-

415 1856 553 1899 nere
600 1840 787 1914 potuit
829 1855 962 1912 quae
997 1840 1229 1898 subacta
1266 1847 1404 1898 sunt
1439 1856 1729 1915 superare.
1788 1841 1953 1900 Unde
1999 1842 2119 1900 illic

2219 1858 2291 1916 :ul
2324 1858 2501 1916 dubio
2535 1840 2808 1929 cernitur,
2840 1840 2986 1916 sicut
3017 1856 3205 1915 eidem
3234 1856 3418 1930 Moysi
3451 1855 3676 1929 roganti
3708 1858 3917 1928 quate-

416 1931 671 2019 dicitur;
703 1954 724 1980 -
762 1930 870 2019 Hae
898 1936 1037 2019 sunt
1062 1935 1278 2019 gentes,
1309 1947 1455 2003 quas
1480 1932 1764 2019 Dominus
1786 1933 2114 2008 dereliquit,

2219 1963 2316 2004 ius
2363 1947 2474 2004 sibi
2514 1947 2887 2019 semetipsum
2926 1945 3268 2017 ostenderet,
3301 1945 3623 2019 pollicetur,
3660 1943 3861 2002 dicens
3896 1962 3910 1996 :

411 2025 479 2078 ut
512 2017 767 2076 erudiret
803 2017 864 2108 in
900 2017 982 2075 eis
1013 2017 1281 2108 Israelem
1310 2019 1506 2108 (.Iudic.
1543 2020 1648 2108 III).
1684 2039 1711 2068 ιο
1745 2018 1917 2078 Israel
1949 2034 2115 2077 nam—
2206 2058 2226 2086 .
2260 2037 2401 2094 Ecce
2449 2038 2609 2094 locus
2653 2017 2808 2108 ου’Πά
2855 2051 2947 2092 [ηρ
3001 2041 3086 2094 ρει
3114 2079 3129 2106 ,
3186 2017 3364 2093 stabis
3417 2049 3592 2108 supra
3648 2039 3866 2107 petram
3893 2045 3914 2100 ;

406 2121 524 2180 que
559 2105 863 2164 reservatis
900 2105 1170 2179 gentibus
1207 2107 1492 2178 eruditur,
1533 2107 1674 2168 dum
1715 2125 1881 2167 mens
1922 2116 2118 2168 nostra

413 2193 475 2252 in
515 2194 708 2268 parvis
745 2194 854 2252 sibi
892 2194 1296 2252 resistentibus
1333 2195 1524 2264 discit,
1575 2197 1713 2270 quia
1753 2213 2118 2272 nequaquam

417 2300 492 2344 ex
525 2301 585 2343 se
617 2286 835 2358 majora
864 2283 1124 2357 subjecit.

490 2375 600 2434 Hic
637 2378 815 2434 totius
854 2376 1069 2448 negotii
1111 2390 1338 2434 summa
1387 2382 1488 2446 est,
1534 2376 1732 2434 fratres
1777 2377 2122 2448 charissimi,

421 2481 598 2540 quare
638 2465 922 2525 mundum
964 2467 1345 2541 reliquimus;
1396 2468 1489 2525 hic
1541 2474 1651 2526 tota
1703 2469 1921 2528 versari
1958 2469 2124 2527 debet

420 2553 683 2627 intentio,
725 2555 863 2629 quid
900 2554 967 2612 ad
1021 2571 1250 2614 sacrum
1283 2555 1545 2614 ordinem
1588 2573 1692 2615 nos
1729 2558 1951 2616 venisse
1991 2575 2126 2628 gau-

417 2643 641 2713 demus,
695 2644 962 2702 videlicet
1015 2653 1077 2703 ut
1132 2661 1295 2703 mens
1358 2653 1548 2704 nostra
1605 2645 1887 2704 virtutum
1947 2646 2126 2703 armis

417 2731 666 2791 accincta
695 2776 710 2803 ,
737 2733 794 2790 in
825 2734 1111 2808 spirituali
1141 2737 1455 2794 certamine
1486 2752 1546 2794 se
1572 2752 1796 2809 semper
1824 2744 2120 2806 exerceat,

421 2829 475 2880 et
523 2823 798 2881 vitiorum
847 2830 1128 2896 portenta,
1180 2842 1310 2898 quae
1347 2825 1495 2883 circa
1527 2841 1631 2884 nos
1673 2825 1970 2883 mitescere
2021 2842 2121 2883 ne-

424 2910 871 2979 sciunt,fervido
890 2913 1094 2985 spiritu
1124 2913 1410 2972 debellare
1435 2914 1760 2972 contendat.
1785 2913 1935 2983 Quid
1964 2915 2121 2972 enim

427 3000 740 3074 profuisset
767 3003 1079 3060 Israelitico
1117 3004 1330 3077 populo
1364 3004 1697 3077 .Egyptiaca
1729 3005 2124 3062 tantummodo

424 3102 557 3144 rura
608 3088 958 3161 relinquere,
1008 3090 1119 3148 nisi
1167 3091 1416 3149 cervices
1462 3090 1713 3148 hostium
1763 3091 1965 3148 bellica
2009 3091 2189 3191 fer-C

2201 2141 2454 2200 cumque
2513 2123 2803 2182 transierit.
2845 2124 3030 2198 gloria
3071 2140 3216 2196 mea,
3269 2131 3404 2181 tunc
3453 2121 3675 2181 videbis
3717 2125 3916 2194 poste-

2203 2216 2354 2273 riora
2386 2231 2512 2272 mea
2538 2217 2738 2281 (Exod.
2770 2219 3015 2282 XXXIII).
3053 2237 3072 2264 ι
3120 2212 3284 2282 Quod
3319 2217 3513 2270 autem
3547 2209 3708 2270 Sinai
3735 2209 3913 2267 etiam

2208 2304 2446 2361 tentatio
2493 2303 2723 2367 dicitur,
2756 2303 2894 2376 quid
2942 2319 3038 2376 per
3084 2303 3191 2360 hoc
3220 2301 3381 2359 aliud
3432 2301 3599 2359 debet
3639 2297 3915 2370 intelligi,

2207 2395 2321 2454 nisi
2351 2395 2487 2470 quia
2513 2394 2574 2452 in
2603 2394 2857 2452 Ecclesia
2906 2394 3004 2451 ubi
3037 2393 3132 2451 lex
3163 2393 3352 2463 datur,
3391 2393 3472 2450 ibi
3506 2391 3739 2450 tentatio
3789 2405 3918 2447 ma-

2207 2483 2352 2556 ligni
2392 2482 2630 2556 spiritus
2666 2481 2977 2556 aliquando
3009 2481 3340 2556 pestilenter
3369 2480 3674 2539 oboritur?
3722 2477 3798 2534 Ut
3841 2477 3916 2535 ad

2207 2571 2537 2630 violandam
2576 2573 2712 2629 recti
2749 2570 2957 2644 judicii
2990 2569 3246 2643 regulam
3299 2568 3466 2626 modo
3495 2583 3622 2641 spes
3657 2570 3921 2641 quaestus

2206 2662 2463 2735 obrepat,
2504 2662 2671 2719 modo
2721 2661 2968 2734 rigorem
3014 2660 3256 2733 justitiae
3293 2660 3442 2730 laus,
3495 2659 3587 2716 vel
3637 2658 3920 2715 humanae

2206 2752 2407 2823 gratias
2445 2749 2604 2807 favor
2649 2749 2924 2816 emolliat,
2975 2749 3143 2806 modo
3186 2748 3258 2804 ad
3296 2746 3621 2805 nocendum
3653 2746 3778 2815 irae,
3829 2744 3920 2802 vel

2207 2841 2324 2898 odii
2356 2842 2505 2898 livor
2546 2837 2821 2910 impellat,
2854 2836 3023 2893 modo
3063 2841 3253 2894 metus
3281 2852 3314 2891 a
3354 2836 3609 2893 libertate
3645 2842 3794 2892 recte
3817 2835 3920 2907 ju-

2208 2927 2440 2985 dicandi
2483 2942 2580 2983 cor
2616 2923 2907 2998 reprimat,
2953 2923 3121 2980 modo
3167 2922 3477 2982 crudelitas
3515 2922 3710 2996 digna:
3741 2923 3920 2981 ultio-

2210 3018 2301 3075 nis
2329 3029 2665 3072 mensuram
2693 3012 2949 3070 excedat.

2283 3107 2423 3164 Ecce
2460 3104 2619 3162 locus
2660 3104 2811 3178 apud
2850 3118 2943 3160 me
2991 3108 3096 3171 est,
3130 3111 3184 3159 et
3225 3102 3401 3160 stabis
3450 3118 3623 3175 super
3673 3108 3922 3175 petram,

423 3179 686 3237 buissent
714 3186 901 3252 strage
927 3186 1248 3253 percutere,
1289 3187 1356 3238 ut
1391 3187 1597 3238 terram
1632 3181 1905 3252 optimam
1935 3180 2119 3254 quietc

2219 3201 2266 3253 et
2301 3202 2439 3253 tunc
2472 3193 2695 3252 videbis
2738 3193 3053 3266 posteriora
3086 3207 3231 3248 mea.
3278 3191 3422 3260 Quis
3451 3199 3644 3250 autem
3686 3192 3791 3250 iste
3835 3191 3924 3251 lo-

424 3268 787 3355 postmodum
854 3276 1082 3342 possent
1135 3271 1251 3328 otio
1288 3270 1626 3344 possidere?
1667 3267 1811 3324 398
1865 3270 1975 3340 Qui
2031 3271 2119 3329 de-

2219 3299 2340 3354 cus,
2371 3282 2473 3341 ubi
2505 3283 2697 3340 statim
2737 3297 2910 3355 super
2958 3281 3172 3354 [supra]
3218 3287 3433 3352 petram
3473 3279 3757 3339 Dominus
3792 3295 3922 3338 cer-

428 3354 605 3430 nique
640 3357 928 3430 profectus
959 3365 1125 3429 esset,
1156 3359 1204 3416 si
1248 3359 1563 3418 Pharaonis
1591 3361 1799 3433 jugum
1822 3407 1836 3429 ,
1877 3360 1988 3419 sub
2018 3377 2119 3434 quc

2219 3371 2396 3434 uitur,
2434 3369 2545 3428 nisi
2594 3374 2786 3426 sancta
2813 3354 3164 3440 intelligitur
3202 3367 3472 3438 Ecclesia,
3517 3367 3617 3425 ubi
3647 3366 3788 3425 dum
3820 3383 3925 3441 pe-

430 3445 915 3519 qualitercunque
972 3449 1169 3505 vivere
1231 3448 1608 3519 sinebantur,
1660 3451 2028 3522 effugerent,
2085 3450 2133 3507 si
2219 3467 2321 3516 περ
2357 3458 2490 3517 ﬁdei
2529 3463 2854 3516 constanter
2896 3455 3190 3524 innititur,
3241 3455 3412 3514 simul
3463 3471 3594 3514 cum
3653 3455 3931 3528 Apostolo

426 3532 886 3594 Chananaaorum
931 3553 1096 3597 enses
1133 3539 1193 3594 in
1240 3539 1499 3612 proprios
1533 3539 1768 3614 jugulos
1809 3557 1910 3614 per
1952 3548 2135 3613 torpo-
2219 3547 2453 3606 Domini
2493 3545 2734 3620 gloriam
2776 3547 3185 3620 speculamur?
3212 3544 3352 3603 Haec
3394 3544 3552 3603 enim
3581 3552 3667 3602 est
3703 3544 3774 3602 de
3809 3559 3932 3616 qua

427 3623 509 3682 ris
536 3623 1264 3700 incuriamprovocarent?
2216 3638 2432 3697 dicitur
2472 3662 2483 3694 :
2530 3663 2554 3686 ‹‹
2594 3635 2779 3710 Super
2819 3638 2966 3694 hanc
3013 3643 3232 3710 petram
3277 3636 3573 3695 aediﬁcabo
3613 3634 3932 3694 Ecclesium

505 3712 887 3772 Excutiamus
931 3732 1085 3788 ergo,
1135 3718 1337 3775 fratres
1385 3718 1731 3788 charissimi,
1791 3721 2130 3792 degenerem
2216 3740 2405 3783 meam
2437 3725 2653 3795 (Matth.
2690 3727 2836 3797 XVI).
2878 3747 2900 3772 ι

433 3801 706 3860 marcida
733 3802 1126 3862 dissolutionis
1150 3805 1438 3874 inertiam,
1468 3809 1567 3881 qui
1601 3823 1702 3881 per
1734 3808 2130 3866 fortitudinem
2291 3814 2469 3872 Terra
2519 3829 2704 3888 usque
2757 3813 2827 3870 ad
2888 3812 3163 3870 fenestras
3194 3859 3208 3884 ,
3271 3818 3326 3870 et
3389 3813 3658 3870 fenestrae
3715 3811 3934 3870 clausae

425 3896 658 3950 strenue
707 3891 1020 3952 dimicandi
1079 3896 1380 3967 pervenire
1421 3895 1694 3956 volumus
1731 3897 1800 3954 ad
1840 3914 2131 3956 coronam.
2220 3907 2435 3975 (Ezech.
2484 3908 2628 3970 XLI).
2675 3902 2772 3959 Ait
2815 3901 3123 3975 Apostolus
3173 3921 3185 3959 :
3234 3924 3254 3953 ι
3287 3901 3597 3975 Templum
3645 3899 3747 3958 Dei
3788 3914 3928 3957 san-

433 3981 620 4041 Parati
670 3984 854 4042 simus
904 4000 1130 4058 semper
1168 3985 1454 4044 irruentes
1494 3986 1766 4045 vitiorum
1803 4003 2039 4057 cuneos,
2072 3998 2138 4046 ac
2218 4002 2377 4052 ctum
2417 4000 2520 4062 est,
2552 3994 2707 4068 quod
2737 3993 2874 4051 estis
2904 4009 3008 4050 vos
3047 3997 3096 4060 (Ι
3134 3996 3251 4050 Cor.
3295 3998 3403 4060 Ill).
3448 4015 3469 4043 ι
3509 3991 3704 4065 Hujus
3733 3995 3931 4048 autem

435 4072 744 4131 frementes
776 4073 986 4132 bestias
1026 4074 1096 4131 de
1125 4090 1264 4148 agro
1308 4077 1486 4134 nostri
1525 4077 1713 4135 cordis
1741 4077 1965 4150 ejicere,
1997 4077 2136 4135 nul-
2225 4083 2416 4156 templi
2470 4086 2740 4141 fenestra:
2780 4083 3100 4142 sacerdotes
3131 4079 3276 4137 399
3315 4090 3469 4153 sunt,
3510 4082 3610 4156 qui
3664 4079 3930 4138 ﬁdelium

435 4161 677 4236 lumque
705 4161 788 4220 eis
815 4163 876 4220 in
910 4178 974 4221 ea
1002 4179 1139 4239 quas
1168 4166 1344 4222 nostri
1369 4165 1522 4236 juris
1549 4171 1707 4234 sunt,
1737 4166 2142 4238 permittamus
2223 4173 2437 4247 populo
2479 4173 2676 4231 lumen
2710 4179 2924 4231 sanctas
2954 4171 3382 4246 pradicationis
3423 4170 3766 4230 infundunt.
3815 4168 3931 4228 Sed

438 4249 965 4339 locumperversaa
1009 4252 1401 4312 damnationis
1446 4253 1678 4312 habere.
1729 4254 1855 4313 Non
1907 4253 2140 4314 videant
2221 4278 2354 4321 cum
2398 4268 2544 4320 terra
2587 4279 2771 4339 usque
2814 4263 2886 4321 ad
2929 4263 3205 4320 fenestras
3251 4261 3563 4336 aggeritur,
3593 4260 3803 4319 clausis
3843 4259 3933 4318 fe-

441 4351 548 4395 nos
578 4337 803 4395 inimici
845 4339 1044 4411 nostri,
1090 4342 1244 4413 quod
1287 4341 1458 4410 absit,
1499 4341 1786 4399 enerviter
1817 4343 2036 4412 cedere,
2067 4359 2139 4402 ne
2222 4352 2431 4411 uestris
2465 4337 2738 4424 templum
2781 4352 3059 4409 continuo
3088 4351 3437 4408 tenebratur.
3475 4350 3544 4407 Et
3573 4364 3705 4408 cum
3748 4355 3931 4405 terre-

439 4440 576 4484 mox
605 4425 838 4484 sibimet
863 4428 1292 4501 applaudentes,
1323 4429 1392 4487 de
1439 4430 1647 4488 nostris
1693 4431 1915 4489 valeant
1951 4447 2196 4511 reces-h
2223 4453 2297 4495 na
2349 4437 2575 4511 negotia
2626 4436 2945 4494 sacerdotes
3018 4434 3319 4508 implicant
3356 4481 3367 4501 ,
3429 4433 3595 4506 quasi
3663 4434 3933 4491 fenestrae

437 4515 599 4575 sibus
651 4493 964 4576 exsultare.
1023 4493 1313 4578 Invictum
1365 4535 1616 4594 namque
1661 4520 1888 4580 militiae
1930 4493 2198 4582 nostraeD
2222 4493 2785 4598 cl'auszewtemplum,
2841 4522 2991 4597 quod
3045 4493 3255 4580 amittit
3298 4493 3516 4588 lumen,
3566 4518 3927 4578 obscuratur.

438 4605 646 4665 ducem
676 4607 977 4679 habemus,
1022 4611 1119 4669 cui
1153 4609 1496 4670 ﬁducialiter
1528 4612 1776 4672 dicimus
1809 4633 1822 4671 :
1862 4638 1886 4665 α
1913 4614 2136 4687 Judica,
2225 4616 2340 4676 Nos
2377 4631 2514 4687 ergo
2554 4629 2783 4672 necesse
2818 4620 2921 4679 est,
2969 4615 3252 4683 quantum
3297 4624 3627 4683 possumus,
3666 4609 3739 4666 ab
3787 4609 3931 4668 acti-

439 4694 704 4767 Domine,
750 4704 1024 4756 nocentes
1077 4715 1190 4764 me,
1240 4716 1508 4776 expugna
1558 4703 1966 4778 impugnantes
2022 4722 2138 4777 me,

437 4785 800 4858 apprehende
842 4802 1006 4847 arma
1049 4796 1105 4847 et
1151 4797 1401 4862 scutum,
1435 4798 1489 4850 et
1525 4809 1777 4867 exsurge
1816 4796 1873 4852 in
1913 4795 2139 4870 adjuto-

443 4873 597 4933 rium
640 4875 786 4934 mihi
820 4881 991 4944 (Psal.
1025 4885 1132 4944 IX).
1165 4901 1192 4932 »
1235 4879 1397 4938 Felix
1434 4881 1704 4956 spiritalis
1747 4883 1848 4941 ille
1876 4884 2134 4954 bellator,

439 4961 542 5034 qui
578 4962 750 5022 talem
778 4965 1045 5040 sequitur
1081 4967 1142 5026 in
1180 4968 1382 5043 praelio
1411 4969 1638 5041 ducem,
1680 4972 1781 5046 qui
1813 4972 1984 5031 talem
2015 4988 2137 5030 me-

438 5057 598 5110 retur
652 5052 864 5112 habere
922 5071 1045 5116 suae
1100 5059 1532 5133 congressionis
1571 5066 1885 5132 auctorem,
1935 5063 2034 5135 qui
2085 5068 2141 5118 et

2226 4703 2334 4762 bus
2382 4716 2582 4758 vacare
2628 4699 2905 4768 terrenis;
2964 4703 3028 4754 ut
3069 4697 3245 4755 sacris
3287 4696 3504 4771 jugiter
3547 4695 3931 4769 invigilemus

2225 4790 2497 4864 eloquiis.
2537 4786 2701 4846 Sicut
2728 4801 2934 4859 sponsa
2964 4786 3104 4844 dicit
3136 4787 3195 4844 in
3228 4785 3478 4845 Canticis
3507 4805 3520 4842 :
3573 4806 3600 4837 ‹‹
3633 4783 3794 4843 Oculi
3839 4788 3929 4844 tui

2225 4880 2374 4938 sicut
2400 4876 2691 4938 columbae
2725 4891 2897 4950 super
2937 4877 3090 4934 rivos
3122 4890 3428 4950 aquarum,
3458 4889 3591 4949 quae
3625 4873 3767 4932 lacte
3795 4881 3933 4933 sunt

2224 4967 2374 5038 lotae,
2403 4974 2458 5026 et
2487 4966 2739 5026 resident
2771 4965 2941 5040 juxta
2969 4965 3184 5024 ﬂuenta
3210 4963 3551 5039 plenissima
3581 4963 3752 5034 (Cant.
3790 4965 3864 5032 v).
3908 4989 3926 5012 ι
