4118 6438
141 241 247 300 925
1550 246 1731 306 VITA
1774 247 1830 308 S.
1873 246 1994 306 ODI
2005 246 2242 308 LONIS.
3540 252 3647 312 926

142 412 3632 440 m—m

1036 429 1423 430 ηηῖκῗκ
1444 429 1617 430 77
1632 429 3632 440 ___,v_____________________

960 583 1100 729 S.
1243 586 1838 733 PETRI
1976 588 2842 736 DAMIANI

1505 833 1564 895 S.
1605 835 1675 894 R.
1721 835 1787 893 E.
1828 834 2288 895 GARDINALIS

229 998 3549 1286 SANGTORUEHISTORUE.

1169 1411 1452 1526 VITA
1535 1411 1960 1526 SANCTI
2045 1413 2624 1572 QDILONIS

664 1625 944 1673 ABBATIS
985 1625 1467 1676 CLUNIACENSIS
1513 1629 1598 1674 ET
1640 1627 2104 1689 CONFESSORIS,
2153 1627 2423 1675 ORDINIS
2471 1628 2704 1676 SANCTI
2748 1629 3128 1679 BENEDICTI.

1515 1764 1648 1843 (An.
1682 1748 1820 1828 Chr.
1861 1765 2090 1841 1049,1
2129 1765 2291 1845 Jan.)

1141 1905 1304 1970 Cum
1341 1908 1511 1969 notis
1543 1908 1822 1970 Andreae
1861 1907 2198 1972 Duchesnii
2226 1917 2285 1971 et
2313 1909 2667 1989 Anonymi.

223 2244 375 2302 400
405 2236 636 2296 PETRUS
648 2235 912 2294 DAMIANI
937 2236 1150 2294 sanctis
1181 2235 1452 2295 Ecclesiis
1481 2251 1616 2310 quae
1639 2243 1773 2296 sunt
1799 2238 1860 2296 in
1878 2241 2171 2301 Actorum
2199 2237 2318 2297 vita
2361 2236 2608 2296 ﬁdeliter
2635 2243 2892 2296 enarrata
2917 2238 3000 2298 sic
3029 2239 3243 2310 rutilat,
3284 2247 3351 2299 ut
3377 2243 3649 2317 splendos

147 2326 610 2387 Occidentalibus
665 2324 986 2385 Galliarum
1041 2326 1300 2400 partibus
1351 2327 1722 2398 constitutae,
1778 2343 1864 2385 sa-
1945 2341 2066 2384 rem
2097 2324 2350 2385 accurati
2382 2325 2666 2383 sermonis
2693 2325 2761 2382 ad
2804 2325 3146 2384 illustranda
3178 2316 3440 2388 fidelium
3482 2316 3653 2391 corda

148 2418 330 2476 intem
363 2432 499 2491 quas
526 2417 695 2474 estin
723 2414 952 2475 Christo
979 2415 1140 2474 Jesu.
1919 2420 2060 2473 ‘non
2105 2415 2379 2488 requirat.
2411 2415 2540 2472 Huc
2589 2415 2821 2485 accedit,
2847 2416 2984 2489 quia
3039 2419 3330 2477 rusticitas
3367 2422 3652 2481 sermonis

218 2503 569 2577 (1'2'2)Hugo
595 2503 993 2562 Cluniacensis
1021 2504 1353 2562 monasterii
1386 2503 1859 2576 rector,etspiri-
1945 2504 2154 2562 inculti
2208 2505 2600 2579 suspicionem
2667 2520 2910 2578 purgare
2976 2508 3276 2564 consuevit
3343 2511 3649 2570 mendacii.

151 2595 325 2654 tualis
351 2594 579 2652 militiae
607 2593 730 2652 dux
758 2609 826 2652 ac
851 2593 1182 2668 praecipuus
1203 2594 1558 2660 informator,
1578 2594 1687 2652 hoc
1717 2593 1860 2651 mihi
1946 2592 2092 2650 Nam
2129 2593 2234 2665 qui
2283 2593 2385 2654 vix
2430 2592 2662 2664 sufﬁcit,
2694 2601 2756 2652 ut
2788 2593 3090 2652 climatum
3121 2595 3323 2654 saltem
3352 2597 3653 2670 depromat

151 2686 362 2744 laboris
400 2685 685 2757 injunxit,
733 2691 799 2742 ut
846 2684 1037 2743 Vitam
1097 2684 1161 2742 B.
1217 2683 1500 2756 Odiionis,
1548 2682 1862 2742 decessoris
1943 2682 2240 2754 eloquium
2277 2729 2289 2750 ,
2325 2682 2616 2756 quomodo
2652 2681 2877 2741 noverit
2909 2682 3183 2741 fabricare
3207 2687 3652 2745 commentum?

153 2773 422 2833 vide!icet
452 2775 575 2840 sui,
606 2772 835 2846 proprie
874 2773 1024 2847 stylo
1065 2773 1352 2833 succincte
1397 2774 1859 2848 perstringercm,
1944 2770 2014 2828 Et
2045 2778 2204 2828 certe
2243 2769 2478 2842 majoris
2520 2769 2621 2827 tibi
2666 2771 2903 2828 honoris
2950 2776 3036 2829 est
3080 2777 3143 2830 ut
3183 2788 3284 2830 rex
3348 2774 3410 2831 in
3474 2775 3645 2846 ferro,

153 2871 205 2921 et
247 2878 325 2920 ex
373 2861 468 2920 his
500 2877 637 2935 quae
673 2861 735 2918 in
774 2861 1108 2920 auctoribus
1151 2862 1377 2935 paginis
1410 2862 1584 2920 latius
1623 2862 1864 2935 reperie-
1943 2874 2120 2930 quam
2175 2874 2377 2916 servus
2432 2857 2745 2916 attituleris
2798 2858 2858 2916 in
2914 2875 3096 2932 auro;
3148 2868 3202 2919 et
3260 2861 3506 2922 habilior
3565 2870 3651 2923 est

152 2950 366 3009 bantur
394 2965 519 3008 esse
556 2949 788 3019 diffusa,
828 2950 1061 3008 utiliora
1118 2966 1371 3025 quaeque
1407 2950 1709 3024 magisque
1757 2967 1859 3009 ne-
1943 2964 2094 3021 aqua
2131 2948 2436 3021 perspicua
2471 2949 2530 3005 in
2576 2963 2710 3006 vase
2755 2947 2938 3018 fictili,
2986 2965 3162 3024 quam
3206 2950 3508 3024 lutulenta,
3554 2953 3647 3011 vel

153 3037 399 3098 cessaria
457 3037 617 3096 brevi
673 3038 1016 3110 compendio
1080 3038 1440 3096 deﬂorarem.
1519 3038 1700 3112 Cujus
1758 3055 1862 3113 ego
1945 3037 2155 3103 lurida,
2227 3052 2402 3111 quam
2465 3052 2581 3095 non
2636 3051 2804 3110 sapor
2851 3037 3157 3111 proprius,
3215 3040 3311 3097 sed
3362 3039 3647 3098 exteriora

153 3127 487 3199 compulsus
521 3127 785 3199 imperio,
821 3142 934 3185 non
968 3133 1332 3185 venustatem
1371 3127 1649 3186 luculenti
1678 3145 1861 3188 aucu-
1943 3126 2351 3185 commendant
2401 3131 2739 3185 ornamenta
2785 3140 3170 3199 gemmarum.
3215 3126 3310 3186 Sic
3351 3133 3408 3186 et
3453 3127 3659 3187 melior

153 3217 328 3291 pabor
375 3215 612 3290 eloquii,
661 3213 762 3273 sed
805 3214 958 3272 sicut
994 3230 1069 3272 ex
1107 3214 1314 3273 oblatis
1356 3215 1618 3288 apicibus
1658 3217 1863 3290 depre-
1945 3226 2028 3276 est
2061 3217 2274 3275 veritas
2306 3216 2364 3273 in
2408 3215 2774 3290 simplicibus
2813 3215 3024 3284 verbis,
3071 3231 3247 3290 quam
3291 3218 3364 3276 sit
3411 3219 3641 3277 menda-

155 3303 408 3364 bendere
441 3310 659 3376 potero,
705 3317 838 3360 cum
875 3302 976 3361 Dei
1019 3301 1431 3373 omnipotentis
1467 3303 1692 3364 auxilio
1740 3323 1863 3365 me-
1946 3307 2105 3363 cium
2158 3305 2219 3362 in
2277 3304 2604 3362 elucubrati
2662 3309 2962 3362 venustate
3014 3306 3320 3364 sermonis.
3381 3306 3490 3366 Sed
3533 3309 3654 3382 jam

156 3409 231 3451 rte
277 3391 506 3452 veritati
549 3391 838 3448 deservire
901 3391 1151 3449 tentabo.
1212 3389 1590 3464 Superﬂuum
1648 3395 1864 3468 quippe
1949 3411 2036 3453 res
2075 3395 2197 3467 ipsa
2242 3395 2594 3467 producatur
2648 3393 2710 3450 in
2768 3391 3047 3465 medium,
3099 3400 3154 3452 et
3201 3394 3362 3454 illius
3406 3412 3657 3457 summa;

153 3489 235 3540 est
292 3481 589 3540 lucernam
650 3478 926 3537 manibus
976 3478 1268 3546 adhibere,
1325 3477 1464 3536 dum
1523 3479 1862 3540 micantium
1949 3483 2207 3542 veritatis
2255 3482 2555 3541 auxilium
2612 3481 3036 3554 imploremus,
3093 3499 3207 3556 qua
3256 3485 3654 3546 abbreviatum

154 3569 453 3629 stellarum
513 3569 740 3627 conaris
795 3567 962 3642 signa
1017 3567 1415 3639 distinguere;
1471 3583 1577 3639 ego
1632 3573 2207 3667 quoqueBVerbum
2231 3586 2332 3644 per
2359 3571 2698 3645 prophetam
2721 3571 3658 3650 promittitur(Isa.x);quatenus

155 3660 293 3718 dum
333 3665 494 3716 actus
526 3658 808 3716 mirabilis
845 3658 982 3727 viri,
1024 3664 1294 3732 tanquam
1328 3658 1515 3715 sereni
1564 3659 1865 3730 cujusdam
1887 3658 2008 3718 "in
2041 3663 2216 3735 hujus
2243 3660 2570 3734 scriptionis
2601 3659 2844 3717 articulo
2869 3706 2882 3729 ,
2911 3667 2966 3717 ct
2991 3663 3336 3734 competenti
3379 3663 3656 3724 brevitate

156 3758 328 3824 atque
356 3749 641 3823 perlucidi
670 3749 801 3808 εαξΙὶ
831 3747 1027 3807 stellas
1057 3748 1315 3817 ostendo,
1360 3747 1583 3806 facetiis
1625 3750 1867 3808 urbanae
1951 3752 2271 3809 succinctos
2297 3795 2311 3819 ,
2341 3755 2392 3806 et
2423 3764 2455 3806 a
2484 3755 2615 3806 nota
2649 3747 2932 3806 mendacii
2967 3764 3071 3806 nos
3109 3749 3380 3809 exhibeat
3415 3752 3654 3812 alienos.

158 3836 465 3897 facundiae-
499 3853 615 3897 non
673 3836 927 3910 indigeo.
991 3836 1122 3911 Ipsa
1177 3837 1390 3911 quippe
1457 3853 1558 3910 per
1631 3853 1691 3895 se
1741 3855 1868 3896 san-
2024 3840 2232 3898 Beatus
2267 3839 2444 3913 igitur
2481 3835 2645 3896 0dilo
2687 3835 2834 3906 (123)
2879 3838 3146 3896 Arveniae
3177 3838 3480 3912 oriundus,
3507 3839 3647 3895 401

1166 3965 1497 4024 ANDBEE
1536 3965 1840 4026 CHESNII
1880 3967 1976 4025 ET
2015 3967 2360 4027 ANONYMI
2402 3963 2640 4025 NOTZE.

218 4063 349 4127 (122)
382 4063 534 4128 Hngo
562 4061 662 4114 fuit
706 4061 872 4115 abbas
909 4062 1279 4116 Cluniacensis
1315 4066 1527 4121 sextus,
1571 4065 1853 4116 sanctitate
1942 4066 2054 4123 235.
2115 4068 2167 4116 et
2227 4065 2318 4116 lib.
2389 4065 2461 4116 De
2511 4060 2860 4128 scriptoribus
2912 4061 3328 4124 ecclesiasticis;
3402 4063 3655 4116 Antonius

156 4147 373 4200 quoque
393 4135 751 4186 clarissimus.
1949 4135 2394 4196 archiepiscopus
2470 4135 2802 4186 Florenttnus
2875 4134 2930 4184 in
3005 4133 3316 4195 Chronicls,
3386 4133 3654 4198 Philippus

215 4205 354 4270 (123)
396 4206 470 4258 De
533 4205 638 4256 hoc
705 4204 922 4257 Otilone
979 4208 1176 4268 praeter
1237 4204 1444 4257 Petrum
1525 4206 1853 4267 Damianum,
1950 4207 2240 4268 Bergomas
2303 4208 2354 4256 in
2410 4205 2808 4270 Supplementa,
2865 4204 3242 4255 Volaterranus
3308 4206 3364 4256 in
3433 4205 3656 4258 Anthro-

156 4282 209 4330 et
285 4277 726 4327 Silviniacensem
812 4278 1130 4328 monachum
1207 4289 1559 4338 anonymum,
1617 4278 1708 4342 qui
1771 4279 1859 4328 Vi-
1948 4278 2182 4343 pologia.
2246 4277 2544 4328 Chronicon
2595 4289 2775 4328 rerum
2832 4275 3285 4338 Burgundionum,
3337 4275 3654 4329 Guillelmus

156 4353 263 4401 tam
313 4349 436 4412 ejus
501 4351 555 4399 et
623 4347 883 4401 miracula
938 4347 1156 4411 scriptis
1218 4348 1632 4410 consignavere.
1708 4362 1858 4402 men-
1955 4348 2246 4400 Paradinus
2287 4350 2341 4398 in
2377 4348 2618 4399 Anualib.
2674 4345 3004 4413 Burgundiae,
3057 4347 3234 4399 Petrus
3284 4349 3385 4398 San
3407 4347 3654 4400 Julianus

160 4420 358 4472 tionem
437 4417 642 4470 iaciunt
734 4418 908 4468 adhuc
989 4417 1376 4470 Chartularium
1475 4419 1521 4468 S.
1609 4419 1860 4470 Honorati
1952 4422 2007 4470 in
2064 4418 2230 4482 antiq.
2275 4419 2495 4480 Matisc.,
2540 4429 2592 4470 et
2634 4420 2792 4471 Cabit.
2841 4419 3129 4471 Riccardus
3193 4418 3655 4483 Wasseburgensis

159 4489 468 4542 Lerinensis
545 4489 776 4549 insulae;
842 4488 1032 4542 Glaber
1098 4487 1430 4552 Rodulphus,
1500 4489 1587 4540 lib.
1664 4490 1858 4542 Histor.
1957 4492 2009 4543 in
2062 4489 2287 4540 historia
2349 4488 2525 4540 Galliae
2590 4490 2834 4554 Belgicae,
2889 4492 3060 4542 Caesar
3117 4489 3376 4542 Baronius
3431 4489 3486 4540 in
3553 4491 3654 4542 An-

159 4574 315 4624 capp.
347 4562 377 4611 5
408 4565 461 4611 et
494 4561 556 4623 8;
593 4560 688 4612 tib.
724 4573 808 4622 ιιι,
853 4572 971 4624 cap.
1019 4561 1067 4621 3,
1107 4567 1160 4612 et
1200 4559 1288 4611 lib.
1340 4573 1392 4622 v,
1441 4573 1594 4626 capp.
1641 4561 1661 4612 l
1712 4566 1765 4612 et
1796 4563 1860 4618 4;
1957 4561 2143 4620 nalib.,
2195 4564 2247 4612 et
2297 4559 2364 4612 ad
2417 4559 2688 4621 Martyrol.
2753 4562 2993 4618 Roman;
3054 4561 3303 4612 Alfonsus
3362 4560 3654 4626 episcopus

164 4634 461 4684 Ademarus
531 4631 892 4684 Chabanensis
945 4633 1002 4683 in
1064 4632 1295 4684 Historia
1343 4634 1672 4698 Aquitanica;
1731 4644 1867 4684 con-
1957 4633 2218 4686 Athiensis
2268 4632 2323 4682 in
2377 4630 2468 4681 lib.
2520 4629 2592 4682 De
2639 4643 2810 4696 regno
2877 4632 3192 4696 Burgundias
3258 4632 3652 4697 Transjuranae,

159 4703 340 4756 cilium
400 4702 784 4756 Lemovicense
863 4715 999 4755 sess.
1059 4705 1122 4762 3;
1182 4702 1478 4756 Chronicon
1540 4704 1866 4756 Cassinense
1959 4704 2228 4767 Chopinus
2291 4703 2348 4753 in
2412 4701 2720 4764 Monastico,
2801 4709 2856 4756 et
2903 4703 2994 4756 alii
3058 4707 3165 4755 tam
3225 4709 3436 4756 veteres
3494 4715 3655 4769 quam

160 4787 283 4839 cap.
338 4775 431 4836 58;
487 4773 769 4826 Fulberms
813 4775 1150 4833 Carnqtensis
1207 4776 1516 4839 episcopus,
1580 4776 1738 4839 epist.
1786 4776 1864 4826 3t.
1959 4774 2223 4826 moderni.
2274 4771 2471 4830 Qubius
2515 4771 2796 4824 addendus
2855 4777 3014 4826 etiam
3056 4774 3290 4827 Joannes
3346 4774 3656 4827 Parisiensis

162 4851 215 4898 et
259 4847 354 4907 66;
402 4847 687 4897 concilium
737 4845 1089 4899 Cabilonense
1132 4848 1465 4908 provinciale
1510 4850 1569 4910 8;
1602 4847 2016 4943 Herman-Cin
2082 4843 2376 4898 Memoriali
2428 4842 2801 4904 Historiarum,
2873 4845 2963 4895 ubi
3039 4846 3118 4898 sic
3181 4848 3296 4896 ait:
3333 4847 3452 4896 Post
3524 4844 3651 4896 bea-

163 4918 216 4943 ..1
267 4917 530 4943 nunc-.4“
580 4919 953 4943 nnIuO‘nnnOnn-
1003 4917 1310 4943 ρει-ηλη-οηη
1373 4919 1435 4943 ..Α
1496 4931 1692 4943 -.ιι-ιιισυι
1746 4919 1862 4943 αησ).
1963 4923 2074 4943 1......
2139 4915 2385 4943 υηέηιιιη.
2448 4913 2622 4943 βίη-Ι...
2683 4917 2754 4943 ,οι
2816 4912 2966 4943 rma-
3025 4921 3251 4943 ,κη-...μη
3315 4915 3471 4943 “Aha.
3530 4917 3648 4943 tu...

163 4918 219 4970 nl
267 4917 532 4968 Gontracti
579 4919 954 4972 continuator:
1001 4917 1312 4972 Sigebertus
1371 4919 1439 4970 ad
1495 4931 1695 4970 annum
1746 4919 1866 4980 993;
1889 4912 1934 4943 υ
1961 4923 2079 4970 tum
2132 4915 2391 4968 Maiotum
2441 4913 2622 4977 factus
2681 4917 2756 4965 est
2816 4912 2966 4966 0dilo
3022 4921 3251 4982 quartus
3313 4915 3471 4968 abbas
3530 4917 3652 4969 Clu-

167 4989 352 5040 Petrns
415 4986 703 5051 Blesensis,
778 4991 931 5052 epist.
1015 4987 1134 5043 t33;
1208 4987 1346 5040 liber
1414 4989 1868 5042 Consuetudinum
1959 4987 2247 5041 niacensis.
2333 4986 2431 5037 Hic
2514 4985 2578 5034 de
2630 4983 2930 5055 _At_vernin,
3007 5001 3074 5040 ea:
3149 4988 3383 5055 equestri
3467 4999 3657 5051 genere

163 5059 394 5114 cenabit
479 5058 883 5119 Cluniacensis;
950 5057 1258 5110 Fasciculus
1332 5063 1677 5125 temporum;
1741 5061 1865 5113 Vin-
1961 5057 2224 5113 oriundus
2280 5056 2410 5122 fuit,
2463 5059 2512 5110 et
2559 5053 2655 5107 sub
2686 5052 2740 5106 S.
2777 5053 2970 5107 Maioto
2997 5052 3499 5122 factus'monachus
3527 5055 3650 5110 Utu-

164 5131 375 5184 centivs
428 5129 840 5190 Bellovacensis,
897 5130 985 5182 lib.
1039 5141 1179 5181 xxvn
1218 5127 1451 5193 Specuti,
1502 5143 1618 5196 cap.
1677 5131 1766 5184 t02
1814 5135 1866 5184 et
1957 5131 2243 5189 niacensis,
2313 5128 2406 5181 ubi
2487 5128 2616 5178 dum
2665 5125 2730 5177 in
2794 5125 2987 5190 quiete,
3046 5130 3395 5193 simplicitate
3445 5133 3494 5182 et
3542 5127 3650 5181 hu-

165 5202 555 5266 sequentibns;
632 5203 928 5255 Chronicon
1051 5201 1471 5263 Lemovicense;
1555 5203 1866 5256 Bernardus
1955 5203 2206 5261 mititate,
2257 5204 2307 5252 et
2367 5204 2559 5252 sancta
2612 5196 3016 5250 conversatione
3063 5201 3385 5264 persisteret,
3434 5205 3484 5254 et
3527 5203 3654 5267 jam

163 5272 446 5333 Guidonis;
553 5273 852 5326 Chronicon
951 5274 998 5324 8.
1122 5271 1257 5324 Petri
1371 5273 1480 5324 Vivi
1504 5310 1520 5335 ,
1625 5274 1860 5336 Platina,
1955 5271 2300 5338 perfectionis
2376 5283 2633 5324 normam
2680 5268 2990 5333 attingeret,
3047 5271 3138 5320 via;
3195 5272 3359 5323 annis
3420 5278 3658 5339 quatuor

159 5344 460 5396 Chronicon
541 5343 960 5403 Cbrouicorum,
1041 5341 1308 5404 Lupoldus
1376 5343 1866 5410 Bebemburgensis
1958 5343 2202 5403 evolutis,
2267 5342 2324 5395 S.
2391 5342 2616 5396 Maiolus
2698 5342 2760 5392 in
2839 5341 3064 5410 Domino
3126 5343 3437 5408 requievit;
3504 5343 3656 5397 beato

163 5416 255 5468 lib.
316 5416 390 5469 De
450 5418 698 5468 veterum
747 5416 1055 5481 principum
1103 5414 1486 5468 Germanorum
1534 5415 1642 5468 ﬁde
1681 5419 1736 5468 et
1783 5428 1866 5470 re-
1959 5419 2088 5470 tunc
2149 5413 2369 5466 Oditone
2431 5411 2866 5467 concurrentibus
2933 5409 2997 5464 in
3055 5425 3114 5463 eo
3196 5413 3332 5464 votis
3407 5415 3653 5467 omnium

164 5487 387 5562 ligione,
439 5498 557 5562 cap.
608 5489 728 5562 Δ13ξ
788 5486 1112 5562 {minemine
1153 5485 1248 5540 lib.
1300 5500 1363 5562 at,
1417 5486 1488 5562 De
1551 5487 1685 5540 viris
1740 5485 1868 5542 illu-
1961 5489 2212 5562 fratrum
2226 5557 2243 5562 Α
2263 5485 2364 5538 sibi
2432 5485 2722 5562 substituto
2752 5484 2837 5562 Δξπ
2890 5496 3024 5562 σιω-ρ
3079 5482 3358 5562 pastorali.
3428 5485 3661 5562 Praefuit

170 5558 376 5612 utribus
438 5559 651 5612 ordinis
701 5559 751 5610 S.
797 5557 1070 5614 Benedicti
1129 5569 1244 5626 cap.
1299 5559 1378 5621 75,
1429 5559 1518 5612 lib.
1597 5570 1681 5623 In,
1751 5571 1869 5626 cap.
1964 5559 2138 5623 igitur
2188 5557 2249 5611 56
2304 5557 2483 5623 annis,
2556 5555 2673 5611 nee'
2706 5556 2892 5624 aliqua
2963 5555 3048 5609 die
3105 5567 3141 5608 α
3199 5555 3372 5606 missa
3439 5556 3663 5609 celebra-
