4118 6432
450 232 557 294 927

921 231 977 290 S.
1023 230 1250 291 PETRI
1286 233 1607 292 DAMIANI
1648 232 1805 292 OPP.
1847 231 2040 291 PARS
2079 230 2216 291 SEU
2258 230 2507 291 TOMUS
2547 229 2621 288 II.
2667 262 2728 274 —
2777 227 3227 290 SANCTORUM
3268 232 3490 292 VIT/E.

3853 234 3966 294 928

460 376 537 419 ex
586 360 840 434 equestri
886 359 1123 433 quidem
1163 359 1364 419 ordine
1405 377 1592 436 genus
1641 362 1782 434 (124)
1828 360 2018 428 duxit,
2059 359 2224 422 sedA
2324 365 2470 423 402
2525 357 2638 428 Qui
2690 363 2966 431 praeterea
3012 356 3154 416 dum
3219 360 3291 417 ad
3359 360 3791 431 grandiuscula
3838 361 3962 434 jam

456 454 705 508 terrente
763 449 1050 523 prosapia
1107 449 1319 508 lineam
1384 449 1634 510 caelestis
1687 449 1824 507 vitae
1872 449 2168 508 nobilitate

463 537 833 596 transcendit.
875 537 985 595 Hic
1013 539 1154 596 dum
1191 539 1379 598 adhuc
1409 539 1618 614 puerili
1649 545 1935 598 teneretur
1972 538 2166 597 infan-

461 627 558 696 tia,
593 631 747 684 tanto
779 633 1011 700 repente
1049 633 1133 685 est
1161 628 1426 686 omnium
1465 629 1580 685 fere
1617 627 2010 686 membrorum
2041 627 2166 684 lan-

458 730 636 788 guore
703 715 1044 774 constrictus
1078 761 1091 787 ,
1147 723 1210 775 ut
1268 716 1574 775 incedendi
1643 731 1873 789 quoque
1930 731 2166 788 prorsus

457 802 743 860 amitteret
797 803 1146 862 facultatem.
1205 806 1439 864 Accedit
1506 804 1745 878 [accidit]
1819 811 2014 862 autem
2067 803 2169 862 ali-

459 890 710 963 quando,
749 897 812 948 ut
838 892 1041 950 nutrix
1070 907 1208 950 eum
1237 900 1370 951 ante
1405 893 1643 965 ianuam
1675 892 1980 962 cujusdam
2011 891 2164 949 basi-

460 977 793 1051 licaa,-quse
850 979 911 1038 in
965 980 1246 1040 honorem
1298 983 1482 1041 beatas
1533 982 1634 1044 Dei
1687 981 1996 1039 Genitricis
2047 987 2168 1037 erat

459 1065 720 1126 dedicata
767 1066 1154 1143 relinque-ret;
1205 1075 1262 1127 et
1307 1069 1431 1143 ipsa
1476 1069 1697 1128 intenta
1735 1070 1858 1126 suis
1907 1057 2168 1141 compen-

458 1153 572 1212 diis
619 1170 721 1226 per
759 1155 987 1214 diversa
1016 1159 1214 1230 procul
1262 1159 1466 1217 abiret.
1523 1159 1672 1216 Puer
1712 1158 1905 1231 itaque
1939 1173 1998 1214 se
2029 1161 2166 1214 con:-

455 1243 704 1316 spiciens
723 1244 853 1302 sine
879 1245 1113 1304 custode
1142 1245 1429 1314 relictum,
1459 1261 1524 1304 ac
1555 1245 1814 1304 nutritite
1843 1244 2167 1302 sedulitatis

457 1330 782 1390 ministerio
831 1332 1208 1404 destitutum,
1261 1334 1462 1392 divino
1523 1335 1769 1409 quodam
1830 1339 2168 1408 provocatus

454 1419 756 1492 instinctu,
807 1428 1021 1481 tentare
1056 1424 1224 1496 coepit
1273 1425 1318 1482 si
1367 1423 1565 1482 valvas
1607 1423 1861 1482 ecclesiae
1907 1423 2168 1498 quolibet

456 1508 591 1566 nisu
634 1516 825 1582 posset
882 1513 1182 1585 attingere.
1243 1512 1582 1572 Fluctuabat
1655 1513 1832 1586 igitur
1890 1513 2167 1570 innocens

458 1611 592 1656 reus
636 1597 761 1670 Dei,
805 1607 860 1657 et
911 1599 1022 1659 sub
1068 1601 1268 1660 divino
1315 1603 1552 1661 verbere
1599 1603 1968 1672 constitutus,
2021 1600 2165 1675 quid

2251 450 2434 506 mtatis
2462 447 2810 506 adolesceret
2844 449 3285 519 incrementum,
3317 449 3480 524 prius
3509 449 3665 522 apud
3695 457 3967 508 sanctum

2249 539 2553 597 Julianum
2600 541 2914 610 martyrem
2946 537 3133 595 factus
3159 543 3241 594 est
3283 537 3529 596 clericus
3559 537 3721 609 (125),
3753 538 3970 598 deinde

2251 628 2314 686 B.
2346 627 2536 685 Maioli
2583 626 2930 686 confessoris
2973 627 3184 699 egregii
3218 642 3281 684 se
3324 627 3654 700 magisterio
3705 628 3965 698 tradidit,

2251 723 2305 774 et
2358 718 2416 774 in
2462 716 2832 776 Cluniacensi
2883 716 3228 773 monasterio
3271 715 3532 774 habitum
3573 723 3785 775 sanctae
3835 717 3968 775 reli-

2247 805 2435 878 gionis
2460 805 2697 878 accepit.
2727 804 2836 862 Ubi
2867 803 3006 862 dum
3029 805 3260 876 quietus
3290 811 3344 861 et
3376 804 3625 877 simplex
3657 805 3967 865 humiliter

2249 894 2310 951 in
2358 901 2554 951 sancta
2592 892 2872 965 religione
2921 893 3266 966 persisteret,
3309 900 3365 950 et
3408 895 3473 951 in
3518 893 3640 966 ipso
3688 895 3853 953 rudis
3897 910 3969 953 ac

2252 983 2490 1040 novitize
2519 980 2976 1040 conversationis
3005 981 3248 1038 exonlio
3270 1025 3283 1052 ,
3333 981 3600 1056 quadam
3624 983 3747 1053 jam
3777 983 3845 1042 in
3889 998 3963 1041 eo

2219 1072 2617 1150 perfectionis
2655 1071 2912 1140 insignia
2958 1069 3359 1142 praelucerent,
3395 1070 3499 1127 vix
3531 1071 3779 1130 evolutis
3814 1087 3967 1146 qua-

2251 1169 2380 1219 tuor
2429 1160 2618 1230 annis,
2652 1160 2715 1217 B.
2770 1158 3014 1217 Maiolus
3060 1159 3411 1217 obdormivit
3459 1159 3522 1218 in
3566 1160 3832 1231 Domino,
3863 1160 3966 1218 sed

2249 1256 2557 1323 antequam
2606 1247 2986 1306 humanitatis
3031 1247 3289 1306 debitum
3339 1247 3604 1318 solveret,
3655 1249 3968 1322 proximus

2252 1347 2442 1397 tamen
2486 1338 2667 1396 beata)
2711 1337 3077 1396 dormitionis
3106 1337 3390 1396 articulus
3425 1337 3776 1409 immineret,
3822 1337 3966 1396 bea-

2253 1435 2376 1486 tum
2407 1425 2707 1485 Odilonem
2746 1426 2978 1484 sibimet
3005 1425 3068 1483 in
3105 1425 3404 1498 pastoralis
3440 1425 3613 1484 ofﬁcii
3652 1441 3793 1484 cura
3824 1425 3965 1483 sub-

2249 1516 2455 1584 stituit,
2502 1530 2792 1586 suumque
2847 1530 3020 1588 super
3074 1512 3356 1572 Dominici
3409 1513 3599 1586 gregis
3634 1513 3966 1572 custodiam

2246 1603 2532 1662 vicarium
2571 1603 2897 1678 dereliquit.
2943 1603 3011 1660 In
3041 1616 3216 1676 quem
3262 1601 3526 1674 protinus
3554 1603 3820 1660 omnium
3853 1601 3967 1660 fra-

455 1691 651 1756 ageret
680 1687 985 1746 nesciebat.
1021 1688 1324 1760 Innocens,
1359 1692 1618 1766 inquam,
1648 1697 1710 1750 ut
1740 1696 1875 1764 puta
1915 1690 2017 1763 qui
2045 1705 2160 1748 non
2185 1698 2404 1784 Btrum
2444 1700 2573 1750 vota
2610 1698 2985 1763 concurrunt,
3013 1706 3215 1750 omnes
3250 1706 3310 1748 se
3345 1691 3415 1749 ad
3465 1691 3856 1750 obedientiam
3901 1691 3954 1749 ei

452 1782 824 1848 peccaverat;
874 1793 1006 1837 reus
1048 1785 1244 1838 autem
1292 1780 1416 1850 Dei,
1470 1779 1607 1854 quia
1657 1780 1874 1838 cmlesti
1924 1779 2164 1838 verbere

454 1864 781 1938 vapulabat.
817 1866 1074 1925 Tandem
1111 1883 1315 1941 repens
1356 1876 1408 1928 et
1447 1871 1616 1946 quasi
1651 1870 1901 1942 quodam
1936 1886 1996 1927 se
2037 1885 2162 1927 ma-

453 1969 644 2013 nuum
675 1957 1004 2030 pedumque
1043 1959 1284 2032 remigio
1330 1959 1618 2028 fulciens,
1649 1959 1751 2017 vix
1798 1961 2062 2032 pervenit
2089 1959 2162 2016 ad

443 2042 709 2115 januam,
755 2044 1034 2117 paulatim
1087 2062 1418 2120 progressus
1471 2049 1730 2106 intravit.
1781 2047 2026 2121 Jamque
2063 2063 2163 2122 spe

455 2141 747 2208 concepta,
779 2135 1064 2196 valentior
1105 2137 1295 2210 palam
1339 2139 1538 2197 altaris
1581 2139 1845 2212 arripuit,
1881 2145 1936 2197 et
1970 2139 2054 2197 sic
2101 2155 2162 2197 se

454 2223 694 2296 erigere,
735 2224 951 2297 quibus
991 2233 1209 2299 poterat
1256 2229 1576 2296 conatibus,
1617 2230 1805 2302 ccepit.
1854 2229 1964 2289 Sed
2018 2232 2159 2288 dum

458 2308 861 2384 intempestive
889 2321 1148 2384 conatur,
1175 2317 1420 2374 necdum
1447 2316 1617 2376 soluti
1647 2318 1943 2391 languoris
1967 2319 2163 2376 adhuc

460 2397 782 2458 nodositate
813 2401 1197 2477 restringitur.
1228 2403 1378 2474 Quid
1425 2407 1630 2479 plura?
1657 2406 1914 2466 Tandem
1941 2408 2163 2466 divinas

460 2485 691 2544 virtutis
722 2489 1010 2548 auxilium
1054 2491 1249 2556 sensit,
1291 2500 1346 2550 et
1380 2495 1541 2552 omni
1586 2495 1862 2568 languore
1903 2495 2163 2570 deposito

457 2573 644 2633 factus
673 2576 1002 2648 incolumis,
1027 2579 1100 2637 ad
1128 2582 1498 2640 referendum
1537 2583 1653 2641 Deo
1682 2585 1892 2657 gratias
1923 2586 2162 2643 intuen-

459 2663 604 2720 tium
649 2665 876 2724 animos
920 2671 1264 2738 provocavit.
1319 2671 1388 2729 Et
1419 2672 1558 2746 quia
1604 2679 1741 2732 tunc
1769 2675 1925 2734 alius
1969 2677 2168 2734 deerat

455 2752 554 2826 qui
583 2768 685 2826 pro
711 2771 772 2814 se
803 2756 1178 2818 intercederet
1207 2804 1221 2831 ,
1255 2770 1488 2822 sanctus
1515 2763 1636 2836 ipse
1667 2808 1680 2835 ,
1714 2772 1776 2822 ut
1815 2765 1891 2822 ita
1940 2765 2161 2838 loquar,

458 2844 522 2903 in
548 2860 608 2904 se
633 2846 866 2920 signum
892 2849 1125 2910 virtutis
1145 2853 1434 2923 exhibuit,
1456 2855 1576 2928 ipse
1607 2871 1709 2928 pro
1736 2872 1796 2914 se
1818 2857 2160 2926 intervenit;

458 2938 514 2990 et
539 2932 608 2991 de
641 2934 762 3007 ipso
803 2936 1082 2998 miraculo
1111 2941 1329 2999 faciens
1362 2944 1710 3002 medicinam
1741 2945 1960 3003 divinae
1990 2961 2162 3003 cura-

2251 1783 2510 1841 unanimi
2554 1782 2858 1840 devotione
2897 1782 3308 1850 substernunt;
3370 1781 3589 1854 quique
3619 1796 3680 1838 se
3721 1786 3963 1838 eatenus

2247 1871 2472 1930 orbatos
2521 1887 2816 1929 remanere
2869 1870 3237 1940 deﬂeverant,
3292 1868 3642 1926 decessionis
3700 1875 3960 1941 paternae

2219 1961 2547 2038 .jacturam,
2581 1960 2846 2034 supparis
2887 1959 3086 2017 vicarii
3123 1958 3530 2016 reformatione
3559 1964 3954 2030 compensant.
4029 1978 4031 1981 ·

2314 2051 2443 2109 Jam
2476 2065 2610 2107 vero
2642 2049 2701 2108 in
2741 2048 3033 2107 commissi
3063 2046 3365 2120 regiminis
3394 2045 3783 2105 sollicitudine
3813 2061 3955 2104 con-

2246 2137 2523 2207 stitutus,
2581 2136 2853 2209 plurimis
2900 2144 3112 2194 sancta:
3165 2134 3464 2207 religionis
3524 2135 3696 2207 coepit
3748 2135 3956 2192 ﬂorere

2246 2225 2598 2293 virtutibus;
2629 2225 2909 2284 nimirum
2951 2231 3012 2282 ut
3042 2223 3379 2296 psalmodiae
3407 2224 3612 2282 studiis
3642 2222 3956 2297 vigilanter

2245 2312 2552 2384 insisteret,
2606 2313 2751 2372 dura
2803 2329 3010 2386 corpus
3055 2313 3250 2371 inedia
3304 2319 3638 2383 maceraret,
3693 2320 3870 2385 atque
3920 2327 3955 2368 a

2245 2403 2422 2461 sacris
2481 2404 2761 2462 altaribus
2813 2419 2929 2462 non
2982 2403 3296 2474 recedens,
3365 2402 3776 2476 quotidianum
3831 2402 3956 2458 fere

2245 2492 2628 2565 omnipotenti
2685 2492 2801 2550 Deo
2852 2492 3201 2550 sacriﬁcium
3248 2491 3440 2550 laudis
3494 2491 3738 2548 oti'erret.
3795 2488 3957 2547 Inter

2247 2599 2393 2656 quas
2445 2583 2696 2655 profecto
2750 2583 2862 2656 pia:
2913 2583 3236 2642 devotionis
3296 2582 3590 2647 excubias,
3643 2580 3960 2640 uberrimis

2248 2675 2594 2748 plerumque
2642 2675 3035 2746 lacrymarum
3074 2674 3620 2747 compunctionibus
3659 2671 3956 2729 attinebat.

2321 2757 2510 2821 Porro.
2533 2769 2724 2820 autem
2754 2761 3046 2819 Adraldus
3078 2761 3247 2830 (126),
3277 2761 3454 2818 abbas
3478 2759 3810 2818 Bremensis
3841 2773 3960 2817 mo-

2251 2851 2504 2922 nasterii,
2555 2851 2646 2907 vir
2688 2851 2952 2908 videlicet
3004 2848 3308 2921 religiosus
3348 2864 3413 2904 ac
3449 2854 3661 2906 sanctae
3707 2862 3961 2908 conver-

2249 2941 2490 2999 sationis
2547 2940 2842 2997 honestate
2899 2937 3266 3010 conspicuus,
3314 2938 3413 3010 qui
3459 2937 3785 3012 discipqu
3833 2938 3964 3010 ejus

461 3021 638 3082 tionis
686 3024 954 3085 obtinuit.
988 3028 1109 3088 Hoc
1163 3039 1248 3090 est
1295 3033 1453 3091 enim
1510 3036 1827 3107 egregium,
1855 3041 1911 3091 et
1939 3035 2224 3107 insigne“
2252 3029 2567 3098 exstiterat,
2606 3027 2773 3085 nobis
2812 3026 3127 3102 aliquando
3155 3027 3352 3083 retulit
3377 3026 3514 3100 quia
3541 3027 3631 3085 vir
3658 3027 3781 3096 Dei,
3814 3026 3964 3085 dum

464 3113 835 3188 miraculum,
865 3133 1002 3178 cum
1036 3121 1208 3181 homo
1241 3137 1354 3180 non
1390 3138 1492 3196 per
1518 3123 1701 3180 alium
1723 3167 1736 3194 ,
1773 3124 1869 3180 sed
1901 3123 2022 3197 ipse
2055 3123 2165 3181 sibi

463 3203 738 3263 conscivit
765 3205 986 3267 divinae
1013 3209 1246 3269 virtutis
1275 3210 1594 3269 auxilium.

2251 3120 2312 3176 in
2345 3133 2412 3175 eo
2454 3133 2570 3191 quo
2608 3117 2971 3190 postmodum
3013 3116 3323 3175 defunctus
3360 3113 3508 3171 403
3552 3122 3638 3175 est
3684 3117 3968 3188 languore

2249 3206 2655 3276 decumberet,
2712 3205 2800 3264 illi
2859 3206 3133 3280 prmcepit
3187 3212 3251 3264 ut
3302 3221 3375 3264 ex
3433 3205 3741 3265 calcularis
3795 3205 3964 3262 abaci

1479 3327 1808 3387 ANDREIE
1848 3327 2149 3388 CHESNII
2190 3325 2283 3385 ET
2325 3323 2671 3384 ANONYMI
2708 3322 2948 3382 NOTtE.

465 3411 606 3463 tione
668 3414 912 3471 cessavit.
983 3418 1463 3482 quantumcunque
1532 3417 1825 3482 impeditus
1889 3419 2041 3485 fuit;
2103 3419 2164 3470 in

464 3485 747 3555 erogandi:
777 3485 1122 3551 eleemosynis
1162 3486 1244 3536 ita
1271 3487 1472 3548 largus,
1523 3493 1582 3540 ut
1631 3503 1667 3541 a
1705 3489 2026 3555 quibusdam
2053 3503 2164 3542 non

459 3554 812 3620 dispensator,
863 3557 956 3607 sed
1017 3556 1274 3620 prodigus
1333 3558 1622 3611 diceretur.
1679 3554 1935 3625 Tempore
1998 3561 2164 3624 famis

459 3626 791 3690 consumptis
819 3626 879 3676 in
917 3639 1046 3677 usus
1083 3639 1386 3690 pauperum
1418 3628 1685 3684 thesauris
1724 3633 1964 3693 ecclesia,
2001 3634 2165 3696 plura

467 3697 635 3749 etiam
657 3711 816 3749 sacra
838 3710 986 3767 pasa
1015 3700 1065 3748 et
1100 3697 1452 3752 ecclesiastica
1481 3707 1810 3756 ornamenta
1838 3704 2164 3767 pauperibus

457 3767 758 3821 distribuit.
820 3765 1038 3819 Camnae
1092 3768 1283 3828 etiam.
1337 3784 1504 3837 quam
1562 3765 1846 3826 Henricus
1900 3765 2162 3827 secundus

459 3841 760 3902 imperator
791 3837 893 3889 sibi
931 3837 994 3889 ob
1031 3842 1121 3892 sui
1164 3843 1487 3897 memoriam
1539 3846 1854 3903 destinavit,
1906 3859 2018 3899 non
2068 3860 2163 3909 pe-

455 3909 659 3988 percit.
709 3911 909 3988 Corpus
969 3923 1130 3988 suum
1178 3925 1290 3988 non
1353 3917 1575 3988 tantum
1653 3918 1807 3968 duris
1846 3917 2163 3972 atlenuabat

447 3980 698 4058 jejuniis‘
721 3985 770 4031 et
810 3981 1124 4058 asperrimis
1151 3983 1682 4058 edomabaticiticiis,
1720 3990 1814 4040 sed
1854 3993 1906 4042 et
1947 3991 2158 4055 quibus-

456 4049 591 4101 dam
660 4049 852 4114 ferreis
933 4053 1157 4106 nexibus
1223 4057 1550 4112 coarctabat.
1620 4059 1844 4112 Sobrius
1909 4049 2026 4112 erat
2101 4060 2165 4112 in

457 4119 677 4181 edendo,
712 4125 762 4174 et
797 4123 918 4186 pius
951 4122 1012 4175 in
1055 4128 1446 4191 compatiendo.
1496 4132 1648 4181 Inter
1691 4137 1904 4183 casteras
1951 4134 2162 4182 sanctos

461 4193 610 4268 circa
640 4194 854 4268 beatam
895 4193 1000 4268 Dei?
1023 4201 1260 4250 matrem
1315 4200 1700 4254 ardentissima
1747 4203 2024 4254 devotione
2067 4203 2165 4268 ﬂa-

457 4261 668 4343 grabat,
704 4265 916 4343 ipseque
966 4267 1098 4318 dum
1146 4269 1636 4334 reprehenderetur
1688 4286 1754 4325 ea:
1801 4287 1860 4325 eo
1915 4261 2077 4339 quod'
2105 4273 2168 4323 in

457 4337 768 4408 panilentes
809 4341 1212 4394 misericordior
1253 4343 1405 4405 justo
1452 4356 1558 4394 esse
1605 4345 1897 4403 videretur,
1922 4337 2162 4408 respon-

459 4402 539 4499 dit
568 4426 581 4454 :
607 4403 674 4459 Si
725 4409 1078 4499 damnandus
1094 4413 1222 4494 sim,
1249 4402 1394 4499 inata
1422 4413 1686 4499 damnari
1735 4416 1799 4466 de
1837 4402 2226 4499 .misericor-D

459 4476 556 4559 dia
605 4491 772 4559 quam
813 4484 878 4559 de
926 4485 1158 4559 duritia,
1205 4487 1286 4535 vel
1339 4485 1676 4559 crudelitate.
1706 4557 1713 4559 _
1741 4488 1912 4552 Hujus
1988 4489 2166 4541 Vitam

452 4552 607 4629 jussu
669 4552 904 4629 Huqonis
969 4557 1084 4629 ejus
1149 4557 1459 4629 successoris
1520 4556 1737 4621 scripsit
1802 4562 1990 4611 Petrus
2066 4559 2163 4610 Da-

459 4622 696 4692 mianus.
742 4622 932 4679 Clarus
971 4627 1146 4690 igitur
1182 4628 1463 4679 miraculis
1511 4629 1572 4679 in
1619 4631 1753 4687 vita,
1789 4629 2048 4692 migrauit
2087 4631 2162 4682 ad

458 4690 732 4744 Christum
764 4697 828 4746 in
871 4699 1062 4763 vigilia
1109 4695 1564 4751 Circumcisionis.
1616 4702 1680 4749 In
1712 4690 1967 4752 crtreinis
2010 4702 2161 4753 labo-

459 4775 591 4842 rans
619 4763 900 4842 diabolum
942 4773 1124 4842 astare
1164 4769 1315 4824 vidit.
1357 4774 1404 4821 et
1455 4783 1577 4822 eum
1615 4770 1942 4835 adjuralum
1996 4772 2163 4836 fuga—

458 4836 557 4886 uit.
616 4836 849 4890 Meminit
901 4844 956 4891 et
1012 4841 1160 4893 Illius
1217 4842 1516 4893 Cbronicon
1577 4842 1625 4892 s.
1694 4843 1912 4905 Bemgni
1989 4843 2158 4894 DIVIO'

457 4907 682 4977 pensis,
755 4909 810 4962 in
883 4924 988 4977 quo
1039 4912 1252 4975 legitur,
1309 4913 1453 4977 quod
1508 4924 1650 4964 anno
1720 4913 1836 4964 1014
1897 4916 2006 4965 Rea
2053 4913 2161 4966 Ro-

461 4973 642 5048 bertus
713 4973 1115 5044 Burgundioni—
1143 4973 1364 5036 intrans
1417 4997 1540 5035 aunt
1607 4983 1846 5048 plurimo
1901 4984 2164 5046 escereilu,

462 5046 748 5120 Diuionem
801 5058 1045 5106 castrum
1101 5053 1342 5113 aduenit,
1402 5046 1840 5117 circumpositum
1888 5056 2163 5120 regionem

456 5119 742 5190 deuastans
808 5137 872 5177 ac
930 5125 1275 5190 depopulans.
1333 5125 1498 5189 Cujus
1551 5129 1698 5178 iram
1750 5119 1963 5179 timens,
2000 5125 2162 5178 abbas

469 5189 772 5257 Wittetmus,
849 5189 1030 5248 omnes
1079 5195 1364 5248 monachos
1437 5196 1504 5248 ab
1566 5196 1661 5250 hoc
1707 5199 1816 5249 loco
1879 5210 1979 5262 per
2047 5196 2163 5247 alia

459 5267 796 5318 monasteria
836 5267 1006 5334 jussit
1051 5269 1300 5328 secedere,
1347 5267 1660 5335 aliquantae
1716 5282 1860 5332 aera,
1906 5273 1960 5320 et
2013 5267 2163 5320 omni

459 5340 662 5388 ornatu
708 5338 932 5392 ecclesia
977 5339 1039 5390 in
1075 5342 1319 5391 castrum
1373 5339 1584 5398 Divion.
1643 5353 1707 5392 ac
1770 5339 1830 5391 in
1888 5339 2162 5393 ecclesiam

459 5403 518 5456 S.
573 5408 856 5472 Vineentii,
908 5423 1076 5476 quam
1121 5413 1250 5462 tunc
1285 5412 1465 5475 quieto
1525 5413 1657 5477 jure
1713 5411 1966 5464 monachi
2007 5411 2163 5462 istius

465 5477 568 5529 loci
624 5480 984 5545 possidebant,
1029 5481 1164 5546 fecit
1224 5482 1491 5543 residere;
1570 5482 1757 5547 paucis
1831 5482 2166 5534 solummodo

479 5549 743 5613 Miluus
786 5553 862 5605 ad
914 5554 1216 5608 custodiam
1255 5554 1372 5618 loci,
1407 5547 1474 5608 δι’
1503 5550 1558 5606 S.
1612 5554 1838 5620 Benigm’
1881 5553 2166 5608 Mettium

2254 3429 2377 3466 cum
2403 3415 2619 3465 domino
2651 3412 2838 3465 abbate
2867 3412 3085 3464 Odilone
3128 3412 3192 3463 in
3241 3409 3337 3463 hac
3386 3410 3495 3462 loco
3549 3410 3800 3462 dimissis.
3850 3409 3967 3464 Rea:

2254 3499 2398 3548 vero,
2461 3490 2522 3539 ut
2568 3489 2685 3538 erat
2738 3493 2908 3536 mente
2967 3483 3243 3548 benignus,
3285 3495 3408 3534 cum
3455 3484 3696 3547 cognovit
3735 3486 3969 3546 prapter

2253 3571 2307 3609 se
2361 3556 2648 3611 monachos
2705 3556 2988 3620 dispersos,
3046 3556 3200 3608 valde
3267 3555 3458 3608 doluit.
3527 3553 3718 3606 Paucis
3770 3555 3969 3618 itaque

2256 3631 2552 3684 transactis
2581 3629 2763 3682 diebus
2799 3626 3092 3680 Franciam
3121 3627 3422 3687 repedavit.
3469 3627 3662 3678 Omnes
3707 3625 3784 3676 illi
3834 3638 3970 3678 con-

2253 3703 2490 3754 corditer
2537 3701 2680 3753 hunc
2736 3699 3014 3752 Odilonem
3068 3699 3312 3750 abbatem
3371 3703 3600 3758 vocant;
3656 3709 3758 3748 nec
3797 3698 3968 3750 aliam

2254 3771 2375 3842 ejus
2419 3774 2655 3824 nominis
2698 3773 3023 3834 scripturam
3077 3770 3205 3842 alibi
3255 3769 3457 3842 vidisse
3492 3768 3766 3842 sedatum,
3815 3780 3964 3842 pse:

2254 3839 2500 3912 terquem
2547 3845 2601 3894 in
2645 3843 2864 3894 Othonis
2896 3841 3238 3905 imperatoris
3271 3841 3434 3912 unico
3473 3839 3782 3912 diplomate,
3814 3839 3971 3904 quod

2257 3911 2474 3974 Odilum
2510 3928 2606 3978 pro
2639 3914 2854 3966 Odilone
2887 3916 3253 3974 nuncupatum
3285 3911 3522 3974 praefert.
3553 3911 3832 3962 Ducnnsn.

2317 3991 2453 4056 (1‘24)
2503 3986 2751 4039 Scribunt
2803 3985 2964 4043 idem,
3021 3988 3076 4035 et
3120 3983 3475 4056 allegatorum
3521 3985 3632 4048 jam
3680 3988 3966 4035 auctorum

2254 4053 2501 4126 plerique
2531 4079 2543 4108 :
2571 4058 2661 4124 qui
2695 4061 2872 4107 tamen
2903 4057 3104 4126 gemis,
3131 4058 3250 4106 slve
3277 4053 3494 4105 familiae
3532 4055 3712 4126 tacent
3740 4064 3968 4126 nomen.

2254 4123 2450 4186 Verum
2508 4123 2651 4180 illam
2722 4127 2970 4179 Mercarii
3037 4125 3220 4183 fuisse,
3273 4131 3630 4189 sanctumque
3685 4123 3968 4177 Odilonem

2254 4206 2320 4256 de
2345 4200 2601 4254 Memoria
2629 4199 3066 4262 cognominatum
3102 4198 3371 4258 suspicor,
3403 4195 3622 4260 adjutus
3653 4195 3970 4249 testimonio

2261 4272 2566 4328 Kalendarii
2617 4270 3071 4321 Claromontensis
3111 4267 3391 4324 Ecclesiae,
3439 4267 3582 4328 quod
3628 4266 3971 4320 immanitate

2263 4350 2316 4400 D.
2334 4343 2620 4398 Savaronts
2649 4341 2947 4393 exhibitum
2971 4347 3049 4390 est
3076 4340 3380 4400 hujusmodt
3405 4353 3417 4387 :
3443 4337 3648 4402 Quarto
3665 4335 3852 4388 Nonas
3871 4337 3968 4389 ,Ιασ

2259 4416 2468 4474 nuarii,
2507 4413 2708 4466 Octava
2742 4411 2800 4465 S.
2833 4410 3121 4476 Stephani,
3151 4413 3198 4462 et
3237 4408 3473 4459 Odilontls
3510 4406 3713 4476 abbatis
3747 4411 3798 4459 et
3832 4420 3966 4460 con-

2254 4487 2491 4554 fessoris,
2529 4498 2628 4548 pro
2662 4496 2766 4548 qua
2799 4474 2937 4554 festo
2959 4478 3392 4554 librandoLOditﬁo
3419 4479 3481 4554 de
3508 4474 3766 4554 lllercorio
3794 4491 3968 4554 canos-

2253 4547 2410 4612 nicus
2433 4547 2904 4611 Glaromantensis,
2930 4557 2976 4603 el
2995 4549 3310 4614 prapositus
3336 4547 3683 4610 Brivalensis,
3708 4550 3968 4610 promisit

2253 4628 2623 4698 quadraginta
2677 4625 2870 4675 solidos
2913 4622 3198 4698 censuales,
3252 4623 3359 4698 aut
3385 4620 3610 4698 reddere
3641 4619 3803 4698 semel
3834 4635 3966 4684 qua-

2252 4691 2511 4763 draginta
2558 4695 2742 4752 libras,
2785 4698 2832 4746 et
2891 4691 3080 4743 debent
3113 4691 3308 4743 librari
3337 4691 3398 4742 in
3431 4691 3617 4746 missa.
3651 4693 3700 4742 et
3739 4692 3814 4763 in
3844 4705 3969 4743 oes-

2253 4761 2376 4838 pars
2407 4768 2542 4820 dicti
2570 4766 2715 4831 festi.
2749 4767 2826 4838 Ad
2854 4765 2984 4838 quid
3009 4763 3604 4838 entmpeeuntamﬂpro
3634 4761 3966 4838 S.‘_0dttonls

2253 4833 2459 4897 abbatis
2511 4840 2651 4890 testo
2704 4837 2950 4889 librando
2999 4836 3338 4900 promisisset
3393 4835 3541 4886 Odilo
3574 4835 3642 4884 de
3680 4833 3964 4896 Mercurio,

2253 4914 2357 4967 nisi
2391 4909 2833 4972 consanguineus
2859 4911 2997 4972 ejus,
3021 4912 3073 4960 et
3097 4905 3376 4960 exeadem
3410 4905 3610 4957 familia
3642 4909 3967 4970 procreatus

2256 4984 2571 5037 exstitisset.
2619 4981 2696 5034 lo.
3366 5021 3372 5027 ,

2313 5056 2449 5120 (125)
2487 5055 2542 5105 In
2580 5052 2908 5106 Brtvatensts
2950 5047 3224 5116 [Brioude]
3269 5047 3390 5100 vico
3437 5043 3854 5120 scilicet._Unde
3907 5052 3965 5101 et

2253 5115 2652 5180 Stl'vlnt'acensts
2695 5115 3000 5175 monachus
3061 5123 3115 5171 tn
3181 5120 3425 5183 ejusdem
3482 5116 3635 5167 Vita:
3674 5115 3966 5181 Tanquam

2254 5200 2394 5253 alter
2423 5201 2593 5255 Isaac,
2622 5196 2820 5260 inquit,
2868 5193 2978 5244 siue
3011 5190 3230 5246 Samuel
3281 5187 3492 5241 Chris'o
3520 5191 3875 5260 consecratus,
3911 5195 3963 5243 et

2255 5271 2474 5322 Brivate
2509 5269 2658 5332 apud
2695 5259 2765 5314 Β.
2817 5264 3102 5315 Julianum
3131 5261 3431 5326 gloriosum
3460 5264 3768 5325 martyrem
3801 5259 3966 5313 cleri-

2253 5346 2363 5394 cale
2396 5343 2539 5392 sorte
2572 5342 2646 5391 est
2669 5336 2918 5388 donatus.
2949 5336 3025 5386 In.

2315 5412 2450 5476 (I26)
2487 5413 2555 5462 De
2587 5421 2697 5473 quo
2744 5412 2797 5458 et
2847 5405 3092 5476 Chronlct
3134 5402 3505 5476 Cluniacean
3555 5403 3805 5476 erlptar,
3867 5405 3961 5467 qui

2255 5472 2510 5548 corrupto
2562 5472 2876 5532 Adraudum
2921 5473 3270 5530 Uremetensis
3330 5472 3650 5528 monasterii
3707 5473 3959 5528 abbatem

2247 5559 2464 5612 vocant.
2492 5555 2572 5607 lu.
