4118 6464
115 367 214 428 929

1516 357 1696 420 VITA
1736 358 1798 418 S.
1841 355 2209 417 ODILONIS.

3513 355 3619 417 930

111 493 512 569 supputatione
541 492 832 566 colligeret
859 506 992 566 quae
1021 497 1210 565 posset
1245 506 1370 549 esse
1398 503 1627 549 summa
1675 488 1822 554 mis-
1852 486 2122 559 Agendis
2135 487 3205 562 porrojudiciis,acmodispoenitentias
3222 486 3610 560 prteﬁgendis,

109 599 322 655 sarum,
383 597 530 658 quas
583 581 900 640 celebravit
944 596 1047 655 per
1097 581 1353 655 spatium
1405 581 1837 656 quinquaginta

110 689 208 731 sex
229 687 544 740 annorum,
569 669 784 745 quibus
805 670 1218 728 monasterium
1248 669 1418 728 rexit.
1453 670 1520 728 1n
1545 685 1664 743 quo
1690 671 1834 728 facto

112 761 330 836 liquido
358 758 836 834 deprehenditur,
867 774 1044 833 quam
1075 759 1376 830 diuturna,
1407 775 1585 834 quam
1618 758 1835 816 indeii-

113 855 266 909 ciens
296 849 485 909 divini
512 849 731 908 amoris
762 847 996 906 ﬂamma
1026 849 1176 906 beati
1203 849 1315 906 viri
1343 855 1544 921 pectus
1577 848 1832 920 excoxit,

114 939 264 1012 quod
315 939 603 997 nimirum
654 936 727 994 ab
786 937 1096 996 efferendis
1161 937 1418 1011 quotidie
1473 937 1833 997 salutaribus

117 1027 316 1086 hostiis
362 1026 635 1085 cohibere
673 1033 753 1084 tot
779 1041 1073 1098 curarum,
1106 1032 1186 1084 tot
1215 1025 1624 1100 ingruentium
1655 1041 1836 1098 nego-

118 1115 329 1174 tiorum
357 1112 690 1172 sollicitudo
719 1129 832 1172 non
866 1115 1072 1188 potuit.

183 1205 252 1263 In
276 1204 586 1276 erogandis
617 1211 893 1277 praeterea
920 1203 1306 1278 eleemosynis
1337 1205 1416 1262 ita
1453 1205 1649 1278 largus
1691 1211 1831 1277 erat,

121 1300 182 1353 ut
205 1292 481 1352 nonnulli
511 1293 654 1351 dum
681 1308 817 1351 eum
850 1293 1048 1351 omnia
1071 1291 1497 1368 dispergentem
1533 1293 1660 1352 sine
1686 1309 1836 1352 cun-

118 1381 359 1440 statione
394 1383 811 1455 conspicerent,
855 1398 968 1441 non
1000 1382 1479 1456 dispensatorem,
1509 1385 1607 1442 sed
1649 1383 1836 1457 prodi-

117 1485 254 1543 gum
305 1469 667 1542 iudicarent;
714 1470 1035 1543 praesertim
1088 1472 1340 1546 quodam
1396 1480 1648 1546 tempore
1692 1472 1834 1532 dum

118 1559 298 1618 fames
335 1559 528 1618 valida
571 1560 903 1634 Aquitaniae
932 1559 1079 1618 ﬁnes
1118 1562 1492 1620 vehementer
1533 1561 1830 1636 aﬂligeret,

117 1663 179 1706 ac
213 1647 502 1720 plurimas
537 1647 859 1707 Galliarum
904 1650 1236 1723 provincias
1275 1649 1610 1724 pestilenter
1650 1657 1835 1710 arcta-

119 1741 220 1807 ret,
249 1737 554 1794 exhaustis
576 1740 696 1810 jam
729 1737 790 1794 in
820 1753 1143 1811 pauperum
1177 1754 1318 1797 usus
1343 1739 1586 1808 terariis,
1617 1747 1670 1798 et
1700 1741 1835 1798 hor-

1920 583 2036 633 tam
2066 575 2197 649 pius
2219 584 2359 647 erat,
2391 583 2624 635 ettanta
2651 575 3034 635 mcerentibus
3064 576 3423 635 humanitate
3461 591 3622 635 com—

1919 665 2166 738 patiens,
2222 673 2287 724 ut
2332 681 2698 741 nequaquam
2747 665 2896 723 404
2937 668 3264 729 districtum
3305 670 3482 744 patris
3513 671 3628 727 im-

1920 754 2168 828 perium,
2221 755 2318 813 sed
2364 765 2690 816 maternum
2741 757 2934 831 potius
2982 758 3281 818 exhiberet
3331 759 3622 816 affectum.

1919 842 2086 901 Unde
2113 858 2174 900 se
2203 844 2778 917 reprehendentibus,
2811 847 3145 920 huiusmodi
3185 846 3380 905 verbis
3406 846 3624 904 solebat

1916 933 2206 1006 eleganter
2241 933 2496 991 alludere
2528 951 2542 992 ε
2572 938 2812 991 Etiamsi
2847 937 3196 992 damnandus
3241 941 3365 1002 sim,
3409 937 3621 1009 inquit,

1917 1025 2060 1078 malo
2087 1029 2266 1079 tamen
2295 1024 2360 1078 de
2384 1027 2780 1089 misericordia,
2815 1043 2981 1096 quam
3015 1043 3083 1082 ea:
3111 1028 3324 1082 duritia
3367 1027 3451 1082 vel
3498 1044 3620 1082 cru-

1917 1110 2142 1166 delitate
2171 1113 2446 1170 damnari.
2493 1112 2650 1172 Inter
2688 1120 2923 1173 caeteros
2962 1121 3157 1173 autem
3208 1122 3435 1172 sanctos
3477 1113 3626 1171 circa

1919 1196 2141 1255 beatam
2190 1199 2294 1257 Dei
2341 1200 2689 1259 Genitricem
2731 1210 2846 1260 tam
2877 1203 3282 1261 ardentissima
3319 1202 3623 1260 devotione

1918 1285 2214 1360 ﬂagrabat,
2258 1296 2321 1348 ut
2346 1290 2688 1349 constitutus
2729 1291 2789 1348 in
2830 1293 3005 1350 choro
3037 1291 3434 1365 psallentium.
3490 1307 3622 1350 cum

1917 1375 1988 1432 ad
2016 1375 2183 1434 illum
2215 1378 2438 1436 veniret
2465 1395 2539 1439 ex
2571 1379 3001 1439 modulantium
3038 1381 3418 1441 alternatione
3457 1380 3628 1439 versi-

1917 1462 2117 1523 culum
2141 1489 2154 1523 :

2041 1573 2118 1639 '_I‘_u
2159 1573 2223 1639 ad
2253 1573 2577 1639 liberandum
2605 1583 2942 1637 suscepturus
2967 1577 3252 1639 hominem,

2042 1635 2159 1686 Non
2187 1638 2430 1686 horruisti
2455 1637 2689 1700 Virginis
2715 1635 2936 1699 uterum,

1917 1733 1980 1789 in
2009 1738 2220 1791 terram
2251 1749 2312 1791 se
2353 1742 2772 1808 prosterneret;
2811 1737 3008 1810 sicque
3039 1752 3141 1810 per
3180 1752 3389 1811 corpus
3429 1745 3626 1797 osten-

121 1823 230 1882 reis
280 1841 776 1901 quorumcunque
828 1833 1215 1901 proventuum
1278 1843 1398 1886 non
1473 1828 1836 1888 mediocriter
1858 1822 2093 1911 Bderet,
2140 1823 2352 1896 quibus
2401 1823 2673 1884 desiderii
2723 1827 2970 1884 ccclestis
3025 1826 3089 1883 in
3150 1834 3344 1886 mente
3397 1828 3620 1887 facibus

121 1913 456 1986 proﬂigatis,
487 1929 625 1972 mox
668 1915 840 1972 etiam
877 1913 1128 1987 plurima
1158 1916 1393 1974 sacrarii
1433 1932 1569 1975 vasa
1609 1919 1835 1976 confre-

125 2001 221 2074 git,
274 2002 534 2075 insignia
576 2003 832 2062 ecclesiae
871 2011 1211 2062 ornamenta
1263 2004 1555 2077 distraxit,
1609 2021 1836 2064 corona:

123 2104 373 2163 quoque,
406 2105 581 2164 quam
630 2092 742 2151 sibi
785 2092 1100 2166 imperator
1137 2092 1284 2162 (1'27)
1325 2092 1611 2152 Henricus
1639 2095 1712 2152 ob
1745 2094 1838 2152 sui

127 2181 466 2239 memoriam
531 2182 934 2253 destinaverat,
1011 2198 1123 2241 non
1188 2182 1454 2257 pepercit.
1526 2182 1599 2240 Ut
1662 2182 1840 2256 igitur

127 2279 236 2332 tam
282 2273 507 2332 acerba)
550 2273 692 2332 fami
719 2273 876 2347 (128),
908 2272 966 2331 in
1000 2273 1215 2349 quibus
1247 2274 1455 2343 valuit,
1500 2280 1841 2348 temperaret

125 2361 400 2436 inopiam,
480 2363 765 2437 quidquid
854 2362 992 2420 hinc
1080 2362 1216 2420 inde
1278 2363 1576 2421 corradere
1658 2363 1842 2436 potuit

125 2454 488 2521 facultatum,
524 2454 584 2512 in
615 2453 1062 2512 sustentationes
1091 2459 1144 2511 et
1173 2451 1449 2511 alimenta
1491 2451 1839 2511 contradidit

126 2557 464 2614 egenorum.

191 2630 459 2700 Quodam
492 2643 629 2688 sane
657 2631 772 2701 die,
803 2631 946 2689 dum
981 2646 1082 2704 per
1108 2630 1408 2704 publicum
1440 2631 1572 2703 pius
1608 2630 1839 2704 equita-

128 2728 211 2779 tor
263 2721 504 2791 incedit,
555 2721 700 2780 duos
735 2721 796 2780 in
836 2721 1038 2779 itinere
1070 2738 1277 2796 pueros
1323 2723 1478 2780 fame
1515 2727 1840 2794 peremptos

129 2811 359 2884 reperit.
411 2809 546 2867 Mox
594 2825 744 2885 equo
790 2809 1083 2880 desiliens,
1134 2813 1382 2881 laneam,
1437 2827 1553 2885 qua
1603 2809 1842 2868 indutus

129 2908 264 2969 erat,
289 2898 362 2956 ad
387 2914 617 2957 carnem
647 2899 929 2958 subduxit
955 2899 1061 2957 sibi
1091 2900 1431 2971 interulam,
1455 2914 1636 2973 eaque
1673 2906 1842 2973 prout

132 2986 442 3046 velaminis
478 2988 768 3062 quantitas
816 2988 1196 3061 permittebat,
1242 2995 1554 3062 utrumque
1601 2987 1844 3046 cadaver

133 3075 466 3144 obvolvens,
526 3075 762 3133 exhibet
827 3077 1070 3133 mortuis
1124 3077 1506 3148 sepulturam.
1571 3076 1715 3134 Nam
1791 3081 1847 3134 et

134 3165 482 3238 vespillones
531 3164 793 3223 mercede
834 3165 1135 3234 conduxit,
1174 3173 1228 3223 et
1279 3165 1503 3224 funeris
1538 3182 1724 3240 usque
1775 3165 1844 3224 ad

135 3255 435 3314 tumulum
490 3260 820 3326 persecutus
870 3253 1184 3326 exsequiis,
1235 3255 1524 3313 defunctis
1573 3254 1847 3314 fratribus

133 3342 391 3402 debitum
423 3343 700 3401 humanae
731 3341 956 3415 pietatis
987 3344 1258 3402 exsolvit.

199 3433 267 3490 In
299 3432 502 3490 eadem
534 3447 767 3506 quoque
798 3439 1089 3503 gestorum
1119 3429 1242 3504 ejus
1270 3433 1556 3505 reperitur
1585 3433 1846 3506 historia,

131 3521 264 3594 quia
292 3535 502 3593 corpus
526 3535 721 3589 suum,
765 3533 878 3577 non
911 3519 1079 3578 modo
1105 3519 1266 3578 duris
1297 3529 1675 3579 consueverat
1701 3529 1848 3580 atte-

133 3623 313 3667 nuare
344 3607 611 3682 jejuniis,
645 3608 976 3681 asperrimis
1008 3607 1276 3665 edomare
1303 3607 1530 3677 ciliciis,
1577 3609 1675 3667 sed
1714 3610 1850 3682 qui-

133 3695 378 3755 husdam
429 3697 634 3754 ferreis
683 3697 935 3756 nexibus
983 3695 1322 3754 coarctabat.
1357 3695 1424 3753 In
1464 3697 1850 3773 percipiendis

134 3794 324 3846 autem
353 3787 431 3844 ita
464 3803 522 3843 se
547 3787 948 3845 moderabatur
972 3787 1204 3856 eduliis,
1227 3794 1291 3845 ut
1319 3787 1579 3859 apposita
1601 3802 1852 3862 quaeque

136 3877 501 3949 contingens,
526 3891 592 3934 ac
613 3877 860 3934 naturali
887 3877 1171 3934 duntaxat
1201 3875 1524 3933 necessitati
1551 3876 1848 3950 dispensa-

140 3965 256 4024 tive
285 3964 682 4034 subservicns,
731 3972 788 4023 et
822 3964 1134 4023 vanitatem
1163 3964 1590 4037 superstitionis
1626 3965 1849 4039 effuge-

142 4062 242 4127 ret,
269 4062 332 4114 et
359 4054 684 4114 sobrietatis
711 4054 1064 4114 continentia
1091 4059 1428 4112 reservaret.
1469 4053 1536 4112 In
1585 4055 1855 4129 promul-

1918 1917 2204 1970 aestuaret.

1994 1999 2098 2058 Vir
2128 2001 2307 2074 igitur
2335 2008 2564 2060 sanctus
2599 2018 2735 2061 cum
2766 2003 2825 2061 in
2861 2003 3028 2063 bonis
3050 2006 3312 2064 moribus
3344 2021 3446 2079 per
3477 2021 3625 2081 quo-

1922 2088 2137 2148 tidiana
2171 2090 2280 2163 pia:
2324 2090 2778 2149 conversationis
2817 2091 3174 2152 incrementa
3222 2101 3621 2165 succresceret,

1923 2192 2161 2250 seseque
2199 2177 2455 2250 quotidie
2493 2179 2697 2238 melior
2729 2182 2800 2237 ad
2849 2181 3213 2255 perfectionis
3250 2183 3480 2241 culmen
3515 2184 3630 2242 fer-

1925 2265 2157 2325 ventius
2178 2265 2493 2339 anhelaret,
2525 2269 2695 2342 coepit
2726 2269 3026 2330 nonnullis
3049 2287 3350 2331 coruscare
3382 2274 3629 2332 miracu-

1924 2355 2032 2428 lis;
2067 2362 2131 2414 ut
2158 2355 2261 2428 qui
2293 2356 2485 2415 clarus
2514 2364 2633 2415 erat
2663 2357 2723 2415 in
2751 2358 3034 2432 probitate
3065 2374 3323 2430 morum,
3355 2361 3625 2418 claresce-

1923 2454 2009 2504 ret
2036 2447 2206 2504 etiam
2236 2447 2298 2504 in
2317 2449 2642 2506 ostensione
2671 2450 2969 2522 signorum
2992 2469 3008 2520 ;
3043 2457 3100 2507 et
3119 2449 3218 2524 qui
3248 2450 3307 2507 in
3334 2449 3635 2508 obtutibus

1924 2535 2335 2608 omnipotentis
2387 2536 2486 2593 Dei
2532 2544 2652 2594 erat
2699 2536 2933 2596 lucerna
2973 2540 3200 2609 ardens,
3249 2538 3412 2596 iieret
3459 2539 3632 2596 etiam

1924 2640 2114 2684 coram
2145 2625 2488 2683 hominibus
2514 2625 2714 2684 lucens
2743 2629 2912 2696 (Joan.
2951 2629 3027 2700 ν).
3063 2627 3229 2685 Unde
3270 2627 3471 2685 divino
3510 2626 3632 2684 dis-

1923 2723 2172 2788 ponente
2198 2713 2418 2786 judicio
2445 2715 2656 2771 factum
2687 2722 2790 2785 est,
2825 2722 2887 2772 ut
2917 2715 3052 2788 quia
3082 2714 3153 2773 de
3179 2715 3296 2773 illis
3327 2723 3468 2785 erat,
3498 2715 3632 2788 qui-

1927 2805 2039 2862 bus
2074 2801 2292 2860 dictum
2337 2809 2454 2860 est:
2483 2807 2590 2860 Vos
2620 2807 2748 2858 estis
2791 2805 2889 2858 tua:
2925 2804 3120 2858 mundi
3147 2807 3362 2875 (Matth.
3395 2807 3472 2876 V),
3515 2804 3635 2879 pri-

1928 2906 2092 2950 mum
2161 2890 2233 2947 de
2300 2888 2426 2948 luce
2466 2890 2827 2950 miraculum
2901 2893 3222 2950 exhiberet.
3299 2891 3635 2967 Aliquando

1928 2977 2218 3052 siquidem
2244 2977 2384 3035 dum
2415 2985 2561 3036 esset
2592 2978 2653 3034 in
2695 2978 2942 3051 quadam
2989 2979 3078 3038 sui
3114 2980 3266 3055 juris
3296 2978 3456 3049 villa,
3502 2993 3636 3053 quae

1930 3068 2340 3126 Bersoniacum
2375 3067 2606 3140 dicitur,
2655 3067 2806 3126 videt
2840 3084 3109 3142 puerum,
3141 3077 3456 3128 venustum
3501 3068 3635 3144 qui-

1931 3157 2061 3217 dem
2092 3159 2295 3226 forma,
2327 3157 2426 3216 sed
2462 3171 2680 3216 caseum
2705 3173 2738 3215 a
2765 3158 3080 3216 nativitate.
3123 3157 3309 3234 Super
3341 3174 3456 3234 quo
3500 3174 3640 3218 con-

1930 3251 2146 3320 sulens,
2178 3251 2379 3309 didicit
2413 3251 2549 3324 quia
2577 3249 2734 3308 illius
2777 3256 2924 3308 esset
2953 3249 3155 3320 villici,
3187 3257 3242 3308 et
3270 3252 3407 3326 quia
3439 3251 3630 3310 visum

1929 3339 2162 3414 penitus
2205 3352 2508 3408 nunquam
2556 3337 2870 3395 habuisset.
2923 3338 3028 3395 Cui
3073 3353 3208 3395 mox
3241 3337 3334 3411 pia
3367 3340 3638 3412 benigni-

1934 3434 2044 3484 tate
2080 3425 2453 3498 compatiens,
2485 3432 2539 3482 et
2563 3425 2712 3497 apud
2762 3441 2821 3481 se
2863 3426 3046 3483 tacitis
3090 3425 3358 3499 precibus
3393 3427 3639 3485 latenter

1932 3517 2226 3584 insistens,
2261 3522 2323 3573 ut
2346 3522 2483 3586 puta
2511 3513 2647 3586 quia
2676 3512 2810 3570 talia
2839 3513 3100 3572 nondum
3129 3522 3422 3588 expertus,
3457 3516 3640 3574 advo—

1933 3612 2021 3664 cat
2048 3603 2280 3662 tandem
2306 3604 2633 3676 parvulum,
2668 3601 2897 3675 signum
2922 3601 3010 3662 illi
3037 3604 3347 3663 salutiferae
3366 3605 3552 3663 crucis
3575 3606 3638 3664 in

1934 3695 2122 3753 fronte
2172 3694 2450 3767 depingit,
2496 3699 2551 3750 et
2595 3693 2898 3751 confestim
2942 3694 3158 3767 visum,
3209 3711 3384 3769 quem
3429 3703 3634 3756 natura

1935 3792 2264 3860 negaverat,
2292 3798 2436 3858 puer
2466 3785 2703 3857 accepit.

2007 3877 2138 3935 Alio
2167 3889 2396 3950 quoque
2427 3880 2680 3948 tempore
2710 3874 2849 3932 dum
2877 3883 3022 3934 esset
3047 3876 3138 3935 vir
3164 3877 3265 3936 Dei
3292 3879 3444 3952 apud
3467 3895 3641 3938 suum

1936 3965 2228 4042 quoddam
2285 3962 2706 4022 monasterium
2764 3964 2926 4034 (129),
2998 3966 3152 4040 quod
3218 3965 3400 4026 Vallis
3457 3970 3650 4027 Aurea

1942 4063 2195 4127 vocatur,
2251 4061 2455 4130 quarta
2505 4055 2772 4114 videlicet
2812 4055 2954 4114 feria
3010 4058 3212 4130 primae
3278 4058 3651 4132 quadragesi-

1154 4161 1484 4221 ANDRErE
1527 4162 1830 4225 CHESNII
1871 4164 1968 4224 ET
2007 4163 2353 4224 ANONYMI
2393 4162 2636 4222 ΝΟΤλἘ.

202 4253 341 4318 (1⁸27)
387 4252 561 4317 Hujus
613 4251 828 4306 Henricl
896 4251 1270 4306 liberalitatem
1331 4255 1385 4305 in
1449 4253 1846 4316 Cluniacenses,

144 4326 247 4378 etsi
296 4337 407 4376 non
452 4337 717 4387 expresso
757 4335 974 4376 coronae
1024 4324 1259 4383 nomine,
1325 4324 1664 4376 commendat
1709 4338 1848 4391 quo-

144 4408 249 4459 que
307 4395 706 4447 Lemovieensis
772 4393 1067 4446 monachus
1134 4396 1191 4446 in
1260 4396 1485 4447 historia
1553 4398 1847 4459 Aquitano-

145 4477 266 4518 rum
326 4463 411 4517 h:s
469 4464 650 4517 verbis
694 4487 706 4514 ε
744 4465 1008 4516 Henricus
1080 4464 1382 4529 imperator
1449 4467 1625 4519 multa
1709 4469 1854 4519 dona

144 4536 374 4589 contulit
403 4534 634 4588 canobio
668 4535 1022 4587 Cluniacensi.
1057 4535 1172 4588 Fuit
1210 4543 1390 4588 autem
1427 4539 1474 4588 is
1509 4539 1774 4591 Henricus
1809 4538 1852 4588 ll

143 4609 380 4666 nomine,
433 4607 580 4658 illius
624 4609 864 4666 Conradi,
925 4609 1014 4658 vel
1072 4610 1375 4660 secundum
1435 4609 1569 4660 alios
1620 4623 1792 4675 gener
1837 4626 1850 4663 :

144 4679 236 4743 qui
311 4684 369 4730 et
442 4676 664 4730 0dilone
747 4679 1018 4738 defuncto,
1088 4679 1226 4731 sicut
1278 4680 1447 4732 refert
1513 4681 1859 4735 Hildebertus

145 4749 440 4812 episcopus
489 4748 928 4811 Cenomanensis,
979 4751 1028 4799 S.
1079 4749 1324 4813 Hugonis
1367 4753 1488 4813 ejus
1539 4754 1592 4803 in
1651 4753 1859 4805 abbatis

147 4818 518 4870 Cluniacensis
564 4821 903 4870 successoris
955 4819 1155 4881 [aciem
1203 4821 1402 4875 videre.
1450 4826 1499 4874 et
1559 4823 1859 4886 familiari-

158 4893 325 4942 tatem
359 4888 592 4952 adipisci
621 4891 953 4950 desiderem,
995 4893 1053 4941 ut
1088 4891 1273 4942 venire
1302 4892 1629 4954 dignaretur
1677 4899 1748 4946 ad
1787 4909 1859 4956 se,

154 4960 386 5025 supplici
415 4973 538 5012 voce
571 4961 882 5024 postulavit.
928 4962 1296 5013 Postulanlem
1330 4964 1454 5025 pius
1497 4963 1656 5017 Pater
1691 4979 1863 5022 errau-

157 5030 303 5095 diit;
359 5031 590 5084 intravit
649 5031 979 5092 Samoniam,
1046 5044 1256 5083 summo
1311 5033 1526 5096 pariter
1576 5040 1625 5087 et
1667 5036 1865 5090 honore

157 5107 430 5173 “aptus
475 5106 550 5154 est
599 5107 649 5154 et
699 5103 916 5167 gaudio.
987 5103 1184 5153 Paucis
1236 5103 1313 5154 ibi
1376 5103 1559 5156 diebus
1609 5112 1864 5173 peractis,

158 5185 223 5223 ω
268 5171 529 5238 petitione
570 5174 709 5237 regis
747 5173 923 5236 ﬁlium
975 5175 1092 5235 ejus
1135 5188 1289 5225 sacro
1342 5175 1406 5224 de
1451 5175 1604 5238 fonte
1647 5171 1863 5242 levavit,

155 5255 323 5305 puero
371 5255 570 5294 nomen
603 5247 784 5307 patris
833 5245 1134 5307 imponens.
1180 5243 1478 5298 Celebravit
1533 5253 1716 5300 autem
1764 5251 1869 5301 Pa-

157 5313 285 5364 scha
339 5328 465 5365 cum
509 5316 845 5378 imperatore
901 5318 963 5366 in
1011 5317 1313 5381 Agrippina
1350 5318 1604 5378 Colonia;
1646 5317 1864 5371 Teutho-

157 5386 300 5435 nicis
366 5385 697 5438 mirantibus
749 5388 810 5438 in
850 5387 1090 5451 juvenili
1150 5387 1321 5438 adhuc
1398 5392 1552 5440 atate
1609 5391 1870 5442 canitiem

159 5468 398 5516 morum,
469 5456 896 5511 conversationis
949 5459 1445 5516 mansuetudinem.
1509 5461 1688 5512 vultus
1741 5474 1866 5523 gra-

161 5526 324 5586 tiam,
375 5526 664 5580 verborum
706 5529 1007 5584 lenitatem.
1065 5531 1259 5597 Quibus
1309 5529 1550 5596 profecto
1599 5534 1869 5585 virtutum

159 5597 405 5662 indiciis,
443 5599 530 5652 ita
577 5613 703 5654 cum
748 5614 823 5660 σο.
855 5605 928 5655 -σε
980 5616 1104 5655 cum
1153 5603 1489 5656 Cluniacensi
1542 5605 1870 5659 monasterio

162 5669 308 5732 regis
352 5672 427 5719 est
465 5671 660 5721 anima
703 5671 975 5735 colligata,
1028 5686 1095 5724 ac
1150 5675 1200 5725 si
1245 5686 1346 5724 rea:
1386 5673 1500 5738 ipse
1552 5677 1869 5738 perpetuam

1949 4269 2073 4308 cum
2119 4254 2188 4305 eis
2222 4253 2530 4306 amicitiam
2580 4253 2876 4318 pepigisset.
2926 4255 3138 4308 Henrici
3185 4257 3346 4320 illius,
3388 4257 3654 4316 Henricus

1952 4330 2148 4377 tertius
2193 4327 2388 4383 dictus,
2442 4326 2727 4377 Hunricum
2765 4331 3016 4390 quartum
3060 4328 3266 4390 genuit,
3311 4331 3404 4394 qui
3457 4337 3508 4382 et
3540 4333 3654 4395 ipse

1952 4397 2187 4456 tandem,
2257 4396 2424 4447 veluti
2486 4397 2704 4459 quidam
2753 4397 2940 4448 dicunt
3003 4398 3145 4462 apud
3209 4397 3490 4452 Martinam
3553 4402 3652 4454 Po-

1953 4467 2138 4520 lonum
2196 4467 2290 4519 lib.
2343 4481 2401 4520 IV
2456 4468 2727 4526 Clironici,
2783 4468 3016 4532 imperio
3089 4468 3308 4521 dimisso
3360 4471 3656 4525 nwnachus

1884 4579 1934 4638 D
1959 4537 2355 4638 ἵιίίΐῗίαιξθέῗίζε
2376 4540 2736 4638 ⁸³ῗιο⁶ζ¹ξ⁶έῗξῃ
2774 4539 2996 4638 cf}???
3046 4553 3467 4638 $3353-33“...
3497 4554 3662 4638 “9'5

1960 4612 2082 4674 ejus
2155 4609 2359 4660 0diloni
2432 4610 2737 4662 destinasse
2805 4611 2992 4663 scribit
3051 4613 3353 4676 Damianus,
3417 4614 3660 4668 meminit

1961 4682 2091 4731 item
2145 4692 2454 4744 anonymus
2493 4680 2765 4731 Silviniaci
2815 4682 3111 4734 monachus
3163 4683 3218 4734 in
3254 4683 3366 4736 Vita
3416 4685 3660 4748 ejusdem

1962 4751 2216 4809 0dilonis,
2242 4751 2331 4801 ubi
2369 4753 2459 4812 ait,
2485 4751 2628 4816 quod
2650 4751 2709 4802 in
2743 4765 2866 4804 usus
2899 4766 3204 4820 pauperum
3243 4753 3510 4818 confregit
3539 4757 3658 4819 ptu-

1962 4823 2111 4874 rima
2148 4835 2281 4874 rasa
2321 4821 2560 4884 ecclesia,
2590 4827 2640 4875 et
2673 4829 3000 4877 ornamenta
3043 4825 3305 4890 insignia,
3353 4826 3500 4879 inter
3547 4839 3662 4892 qua

1964 4894 2132 4946 etiam
2227 4893 2565 4957 imperialem
2653 4893 2875 4946 ﬂenrici
2951 4897 3299 4960 imperatoris
3384 4910 3664 4950 coronam.

1967 4965 2248 5020 Ducnsss.

2030 5037 2164 5102 ([28)
2226 5039 2398 5088 txstat
2443 5037 2497 5088 in
2554 5039 2698 5088 tomo
2757 5035 2802 5088 ll
2864 5037 3138 5104 Spicilegil
3201 5038 3445 5098 Dacherii
3519 5040 3663 5102 beati

1970 5106 2208 5160 Oditonis
2266 5105 2492 5172 epistola
2548 5107 2615 5159 ad
2669 5107 2908 5177 Garsiam
2977 5121 3162 5172 regem
3229 5111 3490 5171 Navarra,
3557 5124 3667 5177 qua

1971 5179 2235 5252 ejusdem,
2315 5191 2474 5245 opem
2554 5176 2804 5245 implorat
2889 5184 3130 5252 tempore
3225 5181 3398 5234 famis.
3491 5176 3670 5243 Quare

1973 5249 2310 5302 Mabiltonius
2393 5263 2458 5303 ea
2541 5253 2825 5304 occasione
2907 5249 3080 5315 ipsam
3154 5255 3406 5318 scriptam
3467 5254 3663 5312 credit.

1973 5324 2220 5374 Asoxvu.

2042 5392 2178 5452 (129)
2245 5392 2318 5445 De
2367 5405 2474 5456 quo
2523 5395 2576 5444 et
2617 5394 2732 5456 ipse
2784 5392 3067 5444 Damianus
3127 5394 3670 5458 postea:Pralerea,

1975 5466 2164 5526 inquit,
2203 5476 2326 5515 cum
2360 5463 2449 5515 vir
2492 5464 2810 5517 venerabilis
2843 5463 2990 5528 apud
3038 5467 3334 5530 quamdam
3387 5467 3658 5523 ecclesiam

1972 5533 2307 5592 monasterii,
2345 5534 2487 5598 quod
2531 5535 2737 5590 dicitur
2775 5535 2931 5590 Vallis
2981 5539 3177 5601 Aurea,
3210 5535 3386 5592 cibum
3426 5543 3664 5602 caperet.

1973 5605 2256 5658 necessu.
3103 5626 3121 5644 ο
