4118 6434
449 317 552 376 931

920 314 976 374 S.
1020 311 1243 372 PETRI
1281 308 1607 370 DAMIANI
1647 309 1803 370 OPP.
1847 307 2040 368 PARS
2081 307 2219 368 SEU
2261 304 2512 368 TOMUS
2551 308 2626 368 lI.
2669 338 2738 350 —
2777 304 3232 367 SANCTORUM
3273 307 3494 369 VITE.

3861 313 3967 373 932

456 441 626 500 malis
669 436 1060 507 hebdomadas,
1105 451 1238 510 quas
1288 443 1459 508 caput
1496 433 1707 508 jejunii
1746 433 1980 502 dicitur,
2029 438 2464 508 sur-Aequum
2515 434 2610 491 cui
2677 433 2997 506 specialiter
3048 433 3171 506 ipse
3247 433 3501 493 insidere
3583 445 3972 496 consueverat

453 529 723 600 gentibus
766 542 800 583 a
843 539 1043 583 mensa
1092 524 1386 593 fratribus,
1442 522 1543 580 ille
1603 520 1892 596 pugillum
1946 520 2162 579 cineris

457 618 698 677 latenter
726 615 1006 688 implevit,
1047 621 1105 672 et
1140 614 1397 687 apposito
1445 627 1592 684 pane
1630 611 1941 669 discubuit.
1984 609 2163 668 Cum-

459 722 573 781 que
604 707 854 764 cinerem
888 711 1159 776 tanquam
1193 717 1398 774 panem
1444 700 1838 761 manducaret.
1866 707 1930 758 ut
1966 705 2163 770 potum

458 810 732 871 quoque,
774 793 944 866 juxta
999 793 1341 866 Prophetam
1372 837 1388 861 ,
1450 806 1583 848 cum
1635 791 1771 848 ﬂetu
1828 794 2164 861 temperaret

457 886 621 958 (Psal.
650 883 740 955 Cl),
775 881 968 940 innuit
993 882 1150 938 fratri
1185 890 1247 939 ut
1277 880 1425 938 clam
1455 880 1564 937 sibi
1589 894 1800 952 aquam
1832 877 1997 935 nullo
2028 883 2167 934 teste

454 974 723 1032 deferret.
774 971 898 1035 Ille,
953 970 1107 1046 quod
1153 977 1274 1026 erat
1333 969 1556 1040 jussus,
1614 966 1916 1039 implevit;
1955 980 2165 1037 aquam

455 1062 604 1118 405
642 1061 854 1130 attulit,
883 1076 1034 1134 quae,
1089 1059 1230 1116 dum
1275 1057 1443 1115 labiis
1486 1057 1814 1124 adhibetur,
1859 1054 2164 1112 austerita-

462 1161 576 1210 tem
621 1151 740 1208 vini
782 1148 1036 1207 redolere
1073 1149 1339 1206 sentitur.
1392 1145 1672 1220 Reprimit
1718 1159 1854 1216 ergo
1905 1159 2165 1214 manum,

460 1241 640 1312 abigit
672 1238 964 1313 poculum.
990 1246 1164 1310 atque
1192 1245 1254 1294 ut
1291 1235 1399 1293 sibi
1428 1250 1638 1307 aquam
1671 1233 1936 1291 minister
1973 1232 2171 1289 afferat

463 1328 646 1401 signis
673 1326 1038 1385 evidentibus
1071 1327 1332 1399 imperat.
1373 1324 1463 1382 Ad
1493 1324 1646 1398 quod
1680 1321 1938 1379 minister
1970 1321 2170 1378 obstu-

462 1418 628 1491 puit;
690 1423 743 1474 et
793 1416 998 1474 vinum
1058 1430 1118 1471 se
1177 1429 1210 1468 a
1267 1427 1468 1469 mensa
1533 1412 1744 1468 referre
1792 1410 1892 1482 qui
1956 1424 2167 1482 aquam

460 1506 864 1580 propinaverat
888 1504 1206 1561 admiratus
1234 1501 1490 1574 expavit.
1526 1498 1796 1556 Geminat
1826 1505 2016 1554 tamen
2045 1497 2171 1554 otii-

2245 531 2410 580 caute
2439 522 2741 581 subduxit.
2781 523 2891 581 Sed
2919 523 3058 596 quia
3086 523 3205 581 illis
3233 525 3292 581 in
3325 525 3583 597 partibus
3608 525 3968 597 deprehendi

2247 612 2342 670 fur
2371 610 2684 684 sacrilegus
2715 611 2927 684 timuit,
2959 611 3222 670 concitus
3245 612 3317 670 ad
3343 612 3625 685 oppidum
3657 614 3972 674 Laudense

2247 699 2515 773 profugit.
2563 699 2815 758 Securus
2855 700 3053 772 itaque
3091 703 3658 772 recognoscentium,
3694 703 3971 776 proponit

2246 803 2487 862 equum,
2546 793 2830 860 emptores
2880 788 3105 858 invitat,
3160 789 3498 856 vehiculum
3543 793 3758 860 laudat,
3806 807 3969 850 com-

2249 876 2530 936 mercium
2562 876 2795 948 flagitat.
2839 877 2948 935 Sed
2979 877 3063 934 sic
3096 878 3392 935 hominem
3426 879 3628 937 divina
3660 879 3969 953 dispositio

2251 966 2607 1042 praepedivit,
2638 975 2702 1024 ut
2728 983 2830 1024 nec
2857 982 2990 1025 cum
3019 965 3280 1041 quolibet
3311 976 3567 1042 emptore
3593 985 3968 1043 componere,

2254 1070 2356 1112 nec
2397 1054 2614 1112 animal
2655 1054 2928 1126 potuisset
2979 1055 3224 1128 pecunia
3273 1063 3620 1128 permutare.
3669 1055 3970 1114 Postremo

2250 1152 2443 1201 autem
2508 1160 2774 1201 reversus
2829 1145 2898 1201 ad
2964 1160 3024 1202 se
3081 1152 3138 1201 et
3181 1145 3521 1216 paenitentia
3566 1143 3712 1200 406
3754 1147 3972 1204 ductus

2251 1233 2493 1291 bestiam
2522 1233 2593 1291 ad
2626 1233 2816 1291 locum
2859 1234 2949 1292 sui
2988 1234 3250 1291 criminis
3280 1236 3578 1293 conscium
3628 1243 3878 1304 revocat,
3916 1245 3973 1294 et

2253 1321 2392 1394 quid
2433 1322 2541 1379 sibi
2583 1323 2887 1396 contigerit
2927 1321 2997 1379 ad
3042 1323 3134 1380 sui
3179 1324 3576 1382 confusionem
3609 1331 3663 1383 et
3693 1325 3971 1398 omnipo-

2257 1408 2427 1466 tentis
2453 1408 2554 1467 Dei
2586 1409 2830 1482 gloriam
2867 1425 2982 1468 non
3011 1409 3286 1468 occultat.
3762 1474 3782 1488 .

2333 1496 2436 1555 Vir
2466 1496 2620 1554 idem
2658 1497 3006 1554 venerabilis
3049 1495 3193 1554 dum
3225 1504 3374 1554 esset
3402 1496 3463 1554 in
3512 1498 3720 1556 itinere
3746 1499 3969 1556 consti-

463 1595 642 1666 cium,
681 1595 886 1652 vinum
931 1591 1174 1664 projicit,
1215 1595 1484 1648 convasat
1522 1602 1754 1661 aquam,
1803 1586 1996 1643 denuo
2039 1601 2172 1658 por-
2259 1597 2440 1656 tutus,
2484 1585 2622 1660 quia
2663 1601 2836 1644 causa
2884 1585 3148 1648 dictabat,
3201 1584 3472 1643 Ticinum
3520 1587 3861 1646 festinanter
3905 1603 3974 1645 ac

465 1686 600 1758 rigit
665 1681 1072 1742 discumbenti.
1133 1678 1244 1737 Sed
1297 1693 1470 1745 ecce,
1525 1675 1667 1733 dum
1719 1689 1868 1747 aqua
1931 1673 2172 1746 potanda
2256 1678 2381 1736 sine
2428 1689 2584 1732 mora
2637 1673 2879 1730 transire
2939 1673 3224 1746 cupiebat,
3282 1675 3379 1732 sed
3439 1675 3973 1735 intumescentibus

470 1773 764 1846 repetitur,
788 1771 992 1827 vinum
1023 1783 1220 1825 rursus
1245 1766 1307 1822 in
1340 1763 1546 1838 poculo
1569 1763 1868 1836 reperitur.
1901 1761 2029 1819 Jain
2051 1761 2170 1850 _ita-
2192 1763 2441 1850 Baquis,
2477 1762 2652 1820 etiam
2696 1761 2996 1832 navigium
3036 1759 3249 1820 deerat.
3295 1761 3562 1820 Protinus
3613 1779 3746 1836 ergo
3789 1764 3975 1822 conﬁ-

471 1845 585 1932 que
624 1858 714 1914 vir
761 1864 1011 1924 sanctus,
1051 1852 1268 1910 divinae
1300 1867 1434 1921 erga
1465 1865 1525 1906 se
1555 1847 1781 1921 pietatis
1821 1845 2232 1904 beneficium—
2257 1868 2357 1910 sus
2397 1851 2457 1908 in
2494 1849 2698 1919 Deum,
2740 1865 2928 1907 unum
2973 1865 3005 1906 e
3040 1850 3272 1908 famulis
3317 1859 3499 1922 vocat,
3540 1868 3715 1925 seque
3759 1853 3819 1910 in
3857 1869 3972 1912 no-

470 1958 901 2018 recognoscens,
935 1941 1087 2016 quod
1118 1940 1300 1998 Deum
1333 1938 1445 1996 sibi
1491 1935 1937 1994 misericorditer
1973 1935 2176 1994 indul-
2259 1940 2416 1997 mine
2444 1938 2654 1996 Christi
2678 1938 2999 2010 praecedere
3020 1953 3118 2010 per
3143 1937 3378 1996 alveum
3409 1939 3670 1996 fluminis
3697 1940 3969 2013 imperat.

469 2051 604 2109 gere
633 2033 952 2092 considerat
981 2045 1114 2089 cum
1143 2027 1459 2102 gratiarum
1486 2026 1708 2084 actione
1738 2024 2027 2098 percipere
2059 2039 2173 2082 non
2259 2026 2464 2086 Obedit
2512 2026 2667 2083 illico
2705 2025 2978 2094 famulus,
3011 2035 3345 2098 spumantes
3381 2027 3798 2101 profluentium
3847 2044 3970 2086 un-

467 2133 712 2186 recusat.
2260 2115 2466 2173 darum
2521 2116 2790 2173 cumulos
2844 2114 3070 2186 ingredi
3127 2131 3243 2174 non
3292 2124 3571 2186 moratur,
3620 2117 3830 2175 deinde
3879 2117 3973 2175 vir

545 2215 867 2282 Prmterea,
917 2227 1049 2271 cum
1108 2211 1199 2268 vir
1250 2210 1352 2267 Dei
1389 2224 1524 2266 cum
1573 2206 1825 2264 Henrico
1873 2223 2024 2280 rege,
2073 2203 2174 2278 qui
2259 2211 2494 2262 sanctus
2519 2219 2648 2260 cum
2683 2203 2846 2260 omni
2876 2205 3324 2262 commeantium
3379 2205 3544 2263 turba
3573 2205 3970 2279 subsequitur,

467 2303 834 2377 postmodum
867 2302 1051 2359 factus
1078 2308 1162 2357 est
1189 2299 1502 2371 imperator
1534 2341 1547 2366 ,
1582 2297 1639 2354 in
1673 2295 1968 2352 'l‘icinensi
2001 2292 2178 2352 simul
2261 2301 2315 2351 et
2351 2293 2433 2350 sic
2459 2308 2661 2350 omnes
2698 2293 2760 2349 in
2797 2291 3129 2349 ulteriorem
3161 2290 3308 2349 alvei
3343 2292 3701 2364 crepidinem
3743 2293 3972 2368 absque

474 2393 616 2453 urbe
659 2391 1028 2458 consisteret,
1086 2396 1140 2446 et
1193 2387 1511 2446 Dominicm
1571 2386 1886 2444 nativitatis
1932 2383 2177 2457 gloriam
2263 2384 2387 2443 ullo
2445 2399 2677 2458 prorsus
2726 2381 3217 2440 incommoditatis
3283 2381 3637 2441 offendicqu
3703 2391 3971 2454 transpo-

470 2482 802 2546 celebraret,
842 2478 1081 2551 contigit
1137 2484 1196 2535 ut
1249 2475 1509 2534 velamen
1556 2489 1770 2533 mensae
1810 2473 1955 2546 ejus,
1993 2472 2176 2531 artifi-

469 2573 622 2630 ciosa
664 2570 900 2628 textrini
945 2567 1157 2626 laboris
1197 2565 1525 2638 operatione
1565 2564 1964 2638 conspicuum,
2001 2563 2176 2620 sacri-

2264 2481 2503 2532 nuntur.
2543 2470 2707 2542 Quod
2758 2472 2898 2530 dum
2935 2471 3208 2530 nonnulli
3253 2471 3353 2544 qui
3399 2473 3638 2529 aderant
3683 2473 3967 2528 miraren-

2262 2569 2375 2633 tur,
2421 2561 2582 2620 velut
2609 2561 2814 2619 aemuli
2850 2560 3318 2634 praecedentium,
3351 2566 3650 2633 cceperunt
3685 2565 3972 2617 attentare

471 2661 597 2734 lega
649 2660 852 2717 fuisset
893 2659 1094 2715 fraude
1135 2654 1448 2713 sublatum.
1501 2655 1804 2728 Postquam
1849 2660 2045 2711 autem
2088 2652 2180 2710 vir
2261 2659 2537 2720 meatum,
2564 2650 2662 2707 sed
2704 2665 2840 2707 mox
2876 2658 2939 2706 ut
2977 2649 3162 2707 adorti
3192 2656 3326 2706 sunt
3357 2656 3647 2706 extremos
3685 2647 3971 2705 citerioris

466 2751 570 2810 Dei
600 2768 732 2810 cum
763 2766 895 2822 rege
921 2748 1206 2820 discessit,
1237 2747 1332 2805 fur
1359 2746 1464 2820 qui
1501 2753 1766 2819 rapuerat
1786 2745 1907 2817 jam
1939 2760 2178 2804 securus

471 2839 764 2914 proposuit
794 2839 1054 2896 velamen
1088 2838 1149 2895 in
1183 2838 1304 2895 foro
1333 2835 1556 2894 venale.
1595 2833 1704 2898 Sed
1745 2834 1886 2891 dum
1918 2833 2004 2890 illi
2056 2832 2175 2890 dis-

2259 2740 2402 2813 ripae
2445 2741 2656 2796 lluctus
2689 2738 2989 2809 attingere,
3028 2736 3141 2794 nisi
3189 2751 3371 2808 equos
3404 2737 3515 2793 sub
3549 2735 3837 2793 celeritate
3877 2751 3969 2793 re-

2261 2829 2637 2902 pressissent,
2687 2827 3026 2899 profluentis
3082 2842 3251 2899 aquae
3331 2826 3616 2885 submersi
3698 2827 3973 2900 voragine

471 2928 678 3004 positio
716 2926 962 2985 caelestis
1003 2925 1247 2992 obsistit,
1291 2931 1482 2980 sancta
1528 2921 1771 2979 distrahi
1820 2920 2008 2992 praeda
2062 2935 2176 2976 non
2261 2918 2454 2990 procul
2499 2917 2677 2973 dubio
2724 2917 3094 2990 naufragium
3125 2917 3512 2991 pertulissent.
3570 2917 3732 2977 Unus
3771 2927 3968 2977 autem

469 3017 676 3092 potuit.
712 3015 823 3073 Ter
865 3013 1043 3086 igitur
1085 3011 1236 3086 quod
1277 3009 1638 3067 subduxerat
1687 3008 1837 3064 inter
1884 3007 2176 3064 nundina-
2259 3022 2332 3063 ex
2368 3007 2456 3063 his
2489 3005 2591 3078 qui
2635 3013 2770 3064 tunc
2812 3007 3069 3078 aderant,
3103 3015 3164 3065 ut
3208 3014 3319 3064 tam
3348 3008 3578 3077 insigne
3613 3007 3969 3066 miraculum

471 3121 602 3164 rum
643 3119 861 3161 merces
889 3099 1180 3173 exposuit,
1209 3099 1371 3155 tertio
1397 3095 1690 3154 subtiliter
1715 3095 2036 3163 attentavit,
2075 3095 2170 3151 sed
2195 3093 2442 3202 Cvidit,
2493 3095 2792 3169 obstupuit
2847 3095 3261 3171 hominemque
3319 3096 3418 3155 Dei
3464 3103 3528 3156 ut
3582 3112 3704 3156 suae
3759 3097 3974 3155 domus

466 3210 601 3253 cum
653 3190 1009 3264 emptoribus
1060 3187 1130 3244 de
1182 3185 1362 3258 pretio
1421 3183 1648 3257 penitus
1691 3182 2003 3239 convenire
2061 3198 2173 3240 non
2195 3182 2238 3202 υ
2261 3183 2456 3242 subire
2480 3183 2817 3257 dignaretur
2847 3185 3165 3259 hospitium
3191 3186 3338 3244 fusis
3368 3187 3671 3245 humiliter
3697 3187 3973 3258 precibus

466 3285 694 3359 potuit,
746 3297 852 3339 nec
909 3281 1061 3337 inter
1105 3276 1518 3334 distrahentem
1565 3282 1621 3331 et
1675 3282 2033 3332 coementem
2083 3289 2177 3348 pa-
2259 3273 2607 3346 impetravit.

465 3373 603 3431 cisci
649 3368 831 3428 valuit
874 3367 1076 3425 venale
1109 3364 1538 3428 commercium.
1576 3365 1714 3437 quia
1745 3363 1946 3422 divina
1987 3363 2173 3435 dispo-

472 3461 602 3518 sitio
652 3457 953 3516 conatibus
997 3453 1302 3512 hominum
1339 3454 1568 3523 negavit
1615 3453 1900 3510 efl‘ectum.
1952 3451 2178 3509 Interea

469 3548 703 3607 sceleris
752 3547 933 3617 hujus
985 3551 1275 3602 auctorem
1331 3542 1472 3601 ultio
1527 3543 1723 3602 divina
1773 3542 2069 3615 corripuit,
2121 3549 2178 3600 et

471 3649 700 3703 manus,
749 3647 882 3706 qum
935 3628 1298 3702 sacrilegium
1341 3637 1820 3702 perpetraverant,
1872 3644 1937 3686 ac
1983 3628 2172 3701 pedes,

465 3723 681 3798 quibus
729 3730 919 3794 raptor
961 3718 1314 3790 aufugerat,
1377 3718 1699 3776 arefaciens
1733 3761 1747 3788 ,
1818 3717 2174 3774 intolerabili

470 3811 665 3870 dolore
714 3809 1080 3869 constrinxit.
1128 3809 1263 3866 Mox
1295 3808 1489 3880 itaque
1530 3808 1861 3880 compulsus
1900 3807 2177 3879 languore

467 3902 538 3960 ad
571 3901 870 3959 ecclesiam
897 3900 1045 3958 beati
1077 3897 1270 3956 Maiolt
1304 3897 1575 3955 manibus
1597 3897 1804 3954 alienis
1831 3897 2139 3954 advehitur
2160 3940 2174 3967 ,

467 3989 706 4049 mantile
733 3989 1028 4047 sublatum
1065 3986 1137 4045 ad
1167 3993 1360 4044 reatus
1410 3984 1696 4043 indicium
1728 4001 1918 4043 coram
1954 3984 2176 4042 cunctis

461 4081 826 4155 appenditur,
859 4084 914 4136 et
942 4077 1143 4136 divina
1175 4075 1481 4133 clementia
1513 4074 1586 4132 ab
1615 4074 1775 4132 omni
1813 4072 2046 4148 pepulo,
2074 4074 2176 4147 qui

465 4170 715 4245 percitus
761 4169 937 4241 hujus
975 4168 1145 4225 famae
1192 4181 1424 4224 rumore
1468 4166 1849 4235 conﬂuxerat,
1893 4165 2174 4237 implora-

463 4267 578 4316 tur.
611 4257 706 4315 Sic
734 4256 928 4329 itaque
964 4255 1114 4313 beati
1148 4254 1345 4312 Maioli
1384 4254 1609 4312 meritis
1646 4270 1712 4311 ac
1747 4253 2012 4326 precibus
2053 4254 2173 4311 fra-

465 4356 616 4406 trum
669 4345 780 4404 sibi
831 4343 1209 4403 servientium
1279 4358 1458 4401 sanus
1511 4351 1566 4402 et
1620 4343 1933 4402 incolumis
1987 4343 2173 4401 factus

466 4433 727 4495 velamen
777 4431 1026 4490 reddidit
1071 4431 1350 4501 alienum,
1401 4438 1456 4488 et
1507 4431 1720 4505 recepit
1771 4431 2168 4504 semetipsum.

2328 3360 2694 3435 Intempestae
2740 3362 2884 3420 alias
2924 3363 3108 3421 noctis
3159 3364 3391 3422 silentio
3435 3364 3524 3422 vis
3579 3365 3731 3422 venti
3787 3366 3974 3424 vehe—

2260 3451 2506 3508 mentior
2561 3449 2730 3508 irruit
2780 3458 2834 3508 et
2886 3451 3199 3521 lucernam,
3256 3468 3389 3526 quae
3432 3456 3490 3509 in
3550 3453 3973 3515 dormientium

2259 3539 2528 3597 cubiculo
2561 3539 2938 3613 dependebat,
2968 3540 3270 3598 exstinxit.
3297 3541 3744 3614 Expergefactus
3765 3550 3970 3601 autem

2261 3625 2671 3694 cubicularius,
2704 3643 2837 3686 cum
2878 3628 3075 3686 lumen
3117 3629 3444 3702 agnovisset
3481 3630 3852 3701 exstinctum,
3891 3632 3972 3689 ad

2258 3715 2599 3787 abigendam
2639 3715 2821 3774 noctis
2856 3716 3168 3776 tenebrosa:
3212 3716 3539 3791 caliginem,
3570 3717 3753 3775 divini
3785 3717 3972 3776 lumi-

2261 3805 2351 3862 nis
2426 3805 2714 3878 infulgei‘e
2782 3807 3031 3880 postulat
3104 3808 3444 3867 claritatem.
3503 3809 3696 3876 Deus,
3749 3809 3970 3885 inquit,

2259 3895 2646 3967 omnipotens,
2693 3895 2794 3970 qui
2838 3897 3034 3955 lumen
3071 3914 3132 3956 es
3177 3914 3402 3971 verum,
3441 3914 3542 3973 pro
3580 3914 3774 3958 amore
3809 3900 3970 3958 servi

2261 3985 2342 4043 tui
2388 3984 2668 4056 0dilonis,
2705 3985 2778 4042 ab
2817 3986 2924 4044 bac
2952 3987 3122 4045 domo
3154 3988 3419 4047 tenebras
3453 3989 3682 4047 dimove
3719 4003 3973 4063 eamque

2255 4074 2455 4147 gratiae
2506 4079 2620 4131 tuae
2671 4074 2801 4132 luce
2845 4075 3151 4147 perfunde.
3205 4076 3518 4136 Confestim
3566 4079 3638 4135 de
3687 4076 3833 4135 cmlo
3877 4093 3977 4136 co-

2258 4177 2440 4220 ruscae
2480 4162 2624 4220 lucis
2663 4163 2935 4234 splendor
2975 4164 3236 4236 emicuit,
3269 4173 3324 4223 et
3361 4173 3536 4224 totam
3583 4165 3821 4224 domum
3867 4183 3972 4226 su-

2257 4251 2418 4324 perni
2483 4252 2810 4325 splendoris
2865 4252 3095 4312 claritas
3152 4254 3490 4314 illustravit.
3553 4254 3615 4314 Si
3670 4270 3806 4328 ergo
3859 4256 3974 4316 hoc

2253 4343 2456 4417 agebat
2481 4343 2647 4402 Odilo
2678 4351 2814 4402 tunc
2858 4360 3058 4418 sopore
3085 4346 3410 4418 depressus,
3440 4345 3580 4418 quid
3610 4353 3778 4420 putas
3807 4363 3974 4407 nunc

2254 4431 2410 4506 apud
2482 4432 2669 4492 Deum
2727 4439 2910 4507 potest
2969 4434 3218 4492 carnalis
3285 4435 3528 4491 sarcinae
3593 4435 3972 4506 corruptione

461 4523 730 4584 Probavit
767 4537 902 4596 ergo
929 4537 1044 4595 quo
1074 4519 1314 4595 praemio
1357 4519 1566 4593 dignus
1593 4526 1741 4578 esset
1780 4520 1881 4594 qui
1934 4520 2166 4579 beatum
2186 4505 2514 4581 Dsolutus‘?

460 4611 775 4671 offenderet
805 4610 1127 4670 0dilonem.

531 4700 698 4760 Alius
745 4715 979 4776 quoque
1024 4699 1137 4769 fur,
1185 4713 1318 4758 cum
1374 4699 1466 4757 vir
1513 4699 1616 4758 Dei
1669 4699 1729 4758 in
1779 4699 1979 4758 eadem
2031 4701 2174 4760 urbe

461 4789 842 4858 consisteret,
897 4787 1190 4848 stabulum
1263 4787 1390 4860 ejus
1443 4796 1762 4848 nocturnus
1817 4790 2070 4864 irrupit,
2123 4799 2177 4850 et

2327 4611 2506 4670 Paulo
2561 4616 2692 4668 ante
2747 4610 3106 4667 nativitatem
3161 4611 3412 4682 Domini,
3469 4629 3571 4687 per
3622 4613 3967 4672 hiemalium

2257 4700 2685 4760 inclementiam
2719 4699 2997 4758 imbrium
3037 4709 3271 4761 sanctus
3303 4719 3482 4763 senex
3515 4702 3584 4762 ad
3627 4703 3775 4762 beati
3808 4702 3966 4762 Mar-

2259 4788 2388 4846 celli
2429 4788 2696 4862 martyris
2746 4789 3158 4849 monasterium
3214 4791 3363 4864 (130)
3409 4793 3734 4852 festinabat.
3783 4791 3969 4853 Vene-

1478 4931 1808 4991 ANDREIE
1849 4932 2151 4993 CHESNII
2188 4929 2284 4990 ET
2323 4928 2668 4989 ANONYMI
2707 4927 2948 4988 ΝΟΤιΕ.

530 5036 665 5101 (130)
698 5036 842 5095 Quod
866 5035 1297 5090 Guntchramnus
1327 5036 1644 5101 Burgundim
1676 5051 1768 5090 rex
1793 5040 1947 5102 juxta
1971 5037 2169 5089 Cabilo-

467 5119 592 5161 nem
641 5107 895 5168 condidit,
935 5113 990 5158 ut
1039 5112 1187 5159 notat
1231 5106 1583 5172 Fredegarins
1638 5111 1691 5160 tn
1740 5109 2044 5173 Appendice
2101 5109 2166 5162 ad

467 5179 778 5243 Gregorium
813 5179 895 5229 bis
935 5178 1149 5231 verbis:
1179 5181 1330 5229 Anno
1359 5179 1418 5228 ‘24
1454 5180 1607 5241 regni
1629 5180 1732 5239 sui,
1771 5180 1958 5232 divino
1985 5192 2168 5230 amore

464 5248 741 5303 ecclesiam
762 5248 906 5299 beati
928 5248 1182 5304 .ilarcelli.
1225 5248 1316 5301 ubi
1346 5249 1455 5311 ipse
1487 5251 1748 5313 pretiosus
1791 5251 2073 5316 requiescit
2108 5251 2167 5302 in

463 5333 701 5382 corpore.
741 5333 856 5384 qua:
893 5320 952 5370 in
987 5319 1292 5370 suburbano
1327 5321 1544 5385 quidem
1574 5319 1930 5380 Cabilonensi,
1961 5322 2053 5372 sed
2085 5325 2166 5373 la-

465 5403 588 5441 men
608 5391 672 5442 in
693 5390 944 5455 Sequano
968 5395 1043 5442 est
1070 5393 1280 5442 territor
1298 5391 1368 5452 io,
1404 5392 1630 5455 miriﬁce
1670 5402 1718 5446 et
1754 5393 1974 5445 solerter
2005 5391 2167 5456 aediﬁ-

467 5473 594 5511 care
623 5463 806 5524 jussit,
851 5463 1030 5528 ibique
1073 5461 1350 5513 monachis
1393 5465 1726 5527 congregatis
1775 5465 2170 5515 monasterium

467 5531 727 5592 condidit,
779 5533 1057 5598 ipsamque
1117 5532 1389 5584 ecclesiam
1433 5534 1586 5585 rebus
1643 5533 1894 5598 plurimis
1944 5535 2166 5588 ditavit.

476 5599 654 5664 Longe
687 5613 818 5654 vero
846 5613 1026 5671 postea
1054 5603 1416 5656 nobilissimus
1446 5619 1614 5657 comes
1653 5605 2012 5657 Cubilonensis
2035 5602 2171 5658 Gau-

2269 5036 2475 5101 fredus,
2513 5036 2680 5100 inquit
2735 5035 3088 5098 Theobaldns,
3131 5041 3184 5090 et
3226 5039 3344 5100 ipse
3385 5050 3568 5090 comes
3603 5041 3975 5095 Castulonensis

2269 5109 2324 5159 in
2355 5111 2620 5171 praecepto
2645 5107 2788 5171 quod
2811 5121 2863 5171 p.
2900 5108 2991 5160 314
3014 5107 3098 5173 (in
3119 5106 3362 5161 Biblioth.
3402 5110 3665 5176 Cluniae.)
3697 5112 3972 5175 integrum

2269 5179 2560 5242 posuimus,
2609 5179 2845 5230 accessit
2907 5180 2980 5229 art
3029 5179 3192 5230 beatas
3257 5181 3652 5233 recordationis
3721 5181 3974 5234 abbatem

2268 5247 2526 5300 Maiotum
2559 5254 2606 5302 et
2631 5248 3026 5302 commendavit
3056 5249 3136 5300 illi
3154 5250 3546 5302 monasterium
3564 5251 3676 5309 hoc,
3696 5251 3756 5303 in
3783 5251 3975 5302 subur-

2271 5320 2356 5370 bio
2398 5316 2759 5370 Babilonensis
2798 5317 3042 5372 civitatis
3085 5333 3118 5369 a
3152 5317 3559 5372 Gunlcltramno
3589 5322 3845 5384 praedicto
3870 5335 3967 5374 no-

2270 5390 2531 5442 bilissimo
2560 5393 2609 5441 et
2651 5389 2900 5453 religioso
2937 5403 3055 5452 rege
3106 5390 3390 5453 magniﬁce
3434 5395 3824 5448 constructum.
3880 5393 3972 5444 ubi

2271 5462 2554 5528 requiescit
2594 5473 2786 5521 corpus
2825 5461 2968 5512 beati
3000 5460 3236 5520 Marcelli
3269 5463 3552 5527 martyris,
3588 5477 3648 5514 eo
3684 5468 3868 5516 tenore
3907 5469 3969 5516 ut

2268 5533 2582 5598 religionem
2619 5531 2908 5584 monastici
2951 5531 3184 5592 ordinis,
3216 5545 3331 5597 qua
3361 5547 3492 5596 pene
3534 5533 3730 5586 abolita
3763 5533 3969 5596 fuant.

2271 5605 2617 5668 reformarel,
2639 5605 2782 5667 jura
2813 5605 2862 5654 et
2887 5605 3232 5665 possessiones
3261 5605 3334 5656 ad
3361 5607 3540 5666 ipsum
3585 5608 3755 5656 locum
3799 5606 3969 5668 peni-
