4118 6492
151 337 246 398 933
1547 325 1727 390 VITA
1767 330 1828 391 S.
1869 322 2240 390 ODILONIS.
3540 336 3646 398 93k

152 467 281 520 runt
308 466 509 518 autem
547 459 619 517 ad
659 456 948 533 quoddam
977 459 1218 530 ﬂumen,
1259 459 1412 534 quod
1461 458 1539 516 ita
1585 457 1924 517 ﬂuctibusA
1942 461 2046 523 est,
2099 453 2338 511 omnino
2396 453 2506 512 tale
2556 451 2764 514 vinum
2805 453 3028 514 deesset
3062 454 3230 529 quod
3263 465 3462 518 sancto
3519 460 3643 520 viro

153 547 582 608 exundantibus
607 548 994 618 inhorruerat,
1024 555 1088 607 ut
1123 563 1360 622 prorsus
1387 547 1861 606 intransmeabile

1966 543 2160 617 aporis
2192 543 2488 602 habilitate
2524 552 2883 618 congrueret.
2923 545 3176 622 Inquirit
3209 563 3345 621 ergo
3379 549 3642 610 abbatem

155 638 457 697 videretur.
517 635 786 696 Conﬁsus
822 644 1016 694 autem
1061 636 1124 695 in
1172 636 1422 695 Domino
1469 637 1666 711 dirigit
1707 653 1861 710 prae-

1966 633 2052 690 oci
2100 639 2293 693 utrum
2327 635 2534 693 melius
2577 635 2802 694 habeat.
2851 635 2963 706 Qui
2995 653 3056 696 se
3087 640 3389 698 confestim
3421 648 3476 699 et
3506 657 3638 715 pro-

155 727 332 795 vium,
360 726 466 799 qui
496 725 642 784 vada
685 732 1006 800 przetentet,
1039 732 1091 783 et
1118 725 1242 799 ipse
1279 741 1417 784 mox
1449 741 1582 784 cum
1633 727 1861 785 comiti-
1944 722 2143 780 ﬁtetur
2172 723 2404 795 habere,
2443 732 2500 782 et
2537 733 2820 798 quantum
2862 727 2983 799 ipse
3025 730 3359 802 praeceperit
3399 731 3644 792 libenter

157 815 259 875 bus
287 816 673 890 subsequens,
704 816 1072 888 pertransivit
1108 816 1350 874 illaesus.
1387 816 1497 876 Sed
1530 815 1587 874 in
1621 817 1727 876 hoc
1761 833 1860 875 va-
1945 812 2168 869 aiferre.
2214 811 2317 869 Vir
2359 821 2554 871 autem
2589 813 2822 872 Domini
2865 815 3181 888 modicum,
3230 817 3381 891 quod
3420 828 3554 878 ante
3590 837 3652 880 se

163 908 422 967 dantium
454 910 699 967 transitu
723 908 869 968 illud
892 906 1157 966 mirabile
1185 907 1312 977 fuit,
1336 909 1472 983 quia
1491 924 1623 966 cum
1644 908 1866 967 caeteris
1945 909 2068 959 erat
2124 901 2446 970 vasculum.
2503 903 2698 972 dedit;
2756 909 2821 962 ιιι
2875 903 2987 962 Sibi
3038 905 3277 978 plenum
3329 906 3650 970 deferretur

162 1015 306 1073 aqua
335 1000 680 1072 pertingeret
713 1013 901 1072 usque
920 997 995 1056 ad
1019 999 1259 1069 femora,
1284 998 1407 1056 viro
1428 999 1532 1056 Dei
1563 1015 1663 1057 nec
1687 999 1864 1057 corri-

1966 989 2206 1063 ixpetiit.
2257 990 2518 1049 Allatum
2546 1007 2679 1065 ergo
2713 999 2849 1050 ante
2895 1008 2957 1051 se
2992 994 3201 1066 posuit,
3233 1003 3287 1052 et
3314 995 3436 1069 ipse
3464 999 3646 1070 potis-

163 1086 250 1158 gia
276 1086 514 1158 quidem
543 1086 706 1159 pedis
743 1101 1030 1159 aquarum
1068 1092 1155 1143 est
1191 1085 1573 1144 inundatione
1611 1086 1862 1158 perfusa.
1949 1078 2164 1136 simum
2205 1093 2364 1136 more
2410 1079 2701 1152 pincernze
2739 1080 2848 1138 sibi
2887 1079 3172 1142 duntaxat
3206 1091 3262 1141 et
3298 1086 3510 1157 abbati,
3549 1089 3655 1162 qui

162 1172 227 1230 In
252 1172 355 1231 illo
382 1173 602 1231 scilicet
630 1173 750 1232 solo
785 1172 1036 1231 madoris
1067 1173 1158 1232 sui
1189 1173 1438 1247 perdidit
1468 1173 1625 1231 unda
1667 1173 1862 1232 vires:
1944 1169 2116 1241 juxta
2177 1184 2238 1225 se
2295 1167 2708 1239 discumbebat,
2776 1173 3072 1245 expendit.
3129 1171 3394 1247 Cumque
3437 1178 3558 1249 jam
3619 1195 3652 1237 a

161 1261 221 1319 in
244 1260 483 1336 reliquis
508 1271 702 1320 autem
727 1261 1049 1320 naturalem
1070 1261 1344 1334 ingenitae
1369 1261 1870 1333 viris(l3l)exhi—
1950 1272 2153 1314 mensa
2224 1259 2577 1328 surgendum
2638 1259 2869 1318 refrotio
2931 1261 3212 1336 completa
3275 1262 3533 1332 dictaret,
3599 1276 3653 1326 et

166 1351 286 1409 buit
314 1350 662 1410 facultatem.
694 1351 876 1410 Istum
903 1367 1054 1423 aqua
1077 1358 1308 1423 tangere
1329 1351 1538 1424 potuit,
1566 1349 1871 1408 humidare

1966 1343 2255 1416 paululum
2300 1344 2492 1402 adhuc
2538 1345 2663 1402 vini
2709 1345 2768 1404 in
2817 1349 3049 1407 vasculo
3097 1360 3438 1423 superesset,
3491 1353 3653 1413 Pater

164 1455 275 1500 non
303 1442 489 1514 potuit
517 1461 531 1510 ;
563 1440 708 1497 407
738 1441 868 1500 illos
897 1449 1112 1510 autem,
1133 1439 1290 1515 quod
1313 1449 1518 1498 natura
1537 1439 1867 1508 dictaverat,
1953 1442 2187 1493 sanctus
2213 1434 2422 1492 blande
2449 1434 2754 1493 subridens
2787 1459 2799 1492 :
2833 1436 2982 1506 Non,
3022 1437 3236 1513 inquit,
3280 1441 3482 1500 fratres
3509 1441 3656 1500 408

171 1528 426 1605 undique
455 1529 778 1589 madefecit.
1953 1522 2089 1591 mei,
2123 1523 2291 1596 plene
2323 1522 2473 1580 circa
2499 1538 2602 1580 vos
2625 1523 2883 1582 ofﬁcium
2927 1525 3218 1584 charitatis
3248 1528 3513 1599 exhibui,
3544 1531 3651 1604 qui

234 1618 516 1678 Pmtcpca
588 1621 730 1679 dum
801 1621 892 1678 vir
950 1620 1180 1678 Domini
1234 1619 1387 1694 apud
1453 1617 1869 1696 monasterium
1952 1611 2180 1681 vinum,
2211 1610 2363 1684 quod
2392 1610 2539 1669 mihi
2570 1612 2779 1686 sapuit,
2820 1614 3120 1673 vobiscum
3161 1616 3503 1690 participare
3549 1635 3652 1678 ne-

165 1709 310 1766 beati
340 1708 597 1782 Martini,
641 1711 794 1786 quod
823 1711 896 1768 ad
930 1710 1231 1770 Publicam
1261 1710 1408 1779 (I32)
1440 1717 1673 1767 stratam
1725 1708 1868 1767 dici-
1952 1702 2130 1775 glexi.
2170 1701 2472 1775 Arripiens
2507 1717 2642 1774 ergo
2670 1703 2967 1774 cyathum,
3005 1704 3220 1762 infudit
3249 1721 3498 1776 merum,
3533 1707 3657 1766 sin-

166 1805 271 1868 tur,
335 1807 596 1873 receptus
642 1808 788 1858 esset
846 1801 1114 1875 hospitio,
1175 1801 1322 1858 sicut
1385 1800 1560 1858 moris
1612 1807 1750 1870 erat,
1807 1793 2104 1873 uthuliS
2127 1793 2425 1866 singulum
2453 1809 2553 1868 pro
2579 1794 2974 1852 benedictione
3002 1795 3268 1868 largitur.
3313 1799 3426 1856 Res
3455 1799 3649 1858 mira:

165 1888 497 1964 ubicunque
549 1899 806 1949 maneret
857 1906 1206 1965 quocunque
1245 1907 1305 1950 se
1356 1897 1617 1960 verteret,
1668 1906 1866 1948 mona-

158 1977 398 2037 chorum
451 1979 612 2038 illico
663 1981 987 2053 frequentia
1044 1996 1160 2038 non
1209 1980 1448 2049 deesset,
1493 1996 1609 2038 non
1653 1996 1870 2053 parvus

157 2065 205 2123 ei
247 2072 433 2125 cretus
478 2067 721 2128 fratrum
765 2068 1010 2127 aﬂ‘luxit.
1053 2067 1205 2137 Quos
1249 2068 1350 2127 ille
1398 2085 1528 2126 cum
1581 2067 1870 2125 alacritate

157 2157 496 2231 suscipiens,
547 2165 604 2216 et
639 2157 801 2230 prius
845 2158 930 2216 eis
967 2156 1282 2216 ineffabilis
1318 2156 1534 2231 eloquii
1569 2156 1868 2215 familiari-

156 2249 260 2301 tate
307 2243 702 2304 communicat
740 2253 794 2302 et
832 2245 1218 2318 postmodum,
1267 2251 1330 2302 ut
1377 2245 1487 2302 sibi
1529 2260 1630 2317 pro
1677 2244 1870 2302 chari-

161 2339 264 2392 tate
297 2339 717 2392 convcscantur
745 2333 972 2392 invitat.
1002 2332 1112 2393 Sed
1145 2334 1286 2392 dum
1316 2333 1377 2391 in
1410 2332 1652 2406 longum
1684 2349 1872 2392 sermo

165 2419 532 2495 protrahitur,
589 2423 854 2481 semotim
918 2422 1199 2496 quosdam
1265 2439 1340 2480 ex
1399 2421 1619 2479 familia
1675 2436 1872 2479 servos

163 2511 363 2584 accipit
393 2531 408 2582 ;
439 2519 635 2570 utrum
675 2511 748 2570 sit
775 2511 931 2570 unde
956 2512 1115 2569 refici
1154 2512 1358 2569 fratres
1388 2510 1619 2569 valeant
1645 2510 1872 2568 invitati

167 2599 401 2658 solerter
444 2600 706 2675 inquirit.
743 2599 855 2669 Qui
909 2601 979 2658 de
1023 2600 1244 2658 caeteris
1294 2599 1528 2675 quidem
1582 2598 1874 2656 alimentis

167 2697 425 2748 constare
469 2689 771 2762 perhibent
828 2688 1230 2761 quantitatem,
1280 2687 1349 2747 de
1392 2689 1644 2763 piscibus
1680 2696 1873 2746 autem

167 2795 308 2851 pene
356 2777 508 2836 nihil
537 2794 660 2836 esse
695 2776 848 2852 quod
878 2778 948 2834 ad
991 2785 1204 2836 tantam
1240 2778 1546 2836 hominum
1578 2777 1876 2850 perveniat

167 2869 622 2929 multitudinem.
659 2868 748 2927 Ad
775 2885 920 2942 quos
947 2869 1068 2940 ille,
1098 2870 1158 2927 in
1189 2871 1445 2941 nomine,
1474 2868 1684 2942 inquit,
1715 2867 1876 2927 illius

164 2949 261 3031 qui
291 2957 458 3015 novit
497 2957 758 3032 quinque
798 2958 978 3015 millia
1014 2957 1318 3016 hominum
1358 2973 1431 3016 ex
1471 2973 1618 3031 pane
1655 2956 1876 3015 modico

165 3057 216 3105 et
258 3047 496 3120 gemino
555 3046 705 3119 pisce
752 3047 985 3104 reficere
1036 3050 1187 3116 (Luc.
1239 3060 1339 3116 Ix;
1388 3051 1548 3104 Joan.
1609 3052 1712 3116 v1),
1757 3060 1874 3103 non

164 3135 324 3209 quasi
368 3135 540 3205 nihil,
583 3142 646 3192 ut
683 3135 893 3204 dicitis,
936 3136 1033 3194 sed
1080 3135 1432 3194 uberrimam
1482 3136 1649 3194 nobis
1681 3143 1735 3193 et
1771 3136 1873 3196 ho-

1952 1884 2099 1942 Cum
2133 1885 2333 1941 fratres
2376 1889 2567 1940 essent
2603 1882 2720 1940 fere
2748 1882 3074 1955 duodecim,
3111 1892 3166 1943 et
3201 1887 3286 1944 eis
3322 1886 3658 1947 bibentibus

1952 1977 2118 2044 potus
2147 1970 2309 2043 copia
2339 1986 2455 2028 non
2493 1969 2721 2036 defecit,
2766 1977 2822 2028 et
2866 1987 3066 2030 eorum
3097 1974 3378 2047 completo
3415 1989 3659 2034 nurnero

1954 2058 2038 2115 nil
2067 2062 2305 2115 omnino
2337 2057 2641 2131 superfuit.
2674 2058 2800 2116 Illis
2826 2059 3019 2133 itaque
3043 2064 3195 2134 quod
3225 2062 3440 2120 factum
3470 2063 3659 2122 fuerat

1952 2145 2403 2216 admirantibus,
2466 2148 2556 2205 vir
2609 2165 2761 2207 verae
2815 2151 3162 2210 humilitatis
3215 2160 3424 2222 custos,
3478 2159 3543 2212 ut
3591 2154 3654 2212 in

1953 2236 2139 2295 alium
2168 2235 2388 2294 divinae
2417 2238 2614 2310 gratiae
2642 2254 2858 2298 munus
2882 2240 3200 2314 impelleret
3238 2250 3293 2299 et
3329 2242 3452 2316 ipse
3493 2245 3678 2301 favo-.

1955 2327 2034 2384 ris
2087 2326 2332 2384 humani
2385 2326 2629 2398 gloriam
2678 2327 3013 2400 declinaret,
3064 2330 3326 2389 charitati
3380 2332 3662 2390 duntaxat

1956 2413 2116 2472 illius
2151 2415 2252 2487 qui
2289 2413 2492 2473 vinum
2534 2415 2688 2474 dedit
2739 2417 3090 2476 miraculum
3121 2435 3387 2492 supernae
3423 2421 3661 2478 benedi-

1955 2504 2162 2562 ctionis
2187 2504 2485 2577 applicuit.

2028 2595 2246 2652 Dehinc
2282 2593 2424 2652 dum
2464 2611 2730 2668 egressus
2773 2597 2957 2655 Roma
3000 2605 3381 2657 reverteretur
3415 2600 3486 2657 ad
3528 2616 3662 2673 pro-

1958 2684 2101 2756 pria,
2156 2683 2394 2756 quidam
2458 2684 2610 2741 intra
2671 2683 3092 2742 Taurinensem
3147 2686 3351 2745 urbem
3410 2689 3661 2747 nimium

1957 2772 2135 2830 febris
2163 2771 2483 2845 patiebatur
2509 2771 2794 2831 ardorem.
2827 2772 2936 2829 Hic
2984 2773 3194 2831 furtive
3234 2790 3334 2847 per
3371 2776 3666 2836 ministros

1961 2877 2192 2935 aquam,
2237 2877 2352 2934 qua
2404 2861 2494 2918 vir
2540 2861 2772 2920 Domini
2817 2877 3024 2920 manus
3077 2862 3365 2936 abluebat,
3423 2867 3661 2939 accepit,

1962 2950 2207 3008 fideliter
2255 2949 2419 3019 bibit,
2465 2958 2519 3007 et
2559 2949 2641 3008 sic
2678 2949 2894 3024 absque
2939 2964 3098 3029 mora
3139 2951 3390 3025 deposita
3433 2967 3666 3025 prorsus

1959 3039 2120 3096 omni
2151 3037 2566 3096 febricitatione
2588 3037 2902 3097 convaluit.

2029 3125 2276 3198 Jamque
2315 3123 2512 3185 Jovini
2556 3125 2767 3184 montis
2805 3134 3094 3201 praerupta
3131 3129 3520 3190 conscendens
3564 3133 3666 3190 ob-

166 3225 412 3300 spitibus
470 3226 682 3284 nostris
744 3227 989 3299 piscium
1044 3228 1266 3301 copiam
1325 3227 1666 3286 ministrate.
1727 3228 1873 3286 Cum

1966 3214 2088 3272 vios
2136 3215 2338 3273 habuit
2383 3230 2682 3290 pauperes,
2725 3231 2844 3288 prae
2882 3215 3134 3276 difficilis
3175 3219 3286 3278 viae
3324 3220 3666 3280 lassitudine

166 3313 341 3386 igitur
364 3327 582 3370 mensae
609 3312 1100 3371 discumbentium
1127 3313 1294 3387 pauci
1314 3316 1416 3389 qui
1438 3315 1676 3374 aderant
1695 3317 1878 3389 pisces

169 3416 199 3457 a
244 3400 521 3474 dapiferis
557 3399 911 3470 inferuntur,
954 3400 1124 3475 coepit
1159 3417 1287 3458 esca
1333 3401 1397 3458 in
1439 3403 1710 3460 manibus
1755 3403 1876 3460 dis-

171 3491 574 3550 cumbentium
623 3507 895 3560 crescere,
949 3499 1004 3550 et
1043 3507 1161 3566 quo
1207 3491 1391 3564 magis
1440 3509 1475 3549 a
1525 3507 1877 3550 convescen-

174 3579 316 3638 tium
355 3579 522 3638 turba
549 3581 914 3638 consumitur
943 3580 1360 3658 exuberantius
1389 3579 1704 3652 abundare,
1737 3581 1880 3640 adeo

170 3677 230 3726 ut
277 3669 498 3726 satiatis
543 3669 816 3727 omnibus
854 3670 1105 3742 plurima
1142 3676 1528 3742 superessent,
1577 3685 1711 3742 quae
1760 3685 1880 3728 non

171 3756 341 3816 modo
377 3757 757 3817 servitoribus
795 3758 1038 3826 cunctis,
1079 3758 1177 3816 sed
1217 3765 1272 3816 et
1313 3757 1462 3828 aliis,
1505 3757 1554 3815 si
1601 3774 1878 3832 superve-

171 3847 382 3914 nirent,
411 3845 600 3903 oblata
629 3846 976 3905 sullicerent.
1021 3846 1126 3904 Cui
1167 3846 1428 3918 protinus
1459 3847 1687 3919 famuli,
1724 3864 1876 3919 ecce,

174 3932 354 4002 Pater,
387 3933 686 4006 inquiunt,
725 3934 878 4008 quod
911 3934 1360 4006 pusillanimitas
1393 3941 1586 3993 nostra
1611 3951 1728 3994 non
1755 3953 1880 3995 cre-

1963 3313 2158 3378 potum
2218 3306 2487 3363 aastuauti
2529 3305 2816 3364 desiderio
2866 3307 3206 3378 ﬂagitantes.
3279 3310 3421 3368 Pius
3469 3311 3668 3384 itaque

1964 3394 2130 3452 Pater
2155 3393 2245 3450 sui
2279 3394 2592 3466 negligens,
2635 3393 2767 3452 aliis
2809 3394 2870 3450 in
2919 3397 3250 3459 necessitate
3288 3399 3664 3470 compatiens,

1956 3482 2130 3554 jussit
2165 3488 2229 3538 ut
2267 3479 2550 3553 quidquid
2589 3481 2714 3538 vini
2750 3481 2996 3555 pr0priis
3025 3483 3337 3543 haberetur
3364 3485 3424 3543 in
3457 3503 3668 3545 vascu-

1965 3574 2037 3632 lis
2088 3571 2304 3645 absque
2363 3569 2483 3629 ulla
2534 3572 2940 3630 reservationis
2991 3571 3293 3646 industria,
3355 3576 3446 3634 vel
3502 3582 3671 3650 potus

1961 3661 2300 3732 diliidentia,
2341 3659 2694 3734 praeberetur
2737 3662 2954 3734 egenis.
3005 3663 3182 3722 Paulo
3226 3673 3370 3738 post,
3417 3666 3668 3724 necessi-

1963 3761 2073 3812 tate
2114 3761 2340 3810 naturaa
2383 3758 2640 3824 cogente,
2681 3751 3061 3812 discumbunt
3097 3769 3299 3812 omnes
3347 3761 3411 3813 ut
3440 3757 3671 3830 capiant

1962 3844 2180 3903 cibum.
2224 3843 2296 3900 Et
2332 3857 2460 3900 ecce
2497 3849 2674 3909 utres,
2707 3841 2809 3913 qui
2849 3842 3038 3900 studio
3091 3845 3318 3903 fuerant
3355 3847 3467 3918 piae
3509 3862 3670 3904 com-

1963 3933 2247 4008 passionis
2300 3931 2592 4000 exhausti,
2649 3930 2786 3990 vino
2843 3933 3231 4005 reperiuntur,
3285 3935 3402 3994 Deo
3454 3936 3671 3995 scilicet

167 4021 332 4091 didit,
369 4031 572 4080 vestrae
594 4022 724 4080 fidei
757 4022 1026 4080 meritum
1053 4022 1338 4081 divinitus
1371 4023 1716 4097 impetravit.
1748 4025 1877 4083 Jam
1963 4021 2221 4080 debitum
2277 4020 2656 4094 persolvente,
2713 4019 2930 4092 repleti.
2982 4020 3147 4088 Nam,
3191 4024 3360 4095 juxta
3409 4022 3669 4096 Scriptu-

170 4125 286 4168 non
334 4109 599 4169 dubitare.
645 4109 976 4181 didicimus,
1027 4110 1077 4168 si
1129 4113 1569 4184 promissionem
1628 4122 1876 4172 vestram
1962 4128 2084 4170 ram
2115 4131 2128 4170 :
2162 4113 2267 4178 Qui
2294 4112 2394 4166 dat
2414 4114 2669 4182 pauperi,
2700 4113 2925 4168 Domino
2961 4115 3264 4180 faeneratur
3293 4115 3470 4185 (Prov.
3516 4118 3665 4188 XIX).

167 4199 228 4256 in
257 4198 503 4256 articulo
541 4198 849 4272 cujuslibet
885 4197 1240 4256 difﬁcultatis
1291 4199 1583 4260 audimus.
1627 4204 1702 4260 At
1755 4203 1874 4272 ille,
1961 4201 2029 4259 In
2060 4200 2168 4258 hoc
2197 4215 2332 4272 ergo
2370 4198 2524 4257 felici
2572 4199 2939 4271 commercio,
2980 4200 3080 4259 ubi
3117 4201 3400 4261 Dominus
3447 4203 3671 4262 debitor

169 4293 235 4344 ut
262 4301 492 4359 semper
530 4295 650 4345 erat
687 4286 844 4344 mitis
868 4295 923 4346 et
960 4287 1225 4359 humilis,
1259 4303 1374 4347 non
1404 4305 1528 4349 sua:
1563 4291 1698 4349 fidei
1724 4291 1878 4366 quod
1964 4291 2219 4350 famulus
2278 4290 2463 4347 fuerat
2529 4289 2852 4358 faenerator,
2915 4290 3069 4363 quod
3121 4307 3155 4349 a
3208 4307 3374 4352 servo
3428 4293 3674 4354 fideliter

169 4373 457 4434 divinitus
499 4377 714 4434 factum
761 4383 882 4435 erat
919 4376 1202 4450 ascripsit,
1253 4379 1353 4436 sed
1401 4377 1637 4438 illorum
1693 4383 1882 4455 potius
1965 4387 2049 4440 est
2076 4377 2399 4452 depositum
2439 4392 2473 4435 a
2507 4375 2656 4435 bono
2694 4376 2950 4435 debitore
2977 4393 3092 4436 non
3132 4382 3675 4454 segniter'estsolu-

171 4463 520 4523 obedientia)
573 4472 628 4524 et
679 4473 1009 4524 sanctorum
1071 4465 1365 4538 hospitum
1416 4469 1638 4529 meritis
1687 4471 1883 4547 impu-
1967 4477 2111 4528 tum.

173 4553 362 4647 ιωῖέιῖ
511 4645 518 4647 Α
663 4644 694 4647 Η
788 4645 798 4647 4
1226 4646 1232 4647 7
1903 4587 1954 4647 D
2043 4553 3007 4647 AliquandoimperatorAHenricus
3031 4557 3451 4634 dumapposita
3475 4578 3675 4623 mensa

145 4715 166 4733 .
250 4644 402 4704 Huic
448 4645 622 4703 etiam
658 4644 807 4704 illud
846 4661 964 4704 non
993 4646 1277 4706 dissimile
1305 4655 1390 4706 est
1415 4650 1575 4723 quia,
1614 4665 1747 4709 cum
1779 4643 1942 4710 Dei—
1969 4645 2378 4714 discumberet,
2432 4659 2532 4702 vas
2574 4643 2661 4702 illi
2711 4643 3102 4706 bolovitreum
3153 4647 3316 4708 valde
3357 4651 3673 4723 pretiosum

172 4735 438 4793 famulus
462 4734 525 4791 in
555 4733 812 4793 Romana
841 4735 985 4794 urbe
1018 4736 1355 4795 consisteret
1387 4744 1441 4795 et
1473 4737 1791 4812 hospitium
1822 4741 1885 4798 in
1967 4747 2024 4797 et
2067 4735 2447 4797 Alexandrini
2497 4734 2685 4808 operis
2721 4742 2841 4792 arte
2889 4736 3291 4809 compositum,
3343 4755 3477 4798 cum
3526 4741 3674 4799 tritis

173 4829 370 4881 monte
409 4822 696 4880 Aventino
721 4823 873 4896 apud
915 4827 1330 4884 monasterium
1357 4825 1538 4885 beatae
1568 4827 1668 4885 Dei
1704 4829 1882 4888 Geni-
1967 4836 2052 4887 est
2080 4825 2389 4903 pigmentis
2416 4822 2679 4884 allatum.
2712 4822 2848 4882 Mox
2875 4825 3115 4884 advocat
3147 4826 3292 4901 duos
3319 4829 3470 4888 aulae
3498 4829 3672 4904 regite

171 4914 335 4974 tricis
359 4913 616 4986 haberet,
650 4913 886 4987 contigit
914 4921 997 4984 ut,
1043 4915 1189 4972 sicut
1223 4913 1386 4973 illius
1407 4915 1572 4973 urbis
1601 4915 1886 4978 familiare
1966 4917 2313 4992 capellanos,
2391 4913 2724 4973 Albericum
2799 4912 3067 4972 videlicet
3115 4922 3171 4973 et
3231 4915 3671 4991 Laudulpbum,

1183 5036 1512 5097 ANDREZE
1552 5037 1853 5099 CHESNII
1893 5040 1989 5099 ET
2028 5037 2374 5099 ANONYMI
2412 5035 2654 5097 NOT/E.

169 5142 362 5191 nentes
411 5138 686 5194 eacoteret.
741 5141 790 5190 et
843 5141 904 5190 ut
972 5138 1081 5202 ipse
1128 5141 1175 5188 et
1220 5149 1538 5192 successores
1592 5139 1710 5204 ejus
1753 5139 1878 5192 Utu-
1983 5141 2222 5192 tissimus
2319 5138 2654 5190 Mabillonius
2698 5152 2710 5188 :
2763 5135 3017 5189 Subsislil
3121 5137 3379 5203 hodieque
3460 5141 3677 5194 ecclesia

169 5208 450 5261 niacenses
502 5206 714 5260 abbates
743 5211 1127 5272 perpttuatiter
1159 5206 1412 5260 haberent
1447 5213 1496 5260 et
1526 5210 1880 5274 possiderent.
1985 5211 2042 5262 S.
2083 5210 2322 5276 Dionysii
2376 5210 2441 5261 de
2489 5207 2703 5268 Strata,
2746 5211 2899 5272 vulgo
2936 5209 3266 5262 Saint-Denis
3317 5213 3384 5262 de
3437 5209 3677 5274 l’Estrée,

172 5281 453 5335 Ducnesxv.
1985 5281 2077 5333 ubi
2126 5286 2382 5334 visuntur
2448 5279 2815 5332 vetustissima
2864 5280 3111 5345 sepulcra
3175 5279 3276 5333 SS.
3333 5280 3580 5348 Dionysii
3621 5287 3674 5336 et

237 5356 379 5416 (1:51)
417 5350 554 5404 Viris
585 5353 798 5404 videtur
824 5363 1118 5416 usurpasse
1148 5361 1245 5414 pro
1276 5351 1515 5416 genitivo
1545 5351 1645 5403 vis.
1985 5351 2267 5404 sociorum.
2298 5351 2448 5404 Nulli
2475 5350 2554 5406 ibi
2581 5349 2831 5402 habitant
2872 5350 3138 5410 monachi,
3181 5352 3430 5416 quamvis
3471 5351 3680 5406 reditus

238 5423 378 5489 (l3?)
444 5423 500 5474 ιιι
576 5423 686 5474 Vita
753 5423 975 5476 Jotsaldi
1036 5423 1255 5487 legitur,
1312 5422 1403 5474 lib.
1464 5435 1524 5483 ll,
1573 5435 1620 5474 c.
1673 5424 1750 5474 8:
1788 5418 1881 5474 Est
1985 5421 2329 5487 pinguissimi
2370 5421 2498 5478 sint.
2537 5422 2632 5487 qui
2680 5436 2716 5473 a
2760 5421 2941 5486 priore
2987 5422 3453 5474 commendatario
3499 5424 3678 5487 perci-

174 5507 346 5558 prOpe
395 5497 644 5546 sanctum
704 5493 1022 5560 Dionysium
1070 5491 1518 5546 monasteriolum
1572 5493 1635 5546 in
1689 5493 1885 5544 honore
1983 5493 2232 5556 piantur.
2291 5495 2459 5544 Juxta
2491 5491 2632 5545 hanc
2668 5494 2941 5545 ecclesiam
2978 5494 3092 5545 alia
3121 5493 3350 5546 habetur
3377 5493 3680 5555 parochiali

172 5566 237 5616 S.
298 5565 526 5616 Πανιίηὶ
569 5571 956 5624 consecratum.
1013 5569 1062 5618 et
1117 5566 1425 5630 uulgariter
1478 5565 1552 5617 ad
1610 5563 1884 5617 Publicam
1983 5564 2140 5616 titulo
2192 5563 2474 5627 insignata
2519 5563 2614 5614 sub
2661 5567 2840 5618 sancti
2888 5564 3117 5618 Martini
3165 5563 3489 5628 patrocinio.
3539 5569 3677 5618 Arno.

176 5630 434 5688 Slratam
474 5636 694 5688 dictum.
740 5637 938 5695 Quibus
983 5636 1166 5689 verbis
1211 5636 1324 5689 haec
1366 5637 1640 5689 adnotavit
1693 5633 1886 5688 erudi-
1985 5646 2186 5688 unus.
