  <div class='ocr_page' id='page_1' title='image "/cluster/home/n/w/nwhite01/storage/ocr_20150623/144/umn.31951002477437p/509.png"; bbox 0 0 4118 6450; ppageno 0'>
   <div class='ocr_carea' id='block_1_1' title="bbox 437 314 546 375">
    <p class='ocr_par' dir='ltr' id='par_1_1' title="bbox 437 314 546 375">
     <span class='ocr_line' id='line_1_1' title="bbox 437 314 546 375; baseline -0.009 0"><span class='ocrx_word' id='word_1_1' title='bbox 437 314 546 375; x_wconf 77' lang='lat'>935</span> 
     </span>
    </p>
   </div>
   <div class='ocr_carea' id='block_1_2' title="bbox 903 309 3475 376">
    <p class='ocr_par' dir='ltr' id='par_1_2' title="bbox 903 309 3475 376">
     <span class='ocr_line' id='line_1_2' title="bbox 903 309 3475 376; baseline -0.002 0"><span class='ocrx_word' id='word_1_2' title='bbox 903 317 962 376; x_wconf 88' lang='lat' dir='ltr'>S.</span> <span class='ocrx_word' id='word_1_3' title='bbox 1005 313 1225 375; x_wconf 83' lang='lat' dir='ltr'>PETRI</span> <span class='ocrx_word' id='word_1_4' title='bbox 1262 313 1588 374; x_wconf 87' lang='lat' dir='ltr'>DAMIANI</span> <span class='ocrx_word' id='word_1_5' title='bbox 1626 313 1781 374; x_wconf 87' lang='lat' dir='ltr'><strong>OPP.</strong></span> <span class='ocrx_word' id='word_1_6' title='bbox 1827 312 2016 374; x_wconf 80' lang='lat' dir='ltr'>PARS</span> <span class='ocrx_word' id='word_1_7' title='bbox 2065 310 2202 373; x_wconf 86' lang='lat' dir='ltr'>SEU</span> <span class='ocrx_word' id='word_1_8' title='bbox 2242 309 2492 372; x_wconf 88' lang='lat' dir='ltr'>TOMUS</span> <span class='ocrx_word' id='word_1_9' title='bbox 2529 311 2606 372; x_wconf 91' lang='lat' dir='ltr'>II.</span> <span class='ocrx_word' id='word_1_10' title='bbox 2650 343 2711 356; x_wconf 89' lang='lat'>—</span> <span class='ocrx_word' id='word_1_11' title='bbox 2757 309 3211 372; x_wconf 82' lang='lat' dir='ltr'>SANCTORUM</span> <span class='ocrx_word' id='word_1_12' title='bbox 3249 309 3475 371; x_wconf 59' lang='lat' dir='ltr'>VITA‘].</span> 
     </span>
    </p>
   </div>
   <div class='ocr_carea' id='block_1_3' title="bbox 3847 313 3956 373">
    <p class='ocr_par' dir='ltr' id='par_1_3' title="bbox 3847 313 3956 373">
     <span class='ocr_line' id='line_1_3' title="bbox 3847 313 3956 373; baseline 0 0"><span class='ocrx_word' id='word_1_13' title='bbox 3847 313 3956 373; x_wconf 76' lang='lat'>936</span> 
     </span>
    </p>
   </div>
   <div class='ocr_carea' id='block_1_4' title="bbox 439 439 3959 518">
    <p class='ocr_par' dir='ltr' id='par_1_4' title="bbox 439 439 3959 518">
     <span class='ocr_line' id='line_1_4' title="bbox 439 439 3959 518; baseline -0.002 -15"><span class='ocrx_word' id='word_1_14' title='bbox 439 459 694 518; x_wconf 86' lang='lat' dir='ltr'>quorum</span> <span class='ocrx_word' id='word_1_15' title='bbox 721 443 865 501; x_wconf 83' lang='lat' dir='ltr'>alter</span> <span class='ocrx_word' id='word_1_16' title='bbox 899 442 1175 501; x_wconf 64' lang='lat' dir='ltr'>Cumanae</span> <span class='ocrx_word' id='word_1_17' title='bbox 1204 441 1368 514; x_wconf 87' lang='grc'><strong>(133),</strong></span> <span class='ocrx_word' id='word_1_18' title='bbox 1395 441 1537 499; x_wconf 84' lang='lat' dir='ltr'>alter</span> <span class='ocrx_word' id='word_1_19' title='bbox 1565 455 1701 498; x_wconf 90' lang='lat' dir='ltr'>vero</span> <span class='ocrx_word' id='word_1_20' title='bbox 1746 439 2553 513; x_wconf 82' lang='lat' dir='ltr'>TaurinensisAquamdam,</span> <span class='ocrx_word' id='word_1_21' title='bbox 2599 440 2722 498; x_wconf 82' lang='lat' dir='ltr'>sive</span> <span class='ocrx_word' id='word_1_22' title='bbox 2771 454 2994 513; x_wconf 83' lang='lat' dir='ltr'>rupem,</span> <span class='ocrx_word' id='word_1_23' title='bbox 3040 439 3143 498; x_wconf 91' lang='lat' dir='ltr'>ubi</span> <span class='ocrx_word' id='word_1_24' title='bbox 3187 445 3422 497; x_wconf 89' lang='lat' dir='ltr'>sanctus</span> <span class='ocrx_word' id='word_1_25' title='bbox 3461 439 3702 513; x_wconf 85' lang='lat' dir='ltr'>quidam</span> <span class='ocrx_word' id='word_1_26' title='bbox 3745 453 3959 497; x_wconf 81' lang='lat' dir='ltr'>servus</span> 
     </span>
    </p>
   </div>
   <div class='ocr_carea' id='block_1_5' title="bbox 442 529 2146 607">
    <p class='ocr_par' dir='ltr' id='par_1_5' title="bbox 442 529 2146 607">
     <span class='ocr_line' id='line_1_5' title="bbox 442 529 2146 607; baseline -0.002 -17"><span class='ocrx_word' id='word_1_27' title='bbox 442 532 716 592; x_wconf 84' lang='lat' dir='ltr'>Eoclesi</span> <span class='ocrx_word' id='word_1_28' title='bbox 751 532 1114 607; x_wconf 76' lang='lat' dir='ltr'>postmodum</span> <span class='ocrx_word' id='word_1_29' title='bbox 1140 531 1386 604; x_wconf 85' lang='lat' dir='ltr'>episcopi</span> <span class='ocrx_word' id='word_1_30' title='bbox 1433 530 1564 588; x_wconf 86' lang='lat' dir='ltr'>facti</span> <span class='ocrx_word' id='word_1_31' title='bbox 1592 537 1748 588; x_wconf 83' lang='lat' dir='ltr'>sunt.</span> <span class='ocrx_word' id='word_1_32' title='bbox 1787 529 1891 587; x_wconf 85' lang='lat' dir='ltr'>His</span> <span class='ocrx_word' id='word_1_33' title='bbox 1950 529 2146 602; x_wconf 87' lang='lat' dir='ltr'>itaque</span> 
     </span>
    </p>
   </div>
   <div class='ocr_carea' id='block_1_6' title="bbox 441 617 2144 694">
    <p class='ocr_par' dir='ltr' id='par_1_6' title="bbox 441 617 2144 694">
     <span class='ocr_line' id='line_1_6' title="bbox 441 617 2144 694; baseline -0.003 -15"><span class='ocrx_word' id='word_1_34' title='bbox 441 623 743 680; x_wconf 78' lang='lat' dir='ltr'>vasculum</span> <span class='ocrx_word' id='word_1_35' title='bbox 769 620 1019 692; x_wconf 78' lang='lat' dir='ltr'>tradidit,</span> <span class='ocrx_word' id='word_1_36' title='bbox 1056 629 1112 678; x_wconf 88' lang='lat' dir='ltr'>et</span> <span class='ocrx_word' id='word_1_37' title='bbox 1141 636 1240 694; x_wconf 86' lang='lat' dir='ltr'>per</span> <span class='ocrx_word' id='word_1_38' title='bbox 1271 635 1366 678; x_wconf 91' lang='lat' dir='ltr'>eos</span> <span class='ocrx_word' id='word_1_39' title='bbox 1406 621 1570 677; x_wconf 84' lang='lat' dir='ltr'>beato</span> <span class='ocrx_word' id='word_1_40' title='bbox 1601 619 1726 676; x_wconf 89' lang='lat' dir='ltr'>viro</span> <span class='ocrx_word' id='word_1_41' title='bbox 1751 617 1982 676; x_wconf 88' lang='lat' dir='ltr'>0diloni</span> <span class='ocrx_word' id='word_1_42' title='bbox 2010 617 2144 675; x_wconf 67' lang='lat' dir='ltr'>odo«</span> 
     </span>
    </p>
   </div>
   <div class='ocr_carea' id='block_1_7' title="bbox 442 707 2146 782">
    <p class='ocr_par' dir='ltr' id='par_1_7' title="bbox 442 707 2146 782">
     <span class='ocr_line' id='line_1_7' title="bbox 442 707 2146 782; baseline -0.002 -15"><span class='ocrx_word' id='word_1_43' title='bbox 442 708 603 768; x_wconf 87' lang='lat' dir='ltr'>riferi</span> <span class='ocrx_word' id='word_1_44' title='bbox 635 711 877 768; x_wconf 89' lang='lat' dir='ltr'>nectaris</span> <span class='ocrx_word' id='word_1_45' title='bbox 902 711 1144 770; x_wconf 82' lang='lat' dir='ltr'>xenium</span> <span class='ocrx_word' id='word_1_46' title='bbox 1182 709 1512 768; x_wconf 82' lang='lat' dir='ltr'>destinavit.</span> <span class='ocrx_word' id='word_1_47' title='bbox 1556 707 1717 778; x_wconf 90' lang='lat' dir='ltr'>Quod</span> <span class='ocrx_word' id='word_1_48' title='bbox 1751 708 1996 782; x_wconf 88' lang='lat' dir='ltr'>profecto</span> <span class='ocrx_word' id='word_1_49' title='bbox 2040 723 2146 764; x_wconf 88' lang='lat' dir='ltr'>va-</span> 
     </span>
    </p>
   </div>
   <div class='ocr_carea' id='block_1_8' title="bbox 442 795 2150 873">
    <p class='ocr_par' dir='ltr' id='par_1_8' title="bbox 442 795 2150 873">
     <span class='ocr_line' id='line_1_8' title="bbox 442 795 2150 873; baseline -0.003 -16"><span class='ocrx_word' id='word_1_50' title='bbox 442 798 670 857; x_wconf 91' lang='lat' dir='ltr'>sculum</span> <span class='ocrx_word' id='word_1_51' title='bbox 696 798 973 873; x_wconf 82' lang='lat' dir='ltr'>capellani</span> <span class='ocrx_word' id='word_1_52' title='bbox 1001 807 1196 858; x_wconf 87' lang='lat' dir='ltr'>sancto</span> <span class='ocrx_word' id='word_1_53' title='bbox 1214 801 1356 867; x_wconf 91' lang='lat' dir='ltr'>viro,</span> <span class='ocrx_word' id='word_1_54' title='bbox 1382 805 1548 868; x_wconf 84' lang='lat' dir='ltr'>prout</span> <span class='ocrx_word' id='word_1_55' title='bbox 1566 798 1816 860; x_wconf 81' lang='lat' dir='ltr'>decebat.</span> <span class='ocrx_word' id='word_1_56' title='bbox 1848 795 2150 856; x_wconf 82' lang='lat' dir='ltr'>humiliter</span> 
     </span>
    </p>
   </div>
   <div class='ocr_carea' id='block_1_9' title="bbox 441 884 2148 962">
    <p class='ocr_par' dir='ltr' id='par_1_9' title="bbox 441 884 2148 962">
     <span class='ocr_line' id='line_1_9' title="bbox 441 884 2148 962; baseline -0.004 -14"><span class='ocrx_word' id='word_1_57' title='bbox 441 889 714 960; x_wconf 71' lang='lat' dir='ltr'>offerunt,</span> <span class='ocrx_word' id='word_1_58' title='bbox 747 905 812 947; x_wconf 89' lang='lat' dir='ltr'>ac</span> <span class='ocrx_word' id='word_1_59' title='bbox 839 903 942 962; x_wconf 88' lang='lat' dir='ltr'>pro</span> <span class='ocrx_word' id='word_1_60' title='bbox 969 903 1036 946; x_wconf 86' lang='lat' dir='ltr'>eo</span> <span class='ocrx_word' id='word_1_61' title='bbox 1079 887 1447 962; x_wconf 83' lang='lat' dir='ltr'>postmodum</span> <span class='ocrx_word' id='word_1_62' title='bbox 1487 886 1730 945; x_wconf 85' lang='lat' dir='ltr'>redituri</span> <span class='ocrx_word' id='word_1_63' title='bbox 1761 886 1830 943; x_wconf 90' lang='lat' dir='ltr'>ad</span> <span class='ocrx_word' id='word_1_64' title='bbox 1870 886 2021 960; x_wconf 88' lang='lat' dir='ltr'>regis</span> <span class='ocrx_word' id='word_1_65' title='bbox 2053 884 2148 941; x_wconf 91' lang='lat' dir='ltr'>in-</span> 
     </span>
    </p>
   </div>
   <div class='ocr_carea' id='block_1_10' title="bbox 439 974 2151 1047">
    <p class='ocr_par' dir='ltr' id='par_1_10' title="bbox 439 974 2151 1047">
     <span class='ocr_line' id='line_1_10' title="bbox 439 974 2151 1047; baseline -0.004 -11"><span class='ocrx_word' id='word_1_66' title='bbox 439 978 608 1036; x_wconf 89' lang='lat' dir='ltr'>terim</span> <span class='ocrx_word' id='word_1_67' title='bbox 656 977 991 1035; x_wconf 86' lang='lat' dir='ltr'>convivium</span> <span class='ocrx_word' id='word_1_68' title='bbox 1022 984 1411 1036; x_wconf 89' lang='lat' dir='ltr'>revcrtuntur.</span> <span class='ocrx_word' id='word_1_69' title='bbox 1447 975 1625 1034; x_wconf 84' lang='lat' dir='ltr'>Paulo</span> <span class='ocrx_word' id='word_1_70' title='bbox 1667 991 1801 1034; x_wconf 87' lang='lat' dir='ltr'>vero</span> <span class='ocrx_word' id='word_1_71' title='bbox 1834 980 1973 1047; x_wconf 92' lang='lat' dir='ltr'>post,</span> <span class='ocrx_word' id='word_1_72' title='bbox 2003 974 2151 1030; x_wconf 88' lang='lat' dir='ltr'>sicut</span> 
     </span>
    </p>
   </div>
   <div class='ocr_carea' id='block_1_11' title="bbox 438 1063 2151 1136">
    <p class='ocr_par' dir='ltr' id='par_1_11' title="bbox 438 1063 2151 1136">
     <span class='ocr_line' id='line_1_11' title="bbox 438 1063 2151 1136; baseline -0.004 -12"><span class='ocrx_word' id='word_1_73' title='bbox 438 1066 720 1124; x_wconf 62' lang='lat' dir='ltr'>humanae</span> <span class='ocrx_word' id='word_1_74' title='bbox 763 1065 1116 1124; x_wconf 85' lang='lat' dir='ltr'>curiositatis</span> <span class='ocrx_word' id='word_1_75' title='bbox 1162 1081 1286 1123; x_wconf 90' lang='lat' dir='ltr'>mos</span> <span class='ocrx_word' id='word_1_76' title='bbox 1332 1070 1440 1134; x_wconf 88' lang='lat' dir='ltr'>est,</span> <span class='ocrx_word' id='word_1_77' title='bbox 1492 1071 1557 1123; x_wconf 92' lang='lat' dir='ltr'>ut</span> <span class='ocrx_word' id='word_1_78' title='bbox 1605 1079 1752 1122; x_wconf 88' lang='lat' dir='ltr'>nova</span> <span class='ocrx_word' id='word_1_79' title='bbox 1785 1063 2058 1136; x_wconf 65' lang='lat' dir='ltr'>quaelibet</span> <span class='ocrx_word' id='word_1_80' title='bbox 2093 1067 2151 1118; x_wconf 90' lang='lat' dir='ltr'>et</span> 
     </span>
    </p>
   </div>
   <div class='ocr_carea' id='block_1_12' title="bbox 438 1151 2146 1228">
    <p class='ocr_par' dir='ltr' id='par_1_12' title="bbox 438 1151 2146 1228">
     <span class='ocr_line' id='line_1_12' title="bbox 438 1151 2146 1228; baseline -0.004 -14"><span class='ocrx_word' id='word_1_81' title='bbox 438 1155 670 1214; x_wconf 90' lang='lat' dir='ltr'>insueta</span> <span class='ocrx_word' id='word_1_82' title='bbox 705 1155 999 1214; x_wconf 87' lang='lat' dir='ltr'>inhianter</span> <span class='ocrx_word' id='word_1_83' title='bbox 1034 1153 1290 1228; x_wconf 86' lang='lat' dir='ltr'>aspiciat,</span> <span class='ocrx_word' id='word_1_84' title='bbox 1331 1161 1632 1226; x_wconf 68' lang='lat' dir='ltr'>creperum</span> <span class='ocrx_word' id='word_1_85' title='bbox 1679 1151 1949 1210; x_wconf 86' lang='lat' dir='ltr'>monachi</span> <span class='ocrx_word' id='word_1_86' title='bbox 2000 1165 2146 1224; x_wconf 70' lang='lat' dir='ltr'>pta:-</span> 
     </span>
    </p>
   </div>
   <div class='ocr_carea' id='block_1_13' title="bbox 439 1241 2151 1308">
    <p class='ocr_par' dir='ltr' id='par_1_13' title="bbox 439 1241 2151 1308">
     <span class='ocr_line' id='line_1_13' title="bbox 439 1241 2151 1308; baseline -0.004 -7"><span class='ocrx_word' id='word_1_87' title='bbox 439 1245 623 1302; x_wconf 84' lang='lat' dir='ltr'>fatum</span> <span class='ocrx_word' id='word_1_88' title='bbox 666 1259 768 1302; x_wconf 89' lang='lat' dir='ltr'>vas</span> <span class='ocrx_word' id='word_1_89' title='bbox 810 1243 918 1302; x_wconf 93' lang='lat' dir='ltr'>sub</span> <span class='ocrx_word' id='word_1_90' title='bbox 959 1242 1357 1301; x_wconf 91' lang='lat' dir='ltr'>admirationis</span> <span class='ocrx_word' id='word_1_91' title='bbox 1403 1241 1624 1299; x_wconf 90' lang='lat' dir='ltr'>intuitu</span> <span class='ocrx_word' id='word_1_92' title='bbox 1659 1248 2031 1308; x_wconf 86' lang='lat' dir='ltr'>contrectare,</span> <span class='ocrx_word' id='word_1_93' title='bbox 2094 1244 2151 1294; x_wconf 91' lang='lat' dir='ltr'>et</span> 
     </span>
    </p>
   </div>
   <div class='ocr_carea' id='block_1_14' title="bbox 437 1329 2152 1402">
    <p class='ocr_par' dir='ltr' id='par_1_14' title="bbox 437 1329 2152 1402">
     <span class='ocr_line' id='line_1_14' title="bbox 437 1329 2152 1402; baseline -0.002 -12"><span class='ocrx_word' id='word_1_94' title='bbox 437 1332 510 1390; x_wconf 89' lang='lat' dir='ltr'>de</span> <span class='ocrx_word' id='word_1_95' title='bbox 555 1348 732 1390; x_wconf 86' lang='lat' dir='ltr'>manu</span> <span class='ocrx_word' id='word_1_96' title='bbox 786 1333 848 1390; x_wconf 91' lang='lat' dir='ltr'>in</span> <span class='ocrx_word' id='word_1_97' title='bbox 891 1347 1134 1390; x_wconf 90' lang='lat' dir='ltr'>manum</span> <span class='ocrx_word' id='word_1_98' title='bbox 1187 1330 1425 1388; x_wconf 79' lang='lat' dir='ltr'>solerter</span> <span class='ocrx_word' id='word_1_99' title='bbox 1478 1329 1840 1402; x_wconf 91' lang='lat' dir='ltr'>inspiciendo</span> <span class='ocrx_word' id='word_1_100' title='bbox 1896 1337 2152 1401; x_wconf 87' lang='lat' dir='ltr'>transpo-</span> 
     </span>
    </p>
   </div>
   <div class='ocr_carea' id='block_1_15' title="bbox 438 1417 2147 1490">
    <p class='ocr_par' dir='ltr' id='par_1_15' title="bbox 438 1417 2147 1490">
     <span class='ocr_line' id='line_1_15' title="bbox 438 1417 2147 1490; baseline -0.004 -11"><span class='ocrx_word' id='word_1_101' title='bbox 438 1436 598 1490; x_wconf 84' lang='lat' dir='ltr'>nere,</span> <span class='ocrx_word' id='word_1_102' title='bbox 643 1437 778 1481; x_wconf 86' lang='lat' dir='ltr'>cum</span> <span class='ocrx_word' id='word_1_103' title='bbox 821 1436 950 1479; x_wconf 90' lang='lat' dir='ltr'>ecce</span> <span class='ocrx_word' id='word_1_104' title='bbox 990 1420 1061 1479; x_wconf 88' lang='lat' dir='ltr'>de</span> <span class='ocrx_word' id='word_1_105' title='bbox 1105 1419 1375 1477; x_wconf 88' lang='lat' dir='ltr'>manibus</span> <span class='ocrx_word' id='word_1_106' title='bbox 1425 1418 1655 1477; x_wconf 86' lang='lat' dir='ltr'>incaute</span> <span class='ocrx_word' id='word_1_107' title='bbox 1717 1434 1778 1476; x_wconf 91' lang='lat' dir='ltr'>se</span> <span class='ocrx_word' id='word_1_108' title='bbox 1825 1417 2147 1475; x_wconf 84' lang='lat' dir='ltr'>tenentium</span> 
     </span>
    </p>
   </div>
   <div class='ocr_carea' id='block_1_16' title="bbox 439 1505 2146 1582">
    <p class='ocr_par' dir='ltr' id='par_1_16' title="bbox 439 1505 2146 1582">
     <span class='ocr_line' id='line_1_16' title="bbox 439 1505 2146 1582; baseline -0.002 -15"><span class='ocrx_word' id='word_1_109' title='bbox 439 1509 682 1581; x_wconf 84' lang='lat' dir='ltr'>labitur,</span> <span class='ocrx_word' id='word_1_110' title='bbox 731 1517 786 1567; x_wconf 84' lang='lat' dir='ltr'>et</span> <span class='ocrx_word' id='word_1_111' title='bbox 835 1516 902 1567; x_wconf 89' lang='lat' dir='ltr'>ut</span> <span class='ocrx_word' id='word_1_112' title='bbox 966 1509 1189 1582; x_wconf 86' lang='lat' dir='ltr'>fragilis</span> <span class='ocrx_word' id='word_1_113' title='bbox 1241 1515 1326 1566; x_wconf 89' lang='lat' dir='ltr'>est</span> <span class='ocrx_word' id='word_1_114' title='bbox 1374 1505 1520 1561; x_wconf 79' lang='lat'><strong>409</strong></span> <span class='ocrx_word' id='word_1_115' title='bbox 1571 1514 1816 1574; x_wconf 59' lang='lat' dir='ltr'>naturae,</span> <span class='ocrx_word' id='word_1_116' title='bbox 1870 1507 2146 1564; x_wconf 88' lang='lat' dir='ltr'>continuo</span> 
     </span>
    </p>
   </div>
   <div class='ocr_carea' id='block_1_17' title="bbox 438 1595 2144 1669">
    <p class='ocr_par' dir='ltr' id='par_1_17' title="bbox 438 1595 2144 1669">
     <span class='ocr_line' id='line_1_17' title="bbox 438 1595 2144 1669; baseline -0.002 -14"><span class='ocrx_word' id='word_1_117' title='bbox 438 1597 749 1669; x_wconf 81' lang='lat' dir='ltr'>frangitur.</span> <span class='ocrx_word' id='word_1_118' title='bbox 791 1595 956 1665; x_wconf 86' lang='lat' dir='ltr'>Quod</span> <span class='ocrx_word' id='word_1_119' title='bbox 1003 1611 1141 1653; x_wconf 81' lang='lat' dir='ltr'>mox</span> <span class='ocrx_word' id='word_1_120' title='bbox 1189 1603 1254 1654; x_wconf 88' lang='lat' dir='ltr'>ut</span> <span class='ocrx_word' id='word_1_121' title='bbox 1306 1595 1397 1653; x_wconf 92' lang='lat' dir='ltr'>vir</span> <span class='ocrx_word' id='word_1_122' title='bbox 1445 1603 1678 1653; x_wconf 89' lang='lat' dir='ltr'>sanctus</span> <span class='ocrx_word' id='word_1_123' title='bbox 1720 1595 1998 1653; x_wconf 88' lang='lat' dir='ltr'>accidisse</span> <span class='ocrx_word' id='word_1_124' title='bbox 2047 1610 2144 1652; x_wconf 93' lang='lat' dir='ltr'>co-</span> 
     </span>
    </p>
   </div>
   <div class='ocr_carea' id='block_1_18' title="bbox 431 1684 2143 1758">
    <p class='ocr_par' dir='ltr' id='par_1_18' title="bbox 431 1684 2143 1758">
     <span class='ocr_line' id='line_1_18' title="bbox 431 1684 2143 1758; baseline -0.001 -15"><span class='ocrx_word' id='word_1_125' title='bbox 431 1685 656 1758; x_wconf 87' lang='lat' dir='ltr'>gnovit,</span> <span class='ocrx_word' id='word_1_126' title='bbox 686 1685 934 1758; x_wconf 79' lang='lat' dir='ltr'>graviter</span> <span class='ocrx_word' id='word_1_127' title='bbox 973 1685 1103 1743; x_wconf 90' lang='lat' dir='ltr'>tulit</span> <span class='ocrx_word' id='word_1_128' title='bbox 1144 1693 1198 1742; x_wconf 88' lang='lat' dir='ltr'>et</span> <span class='ocrx_word' id='word_1_129' title='bbox 1243 1685 1565 1758; x_wconf 64' lang='lat' dir='ltr'>praesertim</span> <span class='ocrx_word' id='word_1_130' title='bbox 1613 1684 1857 1753; x_wconf 90' lang='lat' dir='ltr'>clericis,</span> <span class='ocrx_word' id='word_1_131' title='bbox 1899 1684 2001 1757; x_wconf 90' lang='lat' dir='ltr'>qui</span> <span class='ocrx_word' id='word_1_132' title='bbox 2039 1684 2143 1741; x_wconf 91' lang='lat' dir='ltr'>de-</span> 
     </span>
    </p>
   </div>
   <div class='ocr_carea' id='block_1_19' title="bbox 2229 527 3959 604">
    <p class='ocr_par' dir='ltr' id='par_1_19' title="bbox 2229 527 3959 604">
     <span class='ocr_line' id='line_1_19' title="bbox 2229 527 3959 604; baseline 0 -18"><span class='ocrx_word' id='word_1_133' title='bbox 2229 527 2329 586; x_wconf 86' lang='lat' dir='ltr'>Dei</span> <span class='ocrx_word' id='word_1_134' title='bbox 2380 529 2651 586; x_wconf 83' lang='lat' dir='ltr'>manebat</span> <span class='ocrx_word' id='word_1_135' title='bbox 2684 528 2966 587; x_wconf 88' lang='lat' dir='ltr'>inclusus.</span> <span class='ocrx_word' id='word_1_136' title='bbox 3019 527 3363 587; x_wconf 79' lang='lat' dir='ltr'>Rotenensis</span> <span class='ocrx_word' id='word_1_137' title='bbox 3421 528 3620 604; x_wconf 88' lang='lat' dir='ltr'>itaque</span> <span class='ocrx_word' id='word_1_138' title='bbox 3657 529 3770 599; x_wconf 87' lang='lat' dir='ltr'>vir,</span> <span class='ocrx_word' id='word_1_139' title='bbox 3830 527 3959 586; x_wconf 90' lang='lat' dir='ltr'>illic</span> 
     </span>
    </p>
   </div>
   <div class='ocr_carea' id='block_1_20' title="bbox 2227 616 3956 692">
    <p class='ocr_par' dir='ltr' id='par_1_20' title="bbox 2227 616 3956 692">
     <span class='ocr_line' id='line_1_20' title="bbox 2227 616 3956 692; baseline -0.001 -17"><span class='ocrx_word' id='word_1_140' title='bbox 2227 617 2570 692; x_wconf 79' lang='lat' dir='ltr'>aliquandiu</span> <span class='ocrx_word' id='word_1_141' title='bbox 2624 633 2988 677; x_wconf 88' lang='lat' dir='ltr'>commorans</span> <span class='ocrx_word' id='word_1_142' title='bbox 3051 625 3106 675; x_wconf 91' lang='lat' dir='ltr'>et</span> <span class='ocrx_word' id='word_1_143' title='bbox 3164 617 3647 691; x_wconf 88' lang='lat' dir='ltr'>tranquillitatem</span> <span class='ocrx_word' id='word_1_144' title='bbox 3709 616 3956 676; x_wconf 89' lang='lat' dir='ltr'>sedandi</span> 
     </span>
    </p>
   </div>
   <div class='ocr_carea' id='block_1_21' title="bbox 2231 706 3958 783">
    <p class='ocr_par' dir='ltr' id='par_1_21' title="bbox 2231 706 3958 783">
     <span class='ocr_line' id='line_1_21' title="bbox 2231 706 3958 783; baseline -0.001 -18"><span class='ocrx_word' id='word_1_145' title='bbox 2231 709 2407 766; x_wconf 90' lang='lat' dir='ltr'>maris</span> <span class='ocrx_word' id='word_1_146' title='bbox 2447 717 2806 783; x_wconf 81' lang='lat' dir='ltr'>exspectans,</span> <span class='ocrx_word' id='word_1_147' title='bbox 2859 707 3251 765; x_wconf 87' lang='lat' dir='ltr'>delectabatur</span> <span class='ocrx_word' id='word_1_148' title='bbox 3294 723 3427 766; x_wconf 90' lang='lat' dir='ltr'>cum</span> <span class='ocrx_word' id='word_1_149' title='bbox 3468 722 3638 764; x_wconf 88' lang='lat' dir='ltr'>servo</span> <span class='ocrx_word' id='word_1_150' title='bbox 3680 706 3780 764; x_wconf 83' lang='lat' dir='ltr'>Dei</span> <span class='ocrx_word' id='word_1_151' title='bbox 3839 707 3958 764; x_wconf 84' lang='lat' dir='ltr'>fre-</span> 
     </span>
    </p>
   </div>
   <div class='ocr_carea' id='block_1_22' title="bbox 2231 793 3958 871">
    <p class='ocr_par' dir='ltr' id='par_1_22' title="bbox 2231 793 3958 871">
     <span class='ocr_line' id='line_1_22' title="bbox 2231 793 3958 871; baseline -0.002 -16"><span class='ocrx_word' id='word_1_152' title='bbox 2231 803 2475 870; x_wconf 90' lang='lat' dir='ltr'>quenter</span> <span class='ocrx_word' id='word_1_153' title='bbox 2499 797 2712 855; x_wconf 84' lang='lat' dir='ltr'>habere</span> <span class='ocrx_word' id='word_1_154' title='bbox 2739 795 3120 871; x_wconf 86' lang='lat' dir='ltr'>colloquium.</span> <span class='ocrx_word' id='word_1_155' title='bbox 3157 795 3266 854; x_wconf 86' lang='lat' dir='ltr'>Sed</span> <span class='ocrx_word' id='word_1_156' title='bbox 3310 796 3453 854; x_wconf 92' lang='lat' dir='ltr'>dum</span> <span class='ocrx_word' id='word_1_157' title='bbox 3497 796 3634 853; x_wconf 91' lang='lat' dir='ltr'>hinc</span> <span class='ocrx_word' id='word_1_158' title='bbox 3663 793 3958 852; x_wconf 87' lang='lat' dir='ltr'>nonnulla</span> 
     </span>
    </p>
   </div>
   <div class='ocr_carea' id='block_1_23' title="bbox 2231 883 3957 958">
    <p class='ocr_par' dir='ltr' id='par_1_23' title="bbox 2231 883 3957 958">
     <span class='ocr_line' id='line_1_23' title="bbox 2231 883 3957 958; baseline -0.001 -16"><span class='ocrx_word' id='word_1_159' title='bbox 2231 886 2523 958; x_wconf 90' lang='lat' dir='ltr'>dicuntur,</span> <span class='ocrx_word' id='word_1_160' title='bbox 2589 886 2754 944; x_wconf 92' lang='lat' dir='ltr'>illinc</span> <span class='ocrx_word' id='word_1_161' title='bbox 2835 885 3085 958; x_wconf 91' lang='lat' dir='ltr'>plurima</span> <span class='ocrx_word' id='word_1_162' title='bbox 3169 886 3521 954; x_wconf 85' lang='lat' dir='ltr'>referuntur,</span> <span class='ocrx_word' id='word_1_163' title='bbox 3597 883 3957 958; x_wconf 82' lang='lat' dir='ltr'>perquisitas</span> 
     </span>
    </p>
   </div>
   <div class='ocr_carea' id='block_1_24' title="bbox 2233 971 3954 1047">
    <p class='ocr_par' dir='ltr' id='par_1_24' title="bbox 2233 971 3954 1047">
     <span class='ocr_line' id='line_1_24' title="bbox 2233 971 3954 1047; baseline -0.002 -15"><span class='ocrx_word' id='word_1_164' title='bbox 2233 976 2437 1047; x_wconf 70' lang='lat' dir='ltr'>hostica</span> <span class='ocrx_word' id='word_1_165' title='bbox 2458 990 2495 1032; x_wconf 87' lang='lat' dir='ltr'>a</span> <span class='ocrx_word' id='word_1_166' title='bbox 2518 973 2643 1032; x_wconf 92' lang='lat' dir='ltr'>viro</span> <span class='ocrx_word' id='word_1_167' title='bbox 2670 972 2826 1031; x_wconf 90' lang='lat' dir='ltr'>unde</span> <span class='ocrx_word' id='word_1_168' title='bbox 2853 987 3036 1045; x_wconf 87' lang='lat' dir='ltr'>genus</span> <span class='ocrx_word' id='word_1_169' title='bbox 3062 971 3319 1041; x_wconf 87' lang='lat' dir='ltr'>duceret,</span> <span class='ocrx_word' id='word_1_170' title='bbox 3363 971 3723 1046; x_wconf 88' lang='lat' dir='ltr'>originaliter</span> <span class='ocrx_word' id='word_1_171' title='bbox 3759 971 3954 1045; x_wconf 86' lang='lat' dir='ltr'>Aqui-</span> 
     </span>
    </p>
   </div>
   <div class='ocr_carea' id='block_1_25' title="bbox 2232 1061 3952 1138">
    <p class='ocr_par' dir='ltr' id='par_1_25' title="bbox 2232 1061 3952 1138">
     <span class='ocr_line' id='line_1_25' title="bbox 2232 1061 3952 1138; baseline -0.003 -14"><span class='ocrx_word' id='word_1_172' title='bbox 2232 1074 2436 1124; x_wconf 89' lang='lat' dir='ltr'>tanum</span> <span class='ocrx_word' id='word_1_173' title='bbox 2477 1079 2538 1120; x_wconf 89' lang='lat' dir='ltr'>se</span> <span class='ocrx_word' id='word_1_174' title='bbox 2583 1079 2707 1122; x_wconf 89' lang='lat' dir='ltr'>esse</span> <span class='ocrx_word' id='word_1_175' title='bbox 2737 1063 3046 1137; x_wconf 86' lang='lat' dir='ltr'>respondit.</span> <span class='ocrx_word' id='word_1_176' title='bbox 3085 1063 3426 1138; x_wconf 84' lang='lat' dir='ltr'>Requisitus</span> <span class='ocrx_word' id='word_1_177' title='bbox 3471 1061 3712 1135; x_wconf 88' lang='lat' dir='ltr'>insuper</span> <span class='ocrx_word' id='word_1_178' title='bbox 3746 1068 3952 1118; x_wconf 88' lang='lat' dir='ltr'>utrum</span> 
     </span>
    </p>
   </div>
   <div class='ocr_carea' id='block_1_26' title="bbox 2231 1147 3954 1226">
    <p class='ocr_par' dir='ltr' id='par_1_26' title="bbox 2231 1147 3954 1226">
     <span class='ocr_line' id='line_1_26' title="bbox 2231 1147 3954 1226; baseline -0.001 -16"><span class='ocrx_word' id='word_1_179' title='bbox 2231 1152 2560 1210; x_wconf 78' lang='lat' dir='ltr'>coenobium</span> <span class='ocrx_word' id='word_1_180' title='bbox 2605 1152 2772 1224; x_wconf 88' lang='lat' dir='ltr'>illud,</span> <span class='ocrx_word' id='word_1_181' title='bbox 2805 1153 2959 1226; x_wconf 89' lang='lat' dir='ltr'>quod</span> <span class='ocrx_word' id='word_1_182' title='bbox 3001 1153 3216 1211; x_wconf 84' lang='lat' dir='ltr'>dieitur</span> <span class='ocrx_word' id='word_1_183' title='bbox 3241 1151 3616 1221; x_wconf 86' lang='lat' dir='ltr'>Cluniacum,</span> <span class='ocrx_word' id='word_1_184' title='bbox 3661 1157 3717 1208; x_wconf 84' lang='lat' dir='ltr'>et</span> <span class='ocrx_word' id='word_1_185' title='bbox 3761 1147 3954 1208; x_wconf 88' lang='lat' dir='ltr'>0dilo-</span> 
     </span>
    </p>
   </div>
   <div class='ocr_carea' id='block_1_27' title="bbox 2232 1238 3957 1314">
    <p class='ocr_par' dir='ltr' id='par_1_27' title="bbox 2232 1238 3957 1314">
     <span class='ocr_line' id='line_1_27' title="bbox 2232 1238 3957 1314; baseline -0.001 -16"><span class='ocrx_word' id='word_1_186' title='bbox 2232 1255 2367 1298; x_wconf 91' lang='lat' dir='ltr'>nem</span> <span class='ocrx_word' id='word_1_187' title='bbox 2392 1241 2649 1314; x_wconf 89' lang='lat' dir='ltr'>ejusdem</span> <span class='ocrx_word' id='word_1_188' title='bbox 2684 1241 2791 1300; x_wconf 92' lang='lat' dir='ltr'>loci</span> <span class='ocrx_word' id='word_1_189' title='bbox 2819 1250 3012 1300; x_wconf 89' lang='lat' dir='ltr'>nosset</span> <span class='ocrx_word' id='word_1_190' title='bbox 3040 1243 3331 1309; x_wconf 90' lang='lat' dir='ltr'>abbatem,</span> <span class='ocrx_word' id='word_1_191' title='bbox 3363 1240 3579 1311; x_wconf 81' lang='lat' dir='ltr'>Optime</span> <span class='ocrx_word' id='word_1_192' title='bbox 3613 1238 3764 1312; x_wconf 93' lang='lat' dir='ltr'>quod</span> <span class='ocrx_word' id='word_1_193' title='bbox 3796 1254 3957 1312; x_wconf 69' lang='lat' dir='ltr'>qure-</span> 
     </span>
    </p>
   </div>
   <div class='ocr_carea' id='block_1_28' title="bbox 2231 1328 3956 1405">
    <p class='ocr_par' dir='ltr' id='par_1_28' title="bbox 2231 1328 3956 1405">
     <span class='ocr_line' id='line_1_28' title="bbox 2231 1328 3956 1405; baseline -0.002 -17"><span class='ocrx_word' id='word_1_194' title='bbox 2231 1331 2390 1388; x_wconf 85' lang='lat' dir='ltr'>rebat</span> <span class='ocrx_word' id='word_1_195' title='bbox 2438 1345 2499 1387; x_wconf 90' lang='lat' dir='ltr'>se</span> <span class='ocrx_word' id='word_1_196' title='bbox 2549 1345 2714 1389; x_wconf 90' lang='lat' dir='ltr'>nosse</span> <span class='ocrx_word' id='word_1_197' title='bbox 2757 1331 3070 1405; x_wconf 86' lang='lat' dir='ltr'>perhibuit.</span> <span class='ocrx_word' id='word_1_198' title='bbox 3121 1329 3456 1390; x_wconf 89' lang='lat' dir='ltr'>Sciscitatur</span> <span class='ocrx_word' id='word_1_199' title='bbox 3484 1328 3656 1386; x_wconf 92' lang='lat' dir='ltr'>homo</span> <span class='ocrx_word' id='word_1_200' title='bbox 3695 1343 3799 1386; x_wconf 93' lang='lat' dir='ltr'>cur</span> <span class='ocrx_word' id='word_1_201' title='bbox 3841 1328 3956 1386; x_wconf 89' lang='lat' dir='ltr'>hoc</span> 
     </span>
    </p>
   </div>
   <div class='ocr_carea' id='block_1_29' title="bbox 2230 1419 3957 1498">
    <p class='ocr_par' dir='ltr' id='par_1_29' title="bbox 2230 1419 3957 1498">
     <span class='ocr_line' id='line_1_29' title="bbox 2230 1419 3957 1498; baseline -0.001 -20"><span class='ocrx_word' id='word_1_202' title='bbox 2230 1421 2332 1478; x_wconf 87' lang='lat' dir='ltr'>Dei</span> <span class='ocrx_word' id='word_1_203' title='bbox 2367 1437 2570 1480; x_wconf 87' lang='lat' dir='ltr'>servus</span> <span class='ocrx_word' id='word_1_204' title='bbox 2606 1424 2679 1480; x_wconf 92' lang='lat' dir='ltr'>ab</span> <span class='ocrx_word' id='word_1_205' title='bbox 2719 1437 2787 1482; x_wconf 91' lang='lat' dir='ltr'>eo</span> <span class='ocrx_word' id='word_1_206' title='bbox 2832 1425 3105 1498; x_wconf 89' lang='lat' dir='ltr'>requirat.</span> <span class='ocrx_word' id='word_1_207' title='bbox 3150 1422 3239 1481; x_wconf 86' lang='lat' dir='ltr'>Ad</span> <span class='ocrx_word' id='word_1_208' title='bbox 3270 1436 3442 1495; x_wconf 91' lang='lat' dir='ltr'>quem</span> <span class='ocrx_word' id='word_1_209' title='bbox 3471 1421 3573 1478; x_wconf 91' lang='lat' dir='ltr'>ille</span> <span class='ocrx_word' id='word_1_210' title='bbox 3603 1440 3614 1478; x_wconf 94' lang='lat'><strong>:</strong></span> <span class='ocrx_word' id='word_1_211' title='bbox 3648 1419 3818 1485; x_wconf 89' lang='lat' dir='ltr'>Sunt,</span> <span class='ocrx_word' id='word_1_212' title='bbox 3870 1419 3957 1476; x_wconf 83' lang='lat' dir='ltr'>in-</span> 
     </span>
    </p>
   </div>
   <div class='ocr_carea' id='block_1_30' title="bbox 2229 1506 3952 1588">
    <p class='ocr_par' dir='ltr' id='par_1_30' title="bbox 2229 1506 3952 1588">
     <span class='ocr_line' id='line_1_30' title="bbox 2229 1506 3952 1588; baseline -0.005 -19"><span class='ocrx_word' id='word_1_213' title='bbox 2229 1511 2375 1584; x_wconf 89' lang='lat' dir='ltr'>quit,</span> <span class='ocrx_word' id='word_1_214' title='bbox 2413 1512 2604 1570; x_wconf 89' lang='lat' dir='ltr'>vicina</span> <span class='ocrx_word' id='word_1_215' title='bbox 2633 1513 2801 1571; x_wconf 90' lang='lat' dir='ltr'>nobis</span> <span class='ocrx_word' id='word_1_216' title='bbox 2840 1515 2982 1584; x_wconf 87' lang='lat' dir='ltr'>loca,</span> <span class='ocrx_word' id='word_1_217' title='bbox 3023 1529 3098 1572; x_wconf 82' lang='lat' dir='ltr'>ex</span> <span class='ocrx_word' id='word_1_218' title='bbox 3127 1513 3344 1588; x_wconf 90' lang='lat' dir='ltr'>quibus</span> <span class='ocrx_word' id='word_1_219' title='bbox 3394 1508 3738 1584; x_wconf 88' lang='lat' dir='ltr'>gravissima</span> <span class='ocrx_word' id='word_1_220' title='bbox 3794 1506 3952 1562; x_wconf 78' lang='lat'>410</span> 
     </span>
    </p>
   </div>
   <div class='ocr_carea' id='block_1_31' title="bbox 2228 1595 3951 1666">
    <p class='ocr_par' dir='ltr' id='par_1_31' title="bbox 2228 1595 3951 1666">
     <span class='ocr_line' id='line_1_31' title="bbox 2228 1595 3951 1666; baseline 0.002 -10"><span class='ocrx_word' id='word_1_221' title='bbox 2228 1600 2594 1658; x_wconf 84' lang='lat' dir='ltr'>ﬂammarum</span> <span class='ocrx_word' id='word_1_222' title='bbox 2646 1601 2968 1660; x_wconf 86' lang='lat' dir='ltr'>furentium</span> <span class='ocrx_word' id='word_1_223' title='bbox 3045 1609 3398 1661; x_wconf 87' lang='lat' dir='ltr'>evomuntur</span> <span class='ocrx_word' id='word_1_224' title='bbox 3448 1595 3722 1656; x_wconf 91' lang='lat' dir='ltr'>incendia</span> <span class='ocrx_word' id='word_1_225' title='bbox 3779 1596 3951 1666; x_wconf 74' lang='grc'><strong>(1341,</strong></span> 
     </span>
    </p>
   </div>
   <div class='ocr_carea' id='block_1_32' title="bbox 2228 1685 3953 1764">
    <p class='ocr_par' dir='ltr' id='par_1_32' title="bbox 2228 1685 3953 1764">
     <span class='ocr_line' id='line_1_32' title="bbox 2228 1685 3953 1764; baseline -0.004 -14"><span class='ocrx_word' id='word_1_226' title='bbox 2228 1692 2291 1750; x_wconf 92' lang='lat' dir='ltr'>in</span> <span class='ocrx_word' id='word_1_227' title='bbox 2339 1690 2551 1764; x_wconf 91' lang='lat' dir='ltr'>quibus</span> <span class='ocrx_word' id='word_1_228' title='bbox 2588 1692 2763 1749; x_wconf 90' lang='lat' dir='ltr'>etiam</span> <span class='ocrx_word' id='word_1_229' title='bbox 2796 1691 2938 1750; x_wconf 91' lang='lat' dir='ltr'>locis</span> <span class='ocrx_word' id='word_1_230' title='bbox 2979 1691 3129 1762; x_wconf 82' lang='lat' dir='ltr'>(l35)</span> <span class='ocrx_word' id='word_1_231' title='bbox 3171 1692 3386 1750; x_wconf 79' lang='lat' dir='ltr'>animae</span> <span class='ocrx_word' id='word_1_232' title='bbox 3436 1687 3813 1762; x_wconf 90' lang='lat' dir='ltr'>reproborum</span> <span class='ocrx_word' id='word_1_233' title='bbox 3859 1685 3953 1743; x_wconf 90' lang='lat' dir='ltr'>di-</span> 
     </span>
    </p>
   </div>
   <div class='ocr_carea' id='block_1_33' title="bbox 437 1771 3950 1862">
    <p class='ocr_par' dir='ltr' id='par_1_33' title="bbox 437 1771 3950 1862">
     <span class='ocr_line' id='line_1_33' title="bbox 437 1771 3950 1862; baseline 0 -32"><span class='ocrx_word' id='word_1_234' title='bbox 437 1771 770 1847; x_wconf 85' lang='lat' dir='ltr'>liqnerant,</span> <span class='ocrx_word' id='word_1_235' title='bbox 824 1781 1062 1847; x_wconf 89' lang='lat' dir='ltr'>paterna</span> <span class='ocrx_word' id='word_1_236' title='bbox 1110 1773 1319 1846; x_wconf 87' lang='lat' dir='ltr'>pietate</span> <span class='ocrx_word' id='word_1_237' title='bbox 1359 1773 1700 1862; x_wconf 90' lang='lat' dir='ltr'>condoluit,</span> <span class='ocrx_word' id='word_1_238' title='bbox 1758 1789 1832 1830; x_wconf 90' lang='lat' dir='ltr'>ne</span> <span class='ocrx_word' id='word_1_239' title='bbox 1876 1773 2394 1862; x_wconf 73' lang='lat' dir='ltr'>videlicethersa</span> <span class='ocrx_word' id='word_1_240' title='bbox 2431 1780 2608 1840; x_wconf 81' lang='lat' dir='ltr'>luunt</span> <span class='ocrx_word' id='word_1_241' title='bbox 2657 1797 2760 1854; x_wconf 74' lang='lat' dir='ltr'>pro</span> <span class='ocrx_word' id='word_1_242' title='bbox 2798 1781 3137 1839; x_wconf 75' lang='lat' dir='ltr'>meritorum</span> <span class='ocrx_word' id='word_1_243' title='bbox 3187 1780 3464 1854; x_wconf 75' lang='lat' dir='ltr'>qualitate</span> <span class='ocrx_word' id='word_1_244' title='bbox 3506 1785 3810 1836; x_wconf 87' lang='lat' dir='ltr'>tormenta.</span> <span class='ocrx_word' id='word_1_245' title='bbox 3859 1777 3950 1833; x_wconf 83' lang='lat' dir='ltr'>Ad</span> 
     </span>
    </p>
   </div>
   <div class='ocr_carea' id='block_1_34' title="bbox 432 1861 2144 1934">
    <p class='ocr_par' dir='ltr' id='par_1_34' title="bbox 432 1861 2144 1934">
     <span class='ocr_line' id='line_1_34' title="bbox 432 1861 2144 1934; baseline -0.001 -13"><span class='ocrx_word' id='word_1_246' title='bbox 432 1865 762 1934; x_wconf 83' lang='lat' dir='ltr'>Augustum</span> <span class='ocrx_word' id='word_1_247' title='bbox 815 1863 1153 1920; x_wconf 86' lang='lat' dir='ltr'>innocentes</span> <span class='ocrx_word' id='word_1_248' title='bbox 1225 1861 1629 1934; x_wconf 82' lang='lat' dir='ltr'>otfenderent,</span> <span class='ocrx_word' id='word_1_249' title='bbox 1682 1870 1737 1919; x_wconf 90' lang='lat' dir='ltr'>et</span> <span class='ocrx_word' id='word_1_250' title='bbox 1790 1877 1906 1920; x_wconf 91' lang='lat' dir='ltr'>non</span> <span class='ocrx_word' id='word_1_251' title='bbox 1974 1863 2144 1921; x_wconf 91' lang='lat' dir='ltr'>modo</span> 
     </span>
    </p>
   </div>
   <div class='ocr_carea' id='block_1_35' title="bbox 422 1952 2146 2028">
    <p class='ocr_par' dir='ltr' id='par_1_35' title="bbox 422 1952 2146 2028">
     <span class='ocr_line' id='line_1_35' title="bbox 422 1952 2146 2028; baseline 0 -18"><span class='ocrx_word' id='word_1_252' title='bbox 422 1953 710 2028; x_wconf 89' lang='lat' dir='ltr'>jacturam</span> <span class='ocrx_word' id='word_1_253' title='bbox 753 1952 974 2026; x_wconf 74' lang='lat' dir='ltr'>gratim,</span> <span class='ocrx_word' id='word_1_254' title='bbox 1005 1952 1100 2011; x_wconf 89' lang='lat' dir='ltr'>sed</span> <span class='ocrx_word' id='word_1_255' title='bbox 1149 1959 1205 2012; x_wconf 90' lang='lat' dir='ltr'>et</span> <span class='ocrx_word' id='word_1_256' title='bbox 1236 1952 1379 2026; x_wconf 84' lang='lat' dir='ltr'>regii</span> <span class='ocrx_word' id='word_1_257' title='bbox 1429 1958 1622 2010; x_wconf 89' lang='lat' dir='ltr'>motus</span> <span class='ocrx_word' id='word_1_258' title='bbox 1658 1952 1983 2026; x_wconf 90' lang='lat' dir='ltr'>periculum</span> <span class='ocrx_word' id='word_1_259' title='bbox 2013 1968 2146 2011; x_wconf 86' lang='lat' dir='ltr'>sus-</span> 
     </span>
    </p>
   </div>
   <div class='ocr_carea' id='block_1_36' title="bbox 435 2039 2146 2115">
    <p class='ocr_par' dir='ltr' id='par_1_36' title="bbox 435 2039 2146 2115">
     <span class='ocr_line' id='line_1_36' title="bbox 435 2039 2146 2115; baseline 0.001 -17"><span class='ocrx_word' id='word_1_260' title='bbox 435 2039 704 2098; x_wconf 89' lang='lat' dir='ltr'>tinerent.</span> <span class='ocrx_word' id='word_1_261' title='bbox 756 2039 889 2098; x_wconf 83' lang='lat' dir='ltr'>Mox</span> <span class='ocrx_word' id='word_1_262' title='bbox 940 2056 1075 2114; x_wconf 83' lang='lat' dir='ltr'>ergo</span> <span class='ocrx_word' id='word_1_263' title='bbox 1120 2057 1257 2100; x_wconf 92' lang='lat' dir='ltr'>cum</span> <span class='ocrx_word' id='word_1_264' title='bbox 1326 2041 1606 2099; x_wconf 84' lang='lat' dir='ltr'>fratribus</span> <span class='ocrx_word' id='word_1_265' title='bbox 1658 2041 1962 2099; x_wconf 88' lang='lat' dir='ltr'>ecclesiam</span> <span class='ocrx_word' id='word_1_266' title='bbox 2013 2042 2146 2115; x_wconf 89' lang='lat' dir='ltr'>pius</span> 
     </span>
    </p>
   </div>
   <div class='ocr_carea' id='block_1_37' title="bbox 430 2129 2148 2204">
    <p class='ocr_par' dir='ltr' id='par_1_37' title="bbox 430 2129 2148 2204">
     <span class='ocr_line' id='line_1_37' title="bbox 430 2129 2148 2204; baseline -0.001 -16"><span class='ocrx_word' id='word_1_267' title='bbox 430 2129 597 2188; x_wconf 88' lang='lat' dir='ltr'>Pater</span> <span class='ocrx_word' id='word_1_268' title='bbox 652 2129 995 2204; x_wconf 85' lang='lat' dir='ltr'>ingreditur,</span> <span class='ocrx_word' id='word_1_269' title='bbox 1055 2138 1110 2188; x_wconf 92' lang='lat' dir='ltr'>et</span> <span class='ocrx_word' id='word_1_270' title='bbox 1168 2146 1240 2189; x_wconf 93' lang='lat' dir='ltr'>ne</span> <span class='ocrx_word' id='word_1_271' title='bbox 1291 2130 1352 2187; x_wconf 91' lang='lat' dir='ltr'>hi</span> <span class='ocrx_word' id='word_1_272' title='bbox 1405 2129 1506 2203; x_wconf 93' lang='lat' dir='ltr'>qui</span> <span class='ocrx_word' id='word_1_273' title='bbox 1559 2136 1720 2186; x_wconf 89' lang='lat' dir='ltr'>erant</span> <span class='ocrx_word' id='word_1_274' title='bbox 1765 2129 2060 2186; x_wconf 90' lang='lat' dir='ltr'>immunes</span> <span class='ocrx_word' id='word_1_275' title='bbox 2113 2144 2148 2186; x_wconf 93' lang='lat' dir='ltr'>a</span> 
     </span>
    </p>
   </div>
   <div class='ocr_carea' id='block_1_38' title="bbox 428 2218 2150 2293">
    <p class='ocr_par' dir='ltr' id='par_1_38' title="bbox 428 2218 2150 2293">
     <span class='ocr_line' id='line_1_38' title="bbox 428 2218 2150 2293; baseline 0.001 -18"><span class='ocrx_word' id='word_1_276' title='bbox 428 2219 602 2292; x_wconf 83' lang='lat' dir='ltr'>culpa</span> <span class='ocrx_word' id='word_1_277' title='bbox 645 2227 868 2278; x_wconf 92' lang='lat' dir='ltr'>motum</span> <span class='ocrx_word' id='word_1_278' title='bbox 918 2221 1092 2293; x_wconf 62' lang='lat' dir='ltr'>regiae</span> <span class='ocrx_word' id='word_1_279' title='bbox 1125 2219 1544 2293; x_wconf 85' lang='lat' dir='ltr'>indignationis</span> <span class='ocrx_word' id='word_1_280' title='bbox 1583 2218 1900 2290; x_wconf 87' lang='lat' dir='ltr'>incurrant,</span> <span class='ocrx_word' id='word_1_281' title='bbox 1935 2219 2150 2277; x_wconf 89' lang='lat' dir='ltr'>oratio-</span> 
     </span>
    </p>
   </div>
   <div class='ocr_carea' id='block_1_39' title="bbox 437 2305 2152 2381">
    <p class='ocr_par' dir='ltr' id='par_1_39' title="bbox 437 2305 2152 2381">
     <span class='ocr_line' id='line_1_39' title="bbox 437 2305 2152 2381; baseline 0.001 -17"><span class='ocrx_word' id='word_1_282' title='bbox 437 2305 618 2366; x_wconf 87' lang='lat' dir='ltr'>nibus</span> <span class='ocrx_word' id='word_1_283' title='bbox 659 2317 715 2366; x_wconf 91' lang='lat' dir='ltr'>et</span> <span class='ocrx_word' id='word_1_284' title='bbox 759 2308 966 2381; x_wconf 86' lang='lat' dir='ltr'>palmis</span> <span class='ocrx_word' id='word_1_285' title='bbox 1011 2308 1380 2379; x_wconf 88' lang='lat' dir='ltr'>incumbens,</span> <span class='ocrx_word' id='word_1_286' title='bbox 1421 2307 1788 2365; x_wconf 87' lang='lat' dir='ltr'>clementiam</span> <span class='ocrx_word' id='word_1_287' title='bbox 1827 2307 2152 2366; x_wconf 88' lang='lat' dir='ltr'>divinitatis</span> 
     </span>
    </p>
   </div>
   <div class='ocr_carea' id='block_1_40' title="bbox 434 2393 2151 2472">
    <p class='ocr_par' dir='ltr' id='par_1_40' title="bbox 434 2393 2151 2472">
     <span class='ocr_line' id='line_1_40' title="bbox 434 2393 2151 2472; baseline 0.002 -20"><span class='ocrx_word' id='word_1_288' title='bbox 434 2393 727 2467; x_wconf 86' lang='lat' dir='ltr'>implorat.</span> <span class='ocrx_word' id='word_1_289' title='bbox 784 2396 914 2456; x_wconf 83' lang='lat' dir='ltr'>Jam</span> <span class='ocrx_word' id='word_1_290' title='bbox 985 2398 1184 2472; x_wconf 86' lang='lat' dir='ltr'>igitur,</span> <span class='ocrx_word' id='word_1_291' title='bbox 1244 2399 1499 2456; x_wconf 89' lang='lat' dir='ltr'>oratione</span> <span class='ocrx_word' id='word_1_292' title='bbox 1554 2396 1853 2471; x_wconf 86' lang='lat' dir='ltr'>completa,</span> <span class='ocrx_word' id='word_1_293' title='bbox 1912 2396 2000 2456; x_wconf 90' lang='lat' dir='ltr'>vir</span> <span class='ocrx_word' id='word_1_294' title='bbox 2047 2397 2151 2456; x_wconf 89' lang='lat' dir='ltr'>Dei</span> 
     </span>
    </p>
   </div>
   <div class='ocr_carea' id='block_1_41' title="bbox 438 2483 2144 2560">
    <p class='ocr_par' dir='ltr' id='par_1_41' title="bbox 438 2483 2144 2560">
     <span class='ocr_line' id='line_1_41' title="bbox 438 2483 2144 2560; baseline 0.002 -20"><span class='ocrx_word' id='word_1_295' title='bbox 438 2483 683 2542; x_wconf 85' lang='lat' dir='ltr'>fractum</span> <span class='ocrx_word' id='word_1_296' title='bbox 728 2485 837 2542; x_wconf 91' lang='lat' dir='ltr'>sibi</span> <span class='ocrx_word' id='word_1_297' title='bbox 890 2501 988 2543; x_wconf 89' lang='lat' dir='ltr'>vas</span> <span class='ocrx_word' id='word_1_298' title='bbox 1025 2486 1189 2559; x_wconf 90' lang='lat' dir='ltr'>jubet</span> <span class='ocrx_word' id='word_1_299' title='bbox 1236 2485 1463 2555; x_wconf 77' lang='lat' dir='ltr'>afferri;</span> <span class='ocrx_word' id='word_1_300' title='bbox 1510 2485 1780 2544; x_wconf 89' lang='lat' dir='ltr'>manibus</span> <span class='ocrx_word' id='word_1_301' title='bbox 1811 2493 2144 2560; x_wconf 79' lang='lat' dir='ltr'>contrectat,</span> 
     </span>
    </p>
   </div>
   <div class='ocr_carea' id='block_1_42' title="bbox 2227 1862 3952 1942">
    <p class='ocr_par' dir='ltr' id='par_1_42' title="bbox 2227 1862 3952 1942">
     <span class='ocr_line' id='line_1_42' title="bbox 2227 1862 3952 1942; baseline -0.003 -15"><span class='ocrx_word' id='word_1_302' title='bbox 2227 1883 2480 1942; x_wconf 92' lang='lat' dir='ltr'>quorum</span> <span class='ocrx_word' id='word_1_303' title='bbox 2503 1884 2728 1942; x_wconf 90' lang='lat' dir='ltr'>semper</span> <span class='ocrx_word' id='word_1_304' title='bbox 2747 1868 3151 1941; x_wconf 85' lang='lat' dir='ltr'>exaggeranda</span> <span class='ocrx_word' id='word_1_305' title='bbox 3178 1867 3462 1942; x_wconf 91' lang='lat' dir='ltr'>supplicia</span> <span class='ocrx_word' id='word_1_306' title='bbox 3486 1862 3952 1923; x_wconf 86' lang='lat' dir='ltr'>innumerabiles</span> 
     </span>
    </p>
   </div>
   <div class='ocr_carea' id='block_1_43' title="bbox 2227 1955 3950 2032">
    <p class='ocr_par' dir='ltr' id='par_1_43' title="bbox 2227 1955 3950 2032">
     <span class='ocr_line' id='line_1_43' title="bbox 2227 1955 3950 2032; baseline -0.003 -16"><span class='ocrx_word' id='word_1_307' title='bbox 2227 1965 2365 2016; x_wconf 91' lang='lat' dir='ltr'>sunt</span> <span class='ocrx_word' id='word_1_308' title='bbox 2393 1959 2686 2016; x_wconf 69' lang='lat' dir='ltr'>daemones</span> <span class='ocrx_word' id='word_1_309' title='bbox 2717 1957 2997 2032; x_wconf 89' lang='lat' dir='ltr'>deputati,</span> <span class='ocrx_word' id='word_1_310' title='bbox 3029 1959 3132 2032; x_wconf 92' lang='lat' dir='ltr'>qui</span> <span class='ocrx_word' id='word_1_311' title='bbox 3159 1955 3557 2015; x_wconf 85' lang='lat' dir='ltr'>intolerabiles</span> <span class='ocrx_word' id='word_1_312' title='bbox 3587 1968 3791 2013; x_wconf 90' lang='lat' dir='ltr'>eorum</span> <span class='ocrx_word' id='word_1_313' title='bbox 3823 1968 3950 2026; x_wconf 67' lang='lat' dir='ltr'>pue-</span> 
     </span>
    </p>
   </div>
   <div class='ocr_carea' id='block_1_44' title="bbox 2229 2043 3953 2119">
    <p class='ocr_par' dir='ltr' id='par_1_44' title="bbox 2229 2043 3953 2119">
     <span class='ocr_line' id='line_1_44' title="bbox 2229 2043 3953 2119; baseline -0.002 -15"><span class='ocrx_word' id='word_1_314' title='bbox 2229 2062 2333 2104; x_wconf 90' lang='lat' dir='ltr'>nas</span> <span class='ocrx_word' id='word_1_315' title='bbox 2374 2047 2630 2119; x_wconf 89' lang='lat' dir='ltr'>quotidie</span> <span class='ocrx_word' id='word_1_316' title='bbox 2677 2054 2998 2117; x_wconf 87' lang='lat' dir='ltr'>renovant;</span> <span class='ocrx_word' id='word_1_317' title='bbox 3035 2054 3090 2104; x_wconf 88' lang='lat' dir='ltr'>et</span> <span class='ocrx_word' id='word_1_318' title='bbox 3125 2061 3223 2105; x_wconf 90' lang='lat' dir='ltr'>eos</span> <span class='ocrx_word' id='word_1_319' title='bbox 3247 2047 3317 2104; x_wconf 90' lang='lat' dir='ltr'>ad</span> <span class='ocrx_word' id='word_1_320' title='bbox 3350 2045 3611 2104; x_wconf 86' lang='lat' dir='ltr'>rediviva</span> <span class='ocrx_word' id='word_1_321' title='bbox 3657 2043 3953 2116; x_wconf 89' lang='lat' dir='ltr'>supplicia</span> 
     </span>
    </p>
   </div>
   <div class='ocr_carea' id='block_1_45' title="bbox 2232 2133 3954 2207">
    <p class='ocr_par' dir='ltr' id='par_1_45' title="bbox 2232 2133 3954 2207">
     <span class='ocr_line' id='line_1_45' title="bbox 2232 2133 3954 2207; baseline -0.003 -15"><span class='ocrx_word' id='word_1_322' title='bbox 2232 2135 2627 2194; x_wconf 90' lang='lat' dir='ltr'>indesinenter</span> <span class='ocrx_word' id='word_1_323' title='bbox 2669 2137 3017 2194; x_wconf 85' lang='lat' dir='ltr'>instaurant.</span> <span class='ocrx_word' id='word_1_324' title='bbox 3061 2136 3215 2205; x_wconf 89' lang='lat' dir='ltr'>Quos</span> <span class='ocrx_word' id='word_1_325' title='bbox 3253 2143 3445 2192; x_wconf 88' lang='lat' dir='ltr'>tamen</span> <span class='ocrx_word' id='word_1_326' title='bbox 3476 2147 3581 2207; x_wconf 89' lang='lat' dir='ltr'>ego</span> <span class='ocrx_word' id='word_1_327' title='bbox 3615 2133 3954 2205; x_wconf 87' lang='lat' dir='ltr'>frequenter</span> 
     </span>
    </p>
   </div>
   <div class='ocr_carea' id='block_1_46' title="bbox 2231 2224 3953 2300">
    <p class='ocr_par' dir='ltr' id='par_1_46' title="bbox 2231 2224 3953 2300">
     <span class='ocr_line' id='line_1_46' title="bbox 2231 2224 3953 2300; baseline -0.002 -17"><span class='ocrx_word' id='word_1_328' title='bbox 2231 2226 2432 2284; x_wconf 90' lang='lat' dir='ltr'>audivi</span> <span class='ocrx_word' id='word_1_329' title='bbox 2477 2227 2737 2300; x_wconf 91' lang='lat' dir='ltr'>querulis</span> <span class='ocrx_word' id='word_1_330' title='bbox 2780 2225 3294 2284; x_wconf 89' lang='lat' dir='ltr'>lamentationibus</span> <span class='ocrx_word' id='word_1_331' title='bbox 3342 2224 3626 2297; x_wconf 89' lang='lat' dir='ltr'>ejulantes</span> <span class='ocrx_word' id='word_1_332' title='bbox 3663 2230 3719 2282; x_wconf 92' lang='lat' dir='ltr'>et</span> <span class='ocrx_word' id='word_1_333' title='bbox 3759 2225 3953 2295; x_wconf 84' lang='lat' dir='ltr'>lacry-</span> 
     </span>
    </p>
   </div>
   <div class='ocr_carea' id='block_1_47' title="bbox 2229 2312 3958 2388">
    <p class='ocr_par' dir='ltr' id='par_1_47' title="bbox 2229 2312 3958 2388">
     <span class='ocr_line' id='line_1_47' title="bbox 2229 2312 3958 2388; baseline -0.003 -15"><span class='ocrx_word' id='word_1_334' title='bbox 2229 2315 2432 2373; x_wconf 88' lang='lat' dir='ltr'>mabili</span> <span class='ocrx_word' id='word_1_335' title='bbox 2492 2317 2903 2376; x_wconf 83' lang='lat' dir='ltr'>vociferatione</span> <span class='ocrx_word' id='word_1_336' title='bbox 2947 2316 3249 2385; x_wconf 87' lang='lat' dir='ltr'>deﬂentes,</span> <span class='ocrx_word' id='word_1_337' title='bbox 3295 2315 3449 2388; x_wconf 92' lang='lat' dir='ltr'>quod</span> <span class='ocrx_word' id='word_1_338' title='bbox 3490 2312 3852 2372; x_wconf 90' lang='lat' dir='ltr'>orationibus</span> <span class='ocrx_word' id='word_1_339' title='bbox 3898 2317 3958 2367; x_wconf 91' lang='lat' dir='ltr'>et</span> 
     </span>
    </p>
   </div>
   <div class='ocr_carea' id='block_1_48' title="bbox 2229 2398 3952 2480">
    <p class='ocr_par' dir='ltr' id='par_1_48' title="bbox 2229 2398 3952 2480">
     <span class='ocr_line' id='line_1_48' title="bbox 2229 2398 3952 2480; baseline -0.003 -20"><span class='ocrx_word' id='word_1_340' title='bbox 2229 2402 2616 2478; x_wconf 74' lang='lat' dir='ltr'>elecmosynis</span> <span class='ocrx_word' id='word_1_341' title='bbox 2644 2406 3034 2480; x_wconf 89' lang='lat' dir='ltr'>quorumdam</span> <span class='ocrx_word' id='word_1_342' title='bbox 3064 2403 3351 2463; x_wconf 89' lang='lat' dir='ltr'>adversus</span> <span class='ocrx_word' id='word_1_343' title='bbox 3379 2418 3474 2461; x_wconf 90' lang='lat' dir='ltr'>eos</span> <span class='ocrx_word' id='word_1_344' title='bbox 3519 2398 3952 2460; x_wconf 71' lang='lat' dir='ltr'>infmderabili-</span> 
     </span>
    </p>
   </div>
   <div class='ocr_carea' id='block_1_49' title="bbox 2233 2488 3956 2567">
    <p class='ocr_par' dir='ltr' id='par_1_49' title="bbox 2233 2488 3956 2567">
     <span class='ocr_line' id='line_1_49' title="bbox 2233 2488 3956 2567; baseline -0.003 -18"><span class='ocrx_word' id='word_1_345' title='bbox 2233 2500 2317 2549; x_wconf 89' lang='lat' dir='ltr'>ter</span> <span class='ocrx_word' id='word_1_346' title='bbox 2367 2495 2823 2553; x_wconf 90' lang='lat' dir='ltr'>concertantium</span> <span class='ocrx_word' id='word_1_347' title='bbox 2897 2494 3226 2567; x_wconf 82' lang='lat' dir='ltr'>frequenter</span> <span class='ocrx_word' id='word_1_348' title='bbox 3280 2507 3352 2549; x_wconf 80' lang='lat' dir='ltr'>ex</span> <span class='ocrx_word' id='word_1_349' title='bbox 3412 2505 3611 2549; x_wconf 90' lang='lat' dir='ltr'>eorum</span> <span class='ocrx_word' id='word_1_350' title='bbox 3678 2488 3956 2546; x_wconf 89' lang='lat' dir='ltr'>manibus</span> 
     </span>
    </p>
   </div>
   <div class='ocr_carea' id='block_1_50' title="bbox 436 2572 2145 2646">
    <p class='ocr_par' dir='ltr' id='par_1_50' title="bbox 436 2572 2145 2646">
     <span class='ocr_line' id='line_1_50' title="bbox 436 2572 2145 2646; baseline 0.001 -16"><span class='ocrx_word' id='word_1_351' title='bbox 436 2572 618 2630; x_wconf 90' lang='lat' dir='ltr'>oculis</span> <span class='ocrx_word' id='word_1_352' title='bbox 671 2572 927 2646; x_wconf 88' lang='lat' dir='ltr'>undique</span> <span class='ocrx_word' id='word_1_353' title='bbox 983 2573 1276 2632; x_wconf 88' lang='lat' dir='ltr'>subtiliter</span> <span class='ocrx_word' id='word_1_354' title='bbox 1340 2573 1622 2646; x_wconf 89' lang='lat' dir='ltr'>inspicit,</span> <span class='ocrx_word' id='word_1_355' title='bbox 1685 2581 1739 2632; x_wconf 92' lang='lat' dir='ltr'>et</span> <span class='ocrx_word' id='word_1_356' title='bbox 1794 2590 1923 2632; x_wconf 91' lang='lat' dir='ltr'>ecce</span> <span class='ocrx_word' id='word_1_357' title='bbox 1978 2575 2145 2632; x_wconf 89' lang='lat' dir='ltr'>nulla</span> 
     </span>
    </p>
   </div>
   <div class='ocr_carea' id='block_1_51' title="bbox 435 2660 2148 2737">
    <p class='ocr_par' dir='ltr' id='par_1_51' title="bbox 435 2660 2148 2737">
     <span class='ocr_line' id='line_1_51' title="bbox 435 2660 2148 2737; baseline 0.004 -21"><span class='ocrx_word' id='word_1_358' title='bbox 435 2674 674 2733; x_wconf 89' lang='lat' dir='ltr'>prorsus</span> <span class='ocrx_word' id='word_1_359' title='bbox 715 2660 776 2718; x_wconf 92' lang='lat' dir='ltr'>in</span> <span class='ocrx_word' id='word_1_360' title='bbox 823 2677 890 2720; x_wconf 91' lang='lat' dir='ltr'>eo</span> <span class='ocrx_word' id='word_1_361' title='bbox 935 2663 1203 2720; x_wconf 77' lang='lat' dir='ltr'>fracturae</span> <span class='ocrx_word' id='word_1_362' title='bbox 1254 2663 1499 2736; x_wconf 85' lang='lat' dir='ltr'>vestigia</span> <span class='ocrx_word' id='word_1_363' title='bbox 1545 2661 1946 2737; x_wconf 89' lang='lat' dir='ltr'>deprehendit.</span> <span class='ocrx_word' id='word_1_364' title='bbox 1984 2663 2148 2722; x_wconf 90' lang='lat' dir='ltr'>Tunc</span> 
     </span>
    </p>
   </div>
   <div class='ocr_carea' id='block_1_52' title="bbox 2229 2577 3957 2654">
    <p class='ocr_par' dir='ltr' id='par_1_52' title="bbox 2229 2577 3957 2654">
     <span class='ocr_line' id='line_1_52' title="bbox 2229 2577 3957 2654; baseline -0.005 -15"><span class='ocrx_word' id='word_1_365' title='bbox 2229 2581 2590 2654; x_wconf 86' lang='lat' dir='ltr'>eriperentur</span> <span class='ocrx_word' id='word_1_366' title='bbox 2633 2583 2850 2641; x_wconf 60' lang='lat' dir='ltr'>animae</span> <span class='ocrx_word' id='word_1_367' title='bbox 2887 2581 3296 2639; x_wconf 89' lang='lat' dir='ltr'>damnatorum</span> <span class='ocrx_word' id='word_1_368' title='bbox 3340 2579 3500 2651; x_wconf 80' lang='lat'>(136).</span> <span class='ocrx_word' id='word_1_369' title='bbox 3541 2577 3699 2635; x_wconf 89' lang='lat' dir='ltr'>Inter</span> <span class='ocrx_word' id='word_1_370' title='bbox 3745 2584 3957 2634; x_wconf 57' lang='lat' dir='ltr'>caetera</span> 
     </span>
    </p>
   </div>
   <div class='ocr_carea' id='block_1_53' title="bbox 2229 2663 3954 2743">
    <p class='ocr_par' dir='ltr' id='par_1_53' title="bbox 2229 2663 3954 2743">
     <span class='ocr_line' id='line_1_53' title="bbox 2229 2663 3954 2743; baseline -0.003 -18"><span class='ocrx_word' id='word_1_371' title='bbox 2229 2667 2300 2726; x_wconf 90' lang='lat' dir='ltr'>de</span> <span class='ocrx_word' id='word_1_372' title='bbox 2330 2669 2804 2729; x_wconf 80' lang='lat' dir='ltr'>Cluniacensium</span> <span class='ocrx_word' id='word_1_373' title='bbox 2834 2678 2984 2728; x_wconf 71' lang='lat' dir='ltr'>cmtu</span> <span class='ocrx_word' id='word_1_374' title='bbox 3010 2669 3436 2743; x_wconf 83' lang='lat' dir='ltr'>permaximam</span> <span class='ocrx_word' id='word_1_375' title='bbox 3464 2673 3521 2724; x_wconf 90' lang='lat' dir='ltr'>et</span> <span class='ocrx_word' id='word_1_376' title='bbox 3547 2680 3747 2724; x_wconf 92' lang='lat' dir='ltr'>eorum</span> <span class='ocrx_word' id='word_1_377' title='bbox 3769 2663 3954 2722; x_wconf 89' lang='lat' dir='ltr'>abba-</span> 
     </span>
    </p>
   </div>
   <div class='ocr_carea' id='block_1_54' title="bbox 437 2747 3957 2832">
    <p class='ocr_par' dir='ltr' id='par_1_54' title="bbox 437 2747 3957 2832">
     <span class='ocr_line' id='line_1_54' title="bbox 437 2747 3957 2832; baseline 0.001 -26"><span class='ocrx_word' id='word_1_378' title='bbox 437 2747 770 2821; x_wconf 81' lang='lat' dir='ltr'>indignatus</span> <span class='ocrx_word' id='word_1_379' title='bbox 815 2748 876 2806; x_wconf 92' lang='lat' dir='ltr'>in</span> <span class='ocrx_word' id='word_1_380' title='bbox 917 2750 1136 2824; x_wconf 86' lang='lat' dir='ltr'>fratres,</span> <span class='ocrx_word' id='word_1_381' title='bbox 1175 2766 1273 2809; x_wconf 88' lang='lat' dir='ltr'>eos</span> <span class='ocrx_word' id='word_1_382' title='bbox 1312 2766 1449 2810; x_wconf 90' lang='lat' dir='ltr'>cum</span> <span class='ocrx_word' id='word_1_383' title='bbox 1483 2753 1814 2810; x_wconf 88' lang='lat' dir='ltr'>austeritate</span> <span class='ocrx_word' id='word_1_384' title='bbox 1848 2752 2143 2826; x_wconf 83' lang='lat' dir='ltr'>redarguit</span> <span class='ocrx_word' id='word_1_385' title='bbox 2232 2766 2286 2816; x_wconf 92' lang='lat' dir='ltr'>te</span> <span class='ocrx_word' id='word_1_386' title='bbox 2340 2759 2764 2832; x_wconf 85' lang='lat' dir='ltr'>querimoniam</span> <span class='ocrx_word' id='word_1_387' title='bbox 2815 2759 3054 2829; x_wconf 83' lang='lat' dir='ltr'>faciunt,</span> <span class='ocrx_word' id='word_1_388' title='bbox 3098 2759 3236 2832; x_wconf 91' lang='lat' dir='ltr'>quia</span> <span class='ocrx_word' id='word_1_389' title='bbox 3272 2773 3448 2830; x_wconf 86' lang='lat' dir='ltr'>quam</span> <span class='ocrx_word' id='word_1_390' title='bbox 3489 2772 3643 2829; x_wconf 62' lang='lat' dir='ltr'>saepe</span> <span class='ocrx_word' id='word_1_391' title='bbox 3698 2771 3801 2828; x_wconf 90' lang='lat' dir='ltr'>per</span> <span class='ocrx_word' id='word_1_392' title='bbox 3853 2769 3957 2811; x_wconf 91' lang='lat' dir='ltr'>eos</span> 
     </span>
    </p>
   </div>
   <div class='ocr_carea' id='block_1_55' title="bbox 436 2841 3964 2920">
    <p class='ocr_par' dir='ltr' id='par_1_55' title="bbox 436 2841 3964 2920">
     <span class='ocr_line' id='line_1_55' title="bbox 436 2841 3964 2920; baseline 0.004 -28"><span class='ocrx_word' id='word_1_393' title='bbox 436 2850 542 2895; x_wconf 89' lang='lat' dir='ltr'>cur</span> <span class='ocrx_word' id='word_1_394' title='bbox 597 2851 699 2895; x_wconf 88' lang='lat' dir='ltr'>vas</span> <span class='ocrx_word' id='word_1_395' title='bbox 745 2847 1171 2910; x_wconf 76' lang='lat' dir='ltr'>conquerantur</span> <span class='ocrx_word' id='word_1_396' title='bbox 1243 2842 1602 2899; x_wconf 87' lang='lat' dir='ltr'>confractum</span> <span class='ocrx_word' id='word_1_397' title='bbox 1688 2841 1844 2913; x_wconf 91' lang='lat' dir='ltr'>quod</span> <span class='ocrx_word' id='word_1_398' title='bbox 1908 2841 2151 2899; x_wconf 90' lang='lat' dir='ltr'>omnino</span> <span class='ocrx_word' id='word_1_399' title='bbox 2233 2847 2324 2904; x_wconf 90' lang='lat' dir='ltr'>sui</span> <span class='ocrx_word' id='word_1_400' title='bbox 2376 2849 2525 2920; x_wconf 88' lang='lat' dir='ltr'>juris</span> <span class='ocrx_word' id='word_1_401' title='bbox 2563 2849 2872 2906; x_wconf 83' lang='lat' dir='ltr'>vernaculo</span> <span class='ocrx_word' id='word_1_402' title='bbox 2911 2848 3180 2920; x_wconf 89' lang='lat' dir='ltr'>perdunt.</span> <span class='ocrx_word' id='word_1_403' title='bbox 3236 2845 3622 2916; x_wconf 86' lang='lat' dir='ltr'>Quamobrem</span> <span class='ocrx_word' id='word_1_404' title='bbox 3686 2859 3789 2917; x_wconf 89' lang='lat' dir='ltr'>per</span> <span class='ocrx_word' id='word_1_405' title='bbox 3844 2850 3964 2905; x_wconf 87' lang='lat' dir='ltr'>ter-.</span> 
     </span>
    </p>
   </div>
   <div class='ocr_carea' id='block_1_56' title="bbox 442 2926 3954 3004">
    <p class='ocr_par' dir='ltr' id='par_1_56' title="bbox 442 2926 3954 3004">
     <span class='ocr_line' id='line_1_56' title="bbox 442 2926 3954 3004; baseline 0.002 -21"><span class='ocrx_word' id='word_1_406' title='bbox 442 2932 836 2998; x_wconf 87' lang='lat' dir='ltr'>permanserat</span> <span class='ocrx_word' id='word_1_407' title='bbox 872 2926 1188 3004; x_wconf 74' lang='lat' dir='ltr'>illibatum.</span> <span class='ocrx_word' id='word_1_408' title='bbox 1222 2927 1314 2986; x_wconf 91' lang='lat' dir='ltr'>Illi</span> <span class='ocrx_word' id='word_1_409' title='bbox 1345 2944 1499 3000; x_wconf 91' lang='lat' dir='ltr'>vero,</span> <span class='ocrx_word' id='word_1_410' title='bbox 1536 2930 1906 2988; x_wconf 85' lang='lat' dir='ltr'>vehementer</span> <span class='ocrx_word' id='word_1_411' title='bbox 1922 2928 2150 2985; x_wconf 80' lang='lat' dir='ltr'>attoniti</span> <span class='ocrx_word' id='word_1_412' title='bbox 2234 2935 2402 2992; x_wconf 87' lang='lat' dir='ltr'>ribile</span> <span class='ocrx_word' id='word_1_413' title='bbox 2442 2936 2544 2992; x_wconf 87' lang='lat' dir='ltr'>Dei</span> <span class='ocrx_word' id='word_1_414' title='bbox 2593 2951 2802 2993; x_wconf 90' lang='lat' dir='ltr'>nomen</span> <span class='ocrx_word' id='word_1_415' title='bbox 2839 2936 3106 3003; x_wconf 88' lang='lat' dir='ltr'>obtestor,</span> <span class='ocrx_word' id='word_1_416' title='bbox 3152 2942 3217 2991; x_wconf 89' lang='lat' dir='ltr'>ut</span> <span class='ocrx_word' id='word_1_417' title='bbox 3261 2933 3472 2992; x_wconf 90' lang='lat' dir='ltr'>sanctis</span> <span class='ocrx_word' id='word_1_418' title='bbox 3511 2931 3783 2990; x_wconf 76' lang='lat' dir='ltr'>fratribus</span> <span class='ocrx_word' id='word_1_419' title='bbox 3828 2930 3954 2990; x_wconf 90' lang='lat' dir='ltr'>illic</span> 
     </span>
    </p>
   </div>
   <div class='ocr_carea' id='block_1_57' title="bbox 446 3016 3952 3095">
    <p class='ocr_par' dir='ltr' id='par_1_57' title="bbox 446 3016 3952 3095">
     <span class='ocr_line' id='line_1_57' title="bbox 446 3016 3952 3095; baseline 0.001 -23"><span class='ocrx_word' id='word_1_420' title='bbox 446 3021 563 3072; x_wconf 88' lang='lat' dir='ltr'>tam</span> <span class='ocrx_word' id='word_1_421' title='bbox 614 3016 896 3073; x_wconf 89' lang='lat' dir='ltr'>evidentis</span> <span class='ocrx_word' id='word_1_422' title='bbox 943 3017 1269 3076; x_wconf 86' lang='lat' dir='ltr'>ostensione</span> <span class='ocrx_word' id='word_1_423' title='bbox 1317 3018 1606 3087; x_wconf 88' lang='lat' dir='ltr'>miraculi,</span> <span class='ocrx_word' id='word_1_424' title='bbox 1655 3026 1710 3074; x_wconf 89' lang='lat' dir='ltr'>et</span> <span class='ocrx_word' id='word_1_425' title='bbox 1757 3017 2149 3074; x_wconf 87' lang='lat' dir='ltr'>austeritatem</span> <span class='ocrx_word' id='word_1_426' title='bbox 2234 3024 2360 3080; x_wconf 59' lang='lat' dir='ltr'>haec</span> <span class='ocrx_word' id='word_1_427' title='bbox 2385 3037 2517 3095; x_wconf 69' lang='lat' dir='ltr'>quae</span> <span class='ocrx_word' id='word_1_428' title='bbox 2551 3021 2650 3079; x_wconf 86' lang='lat' dir='ltr'>tibi</span> <span class='ocrx_word' id='word_1_429' title='bbox 2686 3021 2810 3079; x_wconf 74' lang='lat' dir='ltr'>dixi</span> <span class='ocrx_word' id='word_1_430' title='bbox 2843 3020 3089 3078; x_wconf 81' lang='lat' dir='ltr'>ﬁdeliter</span> <span class='ocrx_word' id='word_1_431' title='bbox 3115 3020 3348 3088; x_wconf 80' lang='lat' dir='ltr'>referas,</span> <span class='ocrx_word' id='word_1_432' title='bbox 3385 3026 3441 3075; x_wconf 91' lang='lat' dir='ltr'>et</span> <span class='ocrx_word' id='word_1_433' title='bbox 3460 3033 3534 3076; x_wconf 83' lang='lat' dir='ltr'>ex</span> <span class='ocrx_word' id='word_1_434' title='bbox 3576 3026 3768 3075; x_wconf 89' lang='lat' dir='ltr'>nostra</span> <span class='ocrx_word' id='word_1_435' title='bbox 3801 3031 3952 3090; x_wconf 86' lang='lat' dir='ltr'>quo-</span> 
     </span>
    </p>
   </div>
   <div class='ocr_carea' id='block_1_58' title="bbox 441 3103 3954 3184">
    <p class='ocr_par' dir='ltr' id='par_1_58' title="bbox 441 3103 3954 3184">
     <span class='ocr_line' id='line_1_58' title="bbox 441 3103 3954 3184; baseline 0 -23"><span class='ocrx_word' id='word_1_436' title='bbox 441 3103 802 3177; x_wconf 83' lang='lat' dir='ltr'>corripientis</span> <span class='ocrx_word' id='word_1_437' title='bbox 858 3105 1102 3164; x_wconf 88' lang='lat' dir='ltr'>libenter</span> <span class='ocrx_word' id='word_1_438' title='bbox 1165 3107 1461 3179; x_wconf 88' lang='lat' dir='ltr'>accipiunt</span> <span class='ocrx_word' id='word_1_439' title='bbox 1505 3150 1519 3177; x_wconf 94' lang='lat'>,</span> <span class='ocrx_word' id='word_1_440' title='bbox 1577 3116 1633 3164; x_wconf 92' lang='lat' dir='ltr'>et</span> <span class='ocrx_word' id='word_1_441' title='bbox 1685 3105 1756 3162; x_wconf 89' lang='lat' dir='ltr'>ad</span> <span class='ocrx_word' id='word_1_442' title='bbox 1823 3105 2151 3162; x_wconf 84' lang='lat' dir='ltr'>referendas</span> <span class='ocrx_word' id='word_1_443' title='bbox 2163 3154 2205 3184; x_wconf 64' lang='grc' dir='ltr'>ρ,</span> <span class='ocrx_word' id='word_1_444' title='bbox 2235 3125 2350 3184; x_wconf 90' lang='lat' dir='ltr'>que</span> <span class='ocrx_word' id='word_1_445' title='bbox 2375 3110 2495 3167; x_wconf 89' lang='lat' dir='ltr'>illis</span> <span class='ocrx_word' id='word_1_446' title='bbox 2521 3116 2678 3183; x_wconf 91' lang='lat' dir='ltr'>parte</span> <span class='ocrx_word' id='word_1_447' title='bbox 2707 3109 3018 3167; x_wconf 90' lang='lat' dir='ltr'>denunties</span> <span class='ocrx_word' id='word_1_448' title='bbox 3047 3115 3112 3166; x_wconf 92' lang='lat' dir='ltr'>ut</span> <span class='ocrx_word' id='word_1_449' title='bbox 3141 3107 3530 3180; x_wconf 81' lang='lat' dir='ltr'>eleemosynis</span> <span class='ocrx_word' id='word_1_450' title='bbox 3567 3113 3622 3162; x_wconf 92' lang='lat' dir='ltr'>et</span> <span class='ocrx_word' id='word_1_451' title='bbox 3670 3103 3954 3162; x_wconf 91' lang='lat' dir='ltr'>orationi-</span> 
     </span>
    </p>
   </div>
   <div class='ocr_carea' id='block_1_59' title="bbox 440 3187 3958 3271">
    <p class='ocr_par' dir='ltr' id='par_1_59' title="bbox 440 3187 3958 3271">
     <span class='ocr_line' id='line_1_59' title="bbox 440 3187 3958 3271; baseline 0 -18"><span class='ocrx_word' id='word_1_452' title='bbox 440 3191 822 3266; x_wconf 78' lang='lat' dir='ltr'>omni-potenti</span> <span class='ocrx_word' id='word_1_453' title='bbox 855 3194 973 3254; x_wconf 78' lang='lat' dir='ltr'>Deo</span> <span class='ocrx_word' id='word_1_454' title='bbox 1000 3195 1212 3269; x_wconf 87' lang='lat' dir='ltr'>gratias</span> <span class='ocrx_word' id='word_1_455' title='bbox 1245 3195 1569 3253; x_wconf 83' lang='lat' dir='ltr'>ferventius</span> <span class='ocrx_word' id='word_1_456' title='bbox 1596 3192 2017 3252; x_wconf 87' lang='lat' dir='ltr'>accenduntur.</span> <span class='ocrx_word' id='word_1_457' title='bbox 2163 3187 2207 3212; x_wconf 67' lang='grc' dir='ltr'>υ</span> <span class='ocrx_word' id='word_1_458' title='bbox 2239 3199 2350 3258; x_wconf 90' lang='lat' dir='ltr'>bus</span> <span class='ocrx_word' id='word_1_459' title='bbox 2393 3197 2575 3271; x_wconf 89' lang='lat' dir='ltr'>magis</span> <span class='ocrx_word' id='word_1_460' title='bbox 2621 3213 2686 3256; x_wconf 89' lang='lat' dir='ltr'>ac</span> <span class='ocrx_word' id='word_1_461' title='bbox 2724 3197 2909 3270; x_wconf 90' lang='lat' dir='ltr'>magis</span> <span class='ocrx_word' id='word_1_462' title='bbox 2955 3197 3244 3266; x_wconf 90' lang='lat' dir='ltr'>insistant,</span> <span class='ocrx_word' id='word_1_463' title='bbox 3293 3212 3359 3254; x_wconf 90' lang='lat' dir='ltr'>ac</span> <span class='ocrx_word' id='word_1_464' title='bbox 3402 3193 3724 3268; x_wconf 71' lang='lat' dir='ltr'>praesertim</span> <span class='ocrx_word' id='word_1_465' title='bbox 3766 3195 3958 3268; x_wconf 89' lang='lat' dir='ltr'>hujus</span> 
     </span>
    </p>
   </div>
   <div class='ocr_carea' id='block_1_60' title="bbox 2235 3281 3956 3356">
    <p class='ocr_par' dir='ltr' id='par_1_60' title="bbox 2235 3281 3956 3356">
     <span class='ocr_line' id='line_1_60' title="bbox 2235 3281 3956 3356; baseline -0.003 -10"><span class='ocrx_word' id='word_1_466' title='bbox 2235 3287 2450 3346; x_wconf 89' lang='lat' dir='ltr'>intuitu</span> <span class='ocrx_word' id='word_1_467' title='bbox 2499 3294 2563 3344; x_wconf 90' lang='lat' dir='ltr'>ut</span> <span class='ocrx_word' id='word_1_468' title='bbox 2611 3286 2681 3344; x_wconf 93' lang='lat' dir='ltr'>de</span> <span class='ocrx_word' id='word_1_469' title='bbox 2725 3285 2999 3344; x_wconf 89' lang='lat' dir='ltr'>manibus</span> <span class='ocrx_word' id='word_1_470' title='bbox 3035 3285 3371 3343; x_wconf 63' lang='lat' dir='ltr'>daemonum</span> <span class='ocrx_word' id='word_1_471' title='bbox 3411 3298 3508 3342; x_wconf 91' lang='lat' dir='ltr'>eos</span> <span class='ocrx_word' id='word_1_472' title='bbox 3552 3283 3651 3356; x_wconf 91' lang='lat' dir='ltr'>qui</span> <span class='ocrx_word' id='word_1_473' title='bbox 3699 3281 3771 3340; x_wconf 86' lang='lat' dir='ltr'>ab</span> <span class='ocrx_word' id='word_1_474' title='bbox 3829 3281 3956 3340; x_wconf 91' lang='lat' dir='ltr'>illis</span> 
     </span>
    </p>
   </div>
   <div class='ocr_carea' id='block_1_61' title="bbox 517 3373 3954 3451">
    <p class='ocr_par' dir='ltr' id='par_1_61' title="bbox 517 3373 3954 3451">
     <span class='ocr_line' id='line_1_61' title="bbox 517 3373 3954 3451; baseline -0.001 -17"><span class='ocrx_word' id='word_1_475' title='bbox 517 3375 800 3435; x_wconf 69' lang='lat' dir='ltr'>Praeterea</span> <span class='ocrx_word' id='word_1_476' title='bbox 829 3377 1137 3449; x_wconf 82' lang='lat' dir='ltr'>religiosus</span> <span class='ocrx_word' id='word_1_477' title='bbox 1176 3374 1416 3448; x_wconf 91' lang='lat' dir='ltr'>quidam</span> <span class='ocrx_word' id='word_1_478' title='bbox 1451 3373 1541 3431; x_wconf 86' lang='lat' dir='ltr'>vir</span> <span class='ocrx_word' id='word_1_479' title='bbox 1575 3373 1860 3432; x_wconf 88' lang='lat' dir='ltr'>oriundus</span> <span class='ocrx_word' id='word_1_480' title='bbox 1889 3375 1958 3433; x_wconf 93' lang='lat' dir='ltr'>de</span> <span class='ocrx_word' id='word_1_481' title='bbox 2006 3391 2152 3451; x_wconf 89' lang='lat' dir='ltr'>pago</span> <span class='ocrx_word' id='word_1_482' title='bbox 2237 3376 2572 3435; x_wconf 90' lang='lat' dir='ltr'>cruciantur</span> <span class='ocrx_word' id='word_1_483' title='bbox 2613 3375 2860 3434; x_wconf 88' lang='lat' dir='ltr'>educant</span> <span class='ocrx_word' id='word_1_484' title='bbox 2903 3383 3194 3449; x_wconf 90' lang='lat' dir='ltr'>quatenus</span> <span class='ocrx_word' id='word_1_485' title='bbox 3238 3375 3307 3431; x_wconf 89' lang='lat' dir='ltr'>de</span> <span class='ocrx_word' id='word_1_486' title='bbox 3349 3373 3707 3448; x_wconf 89' lang='lat' dir='ltr'>quotidianis</span> <span class='ocrx_word' id='word_1_487' title='bbox 3745 3387 3954 3430; x_wconf 90' lang='lat' dir='ltr'>eorum</span> 
     </span>
    </p>
   </div>
   <div class='ocr_carea' id='block_1_62' title="bbox 446 3459 3957 3539">
    <p class='ocr_par' dir='ltr' id='par_1_62' title="bbox 446 3459 3957 3539">
     <span class='ocr_line' id='line_1_62' title="bbox 446 3459 3957 3539; baseline -0.001 -16"><span class='ocrx_word' id='word_1_488' title='bbox 446 3459 763 3523; x_wconf 78' lang='lat' dir='ltr'>Rotenensi</span> <span class='ocrx_word' id='word_1_489' title='bbox 791 3466 874 3539; x_wconf 86' lang='lat' dir='ltr'>[de</span> <span class='ocrx_word' id='word_1_490' title='bbox 901 3465 1098 3534; x_wconf 78' lang='lat' dir='ltr'>Rodez]</span> <span class='ocrx_word' id='word_1_491' title='bbox 1123 3508 1136 3534; x_wconf 92' lang='lat'>,</span> <span class='ocrx_word' id='word_1_492' title='bbox 1169 3460 1560 3519; x_wconf 83' lang='lat' dir='ltr'>revertebatur</span> <span class='ocrx_word' id='word_1_493' title='bbox 1590 3461 1663 3518; x_wconf 90' lang='lat' dir='ltr'>ab</span> <span class='ocrx_word' id='word_1_494' title='bbox 1691 3461 2110 3538; x_wconf 75' lang='lat' dir='ltr'>Hierosolymis</span> <span class='ocrx_word' id='word_1_495' title='bbox 2135 3515 2150 3539; x_wconf 87' lang='lat'>,</span> <span class='ocrx_word' id='word_1_496' title='bbox 2238 3464 2458 3539; x_wconf 89' lang='lat' dir='ltr'>rapinis</span> <span class='ocrx_word' id='word_1_497' title='bbox 2497 3471 2552 3521; x_wconf 91' lang='lat' dir='ltr'>et</span> <span class='ocrx_word' id='word_1_498' title='bbox 2601 3462 2794 3522; x_wconf 91' lang='lat' dir='ltr'>luctus</span> <span class='ocrx_word' id='word_1_499' title='bbox 2840 3463 3123 3522; x_wconf 77' lang='lat' dir='ltr'>inferatur</span> <span class='ocrx_word' id='word_1_500' title='bbox 3159 3462 3395 3537; x_wconf 89' lang='lat' dir='ltr'>generis</span> <span class='ocrx_word' id='word_1_501' title='bbox 3430 3462 3674 3520; x_wconf 89' lang='lat' dir='ltr'>humani</span> <span class='ocrx_word' id='word_1_502' title='bbox 3710 3461 3957 3520; x_wconf 88' lang='lat' dir='ltr'>inimico</span> 
     </span>
    </p>
   </div>
   <div class='ocr_carea' id='block_1_63' title="bbox 445 3548 3961 3629">
    <p class='ocr_par' dir='ltr' id='par_1_63' title="bbox 445 3548 3961 3629">
     <span class='ocr_line' id='line_1_63' title="bbox 445 3548 3961 3629; baseline -0 -17"><span class='ocrx_word' id='word_1_503' title='bbox 445 3554 549 3626; x_wconf 82' lang='lat' dir='ltr'>qui</span> <span class='ocrx_word' id='word_1_504' title='bbox 599 3553 743 3613; x_wconf 90' lang='lat' dir='ltr'>dum</span> <span class='ocrx_word' id='word_1_505' title='bbox 802 3569 961 3612; x_wconf 90' lang='lat' dir='ltr'>mare</span> <span class='ocrx_word' id='word_1_506' title='bbox 1019 3549 1334 3620; x_wconf 90' lang='lat' dir='ltr'>transiret,</span> <span class='ocrx_word' id='word_1_507' title='bbox 1387 3549 1543 3623; x_wconf 82' lang='lat' dir='ltr'>quod</span> <span class='ocrx_word' id='word_1_508' title='bbox 1599 3566 1633 3606; x_wconf 88' lang='lat' dir='ltr'>a</span> <span class='ocrx_word' id='word_1_509' title='bbox 1692 3548 1892 3610; x_wconf 88' lang='lat' dir='ltr'>Sicilia</span> <span class='ocrx_word' id='word_1_510' title='bbox 1952 3569 2153 3613; x_wconf 91' lang='lat' dir='ltr'>versus</span> <span class='ocrx_word' id='word_1_511' title='bbox 2234 3562 2290 3614; x_wconf 91' lang='lat' dir='ltr'>et</span> <span class='ocrx_word' id='word_1_512' title='bbox 2350 3553 2632 3628; x_wconf 88' lang='lat' dir='ltr'>gaudium</span> <span class='ocrx_word' id='word_1_513' title='bbox 2675 3553 3094 3628; x_wconf 90' lang='lat' dir='ltr'>multiplicetur</span> <span class='ocrx_word' id='word_1_514' title='bbox 3136 3553 3199 3612; x_wconf 92' lang='lat' dir='ltr'>in</span> <span class='ocrx_word' id='word_1_515' title='bbox 3247 3554 3411 3612; x_wconf 77' lang='lat' dir='ltr'>ccelo.</span> <span class='ocrx_word' id='word_1_516' title='bbox 3465 3553 3780 3629; x_wconf 87' lang='lat' dir='ltr'>Aliquanto</span> <span class='ocrx_word' id='word_1_517' title='bbox 3826 3563 3961 3626; x_wconf 90' lang='lat' dir='ltr'>post</span> 
     </span>
    </p>
   </div>
   <div class='ocr_carea' id='block_1_64' title="bbox 447 3639 3954 3718">
    <p class='ocr_par' dir='ltr' id='par_1_64' title="bbox 447 3639 3954 3718">
     <span class='ocr_line' id='line_1_64' title="bbox 447 3639 3954 3718; baseline -0.001 -18"><span class='ocrx_word' id='word_1_518' title='bbox 447 3639 918 3701; x_wconf 88' lang='lat' dir='ltr'>Thessalonicam</span> <span class='ocrx_word' id='word_1_519' title='bbox 950 3657 1051 3715; x_wconf 89' lang='lat' dir='ltr'>per</span> <span class='ocrx_word' id='word_1_520' title='bbox 1074 3639 1327 3713; x_wconf 87' lang='lat' dir='ltr'>plurima</span> <span class='ocrx_word' id='word_1_521' title='bbox 1359 3639 1646 3698; x_wconf 86' lang='lat' dir='ltr'>ﬂuctuum</span> <span class='ocrx_word' id='word_1_522' title='bbox 1679 3639 2000 3713; x_wconf 88' lang='lat' dir='ltr'>periculosa</span> <span class='ocrx_word' id='word_1_523' title='bbox 2027 3643 2150 3703; x_wconf 90' lang='lat' dir='ltr'>loca</span> <span class='ocrx_word' id='word_1_524' title='bbox 2234 3645 2408 3704; x_wconf 91' lang='lat' dir='ltr'>homo</span> <span class='ocrx_word' id='word_1_525' title='bbox 2461 3658 2754 3717; x_wconf 88' lang='lat' dir='ltr'>regressus</span> <span class='ocrx_word' id='word_1_526' title='bbox 2799 3642 2863 3700; x_wconf 92' lang='lat' dir='ltr'>in</span> <span class='ocrx_word' id='word_1_527' title='bbox 2914 3643 3179 3718; x_wconf 87' lang='lat' dir='ltr'>patriam,</span> <span class='ocrx_word' id='word_1_528' title='bbox 3228 3643 3515 3717; x_wconf 90' lang='lat' dir='ltr'>quidquid</span> <span class='ocrx_word' id='word_1_529' title='bbox 3564 3659 3637 3700; x_wconf 75' lang='lat' dir='ltr'>ex</span> <span class='ocrx_word' id='word_1_530' title='bbox 3681 3641 3794 3699; x_wconf 87' lang='lat' dir='ltr'>viri</span> <span class='ocrx_word' id='word_1_531' title='bbox 3846 3641 3954 3700; x_wconf 90' lang='lat' dir='ltr'>Dei</span> 
     </span>
    </p>
   </div>
   <div class='ocr_carea' id='block_1_65' title="bbox 445 3731 3958 3809">
    <p class='ocr_par' dir='ltr' id='par_1_65' title="bbox 445 3731 3958 3809">
     <span class='ocr_line' id='line_1_65' title="bbox 445 3731 3958 3809; baseline -0.001 -17"><span class='ocrx_word' id='word_1_532' title='bbox 445 3733 826 3809; x_wconf 86' lang='lat' dir='ltr'>protenditur,</span> <span class='ocrx_word' id='word_1_533' title='bbox 847 3747 1099 3805; x_wconf 90' lang='lat' dir='ltr'>cumque</span> <span class='ocrx_word' id='word_1_534' title='bbox 1119 3745 1254 3789; x_wconf 90' lang='lat' dir='ltr'>cum</span> <span class='ocrx_word' id='word_1_535' title='bbox 1281 3731 1486 3789; x_wconf 91' lang='lat' dir='ltr'>multis</span> <span class='ocrx_word' id='word_1_536' title='bbox 1507 3731 1638 3788; x_wconf 85' lang='lat' dir='ltr'>aliis</span> <span class='ocrx_word' id='word_1_537' title='bbox 1663 3731 1983 3791; x_wconf 79' lang='lat' dir='ltr'>furentium</span> <span class='ocrx_word' id='word_1_538' title='bbox 2015 3750 2149 3792; x_wconf 91' lang='lat' dir='ltr'>ven-</span> <span class='ocrx_word' id='word_1_539' title='bbox 2230 3734 2504 3794; x_wconf 89' lang='lat' dir='ltr'>relatione</span> <span class='ocrx_word' id='word_1_540' title='bbox 2540 3733 2835 3803; x_wconf 87' lang='lat' dir='ltr'>didicerat,</span> <span class='ocrx_word' id='word_1_541' title='bbox 2877 3733 3041 3792; x_wconf 90' lang='lat' dir='ltr'>beato</span> <span class='ocrx_word' id='word_1_542' title='bbox 3090 3733 3236 3808; x_wconf 89' lang='lat' dir='ltr'>patri</span> <span class='ocrx_word' id='word_1_543' title='bbox 3281 3742 3336 3790; x_wconf 91' lang='lat' dir='ltr'>et</span> <span class='ocrx_word' id='word_1_544' title='bbox 3384 3740 3600 3792; x_wconf 69' lang='lat' dir='ltr'>sanctae</span> <span class='ocrx_word' id='word_1_545' title='bbox 3638 3749 3958 3806; x_wconf 81' lang='lat' dir='ltr'>congrega-</span> 
     </span>
    </p>
   </div>
   <div class='ocr_carea' id='block_1_66' title="bbox 442 3818 3960 3897">
    <p class='ocr_par' dir='ltr' id='par_1_66' title="bbox 442 3818 3960 3897">
     <span class='ocr_line' id='line_1_66' title="bbox 442 3818 3960 3897; baseline 0.001 -19"><span class='ocrx_word' id='word_1_546' title='bbox 442 3827 631 3882; x_wconf 92' lang='lat' dir='ltr'>torum</span> <span class='ocrx_word' id='word_1_547' title='bbox 676 3821 879 3878; x_wconf 89' lang='lat' dir='ltr'>horror</span> <span class='ocrx_word' id='word_1_548' title='bbox 921 3818 1264 3894; x_wconf 89' lang='lat' dir='ltr'>impelleret,</span> <span class='ocrx_word' id='word_1_549' title='bbox 1309 3818 1716 3894; x_wconf 88' lang='lat' dir='ltr'>applicuerunt</span> <span class='ocrx_word' id='word_1_550' title='bbox 1767 3821 1839 3879; x_wconf 89' lang='lat' dir='ltr'>ad</span> <span class='ocrx_word' id='word_1_551' title='bbox 1893 3824 2146 3883; x_wconf 88' lang='lat' dir='ltr'>insulam</span> <span class='ocrx_word' id='word_1_552' title='bbox 2232 3824 2372 3884; x_wconf 91' lang='lat' dir='ltr'>tioni</span> <span class='ocrx_word' id='word_1_553' title='bbox 2422 3823 2672 3881; x_wconf 86' lang='lat' dir='ltr'>ﬁdeliter</span> <span class='ocrx_word' id='word_1_554' title='bbox 2718 3830 2930 3881; x_wconf 88' lang='lat' dir='ltr'>narrat.</span> <span class='ocrx_word' id='word_1_555' title='bbox 2979 3823 3146 3882; x_wconf 90' lang='lat' dir='ltr'>Tunc</span> <span class='ocrx_word' id='word_1_556' title='bbox 3186 3821 3546 3881; x_wconf 86' lang='lat' dir='ltr'>venerabilis</span> <span class='ocrx_word' id='word_1_557' title='bbox 3579 3831 3738 3897; x_wconf 89' lang='lat' dir='ltr'>pater</span> <span class='ocrx_word' id='word_1_558' title='bbox 3784 3821 3960 3882; x_wconf 90' lang='lat' dir='ltr'>0dilo</span> 
     </span>
    </p>
   </div>
   <div class='ocr_carea' id='block_1_67' title="bbox 1457 3923 2928 4010">
    <p class='ocr_par' dir='ltr' id='par_1_67' title="bbox 1457 3923 2928 4010">
     <span class='ocr_line' id='line_1_67' title="bbox 1457 3923 2928 4010; baseline 0.002 -6"><span class='ocrx_word' id='word_1_559' title='bbox 1457 3945 1786 4005; x_wconf 60' lang='lat' dir='ltr'>ANDREJE</span> <span class='ocrx_word' id='word_1_560' title='bbox 1826 3947 2129 4009; x_wconf 76' lang='lat' dir='ltr'>CHESNII</span> <span class='ocrx_word' id='word_1_561' title='bbox 2168 3923 2648 4010; x_wconf 5' lang='lat' dir='ltr'>ETSANONYMI</span> <span class='ocrx_word' id='word_1_562' title='bbox 2689 3948 2928 4008; x_wconf 65' lang='lat' dir='ltr'>norm.</span> 
     </span>
    </p>
   </div>
   <div class='ocr_carea' id='block_1_68' title="bbox 507 4043 3954 4111">
    <p class='ocr_par' dir='ltr' id='par_1_68' title="bbox 507 4043 3954 4111">
     <span class='ocr_line' id='line_1_68' title="bbox 507 4043 3954 4111; baseline 0 -15"><span class='ocrx_word' id='word_1_563' title='bbox 507 4047 641 4106; x_wconf 82' lang='grc'><strong>(133)</strong></span> <span class='ocrx_word' id='word_1_564' title='bbox 679 4043 892 4110; x_wconf 78' lang='lat' dir='ltr'>Nempe,</span> <span class='ocrx_word' id='word_1_565' title='bbox 918 4043 1204 4107; x_wconf 75' lang='lat' dir='ltr'>Comensis,</span> <span class='ocrx_word' id='word_1_566' title='bbox 1241 4045 1332 4110; x_wconf 91' lang='lat' dir='ltr'>qul</span> <span class='ocrx_word' id='word_1_567' title='bbox 1370 4049 1424 4096; x_wconf 89' lang='lat' dir='ltr'>et</span> <span class='ocrx_word' id='word_1_568' title='bbox 1462 4046 1738 4097; x_wconf 37' lang='lat' dir='ltr'>Cun&#39;tanus</span> <span class='ocrx_word' id='word_1_569' title='bbox 1769 4050 1968 4110; x_wconf 75' lang='lat' dir='ltr'>saepius</span> <span class='ocrx_word' id='word_1_570' title='bbox 2001 4049 2139 4101; x_wconf 90' lang='lat' dir='ltr'>dici-</span> <span class='ocrx_word' id='word_1_571' title='bbox 2240 4063 2392 4102; x_wconf 76' lang='lat' dir='ltr'>utare</span> <span class='ocrx_word' id='word_1_572' title='bbox 2427 4049 2730 4100; x_wconf 80' lang='lat' dir='ltr'>descendat.</span> <span class='ocrx_word' id='word_1_573' title='bbox 2769 4047 2865 4100; x_wconf 85' lang='lat' dir='ltr'>Ubi</span> <span class='ocrx_word' id='word_1_574' title='bbox 2911 4047 3110 4102; x_wconf 77' lang='lat' dir='ltr'>scilicet</span> <span class='ocrx_word' id='word_1_575' title='bbox 3147 4049 3505 4111; x_wconf 86' lang='lat' dir='ltr'>corporaliter</span> <span class='ocrx_word' id='word_1_576' title='bbox 3545 4047 3720 4098; x_wconf 83' lang='lat' dir='ltr'>videri</span> <span class='ocrx_word' id='word_1_577' title='bbox 3760 4050 3954 4109; x_wconf 86' lang='lat' dir='ltr'>potest,</span> 
     </span>
    </p>
   </div>
   <div class='ocr_carea' id='block_1_69' title="bbox 444 4116 3956 4186">
    <p class='ocr_par' dir='ltr' id='par_1_69' title="bbox 444 4116 3956 4186">
     <span class='ocr_line' id='line_1_69' title="bbox 444 4116 3956 4186; baseline 0 -17"><span class='ocrx_word' id='word_1_578' title='bbox 444 4119 551 4169; x_wconf 80' lang='lat' dir='ltr'>tur.</span> <span class='ocrx_word' id='word_1_579' title='bbox 597 4117 830 4176; x_wconf 86' lang='lat' dir='ltr'>Comum,</span> <span class='ocrx_word' id='word_1_580' title='bbox 885 4116 1044 4181; x_wconf 81' lang='lat' dir='ltr'>vulgo</span> <span class='ocrx_word' id='word_1_581' title='bbox 1096 4117 1272 4174; x_wconf 88' lang='lat' dir='ltr'>Coma,</span> <span class='ocrx_word' id='word_1_582' title='bbox 1349 4116 1608 4168; x_wconf 69' lang='lat' dir='ltr'>lnsubrias</span> <span class='ocrx_word' id='word_1_583' title='bbox 1664 4118 1795 4168; x_wconf 83' lang='lat' dir='ltr'>urbs</span> <span class='ocrx_word' id='word_1_584' title='bbox 1861 4128 1972 4181; x_wconf 91' lang='lat' dir='ltr'>est;</span> <span class='ocrx_word' id='word_1_585' title='bbox 2031 4121 2137 4172; x_wconf 84' lang='lat' dir='ltr'>Cu-</span> <span class='ocrx_word' id='word_1_586' title='bbox 2241 4123 2383 4186; x_wconf 83' lang='lat' dir='ltr'>quod</span> <span class='ocrx_word' id='word_1_587' title='bbox 2426 4120 2487 4173; x_wconf 89' lang='lat' dir='ltr'>in</span> <span class='ocrx_word' id='word_1_588' title='bbox 2535 4120 2855 4184; x_wconf 75' lang='lat' dir='ltr'>Apocalypsi</span> <span class='ocrx_word' id='word_1_589' title='bbox 2887 4118 3110 4171; x_wconf 76' lang='lat' dir='ltr'>Joannis</span> <span class='ocrx_word' id='word_1_590' title='bbox 3158 4120 3221 4170; x_wconf 87' lang='lat' dir='ltr'>de</span> <span class='ocrx_word' id='word_1_591' title='bbox 3275 4119 3513 4180; x_wconf 86' lang='lat' dir='ltr'>reprobis</span> <span class='ocrx_word' id='word_1_592' title='bbox 3549 4119 3773 4170; x_wconf 84' lang='lat' dir='ltr'>dicitur.</span> <span class='ocrx_word' id='word_1_593' title='bbox 3807 4117 3956 4182; x_wconf 80' lang='lat' dir='ltr'>Quia</span> 
     </span>
    </p>
   </div>
   <div class='ocr_carea' id='block_1_70' title="bbox 447 4187 3952 4254">
    <p class='ocr_par' dir='ltr' id='par_1_70' title="bbox 447 4187 3952 4254">
     <span class='ocr_line' id='line_1_70' title="bbox 447 4187 3952 4254; baseline 0 -15"><span class='ocrx_word' id='word_1_594' title='bbox 447 4198 552 4239; x_wconf 65' lang='lat' dir='ltr'>mle</span> <span class='ocrx_word' id='word_1_595' title='bbox 591 4199 744 4251; x_wconf 75' lang='lat' dir='ltr'>vero,</span> <span class='ocrx_word' id='word_1_596' title='bbox 799 4188 980 4240; x_wconf 85' lang='lat' dir='ltr'>italice</span> <span class='ocrx_word' id='word_1_597' title='bbox 1036 4189 1226 4248; x_wconf 84' lang='lat' dir='ltr'>Cuma,</span> <span class='ocrx_word' id='word_1_598' title='bbox 1273 4187 1590 4250; x_wconf 77' lang='lat' dir='ltr'>Campaniae.</span> <span class='ocrx_word' id='word_1_599' title='bbox 1652 4187 1796 4240; x_wconf 89' lang='lat' dir='ltr'>Inter</span> <span class='ocrx_word' id='word_1_600' title='bbox 1853 4191 2141 4254; x_wconf 87' lang='lat' dir='ltr'>episcopos</span> <span class='ocrx_word' id='word_1_601' title='bbox 2241 4206 2371 4254; x_wconf 89' lang='lat' dir='ltr'>pars</span> <span class='ocrx_word' id='word_1_602' title='bbox 2415 4191 2635 4242; x_wconf 83' lang='lat' dir='ltr'>illorum</span> <span class='ocrx_word' id='word_1_603' title='bbox 2675 4193 2782 4242; x_wconf 80' lang='lat' dir='ltr'>erit</span> <span class='ocrx_word' id='word_1_604' title='bbox 2831 4203 2892 4241; x_wconf 79' lang='lat' dir='ltr'>in</span> <span class='ocrx_word' id='word_1_605' title='bbox 2927 4195 3116 4254; x_wconf 88' lang='lat' dir='ltr'>stagno</span> <span class='ocrx_word' id='word_1_606' title='bbox 3160 4189 3381 4242; x_wconf 81' lang='lat' dir='ltr'>ardenti</span> <span class='ocrx_word' id='word_1_607' title='bbox 3425 4191 3549 4253; x_wconf 83' lang='lat' dir='ltr'>igne</span> <span class='ocrx_word' id='word_1_608' title='bbox 3589 4193 3638 4240; x_wconf 84' lang='lat' dir='ltr'>et</span> <span class='ocrx_word' id='word_1_609' title='bbox 3673 4187 3952 4252; x_wconf 82' lang='lat' dir='ltr'>sulphure,</span> 
     </span>
    </p>
   </div>
   <div class='ocr_carea' id='block_1_71' title="bbox 447 4258 3956 4328">
    <p class='ocr_par' dir='ltr' id='par_1_71' title="bbox 447 4258 3956 4328">
     <span class='ocr_line' id='line_1_71' title="bbox 447 4258 3956 4328; baseline 0.001 -19"><span class='ocrx_word' id='word_1_610' title='bbox 447 4259 712 4328; x_wconf 51' lang='lat' dir='ltr'>(inmanes</span> <span class='ocrx_word' id='word_1_611' title='bbox 793 4258 975 4312; x_wconf 86' lang='lat' dir='ltr'>nullus</span> <span class='ocrx_word' id='word_1_612' title='bbox 1055 4259 1293 4310; x_wconf 90' lang='lat' dir='ltr'>occurrit</span> <span class='ocrx_word' id='word_1_613' title='bbox 1365 4258 1675 4321; x_wconf 75' lang='lat' dir='ltr'>Alberieus;</span> <span class='ocrx_word' id='word_1_614' title='bbox 1749 4273 1915 4312; x_wconf 87' lang='lat' dir='ltr'>secus</span> <span class='ocrx_word' id='word_1_615' title='bbox 2004 4264 2146 4314; x_wconf 89' lang='lat' dir='ltr'>inter</span> <span class='ocrx_word' id='word_1_616' title='bbox 2245 4265 2388 4328; x_wconf 83' lang='lat' dir='ltr'>quod</span> <span class='ocrx_word' id='word_1_617' title='bbox 2441 4267 2514 4316; x_wconf 85' lang='lat' dir='ltr'>est</span> <span class='ocrx_word' id='word_1_618' title='bbox 2563 4276 2710 4314; x_wconf 89' lang='lat' dir='ltr'>mors</span> <span class='ocrx_word' id='word_1_619' title='bbox 2757 4261 3012 4313; x_wconf 86' lang='lat' dir='ltr'>secunda.</span> <span class='ocrx_word' id='word_1_620' title='bbox 3058 4262 3114 4313; x_wconf 80' lang='lat' dir='ltr'>Bt</span> <span class='ocrx_word' id='word_1_621' title='bbox 3164 4263 3322 4324; x_wconf 89' lang='lat' dir='ltr'>paulo</span> <span class='ocrx_word' id='word_1_622' title='bbox 3377 4259 3846 4324; x_wconf 84' lang='lat' dir='ltr'>post:Enimvero</span> <span class='ocrx_word' id='word_1_623' title='bbox 3899 4265 3956 4313; x_wconf 85' lang='lat' dir='ltr'>et</span> 
     </span>
    </p>
   </div>
   <div class='ocr_carea' id='block_1_72' title="bbox 447 4327 3957 4397">
    <p class='ocr_par' dir='ltr' id='par_1_72' title="bbox 447 4327 3957 4397">
     <span class='ocr_line' id='line_1_72' title="bbox 447 4327 3957 4397; baseline 0.001 -18"><span class='ocrx_word' id='word_1_624' title='bbox 447 4327 754 4381; x_wconf 85' lang='lat' dir='ltr'>Comenses.</span> <span class='ocrx_word' id='word_1_625' title='bbox 819 4330 1094 4384; x_wconf 78' lang='lat' dir='ltr'>Albericus</span> <span class='ocrx_word' id='word_1_626' title='bbox 1155 4330 1298 4380; x_wconf 88' lang='lat' dir='ltr'>enim</span> <span class='ocrx_word' id='word_1_627' title='bbox 1340 4340 1439 4392; x_wconf 86' lang='lat' dir='ltr'>per</span> <span class='ocrx_word' id='word_1_628' title='bbox 1494 4341 1559 4382; x_wconf 84' lang='lat' dir='ltr'>ea</span> <span class='ocrx_word' id='word_1_629' title='bbox 1617 4335 1860 4393; x_wconf 90' lang='lat' dir='ltr'>tempora</span> <span class='ocrx_word' id='word_1_630' title='bbox 1915 4332 2147 4385; x_wconf 86' lang='lat' dir='ltr'>celebris</span> <span class='ocrx_word' id='word_1_631' title='bbox 2247 4327 2632 4386; x_wconf 83' lang='lat' dir='ltr'>Salernilanus</span> <span class='ocrx_word' id='word_1_632' title='bbox 2685 4335 2934 4396; x_wconf 82' lang='lat' dir='ltr'>princeps</span> <span class='ocrx_word' id='word_1_633' title='bbox 2977 4346 3102 4385; x_wconf 91' lang='lat' dir='ltr'>cum</span> <span class='ocrx_word' id='word_1_634' title='bbox 3145 4333 3332 4397; x_wconf 79' lang='lat' dir='ltr'>procul</span> <span class='ocrx_word' id='word_1_635' title='bbox 3371 4336 3661 4396; x_wconf 68' lang='lat' dir='ltr'>aspexisset</span> <span class='ocrx_word' id='word_1_636' title='bbox 3707 4333 3957 4395; x_wconf 82' lang='lat' dir='ltr'>quadam</span> 
     </span>
    </p>
   </div>
   <div class='ocr_carea' id='block_1_73' title="bbox 449 4399 3956 4469">
    <p class='ocr_par' dir='ltr' id='par_1_73' title="bbox 449 4399 3956 4469">
     <span class='ocr_line' id='line_1_73' title="bbox 449 4399 3956 4469; baseline 0.001 -17"><span class='ocrx_word' id='word_1_637' title='bbox 449 4404 550 4458; x_wconf 83' lang='lat' dir='ltr'>est,</span> <span class='ocrx_word' id='word_1_638' title='bbox 621 4405 804 4462; x_wconf 90' lang='lat' dir='ltr'>utpote</span> <span class='ocrx_word' id='word_1_639' title='bbox 867 4401 936 4452; x_wconf 90' lang='lat' dir='ltr'>de</span> <span class='ocrx_word' id='word_1_640' title='bbox 1014 4399 1254 4451; x_wconf 87' lang='lat' dir='ltr'>Ecclesia</span> <span class='ocrx_word' id='word_1_641' title='bbox 1324 4403 1379 4450; x_wconf 88' lang='lat' dir='ltr'>et</span> <span class='ocrx_word' id='word_1_642' title='bbox 1446 4400 1514 4451; x_wconf 90' lang='lat' dir='ltr'>de</span> <span class='ocrx_word' id='word_1_643' title='bbox 1577 4403 1880 4454; x_wconf 78' lang='lat' dir='ltr'>monastico</span> <span class='ocrx_word' id='word_1_644' title='bbox 1954 4403 2148 4456; x_wconf 85' lang='lat' dir='ltr'>ordine</span> <span class='ocrx_word' id='word_1_645' title='bbox 2249 4406 2335 4457; x_wconf 86' lang='lat' dir='ltr'>die</span> <span class='ocrx_word' id='word_1_646' title='bbox 2359 4407 2417 4455; x_wconf 88' lang='lat' dir='ltr'>de</span> <span class='ocrx_word' id='word_1_647' title='bbox 2446 4405 2700 4469; x_wconf 58' lang='lat' dir='ltr'>praedicto</span> <span class='ocrx_word' id='word_1_648' title='bbox 2745 4409 2924 4456; x_wconf 81' lang='lat' dir='ltr'>monte</span> <span class='ocrx_word' id='word_1_649' title='bbox 2968 4406 3178 4456; x_wconf 78' lang='lat' dir='ltr'>Vesuvio</span> <span class='ocrx_word' id='word_1_650' title='bbox 3220 4405 3401 4462; x_wconf 88' lang='lat' dir='ltr'>piceas</span> <span class='ocrx_word' id='word_1_651' title='bbox 3427 4408 3590 4467; x_wconf 82' lang='lat' dir='ltr'>atque</span> <span class='ocrx_word' id='word_1_652' title='bbox 3633 4401 3956 4462; x_wconf 80' lang='lat' dir='ltr'>sulphureas</span> 
     </span>
    </p>
   </div>
   <div class='ocr_carea' id='block_1_74' title="bbox 447 4469 3956 4556">
    <p class='ocr_par' dir='ltr' id='par_1_74' title="bbox 447 4469 3956 4556">
     <span class='ocr_line' id='line_1_74' title="bbox 447 4469 3956 4556; baseline 0.001 -35"><span class='ocrx_word' id='word_1_653' title='bbox 447 4472 674 4556; x_wconf 62' lang='lat' dir='ltr'>optime</span> <span class='ocrx_word' id='word_1_654' title='bbox 721 4473 966 4524; x_wconf 87' lang='lat' dir='ltr'>meritus.</span> <span class='ocrx_word' id='word_1_655' title='bbox 1046 4471 1169 4523; x_wconf 84' lang='lat' dir='ltr'>Vide</span> <span class='ocrx_word' id='word_1_656' title='bbox 1242 4469 1354 4524; x_wconf 89' lang='lat' dir='ltr'>ltal.</span> <span class='ocrx_word' id='word_1_657' title='bbox 1405 4470 1551 4525; x_wconf 85' lang='lat' dir='ltr'>Sacr.</span> <span class='ocrx_word' id='word_1_658' title='bbox 1609 4471 1840 4536; x_wconf 85' lang='lat' dir='ltr'>Ughelli,</span> <span class='ocrx_word' id='word_1_659' title='bbox 1900 4477 2028 4528; x_wconf 89' lang='lat' dir='ltr'>tom.</span> <span class='ocrx_word' id='word_1_660' title='bbox 2092 4475 2144 4525; x_wconf 82' lang='grc' dir='ltr'>ν.</span> <span class='ocrx_word' id='word_1_661' title='bbox 2175 4481 2471 4556; x_wconf 75' lang='lat' dir='ltr'>Drepente</span> <span class='ocrx_word' id='word_1_662' title='bbox 2501 4476 2762 4556; x_wconf 56' lang='lat' dir='ltr'>[laminas</span> <span class='ocrx_word' id='word_1_663' title='bbox 2798 4488 3098 4556; x_wconf 70' lang='lat' dir='ltr'>erumpere,</span> <span class='ocrx_word' id='word_1_664' title='bbox 3130 4472 3956 4556; x_wconf 40' lang='lat' dir='ltr'>protinus‘ait:Proctebdtsbio</span> 
     </span>
    </p>
   </div>
   <div class='ocr_carea' id='block_1_75' title="bbox 445 4541 3961 4610">
    <p class='ocr_par' dir='ltr' id='par_1_75' title="bbox 445 4541 3961 4610">
     <span class='ocr_line' id='line_1_75' title="bbox 445 4541 3961 4610; baseline 0 -16"><span class='ocrx_word' id='word_1_665' title='bbox 445 4544 692 4596; x_wconf 68' lang='lat' dir='ltr'>Mount.</span> <span class='ocrx_word' id='word_1_666' title='bbox 2177 4541 2223 4556; x_wconf 80' lang='grc'>⁸’</span> <span class='ocrx_word' id='word_1_667' title='bbox 2251 4549 2536 4599; x_wconf 82' lang='lat' dir='ltr'>sceleratus</span> <span class='ocrx_word' id='word_1_668' title='bbox 2587 4546 2786 4610; x_wconf 75' lang='lat' dir='ltr'>aliquis</span> <span class='ocrx_word' id='word_1_669' title='bbox 2829 4547 2974 4597; x_wconf 85' lang='lat' dir='ltr'>dives</span> <span class='ocrx_word' id='word_1_670' title='bbox 3007 4544 3310 4596; x_wconf 84' lang='lat' dir='ltr'>moriturus</span> <span class='ocrx_word' id='word_1_671' title='bbox 3338 4547 3409 4594; x_wconf 87' lang='lat' dir='ltr'>est</span> <span class='ocrx_word' id='word_1_672' title='bbox 3443 4545 3602 4606; x_wconf 79' lang='lat' dir='ltr'>atque</span> <span class='ocrx_word' id='word_1_673' title='bbox 3638 4541 3712 4592; x_wconf 84' lang='lat' dir='ltr'>ad</span> <span class='ocrx_word' id='word_1_674' title='bbox 3751 4542 3961 4608; x_wconf 76' lang='lat' dir='ltr'>inferos</span> 
     </span>
    </p>
   </div>
   <div class='ocr_carea' id='block_1_76' title="bbox 513 4613 4003 4681">
    <p class='ocr_par' dir='ltr' id='par_1_76' title="bbox 513 4613 4003 4681">
     <span class='ocr_line' id='line_1_76' title="bbox 513 4613 4003 4681; baseline -0.001 -14"><span class='ocrx_word' id='word_1_675' title='bbox 513 4615 650 4681; x_wconf 81' lang='grc'><strong>(134)</strong></span> <span class='ocrx_word' id='word_1_676' title='bbox 700 4615 922 4670; x_wconf 80' lang='lat' dir='ltr'>Narrant</span> <span class='ocrx_word' id='word_1_677' title='bbox 967 4614 1110 4666; x_wconf 86' lang='lat' dir='ltr'>idem</span> <span class='ocrx_word' id='word_1_678' title='bbox 1159 4613 1490 4677; x_wconf 73' lang='lat' dir='ltr'>Sigebertus,</span> <span class='ocrx_word' id='word_1_679' title='bbox 1542 4614 1861 4674; x_wconf 86' lang='lat' dir='ltr'>Vincentius,</span> <span class='ocrx_word' id='word_1_680' title='bbox 1917 4617 2154 4670; x_wconf 76' lang='lat' dir='ltr'>Joannes</span> <span class='ocrx_word' id='word_1_681' title='bbox 2253 4621 2629 4675; x_wconf 80' lang='lat' dir='ltr'>descensurus;</span> <span class='ocrx_word' id='word_1_682' title='bbox 2660 4617 2806 4667; x_wconf 86' lang='lat' dir='ltr'>sedo</span> <span class='ocrx_word' id='word_1_683' title='bbox 2833 4629 2968 4667; x_wconf 68' lang='lat' dir='ltr'>caca</span> <span class='ocrx_word' id='word_1_684' title='bbox 2988 4627 3136 4666; x_wconf 85' lang='lat' dir='ltr'>mens</span> <span class='ocrx_word' id='word_1_685' title='bbox 3168 4613 3383 4678; x_wconf 82' lang='lat' dir='ltr'>reprobi</span> <span class='ocrx_word' id='word_1_686' title='bbox 3407 4613 4003 4680; x_wconf 66' lang='grc' dir='ltr'>Ιιοηιεηίειςαρονυεο,</span> 
     </span>
    </p>
   </div>
   <div class='ocr_carea' id='block_1_77' title="bbox 452 4684 3955 4751">
    <p class='ocr_par' dir='ltr' id='par_1_77' title="bbox 452 4684 3955 4751">
     <span class='ocr_line' id='line_1_77' title="bbox 452 4684 3955 4751; baseline -0.001 -11"><span class='ocrx_word' id='word_1_687' title='bbox 452 4687 784 4747; x_wconf 85' lang='lat' dir='ltr'>Parisiensis,</span> <span class='ocrx_word' id='word_1_688' title='bbox 858 4686 1165 4738; x_wconf 85' lang='lat' dir='ltr'>Bernardus</span> <span class='ocrx_word' id='word_1_689' title='bbox 1251 4684 1522 4745; x_wconf 86' lang='lat' dir='ltr'>Guidonis,</span> <span class='ocrx_word' id='word_1_690' title='bbox 1589 4690 1644 4736; x_wconf 90' lang='lat' dir='ltr'>et</span> <span class='ocrx_word' id='word_1_691' title='bbox 1715 4687 1825 4740; x_wconf 87' lang='lat' dir='ltr'>alii.</span> <span class='ocrx_word' id='word_1_692' title='bbox 1903 4689 2006 4740; x_wconf 86' lang='lat' dir='ltr'>Sed</span> <span class='ocrx_word' id='word_1_693' title='bbox 2083 4691 2153 4742; x_wconf 82' lang='lat' dir='ltr'>ad</span> <span class='ocrx_word' id='word_1_694' title='bbox 2251 4691 2433 4742; x_wconf 83' lang='lat' dir='ltr'>niente</span> <span class='ocrx_word' id='word_1_695' title='bbox 2457 4687 2722 4751; x_wconf 84' lang='lat' dir='ltr'>siquidem</span> <span class='ocrx_word' id='word_1_696' title='bbox 2746 4691 2996 4751; x_wconf 72' lang='lat' dir='ltr'>proxima</span> <span class='ocrx_word' id='word_1_697' title='bbox 3033 4689 3202 4744; x_wconf 85' lang='lat' dir='ltr'>nocte,</span> <span class='ocrx_word' id='word_1_698' title='bbox 3228 4687 3361 4737; x_wconf 84' lang='lat' dir='ltr'>dum</span> <span class='ocrx_word' id='word_1_699' title='bbox 3385 4699 3602 4738; x_wconf 87' lang='lat' dir='ltr'>securus</span> <span class='ocrx_word' id='word_1_700' title='bbox 3630 4699 3955 4738; x_wconf 71' lang='lat' dir='ltr'>cumiuers-</span> 
     </span>
    </p>
   </div>
   <div class='ocr_carea' id='block_1_78' title="bbox 451 4755 2147 4817">
    <p class='ocr_par' dir='ltr' id='par_1_78' title="bbox 451 4755 2147 4817">
     <span class='ocr_line' id='line_1_78' title="bbox 451 4755 2147 4817; baseline 0.001 -6"><span class='ocrx_word' id='word_1_701' title='bbox 451 4757 828 4812; x_wconf 85' lang='lat' dir='ltr'>illustrandam</span> <span class='ocrx_word' id='word_1_702' title='bbox 880 4771 1002 4808; x_wconf 86' lang='lat' dir='ltr'>cum</span> <span class='ocrx_word' id='word_1_703' title='bbox 1056 4771 1263 4817; x_wconf 89' lang='lat' dir='ltr'>eorum,</span> <span class='ocrx_word' id='word_1_704' title='bbox 1318 4760 1430 4807; x_wconf 86' lang='lat' dir='ltr'>tum</span> <span class='ocrx_word' id='word_1_705' title='bbox 1494 4755 1732 4808; x_wconf 87' lang='lat' dir='ltr'>Damiani</span> <span class='ocrx_word' id='word_1_706' title='bbox 1789 4763 1960 4812; x_wconf 80' lang='lat' dir='ltr'>nostri</span> <span class='ocrx_word' id='word_1_707' title='bbox 2025 4774 2147 4812; x_wconf 83' lang='lat' dir='ltr'>nar-</span> 
     </span>
    </p>
   </div>
   <div class='ocr_carea' id='block_1_79' title="bbox 451 4827 2154 4894">
    <p class='ocr_par' dir='ltr' id='par_1_79' title="bbox 451 4827 2154 4894">
     <span class='ocr_line' id='line_1_79' title="bbox 451 4827 2154 4894; baseline -0.001 -11"><span class='ocrx_word' id='word_1_708' title='bbox 451 4832 734 4892; x_wconf 75' lang='lat' dir='ltr'>rationem,</span> <span class='ocrx_word' id='word_1_709' title='bbox 793 4830 861 4880; x_wconf 87' lang='lat' dir='ltr'>de</span> <span class='ocrx_word' id='word_1_710' title='bbox 910 4827 1139 4880; x_wconf 79' lang='lat' dir='ltr'>ﬂammis</span> <span class='ocrx_word' id='word_1_711' title='bbox 1187 4828 1310 4889; x_wconf 86' lang='lat' dir='ltr'>illis,</span> <span class='ocrx_word' id='word_1_712' title='bbox 1365 4827 1421 4877; x_wconf 90' lang='lat' dir='ltr'>in</span> <span class='ocrx_word' id='word_1_713' title='bbox 1474 4829 1667 4894; x_wconf 71' lang='lat' dir='ltr'>quibus</span> <span class='ocrx_word' id='word_1_714' title='bbox 1717 4832 1926 4883; x_wconf 87' lang='lat' dir='ltr'>animas</span> <span class='ocrx_word' id='word_1_715' title='bbox 1972 4845 2154 4894; x_wconf 87' lang='lat' dir='ltr'>repro-</span> 
     </span>
    </p>
   </div>
   <div class='ocr_carea' id='block_1_80' title="bbox 449 4900 2153 4964">
    <p class='ocr_par' dir='ltr' id='par_1_80' title="bbox 449 4900 2153 4964">
     <span class='ocr_line' id='line_1_80' title="bbox 449 4900 2153 4964; baseline -0.001 -9"><span class='ocrx_word' id='word_1_716' title='bbox 449 4903 645 4955; x_wconf 78' lang='lat' dir='ltr'>borum</span> <span class='ocrx_word' id='word_1_717' title='bbox 717 4901 936 4953; x_wconf 60' lang='lat' dir='ltr'>diversa</span> <span class='ocrx_word' id='word_1_718' title='bbox 1000 4913 1103 4964; x_wconf 90' lang='lat' dir='ltr'>pro</span> <span class='ocrx_word' id='word_1_719' title='bbox 1170 4903 1484 4950; x_wconf 82' lang='lat' dir='ltr'>meritorum</span> <span class='ocrx_word' id='word_1_720' title='bbox 1563 4900 1817 4963; x_wconf 83' lang='lat' dir='ltr'>qualitate</span> <span class='ocrx_word' id='word_1_721' title='bbox 1885 4907 2153 4954; x_wconf 78' lang='lat' dir='ltr'>tormenta</span> 
     </span>
    </p>
   </div>
   <div class='ocr_carea' id='block_1_81' title="bbox 451 4969 2152 5036">
    <p class='ocr_par' dir='ltr' id='par_1_81' title="bbox 451 4969 2152 5036">
     <span class='ocr_line' id='line_1_81' title="bbox 451 4969 2152 5036; baseline -0.001 -10"><span class='ocrx_word' id='word_1_722' title='bbox 451 4971 608 5026; x_wconf 88' lang='lat' dir='ltr'>luere</span> <span class='ocrx_word' id='word_1_723' title='bbox 655 4972 918 5034; x_wconf 73' lang='lat' dir='ltr'>referunt,</span> <span class='ocrx_word' id='word_1_724' title='bbox 963 4972 1112 5021; x_wconf 88' lang='lat' dir='ltr'>nulla</span> <span class='ocrx_word' id='word_1_725' title='bbox 1152 4969 1350 5022; x_wconf 80' lang='lat' dir='ltr'>melius</span> <span class='ocrx_word' id='word_1_726' title='bbox 1397 4969 1580 5022; x_wconf 83' lang='lat' dir='ltr'>facere</span> <span class='ocrx_word' id='word_1_727' title='bbox 1623 4976 1851 5033; x_wconf 84' lang='lat' dir='ltr'>possunt</span> <span class='ocrx_word' id='word_1_728' title='bbox 1880 4972 2152 5036; x_wconf 79' lang='lat' dir='ltr'>exempla,</span> 
     </span>
    </p>
   </div>
   <div class='ocr_carea' id='block_1_82' title="bbox 451 5041 2154 5109">
    <p class='ocr_par' dir='ltr' id='par_1_82' title="bbox 451 5041 2154 5109">
     <span class='ocr_line' id='line_1_82' title="bbox 451 5041 2154 5109; baseline -0.001 -13"><span class='ocrx_word' id='word_1_729' title='bbox 451 5056 618 5109; x_wconf 76' lang='lat' dir='ltr'>quam</span> <span class='ocrx_word' id='word_1_730' title='bbox 660 5057 778 5106; x_wconf 69' lang='lat' dir='ltr'>qua!</span> <span class='ocrx_word' id='word_1_731' title='bbox 829 5043 1112 5093; x_wconf 79' lang='lat' dir='ltr'>Damianus</span> <span class='ocrx_word' id='word_1_732' title='bbox 1166 5043 1285 5103; x_wconf 89' lang='lat' dir='ltr'>ipse</span> <span class='ocrx_word' id='word_1_733' title='bbox 1335 5041 1524 5093; x_wconf 82' lang='lat' dir='ltr'>recitat</span> <span class='ocrx_word' id='word_1_734' title='bbox 1573 5043 1734 5104; x_wconf 83' lang='lat' dir='ltr'>epist.</span> <span class='ocrx_word' id='word_1_735' title='bbox 1773 5042 1821 5100; x_wconf 91' lang='lat'>9,</span> <span class='ocrx_word' id='word_1_736' title='bbox 1866 5043 1957 5095; x_wconf 91' lang='lat' dir='ltr'>lib.</span> <span class='ocrx_word' id='word_1_737' title='bbox 2008 5057 2043 5105; x_wconf 88' lang='grc' dir='ltr'>ι,</span> <span class='ocrx_word' id='word_1_738' title='bbox 2087 5046 2154 5094; x_wconf 86' lang='lat' dir='ltr'>de</span> 
     </span>
    </p>
   </div>
   <div class='ocr_carea' id='block_1_83' title="bbox 452 5112 2157 5178">
    <p class='ocr_par' dir='ltr' id='par_1_83' title="bbox 452 5112 2157 5178">
     <span class='ocr_line' id='line_1_83' title="bbox 452 5112 2157 5178; baseline -0.002 -10"><span class='ocrx_word' id='word_1_739' title='bbox 452 5113 765 5177; x_wconf 76' lang='lat' dir='ltr'>Pandulpho</span> <span class='ocrx_word' id='word_1_740' title='bbox 828 5113 1020 5178; x_wconf 67' lang='lat' dir='ltr'>Capua</span> <span class='ocrx_word' id='word_1_741' title='bbox 1075 5114 1320 5176; x_wconf 87' lang='lat' dir='ltr'>principe</span> <span class='ocrx_word' id='word_1_742' title='bbox 1377 5118 1430 5164; x_wconf 92' lang='lat' dir='ltr'>et</span> <span class='ocrx_word' id='word_1_743' title='bbox 1485 5112 1692 5164; x_wconf 82' lang='lat' dir='ltr'>Joanne</span> <span class='ocrx_word' id='word_1_744' title='bbox 1748 5116 2005 5178; x_wconf 81' lang='lat' dir='ltr'>magistro</span> <span class='ocrx_word' id='word_1_745' title='bbox 2062 5115 2157 5164; x_wconf 77' lang='lat' dir='ltr'>ml-</span> 
     </span>
    </p>
   </div>
   <div class='ocr_carea' id='block_1_84' title="bbox 448 5185 2154 5248">
    <p class='ocr_par' dir='ltr' id='par_1_84' title="bbox 448 5185 2154 5248">
     <span class='ocr_line' id='line_1_84' title="bbox 448 5185 2154 5248; baseline -0.002 -9"><span class='ocrx_word' id='word_1_746' title='bbox 448 5187 604 5240; x_wconf 78' lang='lat' dir='ltr'>litum</span> <span class='ocrx_word' id='word_1_747' title='bbox 679 5186 1036 5248; x_wconf 72' lang='lat' dir='ltr'>Neapolitana:</span> <span class='ocrx_word' id='word_1_748' title='bbox 1101 5185 1347 5235; x_wconf 80' lang='lat' dir='ltr'>civitatis.</span> <span class='ocrx_word' id='word_1_749' title='bbox 1425 5185 1644 5234; x_wconf 77' lang='lat' dir='ltr'>Mortuis</span> <span class='ocrx_word' id='word_1_750' title='bbox 1691 5198 1836 5236; x_wconf 79' lang='lat' dir='ltr'>enim</span> <span class='ocrx_word' id='word_1_751' title='bbox 1901 5185 2023 5244; x_wconf 85' lang='lat' dir='ltr'>illis,</span> <span class='ocrx_word' id='word_1_752' title='bbox 2076 5185 2154 5236; x_wconf 85' lang='lat' dir='ltr'>in-</span> 
     </span>
    </p>
   </div>
   <div class='ocr_carea' id='block_1_85' title="bbox 448 5253 2152 5323">
    <p class='ocr_par' dir='ltr' id='par_1_85' title="bbox 448 5253 2152 5323">
     <span class='ocr_line' id='line_1_85' title="bbox 448 5253 2152 5323; baseline -0.001 -14"><span class='ocrx_word' id='word_1_753' title='bbox 448 5261 584 5323; x_wconf 76' lang='lat' dir='ltr'>quit.</span> <span class='ocrx_word' id='word_1_754' title='bbox 632 5257 825 5308; x_wconf 64' lang='lat' dir='ltr'>Sicilia:</span> <span class='ocrx_word' id='word_1_755' title='bbox 880 5268 1032 5306; x_wconf 78' lang='lat' dir='ltr'>mons</span> <span class='ocrx_word' id='word_1_756' title='bbox 1096 5255 1358 5317; x_wconf 73' lang='lat' dir='ltr'>Vesuvius,</span> <span class='ocrx_word' id='word_1_757' title='bbox 1428 5253 1574 5304; x_wconf 84' lang='lat' dir='ltr'>unde</span> <span class='ocrx_word' id='word_1_758' title='bbox 1611 5257 1854 5309; x_wconf 78' lang='lat' dir='ltr'>uidelicet</span> <span class='ocrx_word' id='word_1_759' title='bbox 1913 5257 2152 5319; x_wconf 85' lang='lat' dir='ltr'>gehenna</span> 
     </span>
    </p>
   </div>
   <div class='ocr_carea' id='block_1_86' title="bbox 447 5326 2150 5394">
    <p class='ocr_par' dir='ltr' id='par_1_86' title="bbox 447 5326 2150 5394">
     <span class='ocr_line' id='line_1_86' title="bbox 447 5326 2150 5394; baseline 0 -16"><span class='ocrx_word' id='word_1_760' title='bbox 447 5329 759 5393; x_wconf 77' lang='lat' dir='ltr'>frequenter</span> <span class='ocrx_word' id='word_1_761' title='bbox 807 5331 1037 5383; x_wconf 81' lang='lat' dir='ltr'>eructat.</span> <span class='ocrx_word' id='word_1_762' title='bbox 1088 5327 1150 5378; x_wconf 79' lang='lat' dir='ltr'>in</span> <span class='ocrx_word' id='word_1_763' title='bbox 1181 5327 1436 5390; x_wconf 56' lang='lat' dir='ltr'>ﬂammas</span> <span class='ocrx_word' id='word_1_764' title='bbox 1469 5327 1666 5386; x_wconf 82' lang='lat' dir='ltr'>erupit.</span> <span class='ocrx_word' id='word_1_765' title='bbox 1702 5327 1851 5379; x_wconf 81' lang='lat' dir='ltr'>Num</span> <span class='ocrx_word' id='word_1_766' title='bbox 1898 5326 2150 5394; x_wconf 77' lang='lat' dir='ltr'>quando-</span> 
     </span>
    </p>
   </div>
   <div class='ocr_carea' id='block_1_87' title="bbox 451 5396 2151 5463">
    <p class='ocr_par' dir='ltr' id='par_1_87' title="bbox 451 5396 2151 5463">
     <span class='ocr_line' id='line_1_87' title="bbox 451 5396 2151 5463; baseline 0 -13"><span class='ocrx_word' id='word_1_767' title='bbox 451 5411 659 5463; x_wconf 75' lang='lat' dir='ltr'>cunque</span> <span class='ocrx_word' id='word_1_768' title='bbox 691 5399 753 5450; x_wconf 75' lang='lat' dir='ltr'>in</span> <span class='ocrx_word' id='word_1_769' title='bbox 788 5399 897 5450; x_wconf 69' lang='lat' dir='ltr'>illis</span> <span class='ocrx_word' id='word_1_770' title='bbox 933 5399 1175 5459; x_wconf 75' lang='lat' dir='ltr'>partibus</span> <span class='ocrx_word' id='word_1_771' title='bbox 1221 5396 1476 5461; x_wconf 80' lang='lat' dir='ltr'>reprobus</span> <span class='ocrx_word' id='word_1_772' title='bbox 1522 5396 1667 5449; x_wconf 72' lang='lat' dir='ltr'>dives</span> <span class='ocrx_word' id='word_1_773' title='bbox 1713 5400 1966 5458; x_wconf 73' lang='lat' dir='ltr'>moritur,</span> <span class='ocrx_word' id='word_1_774' title='bbox 2007 5400 2151 5462; x_wconf 79' lang='lat' dir='ltr'>ignis</span> 
     </span>
    </p>
   </div>
   <div class='ocr_carea' id='block_1_88' title="bbox 450 5469 2150 5537">
    <p class='ocr_par' dir='ltr' id='par_1_88' title="bbox 450 5469 2150 5537">
     <span class='ocr_line' id='line_1_88' title="bbox 450 5469 2150 5537; baseline 0.001 -18"><span class='ocrx_word' id='word_1_775' title='bbox 450 5481 732 5532; x_wconf 77' lang='lat' dir='ltr'>erumpere</span> <span class='ocrx_word' id='word_1_776' title='bbox 779 5469 1034 5534; x_wconf 67' lang='lat' dir='ltr'>pradicto</span> <span class='ocrx_word' id='word_1_777' title='bbox 1093 5471 1158 5520; x_wconf 82' lang='lat' dir='ltr'>de</span> <span class='ocrx_word' id='word_1_778' title='bbox 1213 5473 1394 5521; x_wconf 85' lang='lat' dir='ltr'>monte</span> <span class='ocrx_word' id='word_1_779' title='bbox 1454 5471 1690 5531; x_wconf 74' lang='lat' dir='ltr'>videtur,</span> <span class='ocrx_word' id='word_1_780' title='bbox 1732 5475 1994 5537; x_wconf 85' lang='lat' dir='ltr'>tantaque</span> <span class='ocrx_word' id='word_1_781' title='bbox 2037 5474 2150 5521; x_wconf 85' lang='lat' dir='ltr'>sul-</span> 
     </span>
    </p>
   </div>
   <div class='ocr_carea' id='block_1_89' title="bbox 450 5540 2146 5606">
    <p class='ocr_par' dir='ltr' id='par_1_89' title="bbox 450 5540 2146 5606">
     <span class='ocr_line' id='line_1_89' title="bbox 450 5540 2146 5606; baseline 0.002 -15"><span class='ocrx_word' id='word_1_782' title='bbox 450 5540 662 5603; x_wconf 72' lang='lat' dir='ltr'>phureas</span> <span class='ocrx_word' id='word_1_783' title='bbox 725 5542 916 5594; x_wconf 67' lang='lat' dir='ltr'>resina</span> <span class='ocrx_word' id='word_1_784' title='bbox 978 5544 1248 5605; x_wconf 80' lang='lat' dir='ltr'>congeries</span> <span class='ocrx_word' id='word_1_785' title='bbox 1314 5553 1382 5591; x_wconf 77' lang='lat' dir='ltr'>es;</span> <span class='ocrx_word' id='word_1_786' title='bbox 1449 5543 1566 5606; x_wconf 80' lang='lat' dir='ltr'>ipso</span> <span class='ocrx_word' id='word_1_787' title='bbox 1638 5543 1848 5595; x_wconf 78' lang='lat' dir='ltr'>Vesuvio</span> <span class='ocrx_word' id='word_1_788' title='bbox 1893 5542 2146 5606; x_wconf 88' lang='lat' dir='ltr'>protinus</span> 
     </span>
    </p>
   </div>
   <div class='ocr_carea' id='block_1_90' title="bbox 451 5609 2145 5678">
    <p class='ocr_par' dir='ltr' id='par_1_90' title="bbox 451 5609 2145 5678">
     <span class='ocr_line' id='line_1_90' title="bbox 451 5609 2145 5678; baseline 0.004 -18"><span class='ocrx_word' id='word_1_789' title='bbox 451 5609 594 5675; x_wconf 77' lang='lat' dir='ltr'>ﬁuit,</span> <span class='ocrx_word' id='word_1_790' title='bbox 627 5616 686 5664; x_wconf 88' lang='lat' dir='ltr'>ut</span> <span class='ocrx_word' id='word_1_791' title='bbox 727 5617 1024 5666; x_wconf 77' lang='lat' dir='ltr'>ton&#39;entem</span> <span class='ocrx_word' id='word_1_792' title='bbox 1071 5615 1238 5675; x_wconf 80' lang='lat' dir='ltr'>faciat</span> <span class='ocrx_word' id='word_1_793' title='bbox 1271 5616 1430 5677; x_wconf 83' lang='lat' dir='ltr'>atque</span> <span class='ocrx_word' id='word_1_794' title='bbox 1469 5614 1786 5667; x_wconf 83' lang='lat' dir='ltr'>decurrente</span> <span class='ocrx_word' id='word_1_795' title='bbox 1833 5613 2039 5678; x_wconf 86' lang='lat' dir='ltr'>impetu</span> <span class='ocrx_word' id='word_1_796' title='bbox 2081 5613 2145 5666; x_wconf 84' lang='lat' dir='ltr'>in</span> 
     </span>
    </p>
   </div>
   <div class='ocr_carea' id='block_1_91' title="bbox 2254 4757 3441 4821">
    <p class='ocr_par' dir='ltr' id='par_1_91' title="bbox 2254 4757 3441 4821">
     <span class='ocr_line' id='line_1_91' title="bbox 2254 4757 3441 4821; baseline -0.002 -9"><span class='ocrx_word' id='word_1_797' title='bbox 2254 4761 2385 4812; x_wconf 85' lang='lat' dir='ltr'>trice</span> <span class='ocrx_word' id='word_1_798' title='bbox 2419 4757 2804 4816; x_wconf 83' lang='lat' dir='ltr'>concumberet,</span> <span class='ocrx_word' id='word_1_799' title='bbox 2835 4757 3126 4821; x_wconf 69' lang='lat' dir='ltr'>expiravit.</span> <span class='ocrx_word' id='word_1_800' title='bbox 3165 4757 3441 4810; x_wconf 68' lang='lat' dir='ltr'>Dncnssu.</span> 
     </span>
    </p>
   </div>
   <div class='ocr_carea' id='block_1_92' title="bbox 2313 4829 3955 4892">
    <p class='ocr_par' dir='ltr' id='par_1_92' title="bbox 2313 4829 3955 4892">
     <span class='ocr_line' id='line_1_92' title="bbox 2313 4829 3955 4892; baseline 0.002 -13"><span class='ocrx_word' id='word_1_801' title='bbox 2313 4830 2447 4892; x_wconf 77' lang='lat'>(135)</span> <span class='ocrx_word' id='word_1_802' title='bbox 2472 4829 2593 4880; x_wconf 69' lang='lat' dir='ltr'>Haac</span> <span class='ocrx_word' id='word_1_803' title='bbox 2625 4840 2742 4880; x_wconf 82' lang='lat' dir='ltr'>loca</span> <span class='ocrx_word' id='word_1_804' title='bbox 2785 4829 3034 4880; x_wconf 74' lang='lat' dir='ltr'>Vesuvius</span> <span class='ocrx_word' id='word_1_805' title='bbox 3072 4842 3224 4881; x_wconf 88' lang='lat' dir='ltr'>mons</span> <span class='ocrx_word' id='word_1_806' title='bbox 3253 4833 3321 4881; x_wconf 86' lang='lat' dir='ltr'>ab</span> <span class='ocrx_word' id='word_1_807' title='bbox 3351 4831 3542 4882; x_wconf 85' lang='lat' dir='ltr'>eodem</span> <span class='ocrx_word' id='word_1_808' title='bbox 3575 4830 3827 4881; x_wconf 87' lang='lat' dir='ltr'>Damiano</span> <span class='ocrx_word' id='word_1_809' title='bbox 3858 4841 3955 4882; x_wconf 80' lang='lat' dir='ltr'>vo-</span> 
     </span>
    </p>
   </div>
   <div class='ocr_carea' id='block_1_93' title="bbox 2253 4900 3958 4964">
    <p class='ocr_par' dir='ltr' id='par_1_93' title="bbox 2253 4900 3958 4964">
     <span class='ocr_line' id='line_1_93' title="bbox 2253 4900 3958 4964; baseline -0.001 -12"><span class='ocrx_word' id='word_1_810' title='bbox 2253 4906 2446 4953; x_wconf 87' lang='lat' dir='ltr'>cantur</span> <span class='ocrx_word' id='word_1_811' title='bbox 2463 4903 2624 4963; x_wconf 80' lang='lat' dir='ltr'>epist.</span> <span class='ocrx_word' id='word_1_812' title='bbox 2652 4901 2700 4962; x_wconf 90' lang='lat'>9,</span> <span class='ocrx_word' id='word_1_813' title='bbox 2726 4900 3028 4964; x_wconf 83' lang='lat' dir='ltr'>lib.primo,</span> <span class='ocrx_word' id='word_1_814' title='bbox 3065 4905 3201 4953; x_wconf 85' lang='lat' dir='ltr'>sicut</span> <span class='ocrx_word' id='word_1_815' title='bbox 3228 4913 3296 4952; x_wconf 82' lang='lat' dir='ltr'>ex</span> <span class='ocrx_word' id='word_1_816' title='bbox 3321 4902 3647 4963; x_wconf 70' lang='lat' dir='ltr'>praecedenti</span> <span class='ocrx_word' id='word_1_817' title='bbox 3671 4901 3958 4951; x_wconf 88' lang='lat' dir='ltr'>notatione</span> 
     </span>
    </p>
   </div>
   <div class='ocr_carea' id='block_1_94' title="bbox 2254 4970 3961 5036">
    <p class='ocr_par' dir='ltr' id='par_1_94' title="bbox 2254 4970 3961 5036">
     <span class='ocr_line' id='line_1_94' title="bbox 2254 4970 3961 5036; baseline -0.002 -13"><span class='ocrx_word' id='word_1_818' title='bbox 2254 4977 2418 5036; x_wconf 86' lang='lat' dir='ltr'>patet,</span> <span class='ocrx_word' id='word_1_819' title='bbox 2469 4972 2538 5024; x_wconf 83' lang='lat' dir='ltr'>ab</span> <span class='ocrx_word' id='word_1_820' title='bbox 2583 4973 2779 5025; x_wconf 84' lang='lat' dir='ltr'>incolis</span> <span class='ocrx_word' id='word_1_821' title='bbox 2827 4979 3006 5026; x_wconf 87' lang='lat' dir='ltr'>autem</span> <span class='ocrx_word' id='word_1_822' title='bbox 3056 4979 3114 5024; x_wconf 90' lang='lat' dir='ltr'>ut</span> <span class='ocrx_word' id='word_1_823' title='bbox 3173 4974 3483 5036; x_wconf 79' lang='lat' dir='ltr'>Sigebertus</span> <span class='ocrx_word' id='word_1_824' title='bbox 3525 4979 3615 5033; x_wconf 84' lang='lat' dir='ltr'>ait,</span> <span class='ocrx_word' id='word_1_825' title='bbox 3663 4970 3782 5022; x_wconf 64' lang='lat' dir='ltr'>Otia</span> <span class='ocrx_word' id='word_1_826' title='bbox 3845 4972 3961 5020; x_wconf 80' lang='lat' dir='ltr'>Vul-</span> 
     </span>
    </p>
   </div>
   <div class='ocr_carea' id='block_1_95' title="bbox 2253 5043 2506 5095">
    <p class='ocr_par' dir='ltr' id='par_1_95' title="bbox 2253 5043 2506 5095">
     <span class='ocr_line' id='line_1_95' title="bbox 2253 5043 2506 5095; baseline -0.004 -1"><span class='ocrx_word' id='word_1_827' title='bbox 2253 5043 2398 5094; x_wconf 86' lang='lat' dir='ltr'>cani.</span> <span class='ocrx_word' id='word_1_828' title='bbox 2426 5043 2506 5095; x_wconf 87' lang='lat' dir='ltr'>In.</span> 
     </span>
    </p>
   </div>
   <div class='ocr_carea' id='block_1_96' title="bbox 2317 5110 3957 5180">
    <p class='ocr_par' dir='ltr' id='par_1_96' title="bbox 2317 5110 3957 5180">
     <span class='ocr_line' id='line_1_96' title="bbox 2317 5110 3957 5180; baseline -0.002 -16"><span class='ocrx_word' id='word_1_829' title='bbox 2317 5115 2449 5178; x_wconf 75' lang='lat'>(136)</span> <span class='ocrx_word' id='word_1_830' title='bbox 2477 5116 2589 5167; x_wconf 80' lang='lat' dir='ltr'>Non</span> <span class='ocrx_word' id='word_1_831' title='bbox 2613 5115 2666 5165; x_wconf 89' lang='lat' dir='ltr'>in</span> <span class='ocrx_word' id='word_1_832' title='bbox 2701 5117 3042 5180; x_wconf 89' lang='lat' dir='ltr'>perpetuum,</span> <span class='ocrx_word' id='word_1_833' title='bbox 3073 5114 3298 5175; x_wconf 85' lang='lat' dir='ltr'>scilicet,</span> <span class='ocrx_word' id='word_1_834' title='bbox 3321 5113 3417 5165; x_wconf 87' lang='lat' dir='ltr'>sed</span> <span class='ocrx_word' id='word_1_835' title='bbox 3450 5113 3518 5166; x_wconf 87' lang='lat' dir='ltr'>ad</span> <span class='ocrx_word' id='word_1_836' title='bbox 3543 5119 3766 5175; x_wconf 85' lang='lat' dir='ltr'>tempus,</span> <span class='ocrx_word' id='word_1_837' title='bbox 3797 5110 3957 5162; x_wconf 85' lang='lat' dir='ltr'>dam—</span> 
     </span>
    </p>
   </div>
   <div class='ocr_carea' id='block_1_97' title="bbox 2254 5187 3960 5251">
    <p class='ocr_par' dir='ltr' id='par_1_97' title="bbox 2254 5187 3960 5251">
     <span class='ocr_line' id='line_1_97' title="bbox 2254 5187 3960 5251; baseline -0.002 -13"><span class='ocrx_word' id='word_1_838' title='bbox 2254 5194 2519 5243; x_wconf 86' lang='lat' dir='ltr'>natorum,</span> <span class='ocrx_word' id='word_1_839' title='bbox 2551 5199 2646 5239; x_wconf 89' lang='lat' dir='ltr'>seu</span> <span class='ocrx_word' id='word_1_840' title='bbox 2675 5188 3002 5251; x_wconf 86' lang='lat' dir='ltr'>purgatoriis</span> <span class='ocrx_word' id='word_1_841' title='bbox 3034 5191 3215 5251; x_wconf 89' lang='lat' dir='ltr'>potius</span> <span class='ocrx_word' id='word_1_842' title='bbox 3245 5187 3580 5237; x_wconf 73' lang='lat' dir='ltr'>addit-torum</span> <span class='ocrx_word' id='word_1_843' title='bbox 3608 5197 3798 5248; x_wconf 70' lang='lat' dir='ltr'>poenis,</span> <span class='ocrx_word' id='word_1_844' title='bbox 3833 5196 3960 5246; x_wconf 64' lang='lat' dir='ltr'>qua</span> 
     </span>
    </p>
   </div>
   <div class='ocr_carea' id='block_1_98' title="bbox 2255 5254 3951 5324">
    <p class='ocr_par' dir='ltr' id='par_1_98' title="bbox 2255 5254 3951 5324">
     <span class='ocr_line' id='line_1_98' title="bbox 2255 5254 3951 5324; baseline -0.004 -14"><span class='ocrx_word' id='word_1_845' title='bbox 2255 5271 2643 5324; x_wconf 85' lang='lat' dir='ltr'>nonnunquam</span> <span class='ocrx_word' id='word_1_846' title='bbox 2684 5263 2844 5310; x_wconf 83' lang='lat' dir='ltr'>etiam</span> <span class='ocrx_word' id='word_1_847' title='bbox 2875 5259 3175 5323; x_wconf 78' lang='lat' dir='ltr'>infernates</span> <span class='ocrx_word' id='word_1_848' title='bbox 3205 5261 3568 5321; x_wconf 87' lang='lat' dir='ltr'>appellantur,</span> <span class='ocrx_word' id='word_1_849' title='bbox 3613 5263 3668 5307; x_wconf 91' lang='lat' dir='ltr'>ut</span> <span class='ocrx_word' id='word_1_850' title='bbox 3699 5254 3840 5317; x_wconf 84' lang='lat' dir='ltr'>apud</span> <span class='ocrx_word' id='word_1_851' title='bbox 3877 5256 3951 5304; x_wconf 87' lang='lat' dir='ltr'>St-</span> 
     </span>
    </p>
   </div>
   <div class='ocr_carea' id='block_1_99' title="bbox 2254 5324 3958 5394">
    <p class='ocr_par' dir='ltr' id='par_1_99' title="bbox 2254 5324 3958 5394">
     <span class='ocr_line' id='line_1_99' title="bbox 2254 5324 3958 5394; baseline -0.002 -14"><span class='ocrx_word' id='word_1_852' title='bbox 2254 5329 2553 5394; x_wconf 61' lang='lat' dir='ltr'>gebi-rtum,</span> <span class='ocrx_word' id='word_1_853' title='bbox 2597 5326 2900 5393; x_wconf 81' lang='lat' dir='ltr'>Stephanus</span> <span class='ocrx_word' id='word_1_854' title='bbox 2943 5343 3089 5393; x_wconf 87' lang='lat' dir='ltr'>papa</span> <span class='ocrx_word' id='word_1_855' title='bbox 3122 5327 3264 5381; x_wconf 67' lang='lat' dir='ltr'>dixit</span> <span class='ocrx_word' id='word_1_856' title='bbox 3294 5342 3346 5378; x_wconf 85' lang='lat' dir='ltr'>se</span> <span class='ocrx_word' id='word_1_857' title='bbox 3379 5326 3738 5392; x_wconf 80' lang='lat' dir='ltr'>infernalibus</span> <span class='ocrx_word' id='word_1_858' title='bbox 3781 5324 3958 5388; x_wconf 69' lang='lat' dir='ltr'>paruis</span> 
     </span>
    </p>
   </div>
   <div class='ocr_carea' id='block_1_100' title="bbox 2251 5397 3958 5465">
    <p class='ocr_par' dir='ltr' id='par_1_100' title="bbox 2251 5397 3958 5465">
     <span class='ocr_line' id='line_1_100' title="bbox 2251 5397 3958 5465; baseline -0.004 -13"><span class='ocrx_word' id='word_1_859' title='bbox 2251 5400 2509 5460; x_wconf 75' lang='lat' dir='ltr'>cruciari,</span> <span class='ocrx_word' id='word_1_860' title='bbox 2539 5409 2632 5452; x_wconf 73' lang='lat' dir='ltr'>sed</span> <span class='ocrx_word' id='word_1_861' title='bbox 2662 5415 2881 5465; x_wconf 84' lang='lat' dir='ltr'>sperare</span> <span class='ocrx_word' id='word_1_862' title='bbox 2917 5415 2972 5452; x_wconf 87' lang='lat' dir='ltr'>se</span> <span class='ocrx_word' id='word_1_863' title='bbox 3018 5402 3330 5453; x_wconf 75' lang='lat' dir='ltr'>interventu</span> <span class='ocrx_word' id='word_1_864' title='bbox 3359 5399 3598 5451; x_wconf 59' lang='lat' dir='ltr'>(lusionis</span> <span class='ocrx_word' id='word_1_865' title='bbox 3630 5397 3839 5450; x_wconf 72' lang='lat' dir='ltr'>abbatis</span> <span class='ocrx_word' id='word_1_866' title='bbox 3869 5409 3958 5447; x_wconf 80' lang='lat' dir='ltr'>ve-</span> 
     </span>
    </p>
   </div>
   <div class='ocr_carea' id='block_1_101' title="bbox 2250 5471 3953 5538">
    <p class='ocr_par' dir='ltr' id='par_1_101' title="bbox 2250 5471 3953 5538">
     <span class='ocr_line' id='line_1_101' title="bbox 2250 5471 3953 5538; baseline -0.004 -14"><span class='ocrx_word' id='word_1_867' title='bbox 2250 5473 2406 5524; x_wconf 84' lang='lat' dir='ltr'>niam</span> <span class='ocrx_word' id='word_1_868' title='bbox 2439 5485 2587 5536; x_wconf 88' lang='lat' dir='ltr'>posse</span> <span class='ocrx_word' id='word_1_869' title='bbox 2610 5473 2875 5538; x_wconf 84' lang='lat' dir='ltr'>consequi.</span> <span class='ocrx_word' id='word_1_870' title='bbox 2916 5473 2976 5524; x_wconf 76' lang='lat' dir='ltr'>Et</span> <span class='ocrx_word' id='word_1_871' title='bbox 3013 5474 3092 5522; x_wconf 89' lang='lat' dir='ltr'>sic</span> <span class='ocrx_word' id='word_1_872' title='bbox 3121 5483 3337 5536; x_wconf 88' lang='lat' dir='ltr'>quoque</span> <span class='ocrx_word' id='word_1_873' title='bbox 3362 5473 3573 5522; x_wconf 81' lang='lat' dir='ltr'>beatum</span> <span class='ocrx_word' id='word_1_874' title='bbox 3596 5471 3953 5534; x_wconf 78' lang='lat' dir='ltr'>Augustinum</span> 
     </span>
    </p>
   </div>
   <div class='ocr_carea' id='block_1_102' title="bbox 2250 5538 3953 5610">
    <p class='ocr_par' dir='ltr' id='par_1_102' title="bbox 2250 5538 3953 5610">
     <span class='ocr_line' id='line_1_102' title="bbox 2250 5538 3953 5610; baseline -0.002 -16"><span class='ocrx_word' id='word_1_875' title='bbox 2250 5544 2519 5596; x_wconf 83' lang='lat' dir='ltr'>interdum</span> <span class='ocrx_word' id='word_1_876' title='bbox 2543 5555 2794 5610; x_wconf 75' lang='lat' dir='ltr'>accipere</span> <span class='ocrx_word' id='word_1_877' title='bbox 2826 5544 3334 5598; x_wconf 80' lang='lat' dir='ltr'>condemnationem</span> <span class='ocrx_word' id='word_1_878' title='bbox 3369 5542 3564 5595; x_wconf 79' lang='lat' dir='ltr'>dicitur</span> <span class='ocrx_word' id='word_1_879' title='bbox 3588 5553 3654 5591; x_wconf 71' lang='lat' dir='ltr'>ex</span> <span class='ocrx_word' id='word_1_880' title='bbox 3695 5552 3813 5604; x_wconf 82' lang='lat' dir='ltr'>cap.</span> <span class='ocrx_word' id='word_1_881' title='bbox 3862 5538 3953 5590; x_wconf 86' lang='grc'><strong>110</strong></span> 
     </span>
    </p>
   </div>
   <div class='ocr_carea' id='block_1_103' title="bbox 2251 5615 2672 5668">
    <p class='ocr_par' dir='ltr' id='par_1_103' title="bbox 2251 5615 2672 5668">
     <span class='ocr_line' id='line_1_103' title="bbox 2251 5615 2672 5668; baseline -0.005 0"><span class='ocrx_word' id='word_1_882' title='bbox 2251 5615 2560 5668; x_wconf 76' lang='lat' dir='ltr'>Enchirldii.</span> <span class='ocrx_word' id='word_1_883' title='bbox 2593 5615 2672 5666; x_wconf 85' lang='lat' dir='ltr'>ln.</span> 
     </span>
    </p>
   </div>
  </div>
