4118 6492
176 362 270 423 937

1572 355 1751 415 VITA
1793 356 1850 414 S.
1893 355 2258 416 ODILONIS.

180 504 269 563 per
319 484 518 544 omnia
572 481 920 542 monasteria
967 495 1071 540 sua
1119 480 1414 539 constituit
1461 481 1727 554 generale
1770 480 2149 553 de-Aitaque
2190 480 2539 539 venerabilis
2594 481 2756 540 Pater
2787 498 2887 556 pro
2933 482 3035 542 illo
3070 486 3422 559 psalmodias
3457 496 3513 547 et
3548 507 3669 550 ora-

180 582 383 635 cretuin
426 571 566 646 (137)
601 578 686 642 ut,
718 571 868 630 sicut
907 570 1092 644 primo
1127 568 1221 626 die
1259 568 1477 627 mensis
1514 568 1877 636 Novembris,

176 668 330 741 juxta
357 660 707 722 universalis
738 660 1009 718 Ecclesiae
1040 658 1323 732 regulam,
1354 657 1617 717 omnium
1645 655 1876 716 Sancto-

181 769 300 812 rum
348 751 684 812 solemnitas
727 750 939 824 agitur,
981 748 1058 807 ita
1098 747 1362 821 sequenti
1407 746 1500 804 die
1535 747 1597 803 in
1643 745 1882 818 psalmis

179 852 228 905 et
251 843 634 918 eleemosynis
661 848 716 900 et
749 841 1038 916 prmcipue
1076 840 1385 899 missarum
1420 838 1717 896 solemniis
1754 853 1881 896 om-

182 938 335 996 nium
399 935 462 993 in
521 933 748 992 Christo
806 933 1231 1007 quiescentium
1282 929 1562 989 memoria
1630 929 1880 988 celebre-

183 1033 266 1086 tur
293 1023 457 1094 (I38).

245 1115 302 1175 Si
351 1114 486 1188 quis
539 1119 734 1171 autem
788 1127 906 1171 non
957 1111 1328 1185 generalitate
1389 1115 1710 1179 contentus,
1752 1108 1883 1181 quis

181 1202 495 1279 specialiter
532 1217 636 1275 per
673 1200 737 1259 B.
771 1200 1074 1259 Odilonem
1118 1200 1190 1257 de
1236 1199 1422 1272 pcenis
1462 1198 1766 1257 ultricibus
1809 1197 1885 1254 sit

183 1300 399 1367 ereptus
450 1291 722 1366 inquirit,
751 1289 890 1365 quid
944 1289 1015 1347 de
1069 1288 1309 1364 reliquis
1363 1288 1589 1356 sentiat,
1623 1287 1683 1344 in
1738 1302 1884 1360 papa

183 1379 482 1439 Benedicto
521 1378 671 1449 (139)
711 1377 1006 1436 evidenter
1043 1377 1298 1435 addiscat
1337 1400 1348 1433 :
1391 1382 1455 1435 ut
1492 1375 1553 1433 in
1591 1375 1881 1433 Romano-

182 1484 300 1530 rum
328 1467 621 1544 pontiﬁce,
654 1467 754 1540 qui
788 1466 1055 1524 omnium
1095 1464 1555 1523 Christianorum
1582 1468 1750 1537 caput
1775 1468 1878 1530 est,

186 1558 357 1618 valeat
397 1556 627 1632 liquido
661 1555 869 1630 conjici
908 1555 1049 1629 quid
1074 1555 1146 1612 de
1173 1553 1394 1613 caeteris
1433 1552 1638 1610 merito
1682 1552 1882 1610 debeat

186 1647 473 1707 aestimari.
524 1644 888 1717 Apostolicus
946 1641 1095 1713 (HO)
1140 1641 1280 1697 411
1322 1643 1503 1716 igitur
1541 1643 1649 1700 iste
1707 1656 1881 1715 quem

186 1736 459 1807 diximus,
489 1735 631 1793 dum
660 1734 850 1792 adhuc
873 1733 1112 1801 viveret,
1140 1732 1369 1790 beatum
1394 1732 1587 1790 virum
1617 1730 1887 1789 affectuo-

1964 572 2147 629 tiones
2175 571 2247 629 ab
2275 569 2548 629 omnibus
2580 571 2846 644 privatim
2880 589 2944 630 ac
2975 574 3199 646 publice
3232 576 3375 647 ﬁeri,
3418 577 3668 638 eleemo-

1962 676 2135 734 synas
2164 659 2564 733 indigentibus
2601 661 2845 733 erogari,
2883 663 3229 722 sacrificium
3265 665 3380 723 Deo
3409 670 3669 743 mysterii

1963 747 2227 805 salutaris
2278 747 2490 806 offerri.
2552 747 2668 805 Nec
2711 748 2772 805 in
2822 749 2925 807 illo
2972 750 3258 811 duntaxat
3296 753 3419 812 loco
3457 755 3516 812 id
3555 764 3671 815 sta—

1967 841 2126 893 tuere
2170 840 2473 894 contentus
2529 835 2660 907 fuit,
2691 837 2786 893 sed
2839 844 2894 895 et
2945 854 3046 911 per
3078 843 3275 899 omnia
3313 844 3403 901 sui
3443 845 3673 917 regimi-

1964 921 2056 979 nis
2097 923 2439 980 monasteria
2478 923 2734 996 ejusdem
2776 928 3088 986 sanctionis
3132 929 3315 987 edicta
3354 933 3649 992 mandavit

1963 1008 2228 1084 Cumque
2266 1012 2376 1070 hoc
2415 1013 2617 1069 fratres
2657 1012 3047 1073 intentissima
3105 1017 3408 1078 devotione
3454 1028 3674 1095 satage-

1963 1103 2110 1170 rent,
2143 1104 2198 1156 et
2226 1114 2301 1156 ex
2329 1115 2428 1157 ara
2458 1106 2789 1158 sanctorum
2837 1109 3133 1175 pectorum
3174 1105 3444 1165 fraternae
3481 1110 3672 1168 chari-

1967 1187 2097 1244 tatis
2136 1187 2371 1246 ﬂamma
2402 1186 2705 1260 prosiliens
2741 1189 2956 1248 divina)
2993 1191 3313 1252 clementiae
3356 1197 3672 1257 sacrarium

1965 1283 2306 1349 penetraret,
2357 1276 2477 1350 jam
2521 1278 2749 1350 prmtixi
2795 1282 3064 1353 temporis
3115 1284 3396 1344 terminus
3432 1288 3670 1362 propin-

1965 1366 2235 1441 quabat;
2309 1377 2364 1423 et
2435 1382 2565 1424 ecce
2624 1366 2859 1440 quidam
2927 1378 3139 1430 sanctae
3218 1379 3670 1437 conversationis

1968 1456 2305 1525 monachus,
2361 1453 2740 1513 Heldebertus
2816 1461 3073 1532 nomine,
3100 1463 3203 1536 qui
3254 1465 3515 1526 videlicet
3567 1469 3674 1527 hoc

1963 1546 2308 1604 obedientize
2340 1546 2692 1617 fungebatur
2719 1547 2905 1607 ofﬁcio
2937 1557 3001 1609 ut
3043 1551 3243 1626 inopes
3282 1557 3479 1627 aleret,
3521 1558 3674 1616 indi-

1964 1636 2235 1710 gentibus
2278 1636 2534 1694 subsidia
2566 1636 2957 1711 ministraret;
2999 1642 3095 1700 hic
3140 1643 3332 1720 itaque
3370 1663 3471 1721 per
3508 1665 3676 1723 sopo-
3744 1662 3755 1671 ‘

1968 1740 2089 1783 rem
2116 1724 2262 1782 vidit
2282 1725 2435 1798 quod
2456 1726 2697 1798 quidam
2718 1729 2976 1800 pulcher,
3007 1747 3073 1789 ac
3088 1749 3330 1794 serenus
3345 1745 3678 1811 aspectu,ac

186 1843 240 1887 se
262 1825 490 1894 dilexit,
524 1829 855 1881 reverenter
883 1819 1159 1889 excoluit,
1178 1826 1233 1879 et
1260 1819 1649 1894 apostolorum
1677 1819 1883 1877 limina
1906 1818 2210 1898 Bsolemni
2252 1817 2501 1894 quodam
2540 1813 2687 1876 412
2726 1819 2914 1878 nitore
2964 1823 3309 1895 consilicuus
3360 1826 3680 1888 οῙθυεῑῐἮω

184 1911 572 1990 frequentanti
606 1907 914 1968 necessarii
956 1913 1220 1980 sumptus
1257 1907 1471 1981 optima
1510 1922 1661 1981 saepe
1690 1907 1882 1965 subsi-

183 2003 272 2062 dia
318 1999 691 2060 ministravit.
741 1997 893 2056 Huic
929 1996 1101 2071 plane
1142 2004 1406 2067 moxhut
1459 1996 1620 2068 obiit,
1657 2013 1885 2069 germa-

186 2111 290 2154 nus
326 2094 460 2167 ejus
507 2091 759 2150 Joannes
805 2088 867 2146 in
922 2086 1227 2162 apostolica
1274 2086 1550 2159 dignitate
1591 2087 1880 2145 successit.

182 2184 303 2244 Jam
357 2196 499 2240 vero
535 2184 839 2254 postquam
878 2173 1155 2235 humanis
1194 2174 1366 2232 rebus
1420 2181 1725 2247 exemptus
1778 2181 1882 2244 est,

183 2286 294 2328 non
352 2268 519 2342 parvi
576 2265 845 2337 temporis
898 2262 1128 2320 evoluto
1179 2260 1489 2332 curriculo,
1528 2263 1649 2337 jam
1698 2260 1888 2318 dictus

181 2374 321 2432 papa
381 2354 595 2416 Joanni
652 2352 956 2412 Portuensi
1009 2350 1293 2425 episcopo,
1353 2357 1408 2409 et
1457 2350 1587 2409 aliis
1640 2350 1888 2419 duobus,

185 2461 431 2521 quorum
482 2444 720 2501 nomina
761 2441 927 2499 nobis
970 2448 1106 2499 nota
1153 2457 1272 2511 non
1317 2446 1474 2509 sunt,
1503 2455 1605 2513 per
1642 2439 1890 2514 speciem

186 2542 485 2595 nocturnae
522 2532 769 2593 visionis
816 2532 1102 2606 apparuit,
1150 2533 1351 2611 eisque
1388 2531 1527 2605 quia
1565 2531 1892 2604 poenalibus

187 2632 329 2685 esset
364 2625 709 2684 constitutus
745 2622 807 2680 in
847 2620 1118 2691 tenebris,
1157 2620 1433 2679 indicavit
1464 2641 1476 2678 ε
1513 2621 1621 2678 hoc
1655 2621 1894 2692 insuper

188 2713 428 2776 addens.
489 2710 739 2784 qualiter
780 2708 844 2767 B.
894 2707 1155 2767 Odilonis
1201 2708 1632 2767 venerabilibus
1673 2707 1895 2766 meritis

191 2818 322 2863 cum
364 2816 616 2876 superna
668 2814 909 2858 censura
950 2798 1190 2856 liberare
1219 2798 1534 2857 decreverit
1569 2814 1603 2855 a
1637 2804 1894 2857 tormen-

195 2894 280 2952 tis.
318 2891 588 2952 Obsecrat
634 2889 829 2964 itaque
862 2903 962 2963 per
1001 2903 1097 2945 eos
1134 2891 1191 2944 et
1235 2886 1533 2946 humiliter
1571 2886 1785 2959 ﬂagitat
1833 2892 1898 2944 ut

192 2984 364 3042 frater
389 2981 517 3056 ejus
547 2979 620 3036 ad
646 2978 950 3052 praefatum
988 2975 1179 3050 unicae
1216 2975 1444 3049 pietatis
1470 2975 1667 3034 virum
1692 2974 1899 3048 agilem

192 3067 536 3144 quantocius
584 3064 952 3124 veredarium
997 3064 1226 3135 dirigat,
1274 3080 1526 3137 eumque
1568 3062 1902 3137 suppliciter

189 3159 516 3223 obsecrans,
565 3170 669 3229 pro
727 3171 787 3213 se
847 3168 1009 3212 orare
1064 3152 1347 3225 deposcat.
1406 3150 1678 3210 Protinus
1746 3151 1899 3209 idem

189 3248 441 3307 Joannes
492 3244 828 3305 Portuensis
884 3244 1205 3317 episcopus,
1269 3243 1622 3300 auctoritatis
1674 3251 1902 3316 aposto-

1968 1908 2303 1965 monasterii
2333 1922 2542 1980 magno
2570 1909 3007 1967 candidatorum
3056 1913 3288 1984 agmine
3326 1918 3679 1991 constipatus

1968 1998 2385 2070 ingrederetur.
2410 1997 2475 2054 In
2518 1998 2835 2072 capitulum
2877 2000 3107 2070 deinde,
3148 2003 3250 2061 ubi
3294 2005 3464 2064 frater
3511 2006 3679 2067 Odilo

1969 2101 2102 2144 cum
2137 2084 2408 2142 fratribus
2448 2086 2751 2156 residebat,
2789 2087 3045 2158 intravit,
3082 2088 3151 2146 ad
3187 2092 3310 2164 ejus
3355 2110 3547 2167 genua
3584 2111 3676 2153 ca-

1970 2180 2072 2247 put
2111 2173 2411 2231 humiliter
2455 2175 2639 2245 ﬂexit,
2673 2177 2864 2251 eique,
2898 2178 3047 2235 sicut
3089 2178 3148 2235 in
3208 2187 3373 2253 gestu
3428 2186 3682 2258 corporis

1968 2263 2292 2331 videbatur,
2327 2262 2538 2335 gratias
2573 2264 2706 2338 egit.
2755 2264 3017 2339 Cumque
3069 2267 3241 2325 frater
3282 2269 3402 2338 ille,
3431 2272 3533 2344 qui
3573 2273 3679 2331 hoe

1971 2353 2033 2410 in
2062 2351 2288 2410 visione
2314 2353 2833 2426 contemplabatur,
2866 2353 3185 2428 inquireret
3222 2357 3491 2429 quisnam
3535 2370 3683 2420 esset

1971 2440 2072 2498 ille
2104 2445 2216 2496 tam
2250 2439 2491 2516 decorus
2529 2457 2595 2499 ac
2632 2441 2905 2515 fulgidus,
2937 2442 3039 2516 qui
3080 2452 3277 2502 sancto
3309 2445 3434 2506 viro
3470 2449 3683 2508 saluta-

1977 2529 2149 2587 tionis
2186 2528 2443 2586 oﬂicium
2471 2514 2804 2599 'exhiberet,
2846 2514 3184 2604 responsum
3218 2541 3302 2595 est
3332 2536 3384 2593 ei
3414 2538 3552 2611 quia
3574 2538 3689 2597 ille

1976 2622 2122 2674 esset
2153 2614 2515 2686 Benedictus,
2548 2632 2795 2675 summae
2828 2619 2978 2677 sedis
3008 2620 3323 2694 episcopus,
3377 2624 3476 2696 qui
3511 2626 3689 2683 nimi-

1976 2721 2107 2764 rum
2159 2704 2368 2762 idcirco
2411 2706 2535 2763 viro
2585 2706 2687 2763 Dei
2722 2707 2934 2779 gratias
2975 2716 3185 2781 ageret,
3218 2712 3354 2784 quia
3404 2713 3516 2786 piis
3565 2716 3691 2790 ejus

1978 2799 2424 2867 sanctorumque
2481 2795 2726 2852 fratrum
2785 2797 3053 2868 precibus
3114 2802 3341 2859 tartarei
3398 2804 3691 2863 cruciatus

1979 2882 2252 2941 evasisset
2309 2883 2632 2952 interitum,
2658 2891 2713 2941 et
2740 2900 2873 2942 cum
2904 2884 3083 2943 beatis
3119 2886 3347 2947 civibus
3381 2891 3691 2963 quieturus

1980 2988 2248 3047 supernae
2279 2972 2644 3032 Hierusalem
2678 2976 2979 3034 meruisset
3008 2977 3356 3050 ingressum.

2052 3064 2117 3121 In
2170 3064 2276 3121 hoc
2326 3064 2475 3122 valet
2522 3064 2746 3140 liquido
2790 3066 3139 3139 deprehendi
3179 3084 3313 3142 quae
3357 3068 3427 3128 de
3470 3071 3693 3130 meritis

1986 3153 2049 3211 B.
2083 3151 2341 3211 Odilonis
2377 3154 2574 3228 opinio
2607 3156 2740 3228 jure
2776 3156 2951 3229 possit
2998 3158 3219 3227 haberi,
3251 3175 3384 3218 cum
3436 3160 3484 3219 is
3530 3163 3696 3221 nimi-

1990 3257 2120 3299 rum
2174 3243 2299 3315 qui,
2348 3244 2518 3316 juxta
2570 3245 2944 3318 privilegium
2998 3248 3325 3320 apostolicae
3376 3250 3693 3324 dignitatis,

3561 368 3666 427 938
3760 390 3777 399 ι

199 3337 323 3397 licaa
379 3336 560 3395 fultus
610 3333 884 3409 epistolis,
923 3333 1142 3391 concito
1193 3331 1375 3405 gradu
1436 3331 1663 3404 Papiam
1719 3347 1903 3404 usque
1985 3332 2174 3389 claves
2219 3331 2493 3389 Ecclesiae
2540 3350 2656 3403 pra?
2693 3338 2914 3391 cunctis
2957 3336 3302 3395 mortalibus
3344 3342 3551 3409 tenuit,
3591 3340 3695 3416 qui

198 3423 481 3501 pervenit.
515 3423 628 3482 Ubi
687 3423 856 3495 longo
898 3427 952 3479 et
998 3420 1371 3479 immoderate
1408 3418 1663 3476 fortassis
1693 3418 1904 3476 accele-
1986 3418 2203 3491 ligandi
2261 3425 2432 3493 atque
2480 3421 2742 3478 solvendi
2796 3421 2948 3478 vires
2996 3426 3394 3494 przeeminenti
3446 3429 3694 3501 quodam

196 3525 321 3577 rato
368 3516 582 3574 fractus
626 3513 850 3583 itinere,
882 3528 983 3584 per
1030 3511 1342 3571 monachos
1382 3508 1633 3567 caanobii
1674 3508 1738 3567 B.
1778 3508 1903 3565 Ma-
1982 3509 2111 3581 jure
2137 3507 2405 3581 possedit,
2442 3508 2499 3565 in
2550 3508 2652 3566 illo
2691 3510 2811 3582 jam
2849 3511 3135 3570 invisibili
3174 3516 3444 3575 examine
3481 3519 3697 3576 consti-

190 3606 295 3680 joli
343 3603 479 3675 (141)
509 3601 837 3676 apostolicae
882 3599 1186 3674 legationis
1232 3597 1476 3671 apochas
1520 3596 1736 3666 dirigit,
1777 3612 1903 3654 om-
1991 3602 2167 3666 tutus,
2204 3611 2319 3653 non
2348 3595 2516 3653 aliter
2555 3613 2729 3671 quam
2775 3599 3038 3670 precibus
3070 3601 3238 3660 istius
3276 3604 3428 3663 vela
3461 3600 3701 3678 peccatis

200 3710 455 3768 nemque
497 3709 596 3767 per
633 3708 731 3751 eos
767 3697 962 3749 sancto
999 3691 1125 3749 viro
1172 3688 1379 3748 seriem
1418 3703 1452 3745 a
1488 3702 1548 3744 se
1587 3691 1905 3759 conspectae
1988 3683 2155 3752 solvi,
2188 3685 2280 3742 vel
2315 3684 2386 3741 de
2417 3687 2630 3759 pcenali
2654 3689 2840 3759 potuit
2868 3688 3152 3763 supplicio
3182 3692 3433 3751 liberari.

209 3784 450 3843 visionis
488 3780 745 3856 exponit.
782 3778 1097 3837 Enimvero
1133 3777 1334 3837 divino
1370 3775 1582 3834 factum
1621 3790 1744 3832 esse
1765 3791 1904 3833 con-
2063 3773 2238 3831 Porro
2277 3781 2468 3833 autem
2519 3773 2661 3831 dum
2714 3776 3024 3848 aliquando
3064 3780 3122 3836 in
3176 3783 3522 3842 monasterio
3578 3799 3700 3843 mo-

199 3879 313 3931 stat
342 3869 679 3946 judicio.ut
716 3883 853 3927 eum
888 3867 1041 3942 apud
1080 3866 1457 3925 Cluniacense
1494 3864 1909 3922 monasterium
1992 3868 2219 3918 raretur
2274 3860 2428 3934 quod
2484 3861 2884 3921 Paterniacum
2947 3866 3088 3934 illi?)
3141 3868 3374 3941 dicitur,
3435 3880 3552 3929 erat
3619 3872 3698 3930 ibi

199 3960 529 4036 apostolicae
597 3957 900 4030 legationis
968 3957 1200 4032 bajulus
1275 3954 1579 4012 inveniret.
1637 3951 1913 4025 Praecepit
1993 3950 2232 4025 quidam
2281 3951 2563 4025 puerulus
2627 3955 2963 4025 monachus,
3032 3956 3268 4016 nomine
3335 3958 3699 4033 Bodulphus,

1212 4080 1543 4140 ANDREfE
1583 4076 1884 4138 CHESNII
1921 4075 2017 4134 ET
2056 4076 2406 4135 ANONYMI
2444 4077 2684 4137 NOTAE.

262 4186 401 4248 (137)
447 4184 733 4238 Decretum
759 4181 862 4233 hoc
901 4181 1279 4233 Cluniacenses
1313 4183 1597 4233 Slalutum
1629 4178 1690 4229 de
1718 4175 1912 4239 (le/un-
1999 4176 2055 4248 Et
2147 4175 2460 4248 Guillelmus
2542 4178 2609 4228 de
2697 4179 2965 4242 Nangiaco
3044 4181 3100 4232 in
3178 4181 3454 4236 Chronicis
3486 4198 3500 4235 :
3530 4184 3704 4239 Ichest

202 4258 307 4310 clis
346 4245 637 4322 appellant,
676 4253 1007 4316 habeturque
1046 4264 1170 4316 pag.
1218 4254 1308 4304 330
1356 4252 1517 4315 hujus
1558 4249 1906 4303 Biblimhecae.
1998 4246 2106 4313 Roy
2136 4248 2224 4322 Ade
2261 4245 2458 4322 France
2504 4249 2674 4322 Pepin
2716 4252 2944 4322 enoinst,
2996 4255 3046 4305 el
3091 4266 3371 4307 couronna
3416 4256 3703 4321 primiera-

206 4318 490 4381 Ducum
1999 4320 2143 4370 ment
2186 4318 2375 4390 Saincl
2425 4320 2679 4383 Boniface
2712 4319 2982 4387 l’Evesque
3015 4323 3077 4374 de
3111 4324 3361 4389 Majance
3407 4318 3513 4390 par
3559 4327 3700 4382 Γαυ-

263 4400 406 4465 (138)
442 4399 603 4460 Ritus,
648 4397 757 4460 qui,
804 4399 864 4449 ut
905 4396 1242 4465 Sigebertusi
1269 4393 1431 4454 addit,
1483 4408 1518 4446 α
1569 4395 1913 4447 monasteriis
1997 4389 2193 4465 thorilé
2221 4390 2283 4440 de
2316 4389 2615 4465 l'Aposlole~
2638 4390 2913 4465 Zacharie.
2951 4396 3050 4445 Sed
3083 4395 3187 4448 hoc
3215 4401 3322 4448 tam
3358 4389 3618 4465 frequens
3646 4404 3702 4452 et

207 4461 577 4522 Cluniacensi:
620 4468 831 4520 ordinis
859 4468 933 4519 ad
959 4468 1161 4520 multas
1198 4464 1458 4517 Ecclesia:
1500 4470 1681 4529 postea
1719 4470 1909 4518 lrans-
1995 4463 2267 4521 usitatum,
2298 4465 2357 4511 ut
2400 4461 2503 4512 alia
2535 4463 2849 4525 probatione
2887 4464 3134 4527 indigere
3170 4480 3279 4519 non
3312 4461 3578 4521 videatur.
3619 4471 3696 4522 in.

199 4542 339 4623 iens,
664 4538 1046 4605 defunctorum
1072 4537 1397 4589 memoriam
1432 4536 1625 4602 ubique
1659 4537 1905 4589 solemni-

199 4625 332 4663 κατ-ι
388 4626 507 4664 eci.
556 4625 606 4663 ι).

197 4625 332 4663 zars
363 4625 507 4664 [εσυ.
534 4625 606 4663 ID.

2058 4533 2191 4596 (141)
2224 4532 2494 4595 Papiensis
2534 4545 2745 4596 nempe,
2778 4538 2921 4598 quod
2952 4537 3121 4599 ipsius
3156 4538 3393 4591 Odilonis
3428 4540 3694 4594 industria

1994 4617 2103 4656 non
2140 4616 2327 4668 parum
2357 4610 2575 4656 auctum
2608 4611 2711 4662 est,
2731 4612 2805 4673 _ut
2849 4610 3048 4659 asserit
3082 4622 3388 4673 anonymus
3423 4611 3699 4665 Silviniaci

251 4660 795 4748 (1'36)"Eenedictum
840 4679 948 4731 Vill
991 4680 1210 4732 nomine
1259 4679 1529 4744 intelligit,
1577 4680 1645 4732 de
1697 4660 2305 4744 quo,etDmonaclius,
2335 4676 2437 4748 qui
2477 4674 2533 4727 S.
2587 4660 2776 4741 Μαίοῖί
2824 4660 3703 4748 nobilissimum-apudﬁi’auiam

197 4747 380 4806 idem'
418 4754 704 4806 Damianus
765 4752 920 4818 epist.
975 4752 1023 4813 9,
1094 4750 1180 4801 lib.
1249 4756 1440 4815 primo,
1499 4754 1553 4802 et
1605 4750 1914 4813 Sigebt'rtus
1997 4750 2172 4800 locum
2194 4747 2444 4813 appellat.
2478 4748 2546 4798 in.

194 4824 254 4876 in
301 4824 596 4888 Chronicis,
643 4824 733 4876 ubi
778 4828 957 4876 tamen
1008 4821 1149 4874 male
1203 4822 1532 4885 Stephanum
1581 4834 1681 4886 pro
1739 4821 1909 4874 Bene—

192 4894 344 4948 dicto
389 4894 644 4960 appellat.
675 4896 911 4947 Joannes
953 4896 1098 4945 enim
1139 4894 1441 4944 Portuensis
1471 4893 1783 4956 epis:opus,
1823 4893 1909 4944 cui

190 4971 320 5029 post
349 4965 555 5017 obitum
588 4966 854 5032 apparuit,
888 4977 998 5016 non
1039 4962 1138 5014 fuit
1167 4961 1339 5013 frater
1369 4963 1656 5026 Stephani;
1677 4966 1775 5014 sed
1809 4963 1907 5014 Be-

190 5036 398 5089 nedicti
431 5036 554 5098 Vill,
589 5040 731 5089 sicut
760 5037 915 5088 docet
948 5034 1201 5084 ltaronius
1237 5033 1304 5083 ad
1339 5046 1537 5084 annum
1568 5033 1706 5083 1024.
1744 5034 1820 5086 ln.

257 5107 400 5171 (140)
431 5108 488 5159 ld
524 5112 606 5160 est
639 5120 796 5172 papa.
822 5109 940 5159 sive
966 5103 1206 5168 pontifex
1242 5103 1527 5155 Romanus.
1567 5108 1761 5155 Auctor
1786 5104 1907 5158 Vi'te

190 5178 373 5230 Caroli
410 5180 598 5243 Magni.
632 5179 723 5230 sed
755 5181 869 5240 post
897 5176 1098 5233 laudes,
1132 5188 1165 5224 a
1192 5174 1390 5225 domno
1438 5175 1727 5236 apostolico
1758 5188 1906 5227 more

199 5248 567 5314 antiquorum
615 5251 928 5313 principum
984 5248 1244 5298 adoratus
1298 5248 1392 5297 est.
1461 5247 1517 5298 Et
1570 5247 1784 5311 Piplnus
1851 5249 1903 5296 in

188 5320 353 5371 (und.
398 5319 610 5385 Figiaci,
660 5321 873 5373 Placuit
928 5318 1095 5371 etiam
1140 5316 1309 5375 nobis,
1362 5321 1410 5368 el
1474 5318 1693 5368 domino
1752 5330 1906 5368 reve-

186 5390 371 5444 renda
407 5393 711 5457 apostolico.
746 5392 891 5444 Unde
924 5391 1054 5443 olim
1092 5388 1451 5453 scriptoribus
1485 5391 1684 5440 nostris
1718 5402 1909 5440 verna-

190 5463 342 5585 (ἑῗέἱὲ
399 5465 633 5529 apostolo
690 5469 736 5517 el
786 5460 1213 5529 aposloile'olim
1256 5459 1432 5511 dictus
1491 5462 1592 5512 est.
1653 5459 1907 5512 Guidonis

338 5546 406 5585 ιε

236 5533 370 5587 iblia
392 5550 406 5587 :

374 5606 657 5658 Devnossre
688 5620 812 5672 pere
844 5604 1127 5670 l’apostoile

383 5677 656 5731 Voulsisse
678 5679 805 5744 qu'il
824 5678 1074 5729 semblast
1103 5677 1335 5729 l’estoile.

506 5785 764 5848 PATROL.
796 5784 1045 5845 CXLIV.

2054 4818 2584 4879 (142))1υιιεετθτίυω
2619 4820 2723 4874 hoc
2755 4822 2821 4873 ab
2862 4821 3150 4875 Adalhelda
3192 4824 3536 4885 imperatrice
3579 4837 3702 4880 con-

1994 4891 2167 4942 ditum
2224 4890 2278 4941 in
2315 4890 2640 4943 Lausanensi
2705 4894 2944 4955 d‘mcesi,
3008 4899 3061 4945 et
3112 4895 3300 4947 Maiolo
3360 4895 3701 4950 Cluniacensi

1994 4960 2190 5020 abbati,
2245 4963 2472 5022 suisque
2523 4966 2934 5016 successoribus
2986 4967 3354 5026 commissum,
3402 4969 3479 5019 uti
3531 4967 3699 5021 refert

1990 5032 2134 5084 idem
2169 5033 2282 5094 ipse
2324 5031 2474 5083 Odilo
2510 5034 2562 5084 in
2603 5035 2713 5085 Vita
2746 5040 2945 5087 sanctae
2986 5035 3292 5088 Adalheidte
3339 5037 3422 5089 his
3474 5038 3691 5091 verbis:

1989 5104 2055 5153 In
2088 5104 2265 5173 patris
2304 5116 2449 5163 vero,
2498 5104 2758 5163 Rodulphi
2798 5107 3039 5158 uidelicet
3081 5106 3406 5160 nobilissimi
3437 5109 3596 5173 regis,
3647 5114 3700 5163 el

1990 5174 2177 5226 damni
2235 5171 2550 5227 Chuonradi
2618 5177 2817 5239 fratris
2882 5190 3064 5242 regno,
3117 5176 3227 5230 loco
3296 5171 3542 5232 videlicet
3598 5183 3698 5232 Pa-

1989 5246 2244 5298 lemiaco.
2282 5245 2371 5296 ubi
2412 5251 2648 5299 matrem
2692 5249 2943 5314 reginam
2997 5250 3247 5301 vocabulo
3310 5249 3532 5303 Berlam
3594 5250 3698 5303 Deo

1989 5315 2050 5366 in
2085 5316 2239 5367 omni
2266 5315 2505 5369 bonitate
2535 5317 2786 5373 devotam
2817 5322 3098 5383 sepultura:
3132 5320 3388 5382 tradidit,
3428 5321 3491 5374 in
3530 5321 3695 5375 hono-

1991 5399 2110 5440 rem
2138 5386 2234 5438 Dei
2265 5384 2563 5440 Genilricis
2576 5393 2969 5445 monasterium
2990 5391 3248 5455 condidit,
3280 5397 3330 5446 el
3359 5392 3702 5446 sanctissimo

1988 5459 2142 5539 patri
2163 5458 3053 5539 _Hajolo,msuisqu.esuccessoribus
3087 5477 3185 5515 sua
3217 5463 3612 5539 muniﬁcenlia,
3649 5469 3698 5518 et

1995 5531 2199 5594 fratris
2231 5529 2320 5580 sui
2376 5529 2689 5602 Cliuonra'di
2735 5535 2874 5599 regis
2903 5540 3160 5599 praecepto
3190 5536 3561 5589 ordinandum
3592 5550 3709 5602 per-

2003 5606 2165 5669 petuo
2189 5602 2473 5653 commisit.
2501 5601 2560 5652 Et
2589 5603 2878 5668 aliquando
2904 5610 3025 5670 post
3049 5624 3059 5657 :
3085 5608 3149 5659 In
3185 5607 3300 5671 ipso
3328 5620 3532 5672 quoque
3560 5610 3706 5661 lem-

1998 5685 2130 5739 pore
2154 5684 2284 5726 mon
2300 5673 2561 5725 ualerium
2593 5674 2981 5730 Paterniacum
3004 5678 3162 5740 adiit,
3184 5678 3329 5744 quod
3359 5680 3483 5745 ipsa
3513 5680 3590 5732 ad
3617 5679 3713 5733 lto-

3348 5783 3419 5843 30
