4118 6460
375 300 482 360 939

841 298 900 357 S.
945 297 1166 356 PETRI
1204 291 1528 353 DAMIANI
1567 291 1724 351 OPP.
1769 289 1962 351 PARS
2002 289 2143 349 SEU
2183 287 2434 349 TOMUS
2473 287 2548 348 II.
2589 320 2657 331 —
2698 287 3150 351 SANCTORUM
3188 290 3410 349 VITIE.

3774 292 3888 352 940

376 439 553 497 quem
578 427 800 481 struma
822 420 1090 497 quaedam
1117 417 1366 491 gutturis
1395 416 1790 473 intumescens
1819 411 2082 485 deturpa-
2101 410 2371 473 Adelicet
2406 427 2540 486 quae
2564 411 2725 470 ablui
2761 411 3121 485 frequentius
3156 411 3438 486 indigent,
3481 413 3715 473 madere
3749 429 3882 489 per-

376 519 538 573 verat
590 527 775 586 usque
825 510 966 568 adeo
1012 514 1076 567 ut
1125 506 1442 565 claritatem
1500 506 1657 564 vocis
1707 504 1975 573 auferret,
2032 506 2087 559 et

379 603 618 676 insuper
679 597 1103 674 quodammodo
1165 597 1489 654 minaretur
1540 594 1693 670 quod
1749 594 1860 653 sibi
1911 593 2084 651 etiam

375 691 687 765 aliquando
722 688 985 747 auditum
1025 686 1403 760 interciperet.
1448 684 1629 754 Quem
1660 683 1727 741 ad
1772 698 1833 741 se
1860 682 1950 739 vir
1983 682 2083 740 Dei

378 798 515 842 vere
558 778 885 839 misericors
931 778 1189 845 advocat,
1217 777 1481 850 palpante
1532 790 1709 832 manu
1748 773 1939 831 locum
1991 778 2081 831 tu-

377 872 556 933 moris
602 874 880 941 attrectat,
914 866 1123 926 deinde
1157 866 1387 939 signum
1430 864 1617 922 crucis
1655 862 1838 936 plagae
1881 868 2082 936 guttu-

378 967 458 1025 ris
505 960 807 1037 imprimit,
838 964 893 1018 et
935 958 1135 1016 divina
1172 958 1437 1031 quaedam
1486 956 1661 1014 verba
1695 953 1911 1022 dicens,
1944 968 2083 1010 mox

378 1054 538 1113 abire
582 1048 879 1126 permittit.
930 1047 1149 1105 Deinde
1196 1046 1413 1104 mirum
1444 1044 1505 1102 in
1536 1043 1794 1113 modum,
1836 1042 1983 1101 sicut
2018 1040 2081 1098 in

376 1143 507 1202 aliis
544 1139 782 1199 morbus
817 1136 937 1206 ille,
977 1140 1280 1209 postquam
1319 1133 1495 1192 semel
1545 1131 1823 1201 oboritur,
1863 1128 1926 1187 in
1959 1129 2083 1186 dies

376 1236 521 1295 solet
547 1247 877 1293 excrescere
908 1234 1207 1301 totumque
1233 1233 1433 1300 guttur
1468 1223 1874 1284 miserabiliter
1910 1238 2081 1281 occu-

372 1341 530 1401 pare,
578 1322 660 1381 sic
702 1321 766 1379 in
805 1319 916 1377 isto
963 1333 1129 1376 versa
1178 1317 1305 1374 vice
1355 1315 1527 1389 cmpit
1568 1330 1641 1371 ex
1686 1320 1823 1371 tunc
1867 1310 2082 1370 sensim

374 1412 631 1491 quotidie
668 1410 1080 1478 detumescere,
1107 1407 1287 1465 donec
1314 1403 1489 1479 pestis
1515 1402 1617 1461 illa
1646 1402 1910 1461 funditus
1945 1416 2082 1491 eva-

372 1488 650 1572 nesceret,
684 1505 738 1556 et
788 1502 986 1572 guttur
1028 1494 1194 1570 pueri
1242 1493 1316 1552 ad
1356 1491 1683 1552 naturalem
1722 1505 1782 1549 se
1834 1488 2081 1562 speciem

372 1608 476 1665 per
501 1588 698 1649 omnia
723 1587 1078 1646 reiormaret.

445 1679 578 1738 Alio
636 1692 870 1752 quoque
916 1680 1170 1747 tempore
1204 1671 1275 1730 de
1313 1669 1658 1729 monasterio
1715 1670 1862 1741 (143)
1924 1667 2081 1742 quod

2167 499 2439 571 mitteret,
2479 516 2614 574 quae
2654 515 2790 559 vero
2829 499 3124 558 madeﬁeri
3164 500 3290 559 sine
3328 501 3541 561 damno
3589 517 3706 562 non
3748 520 3885 577 pos-

2168 599 2324 664 sunt,
2351 608 2385 649 a
2415 597 2679 653 contactu
2705 592 2993 657 ﬂuctuum
3032 592 3320 652 immunia
3348 592 3685 653 custodiret.

2238 681 2303 741 In
2346 683 2546 742 eodem
2585 699 2818 757 quoque
2854 682 3088 743 Jurensi
3127 684 3476 743 monasterio
3517 685 3607 743 vir
3646 686 3885 745 Domini

2166 772 2331 832 Odilo
2367 773 2681 847 aliquando
2717 774 3084 847 constitutus,
3111 774 3323 848 reperit
3361 791 3605 847 puerum
3643 777 3889 836 nomine

2165 864 2486 923 Gerardum
2536 864 2781 924 terribili
2831 864 3062 923 caducae
3119 864 3399 938 passionis
3450 864 3732 939 languore
3777 866 3885 924 de-

2166 960 2410 1013 tentum.
2440 954 2550 1024 Qui
2580 956 2899 1029 saepissime
2937 956 3103 1029 quasi
3142 955 3433 1015 lunaticus
3471 956 3793 1026 corruebat,
3825 964 3887 1015 et

2164 1042 2247 1101 sic
2284 1059 2421 1102 eum
2464 1044 2692 1102 occidui
2732 1042 3031 1117 languoris
3067 1043 3319 1117 impetus
3357 1043 3604 1103 obruere
3637 1060 3885 1107 consue-

2165 1138 2343 1199 verat,
2395 1134 2553 1191 utin
2591 1149 2658 1190 eo
2696 1148 2886 1205 neque
2932 1148 3070 1202 vox,
3116 1147 3304 1206 neque
3347 1132 3648 1203 memoria,
3689 1149 3887 1207 neque

2162 1235 2398 1293 prorsus
2450 1220 2648 1296 aliqua
2694 1221 3094 1280 membrorum
3138 1222 3327 1281 ofﬁcia
3372 1233 3755 1297 remanerent,
3818 1241 3891 1284 ac

2163 1311 2283 1368 fere
2311 1327 2345 1368 a
2378 1317 2606 1370 mortuo
2639 1312 2793 1371 nihil
2827 1311 3081 1371 distaret.
3122 1312 3277 1373 Huic
3312 1313 3488 1374 homo
3516 1316 3622 1374 Dei
3653 1314 3889 1375 miseri-

2163 1401 2412 1460 corditer
2450 1402 2938 1475 condescendens,
2978 1404 3259 1463 fratribus
3291 1412 3357 1464 ut
3392 1422 3494 1481 pro
3529 1422 3598 1466 eo
3633 1406 3738 1466 Dei
3776 1408 3885 1467 de-

2163 1492 2441 1551 mentiam
2491 1493 2870 1568 deprecentur
2913 1495 3191 1569 iniungit,
3224 1495 3349 1570 ipse
3388 1512 3524 1557 vero
3569 1498 3643 1556 ad
3685 1514 3883 1558 sacro-

2162 1586 2427 1640 sanctum
2466 1581 2666 1654 altare,
2704 1582 2945 1642 missam
2983 1583 3398 1657 celebraturus,
3439 1585 3693 1657 accedit;
3723 1602 3885 1660 aeger

2161 1670 2332 1728 etiam
2374 1676 2440 1729 ut
2476 1670 2777 1729 interesset
2812 1671 3137 1731 admonuit.
3180 1671 3286 1731 Cui
3324 1689 3464 1732 mox
3511 1674 3885 1737 eucharistiae

374 1774 459 1827 est
509 1768 572 1825 in
614 1764 847 1824 Jurensi
902 1761 1189 1820 territorio
1242 1759 1643 1829 constitutum,
1706 1760 1795 1817 vir
1848 1759 2433 1840 sanctusBsalutaris
2483 1774 2704 1818 munus
2754 1759 3020 1831 tradidit;
3063 1760 3293 1833 deinde,
3352 1762 3504 1821 sicut
3545 1762 3657 1822 sibi
3696 1766 3884 1824 moris

372 1855 519 1913 413
545 1855 785 1925 exierat,
815 1857 871 1911 et
900 1851 971 1909 ad
1001 1850 1443 1911 Gebennensem
1481 1851 1630 1921 (144)
1651 1850 1858 1908 urbem
1895 1856 2080 1925 empto

372 1948 580 2006 itinere
614 1942 1010 2003 contendebat.
1057 1941 1200 2000 Cum
1248 1943 1441 1999 autem
1481 1940 1552 1997 ad
1591 1939 1901 2012 qnemdam
1939 1955 2080 1998 con-

369 2052 526 2097 cavae
577 2031 982 2108 profunditatis
1035 2030 1283 2089 ﬂuvium
1351 2028 1696 2099 devenisset,
1755 2030 1964 2089 accidit
2015 2037 2084 2089 ut

369 2126 571 2185 mulus
615 2122 721 2196 qui
765 2120 1018 2179 hominis
1065 2118 1168 2177 Dei
1220 2116 1657 2191 supellectilem,
1701 2118 1879 2179 libros
1925 2119 2078 2178 scili-

366 2222 454 2275 cet
510 2229 576 2273 ac
627 2210 931 2279 lectulum,
982 2208 1291 2278 deferebat,
1344 2224 1378 2265 a
1421 2207 1654 2280 publico
1697 2208 1845 2267 vado
1879 2210 2081 2281 procul

364 2305 658 2371 aberrans,
690 2301 753 2357 in
782 2297 1222 2372 profundiorem
1262 2294 1413 2353 alvei
1453 2296 1791 2368 voraginem
1831 2297 2076 2364 caderet,

364 2393 563 2465 sicque
612 2393 865 2462 raptatus
898 2403 931 2443 a
987 2385 1232 2457 gurgite,
1283 2383 1449 2441 nullo
1492 2383 1910 2449 membrorum,
1963 2386 2080 2444 nisi

365 2479 485 2539 solo
523 2477 726 2551 capite,
776 2473 1048 2533 ﬂuctibus
1086 2472 1387 2531 emineret.
1429 2469 1542 2540 Qui
1580 2471 1811 2530 tandem
1850 2488 1882 2530 e
1920 2489 2077 2531 nau-

365 2569 549 2643 fragio
585 2572 905 2642 protractus
942 2563 1228 2634 educitur,
1262 2561 1335 2621 ad
1362 2563 1842 2635 perscrutandum
1876 2570 2074 2623 utrum

362 2676 456 2719 res
507 2665 563 2718 et
618 2657 878 2715 maxime
933 2653 1068 2712 libri
1122 2651 1418 2727 perierint,
1473 2654 1859 2725 desagmatur.
1928 2652 2076 2713 Miro

364 2753 559 2825 itaque
619 2762 887 2821 supernae
941 2743 1388 2818 dispensationis
1444 2742 1668 2813 ordine,
1709 2742 1842 2800 libri
1898 2742 2076 2802 simul

362 2856 499 2900 cum
547 2836 760 2896 lectulo
800 2835 882 2893 ita
929 2851 964 2893 a
1010 2832 1283 2892 ﬂuctibus
1332 2830 1704 2904 reperiuntur
1755 2831 1974 2902 intacti,
2009 2838 2075 2891 ut

362 2945 441 2988 ne
469 2926 632 2985 tenui
658 2924 893 3001 quidem
924 2938 1095 2996 aqua}
1125 2921 1277 2979 stilla
1305 2921 1614 2979 videantur
1637 2920 1873 2993 aspersi.
1906 2921 2072 2980 Man-

362 3019 490 3078 tilia
530 3032 667 3074 vero
704 3014 882 3074 simul
915 3019 971 3071 et
1010 3010 1373 3082 manutergia
1401 3025 1640 3082 prorsus
1683 3009 1946 3082 undique
1980 3026 2070 3068 re-

2162 1856 2305 1922 erat,
2332 1851 2745 1909 sanctiﬁcatam
2797 1867 3011 1925 aquam
3040 1849 3190 1905 414
3240 1866 3374 1913 cum
3422 1852 3489 1912 B.
3537 1852 3732 1928 Majoli
3778 1870 3882 1914 ca-

2163 1940 2274 1999 lice
2309 1941 2661 2014 propinavit.
2692 1941 2809 2000 Nec
2842 1957 3022 2015 mora,
3062 1942 3328 2015 protinus
3350 1958 3384 2000 a
3418 1958 3594 2017 puero
3631 1944 3881 2018 languor

2161 2030 2354 2088 omnis
2405 2029 2698 2101 abscessit,
2758 2029 2917 2089 salus
2964 2035 3156 2104 optata
3202 2031 3487 2105 succedit;
3535 2040 3594 2095 et
3643 2033 3725 2093 sic
3775 2049 3880 2107 per

2163 2118 2371 2175 merita
2412 2118 2568 2177 beati
2614 2118 2728 2177 viri
2778 2119 3028 2178 restituti
3076 2118 3189 2178 sibi
3232 2119 3452 2193 vigoris
3503 2120 3883 2193 incolumitas

2160 2207 2501 2279 permansit.
3410 2248 3413 2255 .
3510 2202 3517 2205 “

2232 2294 2567 2369 Aliquando
2594 2295 2687 2353 vir
2717 2295 2953 2355 Domini
2978 2312 3082 2370 per
3107 2302 3396 2371 praerupta
3409 2296 3749 2365 Jurensium
3771 2298 3879 2357 Al-

2159 2384 2325 2457 pium
2374 2384 2483 2443 iter
2530 2383 2799 2457 habebat,
2824 2394 2880 2445 et
2914 2392 3147 2460 repente
3200 2387 3525 2461 sagmarius
3572 2388 3891 2449 nonnullis.

2159 2467 2432 2534 oneratus
2469 2473 2712 2534 sarcinis
2746 2491 2849 2550 per
2885 2475 3099 2534 montis
3141 2474 3369 2534 devexa
3413 2474 3738 2549 collabitur,
3786 2484 3879 2537 at-

2158 2579 2271 2636 que
2326 2578 2427 2637 per
2480 2578 2680 2637 aspera
2738 2564 2978 2638 rupium
3028 2563 3518 2639 scopulorumque
3553 2566 3879 2640 praecipitia

2157 2666 2345 2725 usque
2381 2652 2454 2710 ad
2490 2653 2662 2712 vallis
2698 2653 2923 2712 inﬁmas
2960 2654 3252 2729 profunda
3297 2662 3578 2730 raptatur.
3619 2656 3878 2719 Ministri

2156 2741 2421 2812 protinus
2452 2743 2511 2800 in
2541 2740 2695 2801 illud
2720 2741 2964 2802 lubricae
2991 2743 3183 2803 ruinae
3209 2744 3600 2817 prmcipitium
3626 2745 3877 2807 descen-

2156 2828 2377 2902 dentes,
2416 2829 2705 2888 nonnulla
2742 2831 2979 2902 quidem
3019 2832 3090 2889 de
3127 2831 3454 2902 sarcinulis,
3483 2847 3618 2903 quas
3654 2834 3877 2906 passim

2156 2914 2413 2988 dispersa
2440 2915 2695 2986 fuerant,
2726 2915 2913 2974 illaesa
2941 2916 3261 2990 reperiunt,
3291 2917 3739 2979 librumtamen
3768 2920 3876 2980 Sa-

2155 3010 2582 3062 cramentorum
2632 3003 2826 3063 aureis
2879 3003 3086 3064 litteris
3133 3012 3456 3079 exaratum,
3482 3023 3619 3066 cum
3670 3009 3876 3070 vitreis

363 3113 525 3183 perta
576 3108 716 3162 sunt
765 3100 1017 3160 madida.
1053 3098 1160 3157 Ubi
1219 3097 1539 3201 notandum
1592 3111 1768 3193 quam
1826 3093 2510 3201 pervigilcquibusdam
2534 3092 2793 3201 Jvasculis
2818 3093 3150 3201 anaglypha
3188 3094 3873 3201 fusilitate-caelatisflde-

365 3182 545 3256 fuerit
585 3209 722 3266 erga
753 3203 989 3249 servum
1028 3201 1202 3246 suum
1238 3184 1439 3243 divina
1471 3182 1764 3258 protectio,
1794 3191 1859 3243 ut
1887 3200 1952 3243 ea
1982 3186 2071 3243 vi-

2158 3200 2281 3242 esse
2309 3183 2556 3257 perpend
2565 3188 2690 3242 unt.
2723 3181 2949 3253 Quibus
2974 3182 3211 3243 interim
3246 3185 3575 3246 recedentes
3612 3187 3874 3261 omissis;

1379 3309 1711 3369 ANDBEIE
1750 3310 2054 3370 CHESNII
2090 3309 2186 3368 ET
2225 3308 2570 3369 ANONYMI
2609 3307 2850 3369 NOT/E.

358 3434 548 3475 norem
572 3418 669 3472 Dei
691 3413 981 3470 Genitricis
1009 3422 1108 3476 pro
1134 3407 1373 3459 remedio
1407 3406 1608 3460 animae
1628 3421 1736 3459 suae
1760 3407 1957 3460 matris
1996 3408 2074 3460 ibi

359 3489 763 3560 requiescentis,
802 3490 921 3560 tam
944 3497 1011 3560 es;
1040 3480 1307 3560 maternis
1319 3479 1490 3560 rebus
1521 3477 1776 3560 nobiliter
1804 3478 2068 3560 condidit.

360 3549 473 3618 lm'o
520 3567 575 3617 et
626 3549 859 3614 Odildnis
911 3554 1117 3608 abbatis
1151 3558 1398 3614 tempore
1444 3549 1801 3603 Patemiacus
1836 3553 1958 3610 iste,
2002 3553 2070 3604 si-

358 3640 449 3689 cut
498 3637 571 3687 ait
619 3629 918 3684 monachus
963 3625 1325 3683 Silviacensis,
1382 3619 1445 3671 ob
1506 3620 1600 3672 Dei
1667 3634 1911 3674 amorem
1962 3620 2067 3673 Ge-

357 3706 574 3760 nitrieis
623 3702 724 3754 sibi
780 3696 1105 3751 delectabilis
1144 3695 1304 3753 locus,
1360 3692 1425 3744 in
1471 3692 1727 3756 aediﬁciis,
1771 3695 1831 3744 in
1875 3706 2070 3756 posses-

356 3778 612 3836 sionibus,
683 3783 733 3827 et
798 3766 1137 3824 ornamentis
1181 3763 1517 3829 amplissime
1562 3763 1826 3818 dilatatus
1875 3764 2065 3817 crevit.

359 3851 641 3904 Ducnssn.

421 3921 560 3987 (143)
612 3919 906 3972 Romanum
949 3909 1338 3987 monasterium
1370 3907 1560 3987 _notari
1613 3908 1863 3987 suspicor
1919 3907 2069 3987 quod

362 3977 642 4057 et'ips'um
687 3985 1013 4057 Lausanensi
1065 3982 1285 4034 dimcesi
1339 3979 1505 4057 situm
1544 3981 1646 4039 est,
1680 3985 1747 4057 et
1792 3977 2066 4057 abAnr-lalj

360 4050 521 4119 heide
575 4058 841 4122 Rodulphi
895 4056 1042 4119 regis
1108 4066 1300 4105 sorore
1353 4051 1582 4103 forsitan
1641 4051 1803 4122 etiam
1862 4050 2071 4103 Odiloni

361 4137 586 4199 suisque
635 4131 691 4181 in
735 4121 1376 4199 Cluniacensicmnobio
1434 4121 1848 4199 successoribus
1881 4132 2062 4199 _com-

361 4190 606 4257 missum.
677 4201 737 4251 In
821 4194 1152 4248 Chartulario
1230 4204 1467 4256 namque
1552 4190 1895 4244 Cluniacensi
1970 4203 2064 4243 re-

363 4276 487 4340 gale
534 4272 869 4340 praeceptum
899 4264 1130 4340 :Aeastat,
1185 4276 1295 4340 quo
1343 4263 1654 4325 Rodulphus
1714 4275 1812 4340 rex
1846 4274 2065 4340 suone-

363 4333 591 4398 steriuin
640 4342 743 4392 hoc
786 4337 1059 4389 Adalheidi
1121 4334 1297 4386 sorori
1352 4345 1468 4384 suae
1511 4336 1784 4385 concessit
1843 4335 1898 4385 in
1958 4333 2069 4385 vita

363 4430 481 4477 sua,
538 4417 591 4466 et
639 4414 700 4463 ut
758 4408 982 4460 haberet
1034 4404 1497 4477 pcatrdecessum
1540 4415 1701 4477 suum
1752 4408 2068 4477 potestatem

364 4475 711 4550 relinquendi
742 4481 1048 4550 cuicunque
1079 4476 1264 4527 vellet.
1300 4475 1555 4550 Praecepit
1585 4478 1741 4527 tenor
1771 4475 1859 4527 hic
1890 4479 2004 4527 est;

863 4550 935 4600 De
959 4548 1199 4600 Romano
1222 4544 1577 4597 monasterio.

429 4628 498 4682 In
524 4624 745 4680 nomine
776 4623 978 4674 sancta:
1005 4622 1054 4671 et
1087 4615 1397 4669 indiuiduae.
1425 4614 1732 4678 Trinitatis,
1767 4615 2075 4681 Rodulphus

366 4701 560 4755 divina
606 4697 826 4762 favente
869 4692 1157 4762 clementia
1193 4688 1489 4762 remACum
1528 4685 1816 4762 conueniat
1866 4688 2076 4762 regiam

366 4756 727 4827 eminentiam
760 4767 822 4817 ut
863 4774 993 4828 erga
1032 4761 1294 4827 subjectos
1325 4758 1616 4822 benignum
1644 4756 1876 4818 prebeat
1907 4760 2076 4811 audi-

367 4851 509 4908 tum,
533 4847 583 4896 et
605 4842 821 4906 justam
857 4835 1175 4908 petitionem
1207 4844 1397 4908 eorum
1425 4829 1499 4881 ad
1526 4832 1767 4908 effectum
1790 4829 2075 4908 perducat,

367 4899 511 4969 decet
549 4899 786 4964 maxime
831 4910 892 4958 ut
935 4906 1028 4971 qui
1076 4902 1484 4970 promptissima
1526 4899 1803 4971 devotione
1852 4900 1913 4951 in
1961 4904 2078 4966 ejus

369 4988 588 5042 servitio
639 4970 951 5040 intendunt,
1007 4974 1389 5027 liberalitatem
1438 4972 1726 5042 clementer
1760 4970 2077 5042 impertiat.

374 5041 445 5114 Ac
471 5071 569 5124 per
588 5055 681 5106 hoc
703 5050 912 5104 noverit
948 5048 1195 5124 omnium
1222 5044 1539 5124 sanctas-Dei
1562 5041 1809 5124 _Ecclesiae
1833 5042 2081 5124 ﬁdelium

374 5113 492 5186 tam
519 5126 1060 5194 presentiumiquam
1098 5115 1340 5194 videlicet
1393 5118 1442 5166 el
1485 5113 2083 5194 futurorumsolertia,

376 5183 644 5268 quoniam
689 5193 903 5268 accessit
944 5189 1017 5241 ad
1060 5187 1424 5268 praesentiam
1446 5183 1851 5268 magnitudinis
1891 5187 2086 5268 nostrae

379 5255 693 5326 dulcissima
726 5279 790 5318 ac
821 5261 1169 5316 dilectissima
1197 5255 1505 5308 Adalheidis
1543 5268 1699 5306 soror
1734 5260 2087 5326 mea.petens

380 5348 430 5396 et
477 5339 812 5408 supplicans,
850 5338 910 5386 ut
969 5329 1249 5408 abbatiam
1294 5326 1528 5408 Romani
1549 5325 1928 5408 “monasterii.
1973 5339 2088 5390 qua

382 5396 692 5465 constructa
722 5405 951 5459 habetur
980 5403 1042 5453 in
1072 5399 1330 5452 honorem
1356 5396 1503 5448 beati
1538 5396 1687 5449 Petri
1726 5396 2089 5460 apostolorum

386 5480 671 5547 principis,
714 5482 765 5532 et
806 5478 883 5529 est
924 5473 1035 5548 sita
1076 5473 1144 5548 in
1179 5468 1449 5548 comit-atu-
1490 5466 1785 5548 lValdense,
1832 5480 1927 5533 per
1959 5480 2091 5548 prta.

385 5538 601 5616 ceptum
630 5538 825 5603 nostra;
852 5545 1048 5612 regalis
1083 5540 1368 5616 dignitatis
1396 5538 1449 5592 ei
1478 5538 1541 5592 in
1572 5540 1692 5616 vita
1718 5550 1820 5616 sua
1847 5538 2092 5616 cenaene.

386 5611 568 5676 remus
618 5625 666 5672 et
715 5623 776 5673 ut
819 5611 1036 5671 haberet
1079 5618 1195 5680 post
1250 5611 1518 5664 decessum
1561 5612 1879 5675 potestatem
1932 5611 2091 5663 relin-

2153 3406 2359 3472 quendi
2416 3405 2715 3471 cuicunque
2775 3407 3008 3460 voluerit
3055 3407 3331 3462 heredum
3377 3422 3619 3463 suorum.
3687 3411 3865 3478 Quam

2152 3480 2471 3542 petitionem
2522 3478 2722 3531 intimo
2773 3493 2841 3531 ea:
2902 3480 3064 3532 corde
3116 3481 3464 3546 suscepimus,
3510 3486 3561 3535 et
3623 3497 3723 3547 per
3773 3496 3873 3536 au-

2153 3551 2483 3613 ctoritatem,
2550 3562 2719 3615 quam
2758 3549 3016 3603 habemus
3061 3552 3438 3615 principalem,
3479 3554 3609 3619 jam
3658 3554 3871 3610 dictam

2153 3620 2432 3673 abbatiam
2495 3621 2802 3674 Romanam
2857 3623 3057 3683 eidem.
3102 3624 3378 3688 largimur
3449 3626 3583 3677 dum
3645 3625 3868 3681 vixerit.

2158 3694 2291 3744 Cum
2356 3695 2545 3745 autem
2610 3694 2746 3744 Deus
2811 3706 2934 3745 eam
2975 3707 3011 3745 a
3074 3707 3297 3758 corpore
3348 3708 3542 3747 uocare
3606 3696 3870 3761 dignatus

2152 3762 2342 3828 fuerit,
2399 3763 2594 3816 habeat
2642 3763 2925 3816 licentiam
2977 3768 3026 3816 et
3070 3776 3288 3818 omnem
3331 3766 3652 3828 facultatem
3697 3766 3868 3819 retin-

2152 3846 2317 3898 quere
2357 3846 2481 3886 eam
2514 3834 2814 3901 cuicunque
2848 3834 3062 3899 elegerit
3102 3836 3167 3888 de
3199 3837 3313 3889 suis
3345 3836 3659 3890 heredibus.
3692 3841 3870 3903 Atque

2150 3908 2213 3957 ut
2265 3904 2372 3957 haec
2419 3910 2609 3959 nostra
2648 3906 2869 3971 largitio
2909 3907 3126 3971 ﬁrmior
3171 3906 3456 3971 habeatur,
3507 3912 3558 3961 et
3602 3922 3706 3974 per
3738 3923 3872 3965 cim-

2151 3981 2239 4029 cta
2287 3975 2478 4028 saecula
2520 3978 2829 4031 inconuulse
2870 3983 3132 4041 servetur,
3194 3992 3365 4032 manu
3412 3983 3605 4032 nostra
3651 3981 3869 4033 subter-

2151 4047 2516 4127 ﬁrmavimus.
2576 4050 2626 4102 et
2674 4048 2739 4101 de
2777 4049 2979 4103 annuli
3023 4049 3201 4102 nostri
3239 4049 3592 4115 impressione
3626 4050 3871 4116 sigillari

2155 4130 2529 4181 precipzmus.
3758 4146 3769 4153 -

2214 4186 2446 4252 Signum
2488 4189 2753 4253 Rodutphi
2784 4190 3021 4254 piissimi
3055 4191 3215 4256 regis.

2214 4258 2574 4333 Berengarius
2623 4265 2876 4314 notarius
2909 4264 2984 4315 ad
3021 4263 3194 4316 vicem
3243 4261 3556 4317 Theodorici
3594 4263 3875 4333 archiepi:

2151 4331 2299 4393 scopi
2322 4334 2371 4383 et
2406 4333 2722 4385 cancellarii
2750 4334 3051 4399 recognovi.

2217 4400 2420 4455 Datum
2449 4416 2505 4455 ιν
2533 4404 2662 4455 Idus
2681 4403 2878 4457 lunias
2914 4418 3062 4457 anno
3089 4404 3411 4469 iOpropitio
3440 4406 3706 4471 Rodutphi
3731 4407 3868 4471 piis.

2153 4471 2283 4526 simi
2323 4474 2464 4537 regis
2514 4476 2559 4537 Ι,
2618 4488 2763 4527 αηηο
2811 4476 2878 4528 ab
2922 4476 3315 4529 Incamatione
3359 4474 3580 4530 Domini
3620 4479 3870 4545 988,.1n-

2086 4521 2136 4581 D
2155 4521 2280 4600 ea;
2314 4521 2407 4598 a7
2416 4521 2608 4597 nam
2620 4521 2905 4597 "tanta
2922 4521 3505 4598 ἶῑέἶᾶιόἦὶἐῐιὲᾉῶζ

2219 4618 2482 4682 Quidquid
2505 4616 2592 4673 sit.
2626 4621 2678 4667 et
2710 4616 2835 4668 data
2863 4618 3118 4679 praecepti
3144 4617 3438 4669 Romanum
3470 4621 3868 4679 monasterium

2157 4690 2266 4742 alio
2289 4701 2451 4754 quam
2485 4686 2723 4737 Odilonis
2756 4689 3005 4749 tempore
3029 4686 3397 4746 Cluniacensis
3422 4689 3654 4742 cmnobii
3676 4705 3865 4745 mem—

2156 4759 2314 4812 brum
2336 4757 2458 4810 ﬂeri
2482 4768 2591 4807 non
2627 4756 2871 4819 potuisse
2901 4756 3251 4819 demonstrat,
3287 4762 3343 4809 et
3370 4770 3674 4826 anonymus
3701 4763 3866 4817 sun.

2159 4831 2302 4882 niaci
2334 4826 2653 4899 monachus
2668 4826 2734 4877 ab
2769 4827 2961 4881 eodem
3006 4826 3126 4893 ipso
3170 4827 3393 4883 Odilone
3423 4831 3806 4899 remdiﬂcatum
3833 4849 3868 4889 θ

2162 4901 2329 4952 fundo
2353 4900 2601 4949 testatur.
2634 4896 2716 4949 ID.
3426 4902 3431 4906 ’

2228 4972 2357 5032 (144)
2408 4969 2470 5020 ln
2525 4982 2633 5033 qua
2673 4970 2894 5035 antiqua
2939 4972 2994 5022 et
3032 4968 3231 5022 nobilis
3278 4974 3450 5025 sancti
3496 4972 3722 5031 Victoris
3765 4987 3870 5027 ec-

2165 5041 2348 5105 clesia,
2396 5054 2516 5104 quae
2567 5046 2619 5092 et
2669 5043 2788 5106 ipsa
2825 5042 2965 5105 juris
3008 5040 3392 5108 Cluniacensis,
3446 5050 3499 5097 et
3550 5040 3617 5096 ab
3676 5046 3872 5099 eodem

2166 5126 2355 5165 rursus
2406 5111 2630 5167 Odilone
2678 5118 2947 5178 reparata,
2998 5113 3141 5167 sicut
3199 5115 3344 5173 idem
3393 5115 3691 5170 monachus
3725 5116 3870 5171 amr-

2165 5188 2291 5236 mat.
2325 5185 2399 5235 lu.

2232 5254 2569 5308 Duchesnius
2601 5253 2734 5324 legit
2774 5256 2842 5307 ad
2894 5252 3225 5309 Genuensem
3275 5258 3483 5321 urbem,
3537 5271 3657 5324 quae
3708 5256 3875 5310 intel-

2169 5327 2264 5391 ligi
2300 5331 2495 5399 potest
2517 5338 2617 5399 pro
2647 5322 2851 5399 Genua,
2885 5340 2981 5381 seu
3020 5331 3206 5381 Ianua
3241 5328 3400 5395 dicta,
3436 5322 3602 5399 vulgo
3637 5325 3875 5399 Genera.

2170 5400 2413 5452 Attamen
2467 5397 2535 5450 de
2597 5398 2934 5451 Gehennensi
3001 5398 3179 5463 urbe,~
3231 5400 3399 5466 vulgo
3467 5396 3719 5459 Gineera,

2172 5482 2482 5523 sermonem
2533 5481 2658 5523 esse
2701 5472 2834 5522 satis
2888 5473 3099 5523 constat
3151 5482 3220 5521 ex
3270 5472 3428 5524 dictis
3483 5482 3517 5524 ι
3570 5470 3879 5537 Habillomq
3936 5516 3939 5519 .

2172 5541 2231 5593 in
2278 5540 2462 5607 Elogio
2503 5541 2675 5594 sancti
2716 5541 2970 5603 Odilonis,
3008 5554 3064 5595 n.
3113 5540 3194 5601 74,
3243 5553 3369 5607 sese,
3412 5554 3680 5608 v1.9.1.
3710 5542 3876 5605 ,ἁμο-

2173 5625 2376 5666 ΝΥΠΠΒ.
