4118 6434
198 251 299 313 941
1614 252 1795 313 VITA
1837 253 1895 313 S.
1936 250 2307 315 ODILONIS.
3607 267 3713 327 942

202 368 525 452 hospitium
556 364 830 465 subeunt,
856 392 1099 465 corpora
1128 378 1278 436 fessa
1300 374 1588 465 reficiunt,
1620 384 1677 436 et
1698 376 2129 439 noctur-A‘rire
2166 386 2488 439 creaturam
2517 396 2683 441 suam
2721 381 2830 441 sub
2870 383 3046 458 hujus
3084 385 3297 444 furoris
3329 386 3558 447 insania
3596 406 3714 450 non

202 482 278 526 no
323 466 577 540 separati
616 463 848 526 silentio
889 463 1258 551 quieverunt.
1299 463 1466 524 Mane
1508 471 1701 525 autem
1758 466 1923 537 iacto,
2005 469 2315 541 permittat.
2350 470 2503 528 Hinc
2531 469 2604 529 ab
2640 472 2900 531 oratione
2928 489 3305 549 consurgens,
3342 476 3412 535 ad
3444 494 3579 537 eum
3609 482 3715 554 qui

203 558 431 643 mature
460 552 784 639 surgentes,
814 555 889 643 ad
925 555 1120 615 locum
1150 554 1321 615 illum
1357 554 1620 615 celeriter
1658 554 1921 628 redeunt,
2004 556 2327 628 patiebatur
2361 559 2599 631 accedit,
2627 576 2779 635 aqua
2809 562 3279 624 sanctiﬁcationis
3321 567 3594 641 aspergit,
3625 552 3713 626 at-

205 652 261 704 et
305 640 602 706 curiOsius
639 640 888 727 quaeque
933 643 1282 704 diverticula
1315 643 1753 718 perlustrantes,
1793 660 1923 704 om-
2002 661 2134 721 que,
2180 654 2245 706 ut
2280 663 2355 707 ex
2393 663 2461 706 ea
2497 646 2673 720 bibat,
2722 649 3017 710 suadendo
3071 652 3385 726 compellit.
3434 654 3547 725 Qui
3601 671 3713 716 non

209 738 306 797 nia
344 754 480 813 quae
507 734 745 813 periisse
783 735 1227 812 suspicabantur
1254 736 1569 796 inveniunt
1600 755 1615 793 :
1660 752 1794 794 vasa
1824 736 1913 794 ni-
2001 735 2185 794 multo
2218 745 2343 810 post
2385 736 2454 796 ad
2496 736 2837 798 Cluniacum
2875 756 3051 800 sanus
3088 748 3143 798 et
3176 740 3490 801 incolumis
3533 745 3714 818 venit,

209 828 430 888 mirum
481 827 667 886 vitrea
713 824 1086 901 reperiuntur
1127 823 1348 894 illaesa;
1384 823 1693 885 deauratus
1747 825 1919 883 etiam

209 916 379 988 liber,
414 932 547 975 cum
593 918 832 1001 tempus
879 908 1098 973 scilicet
1137 911 1511 973 imbriferum
1556 910 1918 972 inhorresce-

209 1013 314 1074 ret,
375 1022 412 1065 a
469 1004 632 1064 nulla
686 1019 924 1079 prorsus
979 1009 1063 1063 est
1132 1001 1467 1075 pluviarum
1538 1001 1920 1061 inundatione

208 1086 524 1161 contactus.
587 1095 683 1156 Sic
719 1096 919 1171 itaque
954 1092 1105 1153 beati
1166 1092 1280 1153 viri
1323 1091 1565 1164 meritis,
1606 1100 1662 1150 et
1704 1091 1921 1157 vitrum

208 1180 991 1275 frangerehpraacepsruina
1031 1197 1156 1275 non
1205 1179 1418 1275 potuit,
1468 1176 1922 1275 et"perfundere

208 1268 465 1334 codicem
486 1268 918 1333 inundantium
944 1269 1228 1330 imbrium
1255 1269 1512 1330 densitas
1538 1268 1846 1344 ignoravit.

2001 822 2178 879 xenia
2205 822 2450 896 piscium
2478 823 2702 898 detulit,
2731 833 2786 884 et
2808 826 2947 899 quia
2959 827 3070 886 sibi
3096 828 3432 902 plenissime
3457 832 3716 891 redditus

2000 918 2169 981 esset,
2199 912 2413 985 gratias
2454 913 2725 985 referens,
2761 914 3056 973 indicavit.

2072 998 2242 1058 Alius
2296 1016 2527 1075 quoque
2578 1002 2745 1062 miles
2810 1004 3122 1063 eilicaciam
3171 1006 3377 1065 edendi
3432 1009 3715 1077 sermonis

2000 1090 2287 1149 amiserat.
2326 1092 2453 1177 ‘Hic
2507 1110 2607 1167 per
2670 1094 2967 1177 visionem;
3003 1097 3337 1156 admonitus
3394 1104 3479 1157 est
3545 1106 3611 1158 ut
3666 1101 3718 1160 si

2001 1194 2214 1252 aquam
2245 1174 2359 1253 qua
2390 1196 2599 1242 manus
2629 1182 2779 1242 beati
2809 1174 3071 1244 Odilouis
3095 1185 3485 1246 abluebantur
3516 1186 3714 1246 hauri-

2004 1268 2107 1338 ret,
2132 1270 2238 1327 hac
2261 1267 2371 1335 sibi
2394 1268 2667 1344 loquendi
2691 1271 2842 1331 vires
2875 1278 2930 1333 et
2953 1274 3184 1333 amissa:
3209 1275 3428 1350 linguze
3455 1274 3713 1336 ofﬁcium

280 1362 509 1425 Nobilis
543 1363 783 1438 quidam
820 1363 932 1436 vir,
968 1361 1111 1421 dum
1135 1360 1349 1435 jaceret
1386 1360 1497 1447 sub
1529 1359 1752 1447 arbore,
1784 1374 1919 1432 par-
2007 1358 2206 1447 procul
2254 1356 2431 1419 dubio
2472 1362 2832 1421 reformaret.
2863 1364 3032 1440 Aqua
3071 1365 3252 1438 igitur
3282 1383 3384 1440 per
3417 1368 3715 1428 ministros

211 1454 392 1537 ticula
430 1454 658 1515 corticis
694 1453 759 1512 in
787 1448 916 1522 ejus
947 1451 1186 1512 oculum
1221 1444 1455 1523 cecidit,
1475 1442 1573 1508 cui
1602 1465 1720 1508 non
1756 1449 1926 1508 modo
2007 1446 2355 1537 iideliirfurto
2394 1449 2738 1525 subripitur,
2766 1451 2947 1511 altera
2982 1454 3155 1514 etiam
3197 1472 3352 1529 aqua
3391 1474 3427 1517 a
3456 1458 3582 1518 viro
3612 1457 3714 1517 Dei

213 1535 417 1627 lumen
442 1538 689 1625 omnino
718 1542 998 1615 turbavit,
1029 1543 1128 1601 sed
1157 1548 1216 1621 et
1252 1540 1501 1627 aliarum
1522 1536 1926 1627 calamitatum
2006 1535 2308 1627 benedicta
2338 1538 2409 1597 de
2435 1538 2613 1598 calice
2642 1541 2826 1600 sancti
2861 1540 3054 1602 Maioli
3096 1550 3258 1605 muto
3287 1546 3713 1607 transmittitur.

214 1622 527 1713 multiplex
564 1622 792 1713 pondus
828 1630 1077 1690 invexit.
1117 1618 1266 1688 Nam
1304 1642 1440 1687 cum
1477 1625 1537 1685 id
1566 1626 1721 1701 quod
1758 1618 1927 1684 oculo
2007 1624 2171 1713 Quasi
2213 1622 2314 1713 ille
2350 1641 2485 1685 cum
2529 1627 2710 1686 nimia
2756 1628 3060 1689 devotione
3095 1632 3435 1706 suscipiens,
3486 1636 3720 1694 mutatis

213 1706 392 1807 semel
436 1706 729 1805 insederat
760 1721 937 1793 nullo
971 1720 1141 1779 modo
1177 1718 1457 1793 potuisset
1491 1717 1724 1794 expelli,
1780 1706 2269 1807 fugitBA'vestibus
2296 1712 2590 1807 ingressus
2627 1716 2951 1790 ecclesiam,
2975 1719 3116 1793 quia
3147 1720 3353 1794 lingua
3393 1736 3511 1781 non
3555 1730 3720 1793 pote-

215 1801 461 1893 somnus
499 1811 573 1870 ab
601 1809 816 1893 oculis;
849 1816 1051 1887 etnon
1082 1808 1254 1867 modo
1275 1809 1397 1883 jam
1437 1807 1612 1868 homo
1642 1822 1760 1865 non
1791 1801 1956 1863 dor-J
2011 1808 2117 1874 rat,
2176 1818 2274 1893 ore
2321 1801 2509 1863 cordis
2558 1804 2791 1877 oravit;
2832 1811 2888 1864 et
2925 1806 3009 1865 sic
3044 1808 3252 1882 poculo
3299 1808 3722 1869 benedictionis

216 1887 399 1972 mire,
436 1900 538 1960 sed
589 1887 885 1983 nec'4‘15
934 1900 1199 1959 ciborum
1249 1898 1490 1973 quidem
1544 1894 1770 1981 valebat
1818 1892 1929 1983 ali-
2010 1887 2258 1983 accepto,
2290 1895 2617 1983 reparatum
2648 1890 2761 1950 sibi
2799 1891 3109 1952 locutionis
3144 1894 3402 1954 ofﬁcium
3446 1912 3719 1971 recogno-

217 1997 412 2048 menm
449 1978 757 2063 percipere.
805 1987 990 2058 Quem
1024 2002 1284 2047 seorsum
1334 1986 1426 2065 yir
1468 1978 1701 2047 sanctus
1745 1978 1926 2045 addu-
2014 1978 2115 2037 vit.
2148 1977 2287 2036 Mox
2315 1978 2488 2036 etiam
2524 1979 2791 2054 expedite
2834 1980 3094 2057 loquens,
3132 1982 3350 2041 mirum
3392 1984 3463 2042 de
3501 2000 3561 2042 se
3592 2001 3722 2058 spe-

212 2077 643 2159 cens,signum
669 2077 782 2137 sibi
808 2068 995 2139 crucis
1024 2064 1345 2157 impressit,
1365 2091 1430 2137 ac
1457 2064 1951 2134 mox'insuﬂlans'
2009 2067 2301 2159 cbiculum
2333 2068 2726 2159 cernentibus
2775 2065 2924 2123 416
2984 2069 3157 2140 dedit,
3210 2077 3268 2129 et
3318 2071 3461 2146 quid
3523 2072 3724 2133 beatus

218 2155 393 2242 super
429 2166 622 2237 locum
660 2165 872 2225 doloris
929 2166 1180 2236 halavit;
1219 2164 1428 2224 deinde
1472 2163 1813 2239 promittens
1869 2178 1929 2221 se
2011 2155 2175 2214 0di10
2201 2155 2355 2231 apud
2386 2156 2575 2216 Deum
2602 2165 2792 2232 posset
2819 2157 3115 2218 evidenter
3146 2161 3421 2220 innotuit.

219 2256 505 2315 salutares
561 2270 663 2330 pro
693 2270 760 2314 eo
802 2254 1064 2314 victimas
1108 2255 1466 2326 oblaturum,
1501 2252 1664 2312 abiit.
1713 2251 1927 2311 Absce-
2081 2246 2365 2308 Praeterea
2396 2263 2532 2308 cum
2571 2251 2660 2309 vir
2698 2250 3047 2310 venerabilis
3082 2252 3236 2325 apud
3274 2252 3586 2327 quamdam
3628 2269 3720 2314 ec-

214 2346 388 2404 dente
438 2345 634 2422 itaque
670 2344 795 2404 viro
844 2344 970 2416 Dei,
1003 2344 1271 2419 protinus
1321 2344 1496 2404 homo
1534 2342 1791 2401 suaviter
1824 2341 1955 2415 ob-,
2010 2340 2249 2400 clesiam
2276 2342 2610 2401 monasterii
2653 2342 2811 2419 quod
2849 2343 3064 2404 dicitur
3098 2344 3282 2403 Vallis
3308 2346 3500 2404 Aurea
3525 2345 3723 2404 cibum

217 2433 538 2493 dormivit:
592 2432 879 2508 evigilans
926 2438 1145 2507 autem,
1192 2424 1535 2507 particulam
1589 2430 1817 2490 corticis
1857 2429 1928 2489 ab
2011 2436 2257 2505 caperet,
2296 2431 2396 2490 sed
2427 2431 2620 2493 locum
2652 2448 2864 2507 magna
2901 2433 3027 2492 vini
3064 2434 3326 2493 laborare
3353 2435 3595 2507 penuria
3633 2434 3725 2492 di-

218 2516 385 2582 oculo
412 2536 533 2580 non
562 2520 1282 2611 sinelanugine‘quadam
1324 2520 1724 2611 projecit,‘et_e
1754 2518 1931 2611 vesti-
2013 2524 2267 2598 dicisset,
2302 2541 2377 2583 ne
2420 2533 2689 2599 gravaret
2732 2530 2970 2588 fratrem
3002 2531 3110 2603 qui
3156 2545 3293 2589 eum
3338 2545 3473 2588 cum
3516 2529 3721 2588 alacri-

217 2611 313 2686 gio
345 2611 535 2695 factus
556 2606 889 2681 incolumis,
922 2608 1149 2669 nullam
1176 2610 1249 2669 de
1276 2614 1484 2670 caetero
1511 2606 1727 2666 doloris
1754 2606 1932 2681 hujus
2015 2618 2127 2671 tate
2148 2620 2496 2687 susceperat,
2525 2615 2721 2673 hocin
2744 2632 3054 2677 commune
3077 2616 3351 2690 prmﬁxit,
3384 2623 3450 2675 ut
3475 2615 3728 2690 quisque

220 2702 548 2762 molestiam
576 2702 776 2762 sensit.
2017 2700 2496 2763 decumbentium
2535 2719 2655 2764 uno
2698 2710 2923 2765 tantum
2968 2707 3184 2781 scypho
3223 2712 3529 2765 contentus
3554 2714 3725 2779 esset,

292 2793 537 2854 Cuidam
576 2793 932 2853 Turonensis
958 2792 1235 2853 Ecclesiae
1272 2790 1480 2849 clerico
1518 2784 1729 2851 lethale
1760 2784 1930 2846 ulcus
2010 2790 2150 2850 solis
2183 2797 2377 2851 autem
2422 2794 2721 2852 monachis
2752 2796 3025 2869 pincerna
3063 2792 3340 2870 poculum
3378 2795 3722 2870 geminaret.

221 2883 282 2942 in
319 2883 559 2947 brachio
604 2883 939 2958 pestilenter
976 2888 1333 2953 excreverat,
1377 2889 1442 2942 ut
1491 2879 1604 2940 sibi
1651 2881 1770 2956 jam
1811 2893 1929 2937 non
2010 2882 2285 2942 Mensura
2337 2888 2529 2942 tamen
2579 2864 2899 2955 exceditur,
2961 2892 3014 2944 et
3062 2864 3257 2960 largus
3290 2864 3725 2946 adubibeiidum

220 2972 521 3050 languoris
546 2973 978 3053 agritudinem,
1003 2974 1103 3034 sed
1135 2974 1323 3048 ipsam
1360 2974 1553 3049 potius
1581 2971 1929 3031 intermina—
2012 2978 2182 3045 potus
2213 2972 2435 3031 cunctis
2467 2973 2841 3048 epulantibus
2869 2975 3201 3035 exhibetur.
3243 2976 3559 3036 Enimvero
3588 2993 3724 3036 cum

222 3070 382 3122 retur
407 3069 464 3162 et
492 3071 755 3162 mortem.
782 3064 1045 3162 Cumque
1070 3064 1281 3162 virIDei
1312 3060 1563 3123 Lucensi
1592 3062 1736 3135 (145)
1767 3069 1928 3122 tene-
1949 3056 2117 3162 clvas
2154 3060 2301 3119 illud
2345 3060 2642 3162 vinarium
2683 3069 2740 3121 et
2777 3079 2967 3122 unum
3008 3064 3294 3124 duntaxat
3340 3080 3466 3124 esse
3504 3072 3562 3124 et
3599 3080 3725 3124 mo-

222 3158 387 3215 retur
443 3153 718 3229 hospitio,
772 3153 989 3213 accedit
1038 3152 1305 3225 clericus,
1351 3159 1407 3211 et
1447 3153 1773 3228 periculum
1818 3147 1994 3212 tam“
2018 3147 2236 3219 dicum,
2269 3163 2385 3207 non
2429 3148 2597 3207 modo
2638 3155 2716 3208 tot
2759 3150 3067 3211 indiscrete
3104 3151 3438 3211 bibentibus
3480 3168 3598 3211 non
3628 3152 3727 3211 de-

222 3242 512 3317 pestil‘eraa
541 3242 884 3305 calamitatis
911 3240 1178 3302 ostendit.
1214 3241 1378 3312 Quod
1414 3240 1515 3300 ille
1544 3243 1711 3316 quasi
1737 3242 1936 3302 videre
2018 3239 2174 3311 fecit,
2204 3239 2303 3297 sed
2351 3245 2406 3297 et
2436 3239 2556 3297 illis
2594 3240 3018 3312 recedentibus,
3049 3242 3266 3316 absque
3301 3242 3423 3301 ulla
3465 3230 3756 3303 diminu-i

225 3332 620 3417 dissimulans,
653 3331 893 3391 latenter
918 3331 1227 3390 brachium
1254 3331 1651 3413 apprehendit,
1686 3331 1936 3389 viviﬁca:
2020 3327 2173 3417 tione
2215 3333 2625 3417 repertumest
2653 3327 2915 3417 plenum,
2956 3334 3023 3387 ut
3063 3345 3165 3402 per
3211 3331 3321 3389 hoc
3365 3331 3732 3391 evidentibus

225 3414 416 3481 crucis
456 3421 827 3496 signaculum
861 3420 1163 3495 imprimit,
1209 3435 1463 3493 eumque
1503 3420 1821 3488 dimittens,
1874 3426 1939 3477 ut
2018 3416 2290 3474 clarescat
2334 3414 2566 3474 indiciis
2620 3415 2758 3491 quia
2811 3416 2901 3473 vir
2950 3416 3187 3474 Domini
3228 3432 3349 3476 non
3397 3425 3620 3478 tantum
3672 3419 3729 3477 id

226 3509 341 3568 sibi
377 3515 543 3569 caute
580 3508 878 3584 provideat
924 3507 1206 3585 praacipit.
1249 3505 1362 3575 Qui
1398 3506 1571 3579 paulo
1608 3514 1753 3580 post,
1789 3507 1930 3565 dum
2013 3505 2168 3580 apud
2195 3504 2383 3564 Deum
2416 3506 2601 3579 potuit
2631 3505 2939 3578 impetrare
2966 3505 3121 3580 quod
3150 3506 3335 3580 petiit,
3367 3508 3466 3566 sed
3495 3515 3552 3566 et
3579 3524 3726 3567 non-

229 3597 422 3658 locum
450 3597 661 3657 ulceris
682 3596 971 3681 curiosius
995 3597 1290 3656 attendere
1314 3595 1557 3681 studuit,
1591 3595 1753 3654 nulla
1781 3612 1935 3669 pror-
2016 3595 2180 3653 nulla
2215 3610 2318 3669 per
2344 3609 2480 3655 eum
2511 3595 2798 3654 virtutum
2828 3595 2995 3668 signa
3018 3595 3301 3657 divinitus
3323 3604 3552 3659 ostensa
3569 3608 3729 3672 sunt,

228 3703 327 3748 sus
357 3684 796 3769 vestigiadeleti
828 3686 1125 3769 languoris
1150 3682 1397 3745 invenit.
1425 3681 1791 3757 Stupeiactus
1820 3682 1934 3756 igi-
2015 3699 2147 3757 quae
2186 3682 2450 3742 nescivit.
2493 3684 2565 3742 Et
2603 3684 2676 3743 de
2706 3685 2890 3761 signis
2929 3686 3167 3759 quidem
3205 3693 3378 3761 atque
3419 3687 3733 3747 virtutibus

232 3783 327 3835 tur
352 3762 613 3836 novitate.
630 3762 925 3846 miraculi,
949 3776 1023 3834 ad
1054 3774 1352 3834 hominem
1378 3773 1480 3832 Dei
1513 3779 1719 3848 praesto
1750 3788 1937 3846 regre-

228 3867 426 3940 ditur;
456 3867 601 3942 quid
637 3867 750 3926 sibi
779 3866 1105 3940 contigerit,
1147 3881 1266 3925 non
1306 3872 1421 3935 tam
1460 3864 1739 3922 relatione
1777 3861 1940 3921 verbi

231 3972 407 4032 quam
428 3956 758 4016 ostensione
783 3956 873 4015 sui
905 3955 1126 4015 brachii
1153 3950 1588 4013 evidentis'sime
1610 3953 1937 4010 conﬁtetur.

230 4045 527 4119 Quod'ille
556 4047 695 4105 satis
726 4046 962 4105 moleste
997 4044 1150 4116 tulit,
1178 4058 1433 4118 eumque
1469 4060 1504 4102 a
1544 4059 1649 4102 suo
1697 4054 1940 4116 conspe-

230 4136 329 4197 ctu
367 4153 503 4197 cum
532 4134 929 4212 indignatione
956 4135 1307 4203 exturbavit.
1352 4135 1497 4195 Nam
1533 4143 1806 4209 tauquam
1838 4149 1939 4192 ve-

232 4225 808 4300 nenaserpentium,
842 4225 926 4284 sic
978 4240 1245 4285 rumores
1298 4223 1610 4283 hominum
1659 4221 1937 4295 fugiebat.

231 4314 541 4374 Asserebat
592 4315 757 4374 enim
793 4314 932 4387 quia
980 4312 1412 4388 quantumlibet
1456 4312 1711 4372 sublime
1759 4313 1939 4370 sancti

2022 3786 2167 3846 quas
2198 3771 2290 3831 vir
2318 3778 2552 3831 sanctus
2580 3772 2774 3844 adhuc
2802 3774 2863 3832 in
2891 3788 3128 3847 corpore
3158 3774 3506 3835 constitutus
3533 3783 3727 3835 osten-

2021 3859 2107 3917 dit
2155 3858 2266 3918 ista
2314 3859 2649 3932 sufﬁciunt;
2716 3877 2873 3920 nunc
2895 3860 2981 3918 “ad
3035 3861 3450 3935 explicandum
3504 3865 3731 3924 felicem

2021 3948 2149 4022 ejus
2176 3946 2426 4019 obitum,
2454 3947 2780 4008 auxiliante
2808 3949 3077 4019 Domino,
3109 3950 3585 4025 propinquemus.

2095 4037 2412 4097 Enimvero
2468 4054 2806 4112 quanquam
2846 4039 3022 4098 homo
3059 4038 3162 4097 Dei
3201 4039 3530 4100 sublimiter
3571 4058 3632 4101 se
3668 4045 3729 4102 in

2022 4123 2428 4198 spiritualibus
2449 4125 2656 4184 studiis
2682 4130 2739 4184 et
2758 4125 2959 4185 divina
2984 4126 3466 4200 contemplatione
3483 4145 3727 4206 suspen-

2020 4213 2188 4286 derit,
2219 4214 2278 4272 in
2316 4229 2551 4288 corpore
2585 4221 2778 4274 tamen
2819 4216 3091 4277 utilitatis
3129 4217 3418 4278 industria
3456 4236 3575 4280 non
3605 4238 3729 4282 me-

2021 4302 2289 4362 diocriter
2337 4302 2640 4362 laboravit.
2693 4304 3039 4365 Monasteria
3085 4307 3305 4367 scilicet
3356 4309 3640 4370 nonnulla
3696 4328 3731 4370 a

229 4402 420 4480 operis
457 4402 774 4465 mdiiicium
810 4416 912 4480 per
939 4402 1106 4464 vanae
1131 4401 1334 4477 gloriae
1368 4402 1560 4463 subito
1596 4401 1813 4461 corruit
1838 4416 1997 4480 ειν-ἢ
2024 4391 2418 4452 fundamentis
2456 4394 2672 4466 erexit;
2707 4393 2821 4452 alia
2868 4395 2955 4452 vel
2985 4392 3108 4467 jam
3141 4397 3441 4467 semiruta,
3478 4399 3569 4458 vel
3605 4401 3729 4459 rui-

228 4493 495 4569 petitum.

298 4583 585 4645 Prmterea
617 4583 788 4643 miles
825 4583 1067 4659 quidam
1104 4587 1223 4641 tam
1267 4579 1476 4641 mentis
1508 4579 1675 4653 inops
1702 4584 1823 4637 erat
1851 4578 1938 4636 ef—

228 4674 436 4746 fectus,
473 4679 543 4734 ut
575 4674 889 4748 postposita
924 4674 1159 4747 penitus
1206 4671 1369 4731 omni
1407 4684 1549 4729 cura
1587 4670 1809 4743 privata
1848 4667 1939 4727 vel

227 4764 479 4840 publica,
536 4778 637 4840 per
685 4765 853 4824 devia
897 4764 1195 4838 solivagus
1249 4767 1305 4822 et
1342 4760 1537 4820 nudus
1573 4766 1806 4829 erraret,
1844 4759 1939 4817 in-

229 4855 487 4917 conditas
521 4870 692 4915 voces
736 4850 1041 4923 emitteret,
1087 4858 1144 4912 et
1186 4858 1463 4924 tanquam
1508 4849 1937 4907 dzemoniacum

229 4959 419 5019 seper
447 4943 766 5005 inordinati
791 4949 989 5017 gestus
1025 4940 1316 4999 insaniam
1355 4938 1677 4997 exhiberet.
1710 4936 1815 4995 Cui
1848 4937 1937 4995 vir

229 5034 463 5093 Domini
495 5037 735 5108 paterna
770 5031 979 5108 pietate
1017 5028 1392 5104 compatiens,
1420 5025 1595 5085 simul
1645 5040 1781 5084 cum
1818 5027 1936 5083 fra—

232 5120 414 5183 tribus
440 5120 574 5182 ante
609 5120 787 5180 altare
833 5119 1016 5179 sancti
1044 5117 1198 5177 Petri
1232 5114 1640 5192 prosternitur,
1673 5112 1937 5173 divinam

228 5210 597 5270 clementiam
636 5226 775 5271 cum
803 5208 1043 5284 psalmis
1078 5211 1134 5267 et
1161 5206 1380 5265 litaniis
1407 5204 1700 5277 implorat,
1741 5208 1806 5262 ut
1826 5208 1937 5276 ‘pe-

1949 4464 2001 4523 D
2025 4496 2162 4542 nam
2199 4482 2342 4542 forte
2371 4464 2676 4555 minantia,
2703 4464 3009 4558 reparavit.
3041 4484 3314 4546 Dilatavit
3340 4464 3457 4545 illis
3486 4489 3725 4561 praedia,

2021 4572 2325 4633 nonnullis
2368 4571 2537 4631 etiam
2601 4571 2853 4645 insignia
2892 4573 3138 4632 contulit
3187 4574 3541 4634 ornamenta.
3587 4576 3729 4648 Quae

2022 4677 2158 4721 vero
2207 4659 2551 4720 monasteria
2588 4675 2738 4719 nova
2787 4660 3129 4732 condiderit,
3174 4663 3394 4735 quibus
3448 4664 3728 4737 parietina

2023 4759 2270 4824 tantum,
2300 4757 2356 4811 et
2384 4758 2533 4810 sarta
2572 4758 2715 4809 tecta
2752 4751 2974 4810 collatis
3001 4752 3332 4826 sumptibus
3362 4754 3723 4813 instaurate-

2025 4843 2119 4917 rit,
2173 4857 2513 4903 enumerare
2568 4856 2669 4914 per
2717 4841 2979 4900 ordinem
3031 4842 3246 4901 idcirco
3304 4845 3724 4919 postponimus,

2018 4949 2095 4992 ne
2165 4931 2496 5007 prolixitale
2558 4929 2693 5005 styli
2746 4929 2985 4990 lacinias
3038 4940 3346 4994 contexere
3398 4934 3725 5005 videamur,

2019 5022 2337 5097 praesertim
2401 5036 2537 5079 cum
2585 5020 2646 5078 in
2716 5019 2856 5093 ipsis
2911 5019 3062 5078 vivis
3109 5022 3380 5096 operibus
3431 5031 3725 5098 gestorum

2019 5110 2196 5170 ﬁdem
2242 5110 2425 5169 multo
2468 5108 2681 5168 clarius
2731 5107 3109 5181 experiantur
3156 5111 3334 5182 oculi,
3376 5127 3550 5185 quam
3601 5114 3724 5172 ullo

2019 5214 2283 5260 sermone
2321 5197 2550 5257 valeant
2586 5194 2827 5256 narrari.
2868 5193 3321 5268 Dispensatiouis
3356 5214 3587 5272 quoque
3622 5217 3721 5274 ge-

1239 5325 1571 5387 ANDREZE
1609 5324 1914 5385 CHESNII
1954 5322 2050 5382 ET
2088 5321 2436 5381 ANONYMI
2476 5320 2719 5381 NOTIE.

290 5432 426 5498 (145)
460 5430 689 5486 Lucensi
736 5431 890 5492 dixit,
944 5429 1091 5499 quod
1135 5424 1329 5499 Glaber
1371 5421 1702 5499 Eodulpbus,
1746 5426 1801 5475 et
1829 5422 1936 5499 alii

2015 5417 2350 5473 Habillonius
2458 5415 2871 5478 intelligendum
2962 5414 3051 5467 hic
3129 5427 3253 5470 esse
3343 5419 3411 5472 de
3504 5421 3726 5475 Lucensi

2014 5491 2150 5616 gbe
2167 5501 2369 5615 ἴω(ιιιειε
2435 5489 2746 5556 respublica
2795 5489 2881 5541 est
2935 5487 2989 5537 in
3041 5486 3263 5553 Etruria,
3322 5492 3489 5556 vulgo
3539 5496 3724 5549 Lucca.

2092 5575 2163 5614 on
2249 5595 2265 5614 .
