4118 6438
385 197 496 254 913
860 194 920 254 S.
963 192 1183 253 PETRI
1220 191 1540 252 DAMlANI
1579 192 1736 253 OPP.
1780 192 1971 251 PARS
2012 188 2153 251 SEU
2192 190 2443 251 TOMUS
2484 192 2559 251 ΙΙ.
2608 226 2672 235 —-
2716 193 3168 256 SANCTORUM
3209 195 3429 258 VITIE.
3791 200 3904 266 944

391 320 567 378 mina
592 318 920 379 moderator
948 317 1216 391 insignis,
1248 324 1303 375 et
1324 318 1384 374 in
1416 317 1659 391 spiritali
1691 316 1880 375 studio
1906 331 2096 374 coram
2123 318 2321 377 Avoce
2383 316 2810 390 promptissima
2865 341 2877 373 :
2945 318 3114 389 Quid,
3174 319 3386 395 inquit,
3447 325 3574 398 agis
3599 368 3614 398 ,
3666 327 3907 391 domine

385 408 611 469 divinis
634 409 938 469 obtutibus
966 405 1146 475 fulsit,
1179 410 1236 464 et
1258 404 1322 463 in
1355 407 1565 464 terreni
1586 405 1797 465 laboris
1818 406 2102 464 industria
2184 404 2389 463 Pater?
2419 406 2490 464 Et
2515 405 2646 464 ille:
2679 406 2854 478 Bene,
2885 407 3080 480 frater,
3102 410 3405 483 etoptime.
3431 412 3719 476 Dominus
3740 420 3905 480 enim

387 514 507 558 non
535 499 900 559 mediocriter
928 495 1138 555 ﬂoruit.
2183 510 2348 554 meus
2395 496 2564 554 Jesus
2601 511 2766 554 servo
2804 511 2909 555 suo
2941 512 3042 570 per
3087 498 3459 574 semetipsum
3502 504 3774 579 dignatus
3816 519 3902 569 est

457 589 633 648 Porro
662 604 796 648 cum
830 587 921 646 vir
956 583 1189 644 Domini
1215 584 1334 657 jam
1364 584 1426 643 in
1456 585 1732 645 extremis
1759 592 1968 661 ageret,
2002 601 2102 659 per
2179 585 2396 656 adesse,
2435 591 2492 643 et
2544 586 2636 644 sui
2683 587 3050 660 prasentiam
3097 590 3544 653 misericorditer
3592 598 3894 661 exhibere.

384 677 866 753 quinquennium
910 675 1031 732 fere
1080 674 1417 747 compulsus
1460 682 1545 731 est
1597 675 1927 748 gravissimi
1980 676 2100 732 lan-
2183 670 2292 730 Sed
2337 673 2397 731 in
2436 673 2560 747 ipsa
2603 689 2747 733 mea
2790 675 3137 734 decessionis
3188 677 3348 749 hora,
3401 680 3466 739 in
3520 681 3624 741 illo
3677 686 3899 747 scilicet

382 766 579 839 guoris
616 763 881 823 molestia
912 761 1177 821 cruciari.
1221 761 1357 820 Mox
1396 762 1591 837 itaque
1628 763 1930 821 beatorum
1969 780 2101 836 apo-

382 853 667 912 stolorum
711 851 916 910 limina
961 850 1193 909 festinat
1227 850 1503 922 invisere,
1542 858 1606 909 ut
1650 851 1816 924 quasi
1864 851 1974 909 sub
2001 866 2097 909 eo-

382 961 515 1004 rum
558 943 824 1019 pedibus,
866 942 915 1001 si
958 942 1068 1000 sibi
1107 942 1344 999 daretur
1375 941 1527 1013 quod
1570 955 1795 1013 semper
1841 941 1903 998 in
1947 941 2095 999 votis

380 1033 682 1101 habuerat,
730 1038 917 1105 posset
959 1047 1032 1089 ex
1074 1031 1181 1088 hoc
1239 1030 1456 1089 mundo
1495 1030 1755 1088 transire.
1798 1030 2097 1088 Verumta-

384 1136 519 1179 men
557 1120 696 1195 quia
734 1137 843 1176 non
880 1125 958 1176 est
986 1123 1046 1175 in
1085 1122 1296 1176 homine
1332 1123 1425 1176 via
1463 1121 1579 1191 ejus
1616 1124 1830 1191 (Jerem.
1868 1124 1952 1192 Χ),
1985 1119 2094 1177 ali-

380 1216 462 1269 ter
508 1208 624 1268 sibi
660 1208 899 1282 contigit
938 1224 1110 1282 quam
1169 1209 1440 1283 speravit.
1493 1209 1601 1267 Per
1640 1217 1890 1282 quatuor
1927 1209 2096 1283 plane

378 1312 607 1356 menses
640 1296 763 1357 illic
805 1298 1148 1372 agritudine
1185 1296 1449 1355 detentus
1491 1296 1748 1371 elanguit
1779 1316 1792 1368 ;
1825 1298 2095 1373 deinceps

376 1396 574 1448 contra
618 1403 778 1462 spem
818 1387 1251 1460 aliquantulum
1288 1385 1711 1458 convalescens,
1744 1387 1815 1444 ad
1867 1389 2093 1462 propria

378 1476 676 1537 remeavit.
721 1475 1068 1535 Cluniacum
1117 1476 1310 1549 itaque
1347 1474 1677 1546 deveniens,
1716 1491 1818 1549 per
1866 1492 2090 1535 annum

374 1565 495 1625 fere
542 1572 694 1624 totus
728 1565 792 1623 in
830 1563 1091 1623 oratione
1129 1563 1471 1637 permansit,
1517 1580 1774 1637 seseque,
1806 1569 2089 1637 quantum

2178 759 2393 831 angulo
2441 762 2795 834 (ostendebat
2845 763 3001 822 enim
3048 766 3213 840 quasi
3267 767 3446 841 digito
3499 770 3712 846 locum)
3771 776 3896 835 vidi

2179 849 2429 923 ﬁguram
2479 851 2791 924 quamdam
2836 859 3055 912 trucem
3097 855 3273 913 nimis
3320 865 3491 931 atque
3549 862 3891 934 terribilem,

2179 953 2313 1027 qua
2354 940 2504 997 mihi
2554 941 2859 1000 teterrima
2902 958 3026 1001 sua
3066 943 3310 1003 visionis
3362 946 3663 1007 horrorem
3715 960 3894 1027 atque

2177 1026 2551 1086 formidinem
2606 1030 2845 1088 tentavit
2899 1030 3194 1103 incutere;
3245 1032 3343 1091 sed
3395 1034 3607 1096 Christi
3659 1026 3893 1100 confor-

2180 1127 2330 1176 tante
2370 1118 2606 1191 virtute,
2640 1120 2801 1179 nulla
2834 1122 2981 1180 mihi
3018 1124 3207 1196 potuit
3243 1124 3615 1186 irffestatione
3657 1144 3889 1189 nocere.

2248 1206 2519 1266 Proxima
2551 1224 2783 1284 quoque
2811 1209 3257 1286 Quadragesima
3285 1214 3644 1289 succedente,
3673 1228 3891 1280 sancta

2174 1313 2241 1355 ac
2287 1299 2634 1356 veneranda
2686 1299 2985 1357 memoria
3042 1300 3390 1361 Laurentius
3436 1303 3600 1374 (148),
3640 1305 3885 1365 Amulli-

2177 1392 2326 1444 tana
2355 1386 2506 1445 sedis
2549 1387 3033 1462 archiepiSCOpus,
3075 1389 3197 1464 qui,
3236 1398 3441 1463 potens
3481 1392 3543 1451 in
3574 1393 3778 1453 litteris
3821 1411 3892 1454 ac

2172 1474 2479 1547 biglossus,
2521 1474 2719 1535 Graec
2756 1485 2990 1534 noverat
3030 1483 3085 1534 et
3123 1477 3346 1551 Latine,
3403 1486 3476 1551 et,
3521 1483 3675 1555 quod
3713 1483 3891 1557 longe

2171 1563 2538 1634 prastantius
2588 1571 2691 1634 est,
2742 1564 3054 1623 laudabilis
3104 1565 3240 1624 vita
3283 1566 3538 1628 claritate
3583 1569 3883 1644 pollebat;

377 1654 659 1727 agritudo
714 1654 992 1727 permisit,
1040 1651 1280 1727 jejuniis
1329 1669 1395 1711 ac
1451 1652 1666 1726 vigiliis
1721 1653 2144 1737 vehementer];
2170 1651 2266 1709 hic
2314 1652 2508 1726 itaque
2560 1659 2696 1711 tunc
2746 1652 2947 1712 Roma
3000 1655 3364 1727 constitutus,
3420 1656 3769 1718 obdormivit
3819 1659 3884 1718 in

376 1741 604 1802 afflixit.
632 1742 897 1801 Decrevit
923 1747 1115 1799 autem
1144 1748 1227 1812 ut,
1260 1746 1572 1815 antequam
1597 1741 1857 1801 debitum
1885 1745 2083 1804 condi-

377 1833 550 1891 tionis
591 1832 868 1891 humana
904 1832 1273 1905 persolveret,
1307 1845 1552 1906 quaque
1591 1835 1937 1893 monasteria
1980 1852 2083 1894 sua

373 1920 723 1980 circumiens
747 1926 959 1980 sancta
996 1920 1406 1978 admonitionis
1433 1920 1622 1979 studio
1648 1922 1924 1983 visitaret.
1960 1925 2084 1983 Ex-

370 2008 660 2084 peditione
698 2008 877 2082 igitur
922 2016 1134 2067 sancta
1172 2009 1348 2082 hujus
1385 2009 1787 2070 adiiicationis
1833 2013 2079 2088 incepta,

374 2098 756 2159 Silviniacum
802 2097 949 2154 417
995 2099 1265 2169 devenit;
1310 2098 1507 2171 ibique
1559 2116 1618 2158 se
1666 2102 1815 2159 circa
1860 2102 2082 2162 festivi-

370 2194 549 2245 tatem
594 2186 916 2246 Dominica
965 2185 1432 2245 Circumcisionis
1467 2201 1540 2244 ex
1582 2188 1798 2247 saculo
1829 2190 1936 2247 hoc
1970 2191 2082 2249 mi-

370 2283 675 2350 graturum
718 2275 1024 2334 manifeste
1058 2274 1225 2332 dixit.
1265 2273 1441 2333 Porro
1477 2282 1670 2333 autem
1697 2292 1828 2334 cum
1858 2279 1981 2352 jam
2019 2278 2081 2337 in

372 2365 575 2440 agonis
625 2370 772 2423 esset
817 2362 1085 2437 angustia
1128 2363 1492 2433 constitutus,
1549 2363 1843 2424 diabolum
1897 2375 2081 2426 astare

370 2454 691 2528 conspexit,
733 2467 985 2526 eumque
1035 2467 1135 2525 per
1166 2467 1378 2511 nomen
1421 2453 1702 2512 tremendi
1738 2453 1977 2526 Judicis,
2019 2462 2083 2515 ut

371 2544 721 2615 abscederet,
757 2541 1089 2601 terribiliter
1116 2541 1451 2617 increpavit.

438 2638 610 2694 Anno
651 2635 847 2709 itaque
891 2631 1211 2690 Dominica
1250 2632 1670 2693 Incarnationis
1720 2635 1856 2695 1048
1907 2635 2075 2709 (146),
2122 2678 2125 2681 ‹

2167 1740 2433 1802 Domino.
2476 1743 2740 1819 Cumque
2782 1744 3025 1803 cadaver
3061 1746 3186 1818 ejus
3228 1747 3427 1805 fuisset
3470 1748 3535 1806 in
3576 1749 3884 1809 ecclesiam

2165 1832 2417 1905 illatum,
2463 1834 2741 1892 honestus
2776 1833 3020 1908 quidam
3058 1833 3324 1906 clericus,
3366 1835 3578 1896 Albam
3617 1839 3882 1911 nomine,

2166 1922 2226 1980 in
2269 1922 2529 1996 ejusdem
2566 1922 2821 1981 ecclesia
2856 1923 3071 1996 angulo
3110 1924 3456 1985 lassabunda
3492 1927 3650 1986 dedit
3694 1941 3885 1986 mem.

2163 2010 2268 2068 bra
2297 2012 2522 2085 sepori;
2555 2027 2806 2086 cumque
2844 2012 3035 2071 subito
3072 2013 3262 2072 adhuc
3288 2029 3435 2087 pene
3470 2015 3737 2090 vigilanti
3790 2017 3886 2075 vir

2162 2099 2362 2158 beatus
2410 2099 2694 2173 apparuit,
2744 2099 2797 2157 ei
2850 2115 2988 2158 mox
3038 2100 3282 2160 clericus
3334 2102 3577 2162 intulit:
3635 2103 3886 2163 Domine

2163 2188 2264 2258 mi,
2321 2187 2553 2262 quando
2596 2188 2730 2259 huc,
2771 2194 2827 2246 et
2881 2204 2985 2247 cur
3020 2190 3361 2249 advenisti?
3399 2193 3487 2250 Ad
3527 2192 3882 2264 charissimi,

2163 2278 2376 2350 inquit,
2416 2279 2559 2337 olim
2607 2279 2779 2337 amici
2819 2280 2935 2338 mei
2986 2279 3210 2339 domini
3248 2280 3549 2341 Laurentii
3593 2283 3886 2357 pontiﬁcis

2163 2368 2474 2443 exsequias
2503 2369 2674 2442 veni;
2714 2370 2928 2444 quibus
2967 2371 3228 2444 expletis,
3278 2380 3591 2448 antequam
3620 2380 3675 2431 te
3714 2375 3879 2436 vide-

2161 2472 2283 2514 rem
2327 2458 2585 2515 recedere
2625 2458 2804 2516 nolui.
2846 2458 2913 2515 Et
2955 2458 3047 2517 his
3084 2458 3273 2529 dictis,
3323 2460 3539 2533 species
3579 2461 3878 2537 loquentis

2161 2544 2416 2603 evanuit.
2457 2543 2604 2601 418
2642 2545 2747 2605 Vir
2780 2546 2977 2624 itaque
3016 2546 3273 2619 Domini,
3327 2551 3464 2624 quia
3503 2559 3652 2609 recte
3694 2553 3876 2627 vixit,

2162 2635 2403 2693 feliciter
2449 2636 2631 2707 obiit;
2672 2644 2727 2694 et
2767 2638 2903 2711 quia
2937 2637 3117 2695 vitam
3156 2638 3486 2698 mirabilem
3519 2641 3878 2715 duxit,jure

370 2725 556 2784 atatis
616 2733 809 2783 autem
880 2738 1001 2782 sua
1051 2721 1141 2792 87,
1203 2722 1582 2781 ordinationis
1651 2726 1824 2782 etiam
1867 2723 1955 2794 56,
2011 2741 2079 2783 ea
2160 2726 2459 2786 miraculis
2510 2728 2853 2786 coruscavit.
2907 2726 3041 2784 Vita
3084 2728 3300 2803 quippe
3337 2729 3486 2787 beati
3531 2731 3713 2805 hujus
3762 2733 3877 2791 viri

371 2822 535 2874 nocte
573 2828 712 2887 qua
750 2810 1066 2870 Dominica
1114 2811 1572 2869 circumcisionis
1603 2813 1885 2871 solemnia
1922 2828 2077 2887 pra-
2161 2817 2317 2874 velut
2347 2831 2522 2874 aurea
2553 2815 2749 2873 tabula
2779 2823 2884 2885 est,
2913 2815 3007 2872 cui
3037 2816 3203 2888 quasi
3235 2817 3570 2889 margaritas
3592 2819 3873 2891 quasdam

366 2901 620 2969 cedebat,
670 2898 942 2959 salutaris
996 2899 1359 2957 eucharistia
1401 2907 1756 2957 sacramenta
1806 2900 2073 2974 percepit,
2156 2922 2223 2963 ac
2299 2920 2558 2979 gemmas
2628 2904 2949 2976 infigimus,
3001 2902 3145 2961 dum
3222 2905 3398 2977 gestis
3468 2904 3595 2979 ejus
3638 2907 3880 2968 interlu-

365 2993 565 3066 sicque
614 2990 846 3050 beatum
882 2989 998 3049 Deo
1039 2989 1308 3063 spiritum
1350 2989 1615 3047 reddidit.
1666 2990 1844 3049 Paulo
1881 2999 2071 3049 autem
2094 2995 2345 3070 ncentia
2398 2995 2683 3051 virtutum
2719 2992 2999 3052 miracula
3036 2993 3466 3068 permiscemus.
3499 2995 3669 3070 Apud
3707 2998 3876 3070 cujus

362 3087 509 3156 post,
557 3080 761 3139 eadem
819 3078 1034 3137 scilicet
1084 3084 1271 3148 nocte,
1319 3093 1455 3135 cum
1501 3078 1652 3135 beati
1703 3079 1810 3136 viri
1863 3078 2550 3151 corpus“venerabilem
2603 3083 2901 3141 tumulum
2957 3082 3342 3141 nihilominus
3395 3082 3591 3143 adhuc
3633 3083 3876 3144 rutilant

359 3173 419 3230 in
482 3169 781 3229 ecclesiam
844 3170 965 3243 jam
1025 3169 1228 3226 fuisset
1272 3167 1548 3239 delatum,
1594 3170 1766 3226 frater
1811 3170 2070 3244 quidam,
2156 3187 2306 3230 nova
2335 3171 2502 3245 signa
2532 3170 2840 3243 virtutum,
2870 3186 3002 3246 qua
3039 3171 3322 3229 nimirum
3355 3187 3473 3230 non
3498 3172 3591 3230 his
3617 3172 3874 3232 inserere

361 3258 675 3332 Gregorius
724 3257 979 3327 nomine,
1042 3257 1324 3316 Juveneta
1390 3258 1551 3329 [forte
1604 3255 1872 3326 Venetus]
1934 3258 2072 3329 (147)
2155 3260 2520 3334 superﬂuum
2558 3259 2855 3331 ducimus,
2885 3276 3019 3319 cum
3044 3276 3147 3334 per
3176 3259 3322 3318 alios
3351 3260 3614 3334 apicibus
3639 3270 3873 3320 exarata

362 3348 615 3418 natione,
667 3353 890 3405 natura
925 3344 1202 3417 simplicis
1237 3351 1288 3401 et
1347 3343 1672 3403 innocentis
1712 3345 1864 3415 vita,
1906 3361 2072 3405 exse-
2157 3366 2485 3411 cernamus.
2531 3351 2879 3425 Legentium
2922 3351 3102 3426 igitur
3148 3350 3319 3411 tadio
3359 3353 3745 3426 consulentes,
3778 3353 3874 3412 his

364 3437 635 3511 quiarum
715 3434 1060 3495 funebrium
1141 3434 1481 3494 lassitudine
1545 3444 1958 3510 pragravatus,
2007 3437 2067 3495 in
2151 3440 2403 3499 contenti
2463 3455 2691 3510 sumus,
2741 3456 2876 3514 qua
2926 3439 3214 3499 succincta
3261 3440 3540 3499 brevitate
3591 3442 3870 3516 perstrin-

359 3525 559 3583 eadem
615 3523 757 3583 cella
820 3525 882 3580 in
959 3537 1073 3596 qua
1143 3529 1373 3580 sanctus
1450 3522 1690 3594 obierat,
1768 3526 2068 3598 propr-ium
2108 3530 2370 3601 -ximus,
2414 3528 2485 3587 ad
2535 3530 2819 3588 honorem
2854 3536 2909 3588 et
2942 3529 3186 3603 gloriam
3239 3529 3637 3603 Redemptoris
3687 3531 3872 3590 nostri

359 3620 608 3672 stratum
656 3612 840 3687 petiit,
886 3610 947 3668 in
995 3625 1110 3683 quo
1161 3626 1221 3668 se
1272 3610 1602 3684 projiciens,
1648 3612 1900 3670 dormire
1940 3621 2067 3671 ten-
2150 3619 2287 3679 Jesu
2333 3619 2573 3691 Christi,
2623 3621 2727 3693 qui
2774 3619 3063 3679 cum'Deo
3111 3619 3277 3677 Patre
3316 3625 3372 3678 et
3414 3618 3633 3694 Spiritu
3672 3630 3873 3681 sancto

359 3705 519 3763 tavit.
556 3703 672 3763 Sed
703 3703 952 3761 necdum
984 3700 1156 3775 plane
1202 3703 1487 3761 resolutus
1518 3703 1580 3761 in
1612 3719 1905 3777 somnum,
1940 3706 2068 3765 bea-
2151 3707 2299 3765 vivit
2324 3714 2380 3764 et
2404 3706 2682 3781 gloriatur
2712 3706 2772 3764 in
2813 3708 3028 3768 sacula
3068 3705 3437 3768 saculorum.
3469 3709 3657 3768 Amen
3696 3707 3869 3780 (149).

357 3802 480 3856 tum
536 3795 841 3855 Odilonem
889 3793 1000 3853 sibi
1051 3793 1203 3852 videt
1245 3800 1546 3854 astantem.
1590 3797 1679 3854 Ad
1719 3813 1890 3871 quem
1930 3814 2069 3857 mox

1371 3919 1699 3979 ANDREE
1739 3921 2042 3982 CHESNII
2080 3919 2175 3980 ET
2215 3916 2564 3978 ANONYMI
2604 3917 2844 3978 nom}.
2938 3886 2943 3899 ’

418 4019 559 4085 (146)
587 4019 660 4071 Ab
690 4017 926 4072 Jotsaldo
953 4019 1004 4069 S.
1030 4016 1270 4070 Odilonis
1303 4017 1481 4071 obitus
1516 4021 1583 4073 ad
1620 4026 1939 4084 s.queutem
1968 4032 2068 4073 an-
2216 4019 2351 4082 (149)
2374 4019 2646 4070 Fusiorem
2679 4019 2726 4070 8.
2755 4016 2993 4070 Odilonis
3025 4015 3193 4069 Vitam
3221 4016 3287 4068 ab
3314 4017 3558 4071 Jotsaldo
3584 4016 3720 4084 (non
3761 4018 3868 4073 Lo-

357 4103 485 4143 num
515 4091 609 4142 949
647 4091 986 4155 producitur.
1014 4092 1264 4142 ANONYM.
2002 4146 2013 4153 _
2153 4089 2301 4142 taldo
2353 4092 2409 4140 ut
2452 4101 2742 4153 perperam
2783 4087 3055 4146 nonnulli)
3103 4087 3436 4141 Cluniacensi
3487 4088 3754 4142 monacho
3798 4102 3865 4141 ac

422 4163 550 4221 (147)
579 4161 913 4212 Mabillonius
944 4161 999 4211 in
1048 4161 1158 4211 Vita
1190 4162 1239 4211 S.
1280 4161 1521 4214 Odilonis
1556 4161 1624 4214 ab
1666 4161 1901 4215 Jotsaldo
1940 4175 2066 4215 con-
2157 4161 2439 4224 ipsiusmet
2499 4160 2735 4212 Odilonis
2792 4157 3059 4224 discipulo
3110 4160 3472 4225 conscriptam
3527 4159 3749 4212 videant
3805 4159 3865 4212 111

359 4233 564 4295 scripta
598 4230 800 4294 profert
835 4230 1086 4283 Ninivita
1122 4231 1362 4291 natione,
1392 4238 1446 4283 et
1480 4235 1533 4284 in
1573 4234 1962 4297 manuscriptis
1999 4234 2076 4284 le.
2156 4232 2249 4297 qui
2281 4230 2523 4295 ejusdem
2573 4232 2747 4283 sancti
2802 4234 2954 4295 gesta
3002 4229 3246 4283 ediscere
3292 4232 3532 4294 cupiunt.
3574 4230 3722 4284 Hauc
3758 4232 3861 4284 Jo-

359 4304 507 4366 gitur
542 4299 819 4364 Nineuitu,
847 4312 1210 4364 quanquama
1248 4302 1507 4355 Bollando
1546 4305 1762 4366 legatur
1793 4307 2070 4355 Juveneta.
2156 4302 2315 4355 tsaldi
2361 4303 2415 4354 S.
2476 4303 2657 4355 Petrus
2703 4303 2960 4363 Damiani,
3011 4300 3260 4355 hortante
3305 4302 3532 4366 Hugoue
3570 4301 3765 4357 abbate
3809 4307 3868 4356 et

360 4375 443 4425 An
486 4386 522 4425 α
571 4371 793 4430 Ninivia,
839 4372 912 4422 ait
947 4371 1300 4432 Mabitlonius,
1346 4371 1618 4426 Flandria
1666 4375 1862 4438 oppido
1897 4376 2204 4438 mediohs.
2245 4374 2484 4427 Odilonis
2526 4386 2864 4434 successore,
2899 4374 2958 4425 in
2985 4374 3366 4438 compendium
3405 4373 3640 4426 reddidit
3678 4385 3866 4438 super.

359 4422 515 4496 ait;
573 4422 855 4495 amcam
928 4444 977 4494 et
1016 4422 1019 4423 ί
1057 4422 1875 4499 amaram“magiam
1901 4422 3638 4508 "iis:Din;“agatissaieéuias;ﬁ;maidens"
3678 4422 3866 4496 Βῖὄιῑό-

360 4514 532 4567 stensi
547 4514 574 4562 7
605 4513 680 4564 In.
2148 4518 2361 4570 thecam
2443 4518 2854 4569 Cluniacensem
2936 4514 3035 4565 ub
3120 4515 3377 4577 auonymi
3458 4513 3865 4568 Silviniacensls

425 4588 557 4647 (148)
590 4583 1065 4648 Archiepiscopum
1095 4585 1158 4636 de
1189 4585 1380 4638 Malsia
1415 4592 1573 4640 vocat
1604 4589 1952 4641 Martinianus
1977 4602 2065 4642 co-
2151 4589 2388 4646 nomine,
2446 4592 2500 4639 et
2577 4587 2863 4638 Bollandus
2918 4583 3018 4635 sub
3085 4583 3257 4635 altero
3323 4583 3568 4643 Lotsaldl,
3631 4584 3863 4651 hujusce

360 4656 466 4709 dex
495 4658 578 4708 his
617 4655 1136 4719 verbis:Frequcns
1164 4656 1335 4710 etiam
1367 4658 1756 4711 monachorum
1785 4660 2069 4712 etderico-
2151 4659 2275 4710 Vita
2326 4659 2689 4722 fragmentum
2754 4655 2995 4708 edidere.
3067 4652 3273 4707 Verum
3334 4653 3677 4708 Mabillonius
3738 4669 3861 4710 eam

358 4741 485 4779 rum
532 4732 698 4792 grata
740 4726 1005 4790 visitatio,
1041 4727 1187 4778 inter
1238 4740 1365 4793 quos
1405 4731 1595 4794 saepius
1645 4744 1767 4782 eum
1806 4732 2066 4785 revisebat
2152 4732 2417 4792 intigram
2493 4727 2734 4790 vulgavit
2811 4739 2927 4790 par.
3030 4737 3091 4786 ιι,
3187 4737 3312 4778 sae.
3406 4738 3461 4776 vi
3538 4727 3649 4779 Act.
3737 4726 3858 4779 0rd.

360 4798 592 4871 donatus
632 4798 961 4871 Laurentius
1004 4797 1436 4871 archiepiscopus
1477 4802 1541 4851 de
1582 4800 1790 4863 Malsia,
1835 4801 1924 4852 vir
1969 4815 2068 4864 per
2151 4802 2211 4855 S.
2263 4797 2457 4871 Bened.
2509 4798 2759 4863 notisque
2800 4797 3136 4871 illustravit,_
3168 4808 3231 4849 ac
3260 4797 3567 4871 _speciat_im
3622 4796 3859 4871 elogium

360 4869 551 4937 omnia
601 4868 997 4927 sanctissimus,
1053 4870 1117 4921 in
1175 4869 1463 4936 scripturis
1514 4871 1799 4937 atriusque
1852 4872 2060 4935 linguae,
2147 4884 2245 4923 seu
2329 4869 2510 4930 potius
2593 4869 3037 4920 commentarium
3109 4869 3177 4920 de
3256 4868 3304 4918 8.
3382 4867 3604 4922 Odilone
3679 4867 3857 4922 eidem

366 4936 552 4993 Grecae
605 4941 851 4993 uidelicet
902 4943 955 4992 et
1010 4938 1225 5001 Latinas,
1286 4936 1741 5006 facundissimus;
1794 4943 1900 4993 nisi
1959 4956 2063 5006 po-
2145 4940 2405 5005 prafecit,
2502 4939 2596 4992 ubi
2696 4938 2931 5004 plurima
3015 4941 3083 4991 ad
3169 4938 3551 4993 illustrandum
3612 4940 3858 5003 ejusdem

363 5012 472 5064 tius
530 5013 597 5063 de
660 5010 841 5076 Malﬂa
904 5009 1214 5073 legendum.
1273 5013 1362 5064 Est
1429 5019 1608 5066 autem
1672 5012 1883 5063 Amalﬂs
1973 5014 2062 5065 vel
2143 5012 2345 5070 sancti,
2437 5013 2491 5063 et
2593 5010 2965 5064 Cluniacensis
3057 5011 3496 5076 congregationis
3580 5009 3860 5063 historiam

367 5083 684 5137 Amalﬂtana
737 5084 898 5135 sedes
927 5082 979 5132 in
1017 5096 1190 5148 regno
1234 5085 1613 5148 Neapolitano;
1650 5085 1813 5147 vulgo
1845 5082 2063 5150 Amat/8.
2140 5082 2700 5135 accommodatissima
2800 5081 3065 5145 singulari
3163 5082 3469 5135 eruditione
3559 5081 3855 5134 contexuit.

364 5155 641 5209 Ducnssu.
2144 5157 2390 5208 Arvorum.
