4118 6440
185 368 291 424 9-15

1654 364 1834 424 VITA
1876 366 1935 426 S.
1978 363 2243 425 MAURI.

3598 363 3701 424 946

1292 745 1577 861 VITA
1665 742 2094 860 SANCTI
2193 743 2589 857 MAURI

549 994 847 1045 EPISCOPI
903 994 1285 1045 C(ESENATIS
1340 996 1429 1043 ET
1480 994 1954 1059 GONFESSORIS,
2008 994 2091 1040 EX
2143 994 2395 1041 0RDINE
2448 993 2506 1041 S.
2565 990 2919 1060 BENEDIGTl
2969 991 3321 1040 ASSUMPTI.

1793 1136 1893 1216 (2O
1932 1134 2093 1215 Jan.)

1340 1321 1508 1386 Cum
1530 1322 1703 1385 notis
1727 1321 2015 1385 Joannis
2043 1318 2354 1385 Bollandi
2381 1319 2454 1383 S.
2484 1320 2543 1383 J.

1732 1517 2146 1533 ———-—

257 1756 569 1831 Cupientes
612 1752 834 1829 aliquid
876 1753 1126 1812 scribere
1155 1753 1227 1812 ad
1268 1752 1513 1826 gloriam
1566 1750 1669 1809 Dei
1714 1751 1896 1809 nostri

184 1845 254 1904 de
298 1844 365 1903 B.
422 1842 625 1902 Mauro
684 1841 972 1914 pontiﬁce,
1035 1840 1120 1900 sic
1196 1842 1528 1901 auditorum
1611 1837 1897 1897 desiderio

183 1933 511 1993 satisfacere
561 1931 847 2005 cupimus,
900 1935 967 1988 ut
1036 1930 1208 2004 juxta
1282 1930 1519 2003 digestae
1602 1928 1899 1988 relationis

185 2023 443 2093 modum,
503 2022 727 2082 veritati
780 2037 884 2095 per
935 2021 1134 2080 omnia
1185 2021 1579 2081 consulamus.
1637 2019 1901 2079 Contem-

184 2110 417 2169 nendus
452 2110 665 2184 quippe
714 2109 991 2183 pincerna
1032 2114 1119 2168 est
1164 2109 1286 2182 qui,
1330 2109 1474 2167 dum
1508 2107 1631 2165 vini
1679 2108 1902 2181 copiam

177 2201 370 2272 iactat,
414 2199 617 2257 faecem
651 2212 885 2271 quoque
922 2197 1219 2269 punienda
1259 2196 1579 2254 temeritate
1614 2196 1899 2269 propinat.

183 2290 490 2365 Improbus
537 2289 796 2364 opipator
854 2298 980 2362 est,
1037 2291 1143 2364 qui
1204 2295 1359 2349 tanta
1412 2289 1726 2348 ambitione
1772 2290 1905 2348 aliis

183 2377 522 2436 convivium
580 2385 883 2451 praeparat,
936 2387 1000 2436 ut
1056 2366 1118 2437 in
1176 2379 1548 2452 semetipsum
1598 2378 1901 2439 aestuantis

183 2465 355 2524 famis
400 2465 740 2524 incendium
782 2466 992 2524 saevire
1036 2467 1345 2539 permittat.
1393 2466 1761 2525 Temerarius
1808 2466 1898 2524 ni-

184 2553 510 2612 hilominus
564 2560 827 2612 narrator
854 2561 938 2612 est
973 2555 1096 2629 qui,
1128 2556 1269 2613 dum
1309 2555 1549 2614 laudum
1595 2553 1898 2627 praeconiis

182 2639 325 2698 alios
363 2639 644 2698 extollere
682 2639 909 2710 nititur,
937 2641 1060 2715 ipse
1101 2642 1283 2715 mergi
1320 2642 1379 2700 in
1429 2641 1693 2700 falsitatis
1738 2643 1896 2701 bara-

184 2730 380 2788 thrum
432 2744 546 2786 non
588 2734 837 2785 veretur.
868 2728 1149 2787 Nonnulli
1198 2729 1358 2786 enim
1399 2728 1515 2786 Deo
1565 2743 1625 2785 se
1673 2727 1897 2787 deferre

182 2816 541 2885 existimant,
592 2815 664 2885 si,
715 2815 787 2873 ad
836 2816 1145 2874 deferenda
1194 2815 1383 2875 laudis
1443 2816 1569 2888 ejus
1617 2814 1890 2888 insignia,

187 2904 450 2963 falsitatis
521 2910 866 2976 argumenta
934 2910 1323 2978 componant;
1378 2904 1481 2977 qui
1521 2904 1799 2962 nimirum
1843 2902 1891 2961 si

1911 1666 2235 1727 Amateriaa
2288 1664 2646 1725 abundantia
2691 1665 2961 1739 suppetit,
3015 1663 3139 1738 ipsa
3193 1663 3331 1738 styli
3383 1663 3693 1738 prolixitas

1978 1754 2243 1827 prohibet
2271 1754 2333 1812 in
2359 1753 2907 1812 talibusimmorari.
2933 1752 3041 1811 Hic
3060 1758 3282 1823 autem,
3314 1752 3415 1811 ubi
3442 1752 3517 1811 de
3539 1752 3690 1811 beati

1982 1842 2095 1901 viri
2122 1842 2434 1902 virtutibus
2462 1858 2642 1916 pauca
2664 1858 2800 1917 quae
2829 1841 3003 1900 scribi
3028 1841 3274 1900 debeant
3302 1846 3513 1913 praesto
3535 1846 3690 1913 sunt,

1985 1931 2189 1991 Utilius
2240 1932 2589 1991 arbitramur
2658 1932 2729 1989 ad
2799 1930 3241 1989 aedificationem
3300 1929 3689 1999 audientium,

1983 2020 2056 2077 ad
2085 2035 2261 2093 quam
2309 2021 2499 2080 omnis
2545 2019 2924 2079 ecclesiastica
2973 2016 3220 2078 intendit
3276 2017 3593 2093 Scriptura,
3627 2018 3689 2076 in

1986 2109 2266 2183 prooemio
2335 2102 2531 2167 contra
2588 2108 2959 2167 mendacium
3029 2105 3298 2175 scribere,
3363 2120 3538 2181 quam
3587 2122 3690 2181 pro

1986 2198 2339 2257 narrationis
2370 2198 2565 2272 inopia
2601 2198 2786 2272 ipsam
2815 2196 3117 2256 historiam
3145 2195 3588 2255 mendaciorum
3618 2197 3690 2254 ﬁ-

1988 2286 2163 2345 nibus
2191 2286 2491 2360 protelare.

2054 2376 2261 2449 Igitur,
2292 2392 2427 2450 quas
2456 2377 2527 2436 de
2553 2376 2672 2435 vita
2696 2375 2786 2434 vel
2818 2373 3114 2433 miraculis
3153 2374 3217 2433 B.
3255 2374 3444 2433 Mauri
3472 2374 3543 2432 ad
3581 2389 3686 2434 no-

1982 2474 2158 2526 stram
2185 2467 2449 2525 notitiam
2474 2466 2779 2540 pervenire
2804 2469 3135 2538 potuerunt,
3156 2463 3327 2537 juxta
3355 2463 3510 2538 quod
3539 2478 3688 2538 quo-

1980 2554 2247 2612 rumdam
2273 2554 2694 2612 monachorum
2726 2566 2843 2609 non
2878 2550 3122 2610 omnino
3153 2549 3687 2623 contemptibilium

1980 2646 2261 2718 conjicere
2300 2643 2626 2702 narratione
2655 2641 2972 2716 potuimus,
3005 2639 3272 2699 ﬁdelibus
3299 2639 3514 2699 Christi
3542 2637 3688 2698 lide-

1978 2737 2108 2796 liter
2140 2737 2501 2796 intimamus.

2536 2819 2778 2879 CAPUT
2808 2816 3125 2877 PRIMUM.

2290 2916 2347 2972 S.
2380 2913 2567 2971 Mauri
2595 2912 2957 2982 episcOpatus.
2987 2911 3051 2964 In
3088 2924 3145 2965 eo
3170 2912 3350 2977 gesta.

182 2995 397 3087 egregii
453 2993 843 3087 praedicatoris
886 2994 1100 3087 verba
1128 2995 1849 3087 diligenter-“attenderem
1874 3026 1957 3087 ,Β
2048 3000 2130 3060 Eo
2165 3001 2359 3076 itaque
2404 3005 2659 3072 tempore
2703 3012 2840 3056 cum
2881 2995 3075 3075 adhuc
3119 2994 3398 3087 ,flomana-
3428 2991 3683 3052 Ecclesia

184 3084 315 3143 talia
364 3098 483 3141 non
531 3083 834 3141 sentirent.
866 3081 963 3140 Ait
1008 3082 1166 3139 enim
1210 3082 1570 3142 Corinthiis:
1606 3087 1670 3142 Si
1714 3090 1893 3140 autem

183 3179 430 3234 Christus
480 3193 589 3232 non
644 3177 965 3239 resurrexit,
1013 3177 1200 3231 inanis
1257 3192 1381 3245 ergo
1436 3181 1514 3232 est
1573 3179 1893 3249 pradicatio

182 3269 398 3329 nostra,
427 3280 571 3320 vana
620 3268 698 3319 est
723 3264 858 3334 ﬁdes
886 3268 1104 3329 vestra;
1132 3265 1441 3319 invenimur
1470 3269 1650 3319 autem
1679 3271 1731 3319 et
1756 3266 1896 3332 falsi

182 3358 339 3410 testes
388 3356 508 3417 Dei,
570 3354 828 3424 quoniam
899 3355 1265 3413 testimonium
1324 3354 1570 3408 ducimus
1632 3354 1894 3409 adversus

182 3445 369 3506 Deum,
426 3442 575 3512 quod
626 3444 973 3497 suscitaverit
1026 3442 1320 3504 Christum.
1368 3458 1525 3512 quem
1575 3438 1722 3495 419
1786 3458 1894 3497 non

180 3532 470 3587 suscitavit
508 3533 556 3598 (Ι
583 3532 700 3589 Cor.
732 3528 859 3600 xv).
898 3526 1232 3586 Secundum
1269 3528 1397 3585 haec
1425 3542 1559 3600 ergo
1583 3527 1890 3600 apostolica

182 3617 357 3676 verba
395 3618 581 3675 falsus
614 3614 770 3674 testis
802 3616 919 3675 Deo
946 3618 1151 3675 merito
1189 3616 1400 3675 dicitur
1425 3616 1548 3690 qui,
1579 3616 1888 3676 indiscrete

183 3722 315 3766 eum
362 3708 604 3780 cupiens
641 3706 895 3778 laudare,
948 3708 1260 3777 mentitur;
1304 3716 1358 3766 et
1385 3707 1664 3765 adversus
1703 3707 1887 3766 Deum

183 3795 380 3869 procul
405 3795 583 3855 dubio
613 3795 874 3868 perhibet
917 3797 1307 3855 testimonium
1348 3796 1615 3870 quisquis
1659 3797 1723 3854 in
1760 3797 1888 3870 ejus

180 3883 349 3943 laude
387 3900 657 3958 perversa
695 3884 934 3943 molitur
981 3891 1101 3943 arte
1147 3891 1560 3943 commentum.
1609 3884 1887 3958 PrOpheta

181 3988 411 4048 quoque
468 3971 802 4031 terribiliter
852 3973 1106 4039 intonat,
1156 3973 1354 4031 dicens
1405 3995 1417 4029 :
1474 3975 1655 4030 Odisti
1705 3991 1886 4030 omnes

180 4066 277 4132 qui
317 4066 614 4134 operantur
658 4063 1029 4133 iniquitatem,
1062 4063 1259 4133 perdes
1300 4079 1384 4118 eos
1428 4065 1540 4133 ~qui
1590 4064 1887 4133 loquuntur

178 4151 518 4206 mendacium
561 4152 728 4220 (Psal.
782 4150 859 4219 ν).
909 4149 1197 4208 Nimirum
1240 4149 1541 4208 manifeste
1591 4149 1886 4207 declarans

1976 3089 2283 3164 spatiosius
2308 3088 2495 3148 multo
2522 3103 2697 3164 quam
2730 3100 2890 3145 nunc
2924 3080 3355 3159 possessionum
3379 3082 3512 3155 jura
3550 3097 3685 3156 pro-

1979 3176 2256 3248 tenderet,
2310 3181 2368 3234 et
2431 3175 2583 3233 inter
2654 3179 2856 3232 caetera
2918 3169 3207 3231 Caesenate
3280 3167 3453 3227 etiam
3527 3167 3685 3244 oppi-

1975 3268 2120 3327 dum
2152 3266 2297 3336 (150)
2333 3266 2667 3340 possideret,
2707 3263 2946 3336 contigit
2979 3268 3043 3321 ut
3077 3261 3275 3319 eadem
3310 3260 3547 3320 Caesena
3576 3275 3683 3320 suo

1973 3356 2301 3430 privaretur
2324 3354 2607 3427 episcopo.
2639 3353 2903 3424 Cumque
2930 3349 3229 3408 Romanus
3249 3348 3512 3422 pontifex
3542 3349 3680 3415 ll5l)

1974 3449 2234 3502 cerneret
2269 3448 2537 3514 nepotem
2575 3456 2769 3508 suum,
2814 3441 3045 3498 beatum
3082 3435 3356 3495 videlicet
3384 3435 3678 3505 Maurum,

1974 3533 2262 3589 virtutum
2299 3529 2575 3602 gradibus
2608 3528 2675 3587 ad
2708 3528 2822 3586 alta
2848 3525 3253 3597 conscendere,
3284 3529 3340 3582 et
3368 3523 3429 3582 in
3464 3529 3678 3583 sanctae

1973 3619 2427 3680 conversationis
2479 3620 2671 3678 studio
2724 3633 2842 3677 non
2899 3616 3155 3691 segniter
3208 3612 3453 3688 vigilare
3505 3613 3676 3684 (15‘2),

1972 3726 2294 3780 congruum
2328 3708 2499 3768 duxit
2535 3713 2599 3767 ut
2637 3707 2807 3765 talem
2831 3705 3025 3765 virum
3057 3704 3128 3762 ad
3158 3700 3523 3762 sacerdotalis
3552 3699 3677 3761 oﬂi-

1969 3799 2042 3857 cii
2099 3798 2321 3872 apicem
2369 3802 2751 3872 promoveret,
2805 3799 3093 3868 quatenus
3137 3791 3374 3852 lucerna
3430 3789 3678 3864 Spiritus

1969 3887 2149 3947 sancti
2180 3902 2299 3945 non
2338 3886 2447 3945 sub
2489 3884 2677 3944 modio
2718 3883 3093 3951 delitesceret,
3122 3880 3243 3951 sed,
3272 3895 3448 3954 super
3475 3877 3679 3938 cande-

1968 3974 2195 4033 labrum
2244 3973 2446 4048 posita,
2486 3988 2688 4032 omnes
2725 3971 2826 4047 qui
2871 3971 2933 4028 in
2969 3969 3139 4028 domo
3185 3967 3289 4027 Dei
3327 3972 3465 4026 sunt
3502 3982 3680 4026 sacrae

1967 4064 2242 4123 doctrinae
2274 4063 2450 4122 radiis
2476 4062 2809 4121 illustraret.
2841 4059 2989 4132 Quid
3019 4059 3185 4133 plura
3207 4059 3234 4114 ?
3260 4057 3519 4116 Tandem
3548 4057 3679 4116 bea-

1970 4159 2059 4212 tus
2114 4152 2355 4211 Maurus
2399 4150 2706 4209 Caesenatis
2764 4147 3035 4209 Ecclesiae
3085 4146 3438 4217 cathedram,
3477 4145 3681 4205 divina

179 4242 334 4315 quia,
364 4242 513 4301 sicut
537 4242 728 4300 levius
764 4249 849 4300 est
883 4242 1043 4300 odire
1082 4259 1257 4316 quam
1295 4243 1553 4316 perdere,
1594 4242 1673 4300 ita
1709 4242 1883 4302 etiam
1966 4240 2326 4315 providentia
2375 4239 2716 4313 disponente
2739 4284 2754 4309 ,
2795 4237 3063 4312 suscepit.
3099 4235 3315 4295 Idcirco
3353 4241 3543 4294 autem
3586 4235 3679 4294 vel

182 4330 537 4389 tolerabilius
574 4337 659 4389 est
696 4330 1067 4404 iniquitatem
1099 4348 1173 4390 ex
1212 4332 1553 4409 infirmitate
1592 4333 1882 4405 perﬁcere,
1912 4329 2117 4409 “regis
2144 4330 2246 4404 qui
2284 4335 2425 4387 tunc
2463 4328 2801 4402 imperabat,
2834 4333 2933 4385 aut
2970 4324 3154 4400 ipsius
3197 4324 3490 4399 apostolici
3531 4321 3677 4380 420

178 4436 352 4494 quam
380 4434 455 4479 ex
482 4420 674 4478 studio
700 4419 1003 4478 mendacia
1028 4420 1330 4479 fabricare.
1910 4414 2233 4494 upraesulis
2292 4418 2388 4475 hic
2436 4418 2803 4492 interponere
2873 4415 3111 4474 nomina
3176 4414 3675 4488 praetermisimus,

257 4508 405 4566 Hinc
425 4510 681 4582 estquod
701 4524 800 4581 per
816 4507 1127 4567 Jeremiam
1152 4510 1222 4568 de
1247 4511 1622 4570 mendacibus
1638 4511 1847 4570 dicitur
1869 4530 1879 4568 :
1966 4507 2103 4582 quia
2131 4522 2263 4565 cum
2293 4506 2435 4579 ipsis
2471 4506 2572 4580 qui
2603 4505 2767 4564 nobis
2796 4502 3021 4578 reliqua
3050 4503 3285 4574 dictant,
3319 4503 3444 4561 haec
3467 4501 3680 4576 pariter

176 4603 480 4656 nocuerunt
526 4600 744 4667 linguas
792 4614 922 4654 suas
975 4601 1127 4669 loqui
1172 4600 1543 4668 mendacium;
1585 4606 1646 4655 ut
1698 4602 1886 4671 inique
1965 4596 2323 4671 ignoramus.
2381 4594 2599 4654 Eorum
2659 4608 2915 4668 namque
2963 4590 3242 4651 vocabula
3298 4591 3361 4649 in
3419 4589 3679 4664 antiquis

177 4693 397 4757 agerent
446 4688 831 4743 laboraverunt
876 4690 1144 4756 (Jer.1x).
1192 4686 1301 4757 Qui
1350 4688 1510 4745 enim
1561 4687 1884 4760 simplicem
1966 4689 2200 4766 quidem
2251 4687 2422 4746 tomis
2477 4686 2629 4757 (153)
2680 4702 2739 4743 se
2789 4684 3005 4743 vidisse
3056 4687 3529 4753 commemorant,
3580 4681 3679 4741 sed

180 4777 481 4836 veritatem
535 4777 688 4836 ultro
729 4776 978 4835 oblatam
1048 4777 1300 4851 proferre
1375 4778 1538 4838 facile
1601 4785 1880 4852 poterant,
1966 4797 2099 4841 cum
2125 4780 2327 4840 civitas
2353 4786 2486 4839 ante
2518 4782 2639 4838 haec
2676 4776 2928 4837 ﬂammis
2966 4777 3174 4836 fuisset
3207 4779 3436 4847 exusta,
3464 4786 3676 4832 monu-

178 4871 460 4937 satagunt,
498 4873 564 4924 ut
605 4864 904 4923 mendacia
945 4881 1078 4923 cum
1127 4866 1319 4924 labore
1358 4865 1709 4939 conﬁngant.
1751 4866 1880 4937 Hic,
1968 4879 2160 4931 menta
2193 4886 2422 4945 quoque
2454 4868 2754 4944 perhibent
2789 4867 2965 4926 simul
2994 4866 3172 4926 fuisse
3209 4868 3569 4937 consumpta.

178 4952 225 5012 si
252 4953 386 5029 quis
416 4969 522 5012 nos
549 4953 739 5027 longas
774 4953 1131 5027 praefationis
1171 4955 1315 5013 forte
1354 4956 1678 5029 redarguat,
1709 4963 1884 5030 atque

179 5039 231 5097 id
262 5041 416 5114 quod
445 5042 506 5100 in
541 5041 1006 5101 Machabaeorum
1050 5041 1199 5100 libro
1241 5041 1521 5114 scriptum
1559 5050 1643 5102 est
1686 5051 1881 5102 auste-

176 5148 272 5193 rus
323 5148 527 5192 censor
584 5140 831 5208 opponat
886 5150 899 5189 :
952 5135 1194 5192 Stultum
1250 5140 1347 5198 est,
1406 5134 1701 5208 inquiens,
1757 5144 1885 5195 ante

178 5225 459 5280 historiam
512 5227 760 5295 efﬂuere,
818 5228 877 5281 in
934 5228 1059 5297 ipsa
1109 5230 1289 5280 autem
1348 5227 1579 5281 historia
1638 5231 1884 5296 succingi

178 5315 250 5381 (H
297 5316 551 5373 Machab.
586 5321 647 5388 II)
677 5333 692 5387 ;
735 5314 884 5373 hanc
922 5313 1219 5373 reddimus
1254 5313 1554 5386 rationem,
1591 5316 1748 5391 quia,
1780 5316 1883 5375 ubi

2037 4960 2185 5019 Cum
2218 4958 2397 5033 igitur
2434 4956 2525 5015 vir
2564 4955 2796 5016 Domini
2846 4954 3086 5015 Maurus
3130 4961 3244 5014 tam
3287 4953 3489 5014 arduas
3521 4966 3678 5012 cum

1966 5048 2077 5106 sibi
2134 5047 2526 5123 conspexisset
2578 5062 2728 5105 onus
2775 5044 3131 5119 impositum,
3187 5044 3335 5104 sicut
3386 5044 3458 5102 de
3516 5043 3680 5102 beato

1969 5136 2149 5198 Paulo
2201 5138 2410 5212 legitur
2460 5138 2610 5205 (Gal.
2660 5142 2724 5207 ι),
2770 5149 3138 5211 nequaquam
3181 5133 3473 5209 acquievit
3515 5132 3677 5192 carni

1966 5235 2023 5285 et
2063 5226 2356 5299 sanguini,
2388 5225 2486 5284 sed
2523 5225 2694 5299 coepit
2721 5241 2780 5283 se
2829 5223 2890 5282 in
2933 5222 3151 5282 divinis
3183 5221 3475 5296 obsequiis
3518 5226 3674 5279 tanto

1967 5317 2397 5390 vigilantiorem
2453 5316 2707 5389 reddere,
2765 5320 2981 5390 quanto
3025 5313 3137 5373 sibi
3185 5319 3424 5373 noverat
3487 5318 3544 5371 et
3596 5313 3677 5370 tot

1547 5436 1600 5496 J.
1639 5435 2021 5497 BOLLANDI
2060 5435 2296 5497 NOTAE.

237 5533 375 5600 (150)
470 5533 704 5587 Leander
784 5533 1071 5586 Albertus:
1113 5534 1401 5588 Casenates
1502 5535 1875 5599 Langobardo-

176 5615 302 5659 rum
324 5606 651 5668 temporibus
669 5606 731 5658 in
757 5606 863 5672 ﬁde
890 5605 1039 5658 urbis
1076 5608 1249 5659 Romae
1284 5610 1596 5659 constanter
1617 5606 1826 5658 haesere.

234 5676 372 5743 (l51)
397 5675 673 5731 Joannem
700 5676 775 5729 IV
806 5677 951 5732 hunc
979 5677 1149 5731 fuisse
1178 5679 1341 5732 tradit
1362 5678 1656 5732 Ferrarius.

1977 5608 2024 5657 Η
2039 5536 2175 5601 (152)
2195 5535 2480 5589 Menardus
2503 5535 2629 5589 hinc
2650 5537 2881 5602 probare
2900 5541 3141 5601 conatur,
3167 5535 3488 5591 monachum
3504 5534 3675 5592 fuisse

2027 5620 2247 5657 aurum.

2027 5620 2247 5659 aurum.

1982 5723 1995 5736 .
2033 5677 2170 5744 (153)
2206 5679 2344 5742 Sun,
2369 5677 2663 5732 codicibus.
