4118 6436
385 300 492 363 947

854 303 915 364 S.
957 303 1181 364 PETRI
1217 304 1539 364 DAMIANI
1579 306 1737 366 OPP.
1779 305 1972 367 PARS
2013 305 2154 367 SEU
2191 303 2444 365 TOMUS
2481 304 2557 364 II.
2600 335 2667 347 —
2707 299 3163 364 SANCTORUM
3202 299 3425 361 VITIE.

3789 303 3899 366 948

386 429 750 489 subditorum
796 428 1111 488 custodiam
1168 429 1494 487 imminere.
1534 430 1902 503 Perpendens
1940 429 2283 490 nam—Ased
2338 429 2416 487 ita
2465 434 2587 487 erat
2630 441 2887 501 congruo
2933 432 3126 484 tenore
3165 425 3225 483 in
3274 425 3527 500 quodam
3569 427 3899 489 meditullio

388 532 505 590 que
551 515 689 592 quia
731 532 824 575 ars
868 523 955 575 est
994 517 1207 577 artium
1260 516 1516 591 regimen
1563 519 1916 591 animarum,
1957 532 2102 576 con-

389 623 601 683 gruum
634 606 925 681 judicabat
956 623 1063 667 nec
1103 610 1467 667 internorum
1504 624 1703 668 curam
1742 610 2100 669 exteriorum

389 699 759 772 occupatione
797 701 1083 773 minuere,
1123 716 1229 759 nec
1268 717 1473 760 rursus
1507 702 1864 760 exteriorum
1903 702 2100 776 provi-

386 785 640 844 dentiam
668 788 1026 847 internorum
1056 788 1451 848 sollicitudine
1478 790 1744 849 funditus
1768 790 2094 849 declinare:

387 890 460 932 ne
490 875 756 934 videlicet
782 883 882 935 aut
910 877 1296 936 exterioribus
1325 877 1572 949 deditus,
1601 878 1674 936 ab
1712 878 1937 937 intimis
1971 894 2099 938 om-

389 962 530 1021 nino
588 971 899 1027 corrueret,
956 971 1058 1023 aut
1112 965 1251 1025 solis
1325 965 1702 1025 interioribus
1767 973 2099 1040 occupatus,

388 1070 522 1128 quae
546 1054 686 1114 foris
722 1055 966 1115 debebat
1000 1056 1303 1131 proximis,
1346 1056 1735 1129 negligentius
1777 1056 2097 1117 exhiberet.

462 1146 626 1219 Saepe
658 1161 909 1221 namque
941 1147 1236 1217 nonnulli,
1266 1146 1429 1205 velut
1452 1145 1615 1205 obliti
1642 1146 1797 1219 quod
1826 1146 2104 1206 fratribus

388 1237 720 1295 animarum
771 1253 945 1296 causa
993 1236 1215 1311 praelati
1266 1243 1424 1306 sunt,
1456 1242 1613 1295 tanto
1655 1236 1845 1295 cordis
1888 1237 2101 1296 annisu

388 1314 767 1386 saecularibus
796 1329 952 1386 curis
979 1328 1331 1397 inserviunt,
1361 1326 1514 1400 quod
1544 1326 1669 1398 has,
1700 1341 1836 1384 cum
1862 1324 2097 1397 adsunt,

386 1432 448 1474 se
475 1432 645 1489 agere
681 1416 1019 1476 exsultant:
1052 1417 1123 1475 ad
1164 1417 1267 1474 bas
1305 1418 1502 1487 etiam,
1540 1431 1678 1475 cum
1717 1415 1943 1487 desunt,
1980 1423 2100 1474 tur-

384 1504 643 1564 bulentis
680 1505 1093 1578 cogitationum
1131 1504 1369 1563 a'stibus
1405 1503 1701 1562 anhelant.
1735 1504 1998 1579 Cumque
2027 1503 2101 1562 ab

383 1593 499 1664 his,
530 1598 789 1652 cessante
826 1594 1063 1652 forsitan
1103 1594 1545 1668 opportunitate,
1573 1591 1754 1666 quieti
1788 1600 1943 1666 sunt,
1977 1593 2100 1669 ipsa

385 1679 640 1740 deterius
687 1680 792 1741 sua
841 1683 1035 1756 quiete
1070 1683 1405 1756 fatigantur.
1448 1681 1809 1756 Voluptatem
1849 1699 2099 1758 namque

2180 518 2552 589 constitutus,
2602 522 2668 577 ut
2703 523 2762 574 et
2795 531 2968 589 super
3004 530 3065 573 se
3103 514 3306 588 positis
3341 514 3586 573 liberam
3629 516 3896 577 visenda;

2181 605 2358 665 totius
2403 620 2549 679 pene
2581 604 2845 664 dimcesis
2887 603 3220 662 facultatem
3271 602 3565 674 tribueret,
3596 619 3658 663 se
3693 610 3893 663 autem

2180 694 2554 755 ascendentes
2594 681 2964 768 nequaquam
3014 690 3297 750 excelsior
3331 689 3573 750 declivis
3608 693 3895 766 processi-

2181 785 2295 843 bus
2333 785 2611 857 fatigaret.
2642 784 2779 841 Erat
2817 782 2978 841 enim
3020 796 3186 840 mons
3223 780 3325 839 ille
3357 796 3659 839 nemorosa
3695 781 3896 841 diver-

2182 890 2380 934 sarum
2417 875 2692 932 arborum
2731 873 3010 932 densitate
3051 872 3310 931 vestitus.
3350 871 3462 930 Hic
3498 872 3692 947 itaque
3728 888 3899 932 mons

2182 966 2262 1023 ita
2287 962 2439 1023 beati
2470 962 2592 1022 viri
2638 961 2962 1034 aspectibus
3005 960 3240 1035 placuit,
3270 976 3337 1020 ac
3383 961 3433 1019 si
3474 968 3729 1020 montem
3783 962 3902 1023 Oli-

2183 1051 2299 1110 veti
2330 1051 2588 1126 adjacere
2623 1051 2751 1109 urbi
2793 1050 3156 1109 Hierusalem
3202 1057 3487 1123 cerneret,
3526 1056 3698 1125 atque
3736 1053 3902 1111 hunc

2187 1140 2470 1216 psalmum
2502 1156 2621 1199 non
2661 1139 2950 1198 immerito
2985 1155 3120 1199 cum
3150 1139 3432 1212 Propheta
3459 1140 3767 1200 concinere
3805 1156 3903 1215 po-

2185 1231 2386 1290 tuisset
2434 1250 2446 1288 :
2498 1233 2723 1301 Mentor,
2782 1227 2991 1302 inquit,
3044 1244 3132 1285 ero
3183 1231 3286 1293 tui,
3339 1231 3582 1294 Domine,
3633 1230 3700 1285 de
3752 1236 3904 1288 terra

2181 1324 2442 1379 Iordanis
2469 1326 2898 1389 et‘Hermoniim,
2936 1340 2971 1379 a
2992 1328 3170 1380 monte
3203 1324 3412 1379 modico
3454 1326 3626 1394 (Psal.
3655 1336 3781 1395 XLI,
3808 1325 3903 1397 7);

2183 1429 2358 1488 quem
2396 1412 2666 1472 videlicet
2707 1419 2965 1472 montem
3011 1412 3173 1487 prius
3213 1427 3248 1470 a
3295 1412 3554 1471 Romano
3608 1413 3905 1487 pontifice,

2182 1504 2291 1562 sub
2344 1503 2511 1575 cujus
2563 1502 2696 1577 jure
2746 1502 3139 1573 detinebatur,
3193 1501 3396 1575 petiit,
3449 1502 3658 1561 deinde
3712 1501 3904 1562 cellu-

2181 1590 2296 1649 lam
2354 1591 2465 1650 sibi
2524 1591 2649 1650 illic
2699 1606 2831 1651 cum
2885 1590 3099 1665 exigua
3146 1589 3381 1651 ecclesia
3430 1591 3754 1663 fabricavit,
3798 1593 3907 1652 ubi

2181 1681 2673 1755 Quadragesimali
2748 1689 3001 1757 tempore
3076 1697 3471 1756 perseverans,
3528 1683 3769 1758 jejuniis
3851 1692 3910 1744 et

384 1772 721 1843 decernunt,
760 1772 809 1829 si
857 1770 1182 1830 actionibus
1224 1771 1644 1845 deprimantur,
1685 1772 1938 1833 laborem
1986 1773 2539 1849 pu-Borationibus
2583 1788 2817 1848 operam
2873 1772 3065 1847 dabat,
3106 1778 3162 1832 et
3210 1772 3260 1831 si
3308 1773 3542 1850 quando
3596 1773 3667 1833 de
3722 1772 3907 1833 cccle-

387 1867 526 1932 tant,
554 1860 603 1919 si
639 1860 702 1919 in
733 1861 977 1919 terrenis
1007 1860 1252 1933 negotiis
1289 1876 1403 1919 non
1432 1861 1718 1922 laborant.
1759 1863 1836 1921 At
1882 1870 2101 1938 contra,

384 1948 654 2009 nonnulli
702 1949 892 2024 gregis
939 1950 1173 2023 quidem
1227 1965 1427 2009 curam
1473 1950 1819 2026 suscipiunt,
1877 1950 1976 2009 sed
2022 1952 2104 2010 sic

385 2039 617 2099 sibimet
639 2056 841 2099 vacare
869 2040 942 2098 ad
966 2032 1288 2114 spiritualia
1314 2047 1612 2116 appetunt,
1644 2048 1709 2101 ut
1730 2042 1917 2101 rebus
1947 2047 2104 2101 exte-

384 2130 637 2189 rioribus
674 2129 1012 2188 nullatenus
1045 2136 1417 2204 occupentur.
1447 2130 1559 2201 Qui
1588 2146 1721 2191 cum
1747 2148 1951 2191 curare
1976 2148 2099 2191 cor-

385 2216 602 2292 poralia
634 2217 897 2277 funditus
924 2217 1247 2291 negligunt,
1278 2218 1639 2278 subditorum
1665 2221 2102 2281 necessitatibus

388 2305 632 2363 minime
689 2312 1040 2376 occurrunt;
1100 2322 1349 2380 quorum
1412 2307 1700 2365 nimirum
1769 2309 2100 2383 praedicatio

386 2393 733 2468 plerumque
799 2392 1135 2466 despicitur,
1188 2395 1348 2469 quia,
1402 2394 1546 2453 dum
1628 2395 2099 2470 delinquentium

387 2481 536 2541 facta
565 2483 905 2556 corripiunt,
945 2483 1041 2541 sed
1086 2490 1276 2541 tamen
1315 2485 1399 2543 eis
1437 2485 1762 2544 necessaria
1794 2487 2101 2560 praesentis

387 2572 523 2631 vitae
572 2588 684 2631 non
730 2571 1018 2645 tribuunt,
1059 2589 1428 2650 nequaquam
1476 2575 1726 2635 libenter
1756 2576 2097 2638 audiuntur.

386 2660 623 2735 Egentis
655 2663 865 2721 etenim
916 2670 1169 2722 mentem
1212 2663 1489 2723 doctrina:
1533 2681 1722 2725 sermo
1766 2682 1883 2725 non
1920 2684 2101 2743 pene-

388 2758 517 2822 trat,
548 2751 596 2809 si
630 2752 790 2811 hunc
815 2753 970 2825 apud
1001 2753 1127 2828 ejus
1153 2754 1418 2813 animum
1451 2770 1663 2814 manus
1688 2755 2099 2816 misericordiae

389 2854 504 2897 non
563 2842 945 2899 commendat.
998 2841 1165 2901 Tunc
1214 2849 1409 2901 autem
1472 2844 1635 2902 verbi
1691 2859 1889 2903 semen
1936 2845 2103 2905 facile

387 2928 690 3001 germinat,
742 2929 974 3003 quando
1028 2931 1136 2988 hoc
1189 2931 1252 2988 in
1305 2931 1595 2990 audientis
1644 2939 1867 3005 pectore
1923 2934 2105 3008 pietas

389 3017 757 3091 praedicantis
806 3018 977 3090 rigat.
1028 3018 1168 3077 Haec
1216 3027 1408 3078 autem
1461 3021 1673 3079 idcirco
1734 3021 1805 3079 de
1860 3021 2106 3081 diversis

2186 1863 2431 1922 siasticis
2458 1862 2704 1936 negotiis
2726 1863 2911 1922 furari
2943 1868 3186 1938 poterat,
3214 1850 3284 1920 ad
3314 1863 3575 1921 eamdem
3599 1862 3899 1937 cellulam,

2184 1953 2344 2011 velut
2383 1952 2456 2009 ad
2492 1951 2753 2011 dulcium
2792 1951 3096 2024 epularum
3147 1949 3505 2021 convivium,
3547 1952 3904 2012 recurrebat.

2185 2041 2311 2100 Illic
2394 2042 2644 2114 denique
2719 2040 3003 2100 ﬂuentum
3096 2040 3314 2099 divinae
3400 2040 3908 2116 contemplationis

2182 2129 2369 2188 avidis
2415 2130 2628 2188 mentis
2680 2145 2803 2189 suae
2853 2129 3117 2189 faucibus
3168 2129 3489 2201 hauriebat,
3530 2131 3686 2189 unde
3742 2136 3904 2203 post-

2186 2217 2422 2277 modum
2462 2218 2683 2276 arentia
2737 2218 3139 2292 proximorum
3178 2224 3406 2291 pectora
3443 2226 3656 2276 sanctze
3694 2216 3907 2294 praedi-

2182 2307 2424 2366 cationis
2466 2307 2675 2381 poculo
2715 2306 3021 2365 recreabat.
3056 2307 3164 2365 Illo
3200 2306 3373 2379 plane
3417 2306 3540 2365 loco
3582 2308 3749 2382 quasi
3794 2323 3903 2381 pro

2183 2397 2389 2455 balneo
2426 2398 2713 2456 utebatur.
2747 2396 2833 2456 Ibi
2873 2398 3031 2455 enim
3069 2396 3308 2457 curabat
3344 2396 3599 2468 abluere,
3639 2398 3687 2457 si
3717 2413 3900 2472 quam

2182 2503 2257 2546 ex
2288 2486 2656 2545 saecularium
2688 2486 2997 2545 hominum
3024 2485 3427 2559 eollocutione,
3456 2493 3555 2545 aut
3578 2486 3763 2558 verbi,
3796 2492 3903 2545 aut

2181 2576 2544 2651 cogitationis
2569 2574 2855 2634 maculam
2883 2574 3289 2645 contraxisset;
3317 2581 3373 2633 et
3400 2574 3697 2650 pulverem
3726 2590 3900 2633 mun-

2181 2666 2351 2723 danze
2389 2665 2862 2738 conversationis,
2903 2665 3026 2723 sine
3063 2679 3179 2738 quo
3207 2665 3334 2723 haec
3367 2665 3647 2724 humanm
3679 2672 3897 2723 morta-

2184 2753 2360 2813 litatis
2413 2754 2509 2812 via
2561 2769 2674 2811 non
2730 2753 3002 2827 carpitur,
3059 2752 3275 2811 crebris
3322 2752 3444 2811 illic
3502 2752 3897 2828 lacrymarum

2187 2843 2443 2903 fontibus
2482 2841 2773 2917 expiabat.
2807 2839 2913 2899 Ille
2950 2840 3129 2913 igitur
3160 2838 3342 2911 locus,
3375 2839 3477 2914 qui
3523 2848 3722 2913 sancto
3769 2841 3898 2905 viro

2186 2933 2247 2990 in
2280 2931 2396 2990 vita
2447 2939 2561 2987 tam
2595 2928 2837 2987 dilectus
2866 2934 2921 2987 et
2962 2927 3264 2987 familiaris
3299 2928 3542 3004 exstitit,
3579 2936 3707 3005 post
3740 2947 3901 2990 mor-

392 3113 681 3178 pastorum
706 3105 968 3164 moribus
989 3105 1304 3181 loquimur,
1332 3115 1396 3166 ut
1419 3124 1594 3184 quam
1618 3110 1896 3184 prudens,
1927 3127 2104 3185 quam
2124 3123 2398 3206 Gcorpus
2435 3106 2580 3185 ejus,
2622 3105 2685 3163 in
2731 3122 2905 3163 saxea
2953 3122 3086 3164 arca
3134 3106 3516 3177 reconditum,
3552 3104 3723 3193 juxta
3763 3124 3905 3187 par-

391 3196 682 3255 moderata
728 3198 789 3256 in
852 3198 1019 3259 beato
1066 3198 1269 3258 Mauro
1321 3199 1494 3259 fuerit
1542 3202 1829 3274 discretio,
1861 3194 2321 3261 demon-“vam
2364 3194 2660 3255 basilicam
2703 3212 2878 3271 quam
2925 3197 3048 3272 ipse
3092 3201 3491 3255 construxerat
3529 3200 3614 3255 est
3653 3195 3904 3271 colloca—

392 3291 659 3344 stremus.
700 3283 813 3355 Qui
859 3285 1162 3358 nimirum,
1208 3287 1347 3347 dum
1400 3304 1592 3365 neque
1642 3289 2107 3364 contemplativa;

392 3373 530 3432 vitae
555 3372 737 3433 otium
765 3376 1053 3448 sectando,
1075 3376 1318 3434 activam
1344 3378 1586 3437 omnino
1615 3379 1890 3451 deseruit,
1919 3395 2107 3455 neque

392 3479 495 3536 per
549 3462 753 3522 activae
817 3462 1217 3524 lassitudinem
1282 3467 1423 3540 (154)
1476 3468 1658 3526 libere
1708 3462 2104 3540 discurrendo,

391 3568 425 3609 a
477 3552 957 3627 contemplatione
1005 3556 1257 3628 recessit,
1312 3564 1387 3629 et,
1441 3563 1505 3616 ut
1551 3557 1631 3615 ita
1683 3558 1953 3631 dixerim,
2007 3576 2108 3634 per

390 3656 622 3700 auream
654 3642 808 3700 viam
837 3643 1086 3702 caelestis
1118 3646 1278 3718 regni
1306 3645 1712 3705 celsitudinem
1739 3648 2077 3722 penetravit.

464 3730 727 3806 Denique
812 3732 953 3790 dum
1042 3733 1103 3813 in
1186 3734 1475 3810 episeopio
1558 3750 1665 3793 suo
1752 3735 1997 3809 degeret,
2054 3744 2112 3796 et

394 3824 762 3882 commissam
832 3824 943 3883 sibi
1024 3824 1335 3884 Ecclesiam
1428 3832 1665 3885 strenue
1737 3828 2106 3901 gubernaret,

396 3916 568 3988 cmpit
633 3916 802 3975 talem
879 3916 1075 3975 locum
1143 3916 1385 3976 sollicita
1464 3919 1674 3977 mentis
1741 3920 2109 3993 indagatione

393 4007 747 4081 perquirere,
798 4006 901 4065 ubi
957 4006 1027 4067 ad
1088 4002 1314 4081 tempus
1373 4016 1427 4066 et
1484 4025 1517 4067 a
1566 4008 1935 4069 saecularium
1987 4016 2108 4070 tur-

398 4096 468 4153 ba
523 4094 787 4155 secedere
848 4103 903 4155 et
960 4096 1065 4156 soli
1126 4097 1241 4158 Deo
1294 4104 1486 4174 posset
1542 4100 1851 4173 specialius
1909 4099 2106 4160 adhae-

397 4199 558 4252 rere;
609 4182 845 4241 Domini
901 4185 994 4244 sui
1070 4187 1289 4246 scilicet
1364 4203 1477 4246 non
1556 4188 1751 4261 segnis
1837 4188 2111 4263 imitator,

396 4268 537 4325 421
597 4271 699 4345 qui
753 4288 854 4346 per
906 4274 1060 4333 diem
1120 4275 1179 4334 in
1233 4276 1478 4336 urbibus
1529 4276 1897 4351 przedicabat,
1936 4286 2110 4341 noctu

400 4376 535 4419 vero
587 4360 649 4418 in
709 4366 905 4422 monte
965 4363 1322 4424 orationibus
1386 4365 1684 4425 insistebat
1739 4371 1917 4438 (Luc.
1975 4382 2036 4428 VI
2067 4374 2109 4440 ).

2189 3293 2333 3347 tum.

2861 3372 3098 3437 CAPUT
3146 3373 3221 3434 II.

2586 3465 2901 3539 Translatio
2922 3468 3192 3538 corporis;
3223 3467 3511 3522 miracula.

2261 3554 2403 3612 Haec
2430 3551 2628 3627 igitur,
2662 3568 2796 3627 quae
2823 3552 2895 3611 de
2932 3553 3049 3610 vita
3077 3551 3226 3612 beati
3268 3552 3379 3612 viri
3409 3551 3481 3611 ad
3516 3559 3767 3613 nostram
3800 3568 3907 3627 po-

2191 3648 2429 3703 tuerunt
2448 3640 2749 3714 pervenire
2772 3641 3059 3710 notitiam,
3083 3657 3199 3700 non
3224 3642 3461 3717 quidem
3482 3648 3617 3701 sunt
3640 3659 3673 3700 a
3692 3642 3909 3702 nostris

2192 3732 2536 3792 relatoribus
2564 3731 2707 3802 visa,
2740 3730 2839 3789 sed
2870 3731 3301 3790 succedentium
3338 3730 3779 3813 generationum
3808 3747 3910 3790 ce-

2194 3820 2339 3880 lebri
2375 3818 2653 3879 memoria
2678 3819 2993 3893 divulgata.

2264 3911 2511 3987 Quidam
2539 3914 2735 3969 autem
2780 3910 3052 3984 antiquus
3079 3910 3409 3972 'admodum
3455 3927 3639 3972 senex
3683 3917 3739 3969 et
3770 3924 3915 3981 'cor-

2193 4016 2329 4073 pore
2358 4003 2745 4083 marcescente
2765 3999 2885 4074 jam
2918 3998 3223 4069 tremulus,
3249 4000 3459 4059 nostris
3482 4016 3669 4077 nuper
3694 4006 3911 4072 tempo-

2193 4088 2355 4148 ribus
2382 4087 2623 4160 exstitit,
2656 4087 2759 4163 qui
2814 4104 2875 4146 se
2914 4086 3128 4146 vidisse
3175 4088 3354 4163 hujus
3382 4086 3446 4147 B.
3497 4087 3685 4155 Mauri
3729 4101 3911 4171 nepo-

2199 4184 2344 4250 tem,
2412 4174 2816 4236 Constantium
2887 4174 3156 4235 videlicet
3232 4176 3509 4250 nomine,
3572 4175 3914 4251 episcopum

2197 4267 2510 4327 Caesenatis
2549 4266 2821 4325 Ecclesiae
2852 4266 3199 4326 testabatur:
3213 4262 3361 4320 422
3396 4266 3508 4326 Sed
3533 4265 3811 4341 quoniam
3840 4265 3915 4329 de

2198 4357 2315 4415 vita
2342 4356 2407 4416 B.
2436 4356 2626 4415 Mauri
2657 4372 2722 4414 ea
2753 4371 2889 4429 quae
2920 4356 3088 4414 nobis
3115 4353 3316 4413 audire
3341 4354 3579 4427 contigit
3608 4352 3756 4428 stylo
3781 4368 3914 4417 cur-

398 4449 670 4523 Dumque
696 4448 756 4507 in
788 4450 912 4509 dies
934 4451 1115 4524 hujus
1140 4452 1447 4552 apxietatis
1472 4454 1655 4528 magis
1675 4470 1743 4513 ac
1762 4455 1947 4530 magis
1974 4471 2178 4552 curan
2199 4453 2359 4506 reme
2386 4445 2756 4519 digeSSimUS.
2794 4458 2953 4543 {11109
2977 4444 3227 4540 αυθιίιςν
3255 4442 3621 4552 οωηίροίεῐιβ
3647 4442 3820 4552 ρεαδ.
3836 4442 3909 4500 ad

399 4547 799 4612 succresceret,
831 4539 1059 4601 tandem
1093 4539 1302 4614 adjecit
1335 4543 1568 4602 oculum
1599 4544 1671 4603 ad
1714 4545 1889 4604 breve
1926 4546 2112 4619 quod-

2196 4536 2437 4610 gloriam
2474 4534 2567 4592 sui
2599 4532 2854 4591 nominis
2885 4531 3011 4605 ejus
3048 4531 3247 4615 merita
3285 4530 3626 4589 revelaverit
3658 4530 3915 4611 breviter

398 4627 531 4685 dam
571 4629 1052 4702 promontorium,
1091 4638 1340 4704 quatuor
1383 4634 1501 4692 fere
1550 4634 1749 4695 stadiis
1791 4636 1865 4694 ab
1903 4636 2116 4709 exigua
2199 4626 2579 4701 Oxplicemusq

401 4716 545 4774 urbe
611 4724 919 4779 semotum.
981 4718 1300 4795 Vocabatur
1350 4728 1544 4782 autem
1594 4724 1777 4783 saltus
1831 4722 2112 4799 Spatiani,

2269 4716 2417 4786 (156)
2478 4711 2578 4769 Est
2630 4714 2825 4783 autem
2875 4723 3035 4767 nunc
3085 4706 3310 4767 celebre
3372 4710 3791 4769 monasterium
3850 4712 3913 4771 in

400 4802 563 4862 locus
614 4804 830 4863 sciliCet
863 4822 970 4865 nec
1006 4810 1313 4883 prwruptis
1357 4811 1759 4871 cacuminibus
1797 4798 2104 4872 sublimius

2245 4803 2467 4863 raedicto
2514 4806 2709 4859 monte
2751 4799 2813 4857 in
2858 4813 2973 4873 quo
3020 4799 3113 4857 vir
3150 4798 3252 4859 Dei
3307 4817 3470 4861 orare
3512 4810 3913 4874 consueverat,

401 4892 471 4950 ad
512 4893 625 4951 alta
663 4902 981 4969 porrectus,
1014 4913 1118 4955 nec
1151 4899 1391 4958 omnino
1428 4902 1733 4974 depressus
1770 4902 1831 4959 in
1873 4901 2010 4972 ima,
2042 4900 2104 4959 ad

2245 4890 2269 4947 i
2319 4889 2595 4948 honorem
2647 4886 2705 4945 B.
2759 4886 2861 4945 Dei
2901 4884 3211 4946 Gcnitricis
3242 4895 3296 4946 et
3336 4886 3595 4963 Virginis
3630 4890 3914 4949 constitu-

400 4981 615 5041 arvalis
654 4982 823 5042 lamas
862 4985 1009 5057 (155)
1038 4987 1342 5046 videbatur
1381 4989 1712 5062 planitatem
1737 4996 2111 5073 cowquatus;

2200 4989 2346 5055 tum,
2368 4981 2470 5040 ubi
2496 4995 2665 5039 mons
2688 4977 2873 5038 Mauri
2898 4993 2974 5037 ex
3000 4979 3239 5053 antiqua
3266 4977 3464 5055 populi
3492 4979 3916 5059 consuetudine

1781 5142 1832 5201 J.
1874 5134 2254 5201 BOLLANDI
2294 5135 2537 5196 NOT/E.

465 5262 601 5329 (154)
636 5262 775 5325 Sur.,
810 5263 1176 5316 latitudinem.

469 5337 606 5396 (155)
642 5333 824 5393 Lama,
852 5334 1041 5386 lacuna
1065 5340 1164 5397 est,
1194 5337 1311 5389 sive
1333 5350 1593 5401 aquarum
1624 5339 1893 5391 collectio.

472 5408 605 5461 (156)
639 5406 894 5458 Leander.
931 5409 1091 5459 Intus
1118 5407 1193 5459 ad
1224 5409 1520 5472 dimittam,
1551 5410 1808 5471 inprimis
1840 5410 2115 5477 Apennini

405 5477 639 5548 coitibus,
695 5476 792 5544 qui
845 5477 968 5537 vite,
1028 5479 1153 5543 ﬁcu,
1237 5480 1369 5545 oleo,
1427 5481 1731 5548 ceterisque
1806 5482 2113 5548 fructi/eris

2218 5261 2281 5314 Ι).
2332 5260 2566 5313 Hariam
2613 5259 2934 5312 Montanum
2977 5261 3315 5324 nuncupant,
3360 5271 3538 5311 sacra.
3611 5257 3744 5312 Loco
3811 5272 3917 5311 no-

2214 5345 2341 5384 men
2378 5336 2452 5384 est
2505 5343 2662 5382 mons
2719 5330 2898 5388 Mauri,
2957 5344 2993 5381 a
3047 5331 3105 5381 Ι).
3158 5328 3347 5381 Mauro
3412 5329 3769 5382 Carenatium
3820 5342 3924 5383 an-

2216 5405 2405 5468 tistite,
2454 5403 2550 5470 qui
2581 5402 2667 5454 hic
2705 5402 3042 5454 sanctissime
3087 5402 3261 5453 vitam
3295 5400 3437 5465 egit,-
3486 5401 3813 5454 oocidentem
3867 5406 3921 5455 et

2212 5475 2634 5535 septentrionem
2654 5478 2878 5539 spectat,
2904 5475 3080 5541 estque
3103 5472 3495 5528 monachorum
3534 5473 3597 5526 D.
3637 5471 3921 5535 Benedicti

405 5545 684 5599 arboribus
746 5550 975 5614 conferti
1041 5555 1188 5612 sunt,
1253 5544 1418 5615 prope
1482 5544 1749 5607 Camenam
1806 5544 2117 5613 'cwnooium
2212 5544 2501 5600 habitatio.

407 5621 483 5670 est
538 5624 913 5682 sumptuosum
959 5636 1080 5675 cum
1131 5625 1240 5677 aede
1279 5624 1512 5679 caelitum
1559 5625 1783 5692 Regina,
1832 5624 1997 5691 quam
2027 5624 2113 5681 hic
