4118 6488
300 288 414 351 949
1782 287 1959 345 νΙΤΑ
1998 286 2017 341 ἶ

2148 281 2368 342 [ΑΠΡιΙ.
3721 278 3829 340 950

305 416 545 489 dicitur,
606 408 746 493 quia
799 415 964 475 locus
1017 414 1117 473 ille
1172 429 1287 474 non
1339 413 1630 472 immerito
1679 413 1861 471 sancti
1908 405 2398 480 viriAbiberent,
2431 407 2525 466 vel
2576 405 2729 464 beati
2770 403 3112 464 confessoris
3166 402 3623 462 misericordiam
3680 402 3826 463 fusis

303 505 588 565 vocabulo
624 491 959 563 decoratur.
2107 498 2506 557 tantummodo
2558 494 2827 572 precibus
2881 494 3301 569 implorarent,
3366 494 3494 552 sani
3550 499 3608 551 et
3663 491 3825 551 inco-

377 594 524 653 Cum
570 592 749 666 igitur
794 607 930 649 arca
980 592 1082 649 illa
1120 592 1225 650 ubi
1275 591 1426 651 beati
1463 591 1572 649 viri
1615 590 2025 664 corpusculum
2108 588 2301 645 lumes
2339 586 2412 644 ad
2448 585 2680 662 propria
2730 588 2868 642 sunt
2912 582 3150 655 reversi,
3182 597 3533 656 quocunque
3581 582 3829 641 fuissent

303 681 699 753 claudebatur,
727 682 901 755 juxta
949 680 1247 753 praefatam
1299 679 1619 749 ecclesiam,
1654 687 1821 737 terrea
1850 678 2026 737 undi-

305 786 420 845 que
477 772 765 828 crescente
813 767 1078 840 congerie
1103 812 1118 839 ,
1173 767 1574 837 delitesceret,
1632 774 1688 828 et
1743 770 1846 826 vix
1899 769 2028 827 saxi

306 859 490 934 ipsius
540 856 845 918 summitas
902 857 1025 916 solo
1096 862 1265 916 tenus
1321 858 1624 931 emineret,
1676 860 1918 932 contigit
1963 867 2029 918 ut

2109 676 2347 735 vinculo
2401 673 2769 747 aegritudinis
2816 673 3073 748 obligati.
3117 672 3355 730 Videres
3403 670 3824 729 miserabilium

2110 764 2520 838 languidorum
2570 764 2759 823 soluta
2806 765 3083 822 cadavera
3134 763 3324 821 alieno
3372 764 3535 836 prius
3571 761 3823 820 admini-

2108 855 2242 912 culo
2274 859 2632 913 sustentante
2675 852 2904 924 deferri,
2936 853 3038 926 qui
3070 868 3207 909 mox
3232 868 3366 909 cum
3395 868 3605 926 magna
3631 851 3825 909 exsul-

310 948 482 1007 homo
518 946 758 1022 quidam
798 960 931 1005 cum
966 944 1185 1003 litaniis
1226 945 1561 1018 adveniens,
1604 947 1790 1005 soluta
1826 946 2028 1019 caligas
2113 942 2322 1001 tatione
2385 948 2558 1017 atque
2626 941 2881 1015 tripudio
2938 940 3270 999 remeabant
3328 939 3500 998 saluti
3560 940 3826 1012 pristinas
3880 1000 3883 1003 ,

306 1036 512 1109 ligula,
540 1038 773 1108 repente
799 1033 923 1092 illic
946 1033 1149 1108 pedem
1174 1040 1429 1106 poneret,
1461 1040 1536 1106 et,
1563 1034 1650 1092 nil
1681 1034 1793 1092 tale
1833 1034 2029 1093 existi—
2110 1030 2371 1103 reparati.

307 1139 495 1196 mans,
530 1139 729 1183 secure
797 1121 1020 1197 ligaret.
1057 1121 1265 1180 Vincto
1318 1122 1498 1195 igitur
1552 1122 1684 1193 talo,
1727 1139 1864 1182 cum
1905 1124 2027 1196 jam
2180 1116 2446 1192 Cumque
2496 1125 2576 1176 tot
2623 1117 2920 1177 miraculis
2967 1116 3404 1177 coruscantibus
3451 1116 3635 1191 magis
3670 1131 3821 1190 prae-

306 1213 483 1272 vellet
519 1212 844 1285 abscedere,
880 1211 1087 1286 pedem
1119 1210 1284 1270 nullo
1320 1210 1492 1269 modo
1519 1213 1708 1287 potuit
1735 1229 2023 1273 amovere.
2110 1206 2264 1265 clara
2305 1206 2370 1264 B.
2423 1206 2612 1267 Mauri
2662 1208 2814 1265 fama
2860 1207 3257 1279 crebresceret,
3298 1215 3355 1265 et
3398 1200 3638 1266 virtutes
3679 1221 3825 1281 quas

309 1303 570 1378 Cumque
600 1301 703 1361 diu
738 1309 1062 1374 conaretur,
1093 1306 1167 1372 et,
1200 1300 1399 1359 omnia
1430 1305 1675 1374 teutans,
1710 1304 1826 1362 huc
1855 1303 2026 1363 illuc-
2110 1311 2212 1370 per
2259 1312 2395 1355 eum
2437 1296 2721 1361 Duminus
2772 1297 3125 1368 ostendebat,
3153 1312 3271 1355 non
3312 1296 3501 1356 solum
3552 1297 3824 1370 contigua

310 1407 426 1467 que
476 1408 537 1450 se
591 1395 856 1464 verteret,
908 1396 1011 1464 pes
1064 1389 1456 1450 nihilominus
1514 1391 1698 1451 stabat
1749 1393 2030 1454 immotus
2111 1400 2383 1460 quaeque.
2418 1387 2517 1444 sed
2556 1393 2611 1444 εἴ
2652 1386 2961 1444 remotiora
3012 1386 3272 1446 1000mm
3319 1385 3501 1459 Spatia
3550 1401 3823 1459 persona-

311 1490 368 1541 et
413 1480 760 1558 quibusdam
807 1480 986 1539 clavis
1030 1496 1171 1539 saxo
1216 1480 1518 1540 tenebatur
1565 1482 1800 1544 afﬁxus,
1832 1482 2030 1544 stabat
2112 1479 2258 1544 rent,
2292 1473 2545 1545 tandem,
2576 1475 2903 1533 convocatis
2933 1474 3211 1548 episcopis
3237 1474 3559 1532 vicinarum
3584 1473 3824 1532 urbium

307 1571 483 1631 miser
540 1562 725 1644 ignoti
773 1567 1036 1629 criminis
1092 1585 1248 1641 reus,
1284 1575 1341 1628 et
1394 1571 1498 1646 qui
1554 1570 1668 1629 sibi
1720 1572 2028 1646 corrigiam
2111 1562 2427 1635 multisque
2466 1562 2816 1637 populorum
2848 1562 3034 1622 turbis
3070 1562 3331 1637 undique
3378 1562 3822 1634 conﬂuentibus,

308 1659 489 1735 ligare
528 1658 810 1730 voluerat,
840 1657 1220 1732 semetipsum
1266 1659 1458 1733 potius
1494 1675 1636 1718 saxo
1675 1658 1884 1731 ligasse
1921 1660 2029 1718 do-

2110 1652 2372 1709 certatim
2401 1668 2531 1710 arca
2571 1652 2673 1711 illa
2709 1653 2773 1710 in
2808 1669 2923 1727 qua
2957 1652 3108 1710 beati
3138 1651 3249 1711 viri
3284 1650 3597 1724 patrocinia
3624 1666 3825 1709 recon-

307 1748 477 1809 lebat.
542 1747 777 1808 Volebat
829 1754 998 1818 stare,
1044 1749 1144 1806 sed
1189 1762 1310 1806 una
1350 1748 1596 1808 innixus
1654 1749 1852 1823 planta
1906 1767 2017 1810 non

2152 1746 2359 1810 untur,
2412 1740 2718 1812 eﬂ'oditur,
2776 1747 2865 1812 et,
2923 1741 3209 1799 terebrato
3260 1739 3472 1815 pariete
3523 1737 3820 1811 ecclesiae,

307 1844 559 1912 poterat;
619 1838 851 1913 optabat
895 1838 1107 1913 jacere,
1158 1838 1260 1896 sed
1312 1855 1347 1896 a
1406 1855 1514 1903 suo
1565 1838 1709 1914 pede
1761 1856 2029 1901 corruere

306 1940 422 1984 non
462 1925 705 1984 valebat.
746 1924 1030 1992 Tandem,
1070 1925 1373 1998 repentino
1426 1927 1630 2000 populi
1682 1927 2029 1988 adventante

307 2029 615 2084 concursu,
647 2013 747 2071 alii
772 2013 1023 2086 malleis,
1064 2013 1167 2071 alii
1207 2014 1508 2073 securibus
1544 2016 1856 2090 gestientes
1892 2035 2026 2093 par-

309 2110 423 2161 tem
454 2102 663 2177 lapidis
698 2102 1105 2176 praiciderunt,
1139 2110 1196 2160 et
1217 2109 1346 2176 post
1373 2103 1555 2163 multa
1586 2105 1687 2163 vix
1726 2107 2026 2167 hominem

308 2190 381 2249 de
409 2207 551 2251 saxo
576 2191 884 2265 exculpere
912 2198 1244 2265 potuerunt.
1268 2190 1406 2250 Mox
1436 2192 1687 2253 laetantis
1712 2195 1901 2255 turbze
1919 2195 2028 2256 cla-

311 2298 442 2342 mor
469 2284 749 2353 exoritur,
790 2283 939 2341 mira
967 2282 1071 2340 Dei
1117 2282 1305 2342 virtus
1332 2282 1633 2356 attollitur,
1661 2292 1717 2344 et
1744 2285 1809 2344 B.
1840 2287 2028 2347 Mauri

311 2374 574 2434 tumulus
602 2374 815 2449 dignus
841 2372 1166 2430 reverentia
1187 2371 1502 2446 judicatur.

382 2462 540 2521 Idem
566 2461 825 2536 praedicti
847 2459 1099 2518 ccenobii
1127 2460 1468 2532 monachus,
1493 2462 1717 2535 Teuzo(
1726 2463 1838 2535 157)
1872 2464 2028 2522 vide-

313 2553 448 2610 licet
472 2550 728 2621 nomine,
754 2548 1103 2623 grandaavus
1123 2547 1243 2621 jam
1265 2555 1320 2605 et
1348 2548 1475 2622 ipsa
1502 2550 1715 2608 canitie
1747 2567 2027 2611 veneran-

312 2641 444 2712 dus,
483 2639 651 2712 cujus
703 2639 829 2697 haac
879 2636 1157 2696 relatione
1196 2635 1531 2708 didicimus,
1565 2638 1728 2697 aliud
1771 2641 2027 2699 miracu-

311 2730 436 2789 lum
476 2728 673 2788 retulit
713 2729 870 2802 quod
924 2740 1295 2802 nequaquam
1349 2726 1580 2785 silentio
1636 2729 2022 2798 praeterimus.

310 2817 641 2895 Aliquando
678 2817 800 2889 ipse
826 2817 1137 2890 praedictus
1166 2816 1342 2874 frater
1364 2818 1646 2876 acerrima
1675 2818 1733 2877 vi
1771 2820 2027 2880 febrium

309 2907 643 2979 urgebatur.
696 2905 963 2978 Cumque
1015 2903 1183 2962 nulla
1232 2905 1564 2963 medicinali
1618 2921 1757 2966 cura
1788 2953 1804 2978 ,
1862 2909 2026 2969 nullo

307 3010 544 3068 prorsus
594 2995 853 3053 humano
902 2992 1094 3051 studio
1128 2992 1199 3049 ad
1239 2992 1657 3053 incolumitatis
1689 3001 1897 3055 statum
1930 3014 2022 3056 re-

306 3083 432 3141 dire
495 3082 810 3157 potuisset,
867 3080 1099 3140 cuidam
1150 3096 1276 3139 sua;
1329 3089 1655 3142 matertera;
1713 3085 2020 3163 religiosae,

306 3170 573 3229 videlicet
613 3168 1062 3240 sanctimoniali,
1093 3176 1378 3228 nocturno
1417 3170 1649 3230 silentio
1688 3171 1753 3232 B.
1785 3173 2021 3236 Maurus

304 3260 589 3336 apparuit,
617 3260 785 3336 eique
823 3259 1018 3317 dixit:
1054 3257 1116 3317 Si
1148 3258 1254 3329 vis,
1293 3258 1508 3333 inquit,
1540 3267 1809 3335 nepotem
1847 3269 2014 3324 tuum

304 3365 380 3407 ex
419 3366 484 3407 ea
523 3365 702 3424 quam
731 3346 948 3422 patitur
974 3347 1321 3421 aegritudine
1348 3348 1766 3421 convalescere,
1798 3352 2018 3412 denun-

306 3438 383 3496 tia
434 3436 488 3495 ei
540 3443 603 3495 ut
654 3451 827 3510 super
878 3435 1240 3509 sepulturam
1288 3450 1479 3493 meam
1526 3438 1762 3511 signum
1801 3448 2015 3502 sanctae

301 3525 489 3584 crucis
540 3525 761 3599 infigat,
795 3531 1029 3598 totoque
1083 3539 1238 3582 anno
1286 3523 1710 3585 solemnitatem
1765 3531 1913 3589 mihi
1953 3548 2013 3590 se

299 3615 588 3675 celebrare
616 3614 911 3672 devoveat.
940 3612 1203 3688 Cumque
1233 3612 1333 3671 ille
1360 3612 1513 3671 beati
1544 3615 1656 3674 viri
1683 3620 2006 3691 oraculum,

301 3704 450 3778 quod
516 3701 938 3761 sanctimoniali
998 3702 1283 3760 referente
1345 3704 1655 3775 cognovit,
1717 3715 2012 3780 gratanter

297 3792 581 3866 impleret,
613 3807 752 3852 mox
802 3799 867 3851 ut
914 3791 1158 3850 ferream
1205 3806 1437 3850 crucem
1487 3808 1659 3867 super
1707 3799 2009 3857 tumulum

299 3883 479 3953 ﬁxit;
538 3883 746 3941 deinde
817 3882 1121 3942 commotis
1187 3882 1508 3942 visceribus
1587 3886 2012 3962 praecipitanter

299 3973 576 4045 evomuit,
608 3979 780 4045 atque
817 3973 897 4030 ita
933 3972 1197 4047 protinus
1236 3987 1469 4031 omnem
1518 3974 1675 4049 ignei
1711 3976 2010 4052 languoris

296 4062 649 4132 molestiam,
705 4060 867 4120 velut
919 4062 1044 4136 ipso
1104 4062 1327 4121 vomitu
1387 4070 1672 4137 egerente,
1732 4069 2006 4143 projecit;

291 4150 531 4224 jamque
572 4151 834 4224 pristinae
861 4151 1091 4209 sanitati
1121 4152 1420 4225 integriter
1458 4154 1772 4229 restitutus,
1805 4159 2012 4234 dignas

2111 1830 2262 1889 inter
2315 1830 2575 1889 absidam
2631 1837 2687 1889 et
2738 1830 2916 1889 altare
2965 1846 3097 1888 cum
3152 1830 3393 1903 hymnis
3446 1834 3501 1886 et
3557 1828 3824 1887 laudibus

2110 1938 2340 1981 summa
2372 1922 2673 1996 diligentia
2700 1921 3028 1981 collocatur.
3066 1921 3345 1979 Processu
3387 1934 3522 1978 vero
3555 1919 3827 1993 temporis

2108 2010 2310 2069 eadem
2356 2010 2597 2069 basilica
2644 2011 2825 2085 major
2868 2010 3013 2068 facta
3050 2015 3156 2079 est,
3186 2017 3376 2083 atque,
3404 2015 3469 2067 ut
3496 2010 3555 2067 in
3580 2024 3827 2083 praesen-

2111 2099 2323 2157 tiarum
2373 2101 2649 2172 cernitur,
2704 2098 2971 2158 festivius
3027 2097 3307 2168 decorata,
3359 2097 3481 2170 ubi,
3522 2099 3594 2157 ad
3632 2098 3826 2157 decla-

2108 2189 2286 2247 randa
2335 2189 2400 2248 B.
2440 2187 2785 2248 confessoris
2827 2189 3050 2258 merita,
3104 2187 3284 2245 multa
3333 2187 3483 2246 ﬁunt
3532 2201 3721 2261 usque
3762 2187 3827 2245 in

2111 2288 2451 2353 praesentem
2481 2280 2657 2350 diem,
2687 2279 2804 2337 Deo
2831 2283 3121 2352 operante,
3157 2276 3456 2347 miracula,
3488 2290 3563 2333 ex
3606 2274 3823 2349 quibus

2112 2387 2218 2431 nos
2244 2386 2425 2444 pauca
2451 2367 2917 2443 perstringimus,
2957 2382 3092 2440 quae
3120 2366 3401 2424 nimirum
3436 2364 3499 2423 bi
3523 2365 3627 2439 qui
3656 2363 3824 2422 nobis

2110 2460 2367 2518 referunt
2392 2474 2454 2517 se
2481 2457 2696 2516 vidisse
2727 2461 3025 2514 testantur.

2762 2546 3007 2605 CAPUT
3067 2545 3172 2604 III.

2482 2640 2655 2696 Varia
2707 2638 2781 2693 ad
2836 2638 3103 2707 reliquias
3162 2636 3453 2692 miracula.

2185 2727 2334 2801 Papa
2376 2726 2686 2786 Gerbertus
2724 2727 2873 2795 (158)
2911 2727 3083 2799 juxta
3117 2725 3412 2783 Caesenam
3452 2728 3821 2783 castrameta-

2111 2824 2204 2877 tus
2228 2825 2367 2891 erat,
2399 2818 2640 2893 ejusque
2665 2816 2943 2891 oppidum
2982 2815 3321 2874 circumfusi
3364 2816 3653 2874 exercitus
3680 2815 3823 2874 obsi-

2107 2909 2279 2967 dione
2330 2907 2623 2965 vallabant
2677 2906 2839 2979 (159).
2873 2905 3039 2964 Tunc
3086 2904 3358 2978 temporis
3402 2904 3472 2962 ad
3524 2901 3590 2961 B.
3632 2902 3820 2962 Mauri

2111 2997 2406 3057 tumulum
2440 2995 2664 3054 delatus
2700 3000 2784 3052 est
2812 2994 3051 3068 quidam
3092 2993 3364 3063 rusticus,
3395 2990 3629 3066 gemina
3658 3005 3816 3049 mor-

2111 3086 2314 3145 borum
2368 3085 2635 3158 passione
2685 3082 3007 3156 depressus,
3056 3086 3379 3139 contractus
3440 3078 3706 3137 videlicet
3753 3093 3822 3137 ac

2105 3190 2326 3247 caecus;
2360 3175 2460 3232 sed
2500 3180 2803 3247 postquam
2848 3178 2932 3230 est
2969 3176 3218 3239 oratum,
3252 3175 3309 3227 et
3355 3170 3449 3228 lux
3491 3168 3703 3227 amissa
3745 3167 3817 3225 ad

2101 3263 2301 3323 oculos
2336 3263 2526 3328 rediit,
2562 3269 2618 3320 et
2656 3261 2839 3335 rigida
2881 3261 3141 3319 membra
3172 3262 3404 3334 fugatus
3442 3258 3687 3333 languor
3713 3257 3816 3316 ab-

2100 3354 2289 3413 solvit.
2325 3354 2596 3413 Protinus
2628 3352 2831 3412 videns
2879 3370 2940 3412 se
2978 3354 3152 3410 homo
3197 3351 3428 3409 sanitati
3475 3357 3589 3409 tam
3640 3350 3814 3408 mira-

2100 3445 2293 3505 biliter
2326 3445 2642 3517 redditum,
2683 3450 2881 3516 utpote
2922 3458 3065 3514 quas
3104 3441 3327 3499 valebat
3361 3440 3573 3513 gratias
3615 3456 3813 3514 agens,

2094 3536 2258 3594 beato
2313 3552 2373 3593 se
2425 3535 2625 3593 Mauro
2668 3548 2903 3592 servum
2959 3536 3233 3605 perpetuo
3270 3531 3404 3605 jure
3449 3528 3815 3599 contradidit,

2094 3641 2553 3699 mansurumque.
2604 3640 2664 3682 se
2702 3624 2763 3681 in
2822 3622 2947 3697 ejus
2998 3621 3310 3694 obsequio,
3352 3618 3533 3678 donec
3576 3619 3812 3677 advive—

2092 3723 2196 3788 ret,
2244 3717 2554 3775 devotavit.
2612 3714 2743 3786 Qui,
2795 3718 3076 3787 perceptas
3124 3710 3325 3769 salutis
3381 3724 3622 3768 munere
3668 3723 3814 3781 pene

2091 3822 2192 3879 per
2231 3806 2574 3865 decennium
2616 3804 2835 3875 fruens,
2880 3801 3242 3876 postmodum
3288 3797 3578 3873 fragilitati
3625 3795 3814 3854 carnis

2091 3894 2378 3953 enerviter
2430 3891 2639 3962 cessit,
2700 3903 3060 3963 uxoremque
3109 3887 3220 3946 sibi
3268 3902 3384 3946 non
3438 3886 3625 3944 fausto
3670 3899 3810 3943 con-

2085 3985 2251 4057 jugio
2301 3981 2610 4056 copulavit.
2643 3978 2778 4037 Mox
2837 3977 2996 4035 enim
3036 3984 3098 4035 ut
3137 3973 3475 4033 luxuriandi
3517 3972 3811 4046 voluptate

2091 4072 2307 4146 potitus
2362 4077 2464 4139 est,
2513 4065 2815 4126 oculorum
2873 4064 3072 4123 lumen
3125 4063 3392 4123 funditus
3436 4058 3705 4135 perdidit,
3754 4067 3813 4118 et

2093 4158 2244 4215 424
2289 4159 2550 4235 quandiu
2608 4156 2776 4227 vixit,
2822 4156 2884 4213 in
2929 4154 3128 4212 eadem
3172 4152 3425 4211 caecitate
3467 4150 3805 4225 permansit.

300 4241 584 4302 Salvatori
609 4241 726 4299 Deo
754 4241 965 4314 gratias
998 4242 1214 4313 retulit,
1239 4250 1296 4300 et
1330 4242 1389 4303 B.
1417 4243 1607 4303 Mauri
1636 4247 2008 4322 miraculum,
2095 4251 2164 4308 Et
2209 4256 2358 4308 certe
2407 4248 2655 4321 dignum
2711 4245 2897 4303 fuerat
2941 4251 3003 4301 ut
3056 4242 3182 4317 qui,
3227 4258 3260 4299 a
3306 4242 3437 4314 jure
3490 4239 3553 4298 B.
3598 4238 3807 4310 Mauri,

300 4330 463 4404 quod
487 4330 546 4387 in
586 4346 645 4388 se
683 4337 960 4404 expertus
998 4332 1203 4402 fuerat,
1237 4332 1309 4390 ad
1339 4332 1583 4407 gloriam
1615 4337 1869 4397 nominis
1907 4339 2011 4397 Dei
2093 4342 2188 4401 cui
2245 4358 2304 4399 se
2356 4338 2799 4412 mancipaverat,
2837 4351 2896 4393 se
2944 4331 3291 4392 subtrahens
3328 4330 3501 4402 (160),
3544 4328 3807 4388 libidinis

300 4420 502 4478 multis
531 4417 785 4476 indicare
814 4419 1061 4476 CUPaVit-
1996 4456 2073 4505 δὴ
2117 4447 2232 4505 ugo
2293 4429 2535 4502 turpiter
2591 4426 2739 4486 colla
2794 4424 3114 4500 supposuit,
3147 4423 3367 4481 donum
3420 4437 3536 4496 quo
3579 4437 3614 4478 a
3653 4420 3807 4479 bono

380 4506 526 4564 423
561 4510 691 4568 Jam
728 4511 911 4585 igitur
948 4511 1500 4587 celebri'utriusque
1535 4512 1689 4586 signi
1716 4516 1870 4575 fama
1904 4535 1979 4579 vo
2032 4496 2341 4577 DDomino
2391 4496 2591 4574 iuerat
2643 4496 2883 4572 ditatus'
2910 4496 3201 4570 amitteret
3243 4534 3255 4568 :
3298 4518 3354 4568 et
3396 4510 3499 4584 qui
3544 4509 3606 4567 in
3654 4508 3805 4567 inte-

300 4599 502 4658 litante
528 4615 630 4673 per
656 4601 964 4675 p0pulum,
1001 4603 1504 4676 coeperuntmulti
1531 4603 1603 4662 ad
1633 4620 1820 4664 sacras
1865 4607 2013 4667 beati
2097 4608 2274 4666 riores
2321 4611 2521 4680 sponte
2576 4603 2876 4674 ceciderat,
2918 4603 3139 4660 invitus
3189 4598 3504 4658 exteriores
3543 4598 3805 4658 tenebras

302 4690 413 4749 viri
443 4692 721 4767 reliquias
748 4692 951 4752 devote
979 4708 1344 4773 concurrere,
1379 4694 1611 4770 piisque
1642 4696 1767 4770 ejus
1793 4697 2014 4756 meritis
2097 4697 2459 4755 incurrisset.

300 4797 435 4841 suas
471 4784 698 4845 animas
741 4782 1014 4845 attentius
1042 4786 1477 4859 commendare;
1524 4782 1800 4847 nonnulli
1837 4789 2011 4848 etiam
2167 4785 2300 4845 Alio
2322 4798 2553 4858 quoque
2571 4788 2824 4856 tempore
2847 4781 3203 4841 daamoniaca
3230 4780 3499 4857 quaedam
3527 4781 3599 4838 ad
3624 4777 3804 4837 altare

300 4869 545 4930 diversis
590 4874 993 4933 valetudinum
1038 4874 1611 4935 incommoditatibus
1666 4877 2009 4948 laborantes,
2097 4874 2246 4934 beati
2289 4871 2400 4932 viri
2439 4870 2685 4929 deducta
2720 4877 2822 4938 cst,
2868 4885 3045 4943 quam
3084 4875 3240 4929 tanto
3293 4869 3525 4944 pestifer
3562 4866 3804 4941 spiritus

301 4958 442 5018 dum
473 4961 566 5020 vel
616 4962 883 5021 detritum
938 4962 1276 5037 sepulcralis
1325 4965 1629 5024 marmoris
1680 4967 2011 5026 limaturam
2096 4967 2291 5024 furore
2348 4960 2663 5036 repleverat
2714 4964 2797 5031 ut,
2837 4974 2965 5016 eam
3011 4958 3123 5017 sibi
3169 4959 3337 5035 quasi
3384 4971 3668 5033 organum
3715 4955 3801 5013 fa-

1680 5114 1733 5173 J.
1772 5113 2153 5176 BOLLANDI
2190 5112 2431 5173 NOTZE.

364 5236 500 5302 (157)
526 5236 665 5299 Sun,
703 5234 897 5287 Temo.
2101 5237 2412 5303 pontiﬁcem
2441 5232 2724 5297 impulerit
2755 5234 3046 5286 incertum.
3086 5233 3336 5298 Sigonius
3376 5230 3451 5285 De
3488 5246 3653 5299 regno
3692 5237 3802 5288 Ita-

367 5307 500 5370 (158)
531 5304 815 5359 Gerbertus
844 5307 1080 5372 primum
1124 5307 1453 5368 Rhemensis,
1490 5308 1684 5359 deinde
1719 5309 2003 5364 Ravennae
2102 5309 2186 5362 lia:
2219 5308 2313 5361 lib.
2343 5319 2442 5370 vn,
2468 5305 2659 5358 eodem
2691 5319 2832 5357 anno
2858 5321 2870 5357 :
2897 5304 3157 5358 Silvcster
3178 5304 3490 5358 Urbevetum
3513 5305 3806 5370 profectus,

305 5379 747 5443 archiepiscopus
774 5378 890 5439 iuit,
924 5391 1011 5431 an.
1050 5379 1142 5430 999
1173 5380 1443 5433 Romanus
1474 5378 1719 5444 pontifex
1748 5381 1922 5433 iactus
1951 5385 2004 5434 et
2102 5395 2273 5444 remp.
2312 5381 2427 5445 ejus
2456 5377 2697 5429 civitati:
2728 5376 2908 5429 multis
2937 5376 3274 5429 salutaribus
3310 5376 3507 5443 legibus
3538 5378 3716 5432 vinxit
3752 5384 3802 5433 et

304 5449 563 5501 Silvester
587 5450 643 5498 II
668 5449 845 5501 dictus
877 5450 1009 5502 obiit
1038 5463 1166 5502 ann.
1195 5451 1335 5502 1003.
2106 5453 2377 5504 Caranum
2416 5449 2634 5501 admoto
2665 5449 2906 5501 exercitu
2939 5448 3303 5501 circumsedit.
3620 5446 3625 5453 ’

368 5521 503 5586 (159)
550 5520 781 5585 Rubeus,
835 5521 928 5574 lib.
981 5534 1016 5573 v
1052 5542 1063 5571 :
1101 5521 1362 5588 Sequenti
1411 5534 1556 5574 anno
1607 5520 1776 5586 (1000)
1829 5518 1998 5574 Silve-
2167 5523 2299 5584 (160)
2349 5522 2564 5574 Videtur
2613 5520 2913 5574 desiderari
2966 5534 3016 5572 sc
3051 5520 3383 5579 subtrahens,
3431 5522 3522 5574 aut
3566 5523 3694 5588 quid
3739 5523 3806 5576 si-

306 5594 417 5645 ster
457 5592 727 5644 Catenam
758 5593 977 5651 admoto
1006 5595 1245 5648 exercitu
1273 5592 1617 5646 circumsedit
1652 5610 1667 5645 :
1694 5606 1803 5657 qua
1836 5606 2003 5645 causa
2102 5593 2250 5657 mile,
2274 5594 2481 5647 monuit
2515 5593 2720 5645 Surius.
