4118 6446
321 211 419 269 951

790 208 848 268 S.
892 210 1113 269 PETRI
1152 209 1475 268 DAMIANI
1514 210 1669 269 OPP.
1714 209 1906 268 PARS
1947 208 2087 268 SEU
2127 207 2378 268 TOMUS
2417 206 2491 268 II.
2533 241 2599 254 —
2642 207 3094 271 SANCTOBUM
3134 205 3355 266 VITIE.

3717 202 3828 261 952

321 336 500 402 ciens,
535 331 715 391 multa
760 348 863 406 per
905 348 967 389 os
1007 333 1132 404 ejus
1178 332 1449 402 sacrilega
1480 341 1534 392 et
1565 335 1766 392 insana
1804 332 2244 408 profer-Ainde
2278 334 2583 406 recederet,
2620 335 2733 394 nisi
2762 352 2861 408 per
2886 334 2951 393 B.
2982 332 3170 392 Mauri
3200 332 3402 389 merita
3435 328 3637 387 lumen
3668 326 3829 402 quod

323 428 429 492 ret,
459 419 614 478 diras
640 434 807 478 voces
837 420 1138 490 emitteret,
1173 426 1229 476 et
1260 420 1416 478 velut
1461 422 1619 479 canis
1671 421 1868 479 rabida
1906 437 2030 478 cre-

324 510 445 568 bris
491 508 844 568 baubatibus
876 508 1021 577 (161)
1070 507 1352 566 elatraret.
1390 508 1608 567 Triduo
1645 519 1843 568 autem
1886 515 2034 583 post-

324 613 503 672 quam
532 597 672 655 illuc
717 596 987 668 perducta
1016 601 1119 664 est,
1163 596 1490 654 vehementi
1527 597 1778 672 quodam
1812 597 2033 671 impetu

325 686 671 759 sanguinem
703 685 946 753 vomuit,
987 690 1042 741 et
1079 684 1158 741 ita
1190 683 1511 755 malignum
1551 688 1819 759 spiritum
1853 704 1886 745 a
1915 702 2030 763 quo

328 775 629 832 tenebatur
655 772 840 845 ejecit.

396 861 528 919 Alia
547 860 809 935 quaedam
843 862 1073 936 mulier,
1094 864 1411 923 necessitati
1440 865 1521 923 rei
1544 866 1849 925 familiaris
1877 870 2026 941 plus-

323 965 501 1024 quam
553 948 783 1007 deberet
834 950 1075 1019 intenta,
1110 952 1169 1010 in
1220 953 1527 1010 festivitate
1563 955 1745 1012 sancti
1784 954 2025 1029 Bophil-

321 1038 363 1097 li
392 1038 539 1108 (162)
568 1038 821 1097 triticum
850 1055 1097 1113 purgare
1127 1056 1241 1098 non
1271 1041 1464 1100 timuit
1492 1058 1506 1113 ;
1553 1044 1648 1099 sed
1694 1043 1835 1102 dum
1864 1045 2028 1104 beato

322 1128 635 1188 confessori
665 1127 822 1200 digni
874 1127 1109 1187 honoris
1158 1130 1536 1187 reverentiam
1581 1146 1699 1188 non
1737 1133 2027 1205 exhibuit,

321 1216 517 1288 dignae
562 1215 1082 1275 animadversionis
1121 1219 1462 1276 sententiam
1498 1235 1613 1276 non
1643 1220 1845 1279 evasit.
1883 1223 2030 1282 Nam

318 1303 492 1374 illico,
522 1304 725 1362 divino
759 1319 1027 1377 percussa
1064 1305 1308 1377 judicio,
1353 1307 1603 1364 brachiis
1640 1312 1892 1367 attractis
1926 1312 2028 1369 ob-

319 1392 517 1467 riguit,
552 1400 627 1462 et,
662 1391 862 1450 eodem
894 1391 1062 1451 modo
1093 1409 1157 1451 ac
1187 1394 1235 1451 si
1264 1395 1629 1466 capisterium
1665 1401 1682 1464 ζ
1696 1397 1813 1468 163)
1844 1398 2033 1457 adhuc

321 1482 603 1542 ventilare
652 1482 960 1553 videretur,
1005 1489 1248 1541 tremere
1299 1483 1609 1542 infeliciter
1665 1488 1854 1561 erepit.
1892 1488 2034 1547 Hzec

318 1572 516 1648 itaque
554 1579 686 1629 ante
721 1571 871 1628 beati
915 1571 1097 1629 Mauri
1135 1574 1313 1630 altare
1345 1573 1671 1646 deducitur,
1704 1584 1758 1633 et
1786 1578 1846 1635 in
1880 1595 2031 1652 prae-

2113 420 2382 478 amiserat
2422 422 2740 495 recepisset.
2780 422 2991 497 Sicque
3024 434 3229 492 magno
3260 418 3393 476 fidei
3434 418 3656 475 fervore
3691 429 3829 472 suc-

2114 524 2284 568 censa
2351 510 2524 569 breve
2579 510 2936 585 tuguriolum
2965 510 3161 583 juxta
3228 506 3482 565 ecclesias
3548 503 3832 580 parietem

2113 599 2490 673 compilavit,
2552 609 2615 660 ut
2666 600 3088 676 quodammodo
3159 598 3349 673 potius
3429 594 3831 656 habitaculum

2115 701 2294 758 quam
2350 702 2667 761 praeparare
2716 688 3007 747 videretur
3058 687 3394 762 hospitium.
3432 684 3698 757 Cumque
3726 697 3834 757 per

2111 783 2237 833 octo
2285 774 2407 833 dies
2456 777 2871 835 instantissime
2906 778 3106 836 fuisset
3145 782 3397 845 oratum,
3432 774 3629 833 lumen
3671 771 3827 845 quod

2110 863 2403 936 quaerebat
2445 863 2643 922 divina
2693 865 2877 938 gratia
2929 865 3209 937 largiente
3254 861 3484 934 recepit,
3532 864 3587 920 et
3622 860 3831 934 dignas

2110 949 2490 1009 illuminatori
2532 968 2638 1012 suo
2683 953 2801 1012 Deo
2842 958 2898 1012 et
2936 951 3138 1012 Mauro
3189 952 3316 1027 ejus
3354 949 3573 1010 famulo
3610 949 3828 1024 gratias

2110 1038 2324 1097 retulit.

2182 1127 2525 1201 Popiliensis
2570 1129 2716 1200 (164)
2769 1128 3078 1188 dioeceseos
3138 1127 3306 1188 turba
3350 1124 3423 1185 ad
3476 1123 3543 1185 B.
3607 1122 3829 1184 Ardui-

2112 1216 2174 1274 ni
2205 1215 2346 1289 (165)
2373 1216 2579 1275 limina
2606 1218 2883 1278 orationis
2908 1234 3082 1277 causa
3115 1215 3419 1286 tendebat;
3449 1229 3700 1288 cumque
3727 1228 3833 1288 per

2112 1305 2427 1364 oratorium
2462 1305 2527 1365 B.
2558 1307 2748 1365 Mauri
2790 1307 3096 1365 transitum
3135 1304 3452 1375 habuisset,
3484 1301 3725 1376 contigit
3762 1307 3835 1362 ut

2114 1394 2382 1466 quaedam
2430 1410 2505 1452 ex
2558 1394 2678 1453 illis
2726 1394 2961 1466 femina,
2992 1410 3149 1469 genu
3190 1392 3412 1452 abbatis
3461 1390 3647 1464 ipsius
3699 1404 3834 1448 mo-

2113 1486 2349 1543 nasterii
2408 1486 2709 1545 humiliter
2762 1487 3045 1556 osculata,
3100 1481 3461 1544 commeandi
3536 1481 3838 1540 licentiam

2114 1580 2345 1647 peteret,
2381 1591 2533 1649 qum,
2577 1576 2678 1634 vix
2708 1576 2884 1635 unius
2927 1577 3148 1649 sagittae
3180 1574 3488 1633 emissione
3512 1584 3839 1646 progressa,

322 1662 471 1720 dicta
524 1662 882 1721 solemnitate
944 1678 1260 1737 numquam
1317 1680 1375 1721 se
1431 1664 1673 1725 ulterius
1732 1668 2029 1742 quippiam
2055 1670 2334 1758 Barrepta
2391 1678 2526 1721 mox
2561 1679 2593 1721 a
2631 1664 2939 1735 daemonio,
2986 1664 3048 1722 in
3085 1671 3293 1721 terram
3338 1660 3655 1735 projicitur,
3696 1672 3842 1715 con-

324 1753 434 1809 tale
488 1753 767 1811 facturam
814 1753 1232 1811 instantissime
1269 1753 1571 1828 pollicetur
1600 1774 1614 1825 ;
1654 1773 1788 1815 mox
1826 1757 2032 1833 largis—
2056 1750 2351 1821 "cutitur,
2386 1753 2699 1825 volutatur,
2734 1762 2787 1813 et
2816 1755 2999 1812 multa
3036 1752 3295 1812 convicia
3342 1750 3620 1809 adversus
3664 1760 3841 1805 eum-

324 1842 468 1898 sima
496 1840 903 1915 omnipotentis
935 1842 1035 1899 Dei
1066 1842 1456 1901 misericordia
1483 1844 1794 1903 clementer
1824 1846 2032 1917 adfuit,

323 1935 379 1986 et
434 1928 663 2000 stupida
727 1929 989 1987 mulieris
1047 1930 1281 1988 brachia
1323 1932 1393 1989 ad
1436 1932 1764 1991 libertatem
1815 1937 2032 2009 pr0prii

322 2017 536 2089 vigoris
564 2017 807 2091 pleniter
832 2020 1185 2077 reformavit.

394 2108 618 2166 Rursus
649 2108 759 2166 alia
791 2108 1005 2167 mulier
1034 2109 1387 2181 profluvium
1440 2114 1743 2185 sanguinis
1786 2116 2038 2187 patieba-

326 2202 454 2267 tur;
488 2211 622 2270 quae
653 2212 783 2255 cum
818 2197 1130 2255 insanabili
1166 2198 1330 2271 plaga
1363 2199 1581 2272 jugiter
1624 2209 1951 2273 vexaretur,
1987 2212 2041 2261 et

322 2284 446 2343 haac
484 2293 655 2358 atque
690 2285 790 2341 illa
832 2292 1055 2342 tentans
1095 2286 1331 2343 nullum
1369 2287 1573 2345 salutis
1625 2290 1903 2361 potuisset
1949 2292 2040 2349 in-

322 2374 520 2431 venire
550 2372 891 2433 remedium.
924 2375 1150 2430 tandem
1181 2374 1243 2429 in
1275 2376 1557 2431 extremis
1583 2378 1868 2447 angustiis
1899 2395 2039 2437 con-

323 2462 519 2520 stituta
550 2462 759 2534 reperit
790 2461 1233 2534 necessitasipsa
1258 2461 1591 2521 consilium.
1627 2464 1821 2524 Nitido
1848 2466 2040 2540 itaque

319 2551 489 2624 juxta
537 2550 969 2623 possibilitatem
1024 2566 1189 2608 suam
1251 2551 1425 2610 linteo
1466 2551 1527 2608 Β.
1573 2552 1757 2612 Mauri
1804 2570 2038 2614 mauso-

325 2639 479 2698 leum
511 2640 822 2712 cooperuit,
851 2647 905 2697 et
927 2639 1003 2696 ita
1035 2640 1315 2697 divinitus
1350 2640 1584 2699 liberata
1614 2658 1844 2700 omnem
1872 2661 2032 2718 pror-

325 2746 427 2787 sus
478 2729 797 2788 molestiam
870 2727 1041 2785 luridi
1120 2730 1413 2801 languoris
1475 2732 1674 2790 evasit.
1733 2732 2038 2792 Enimvero

326 2834 459 2876 cum
508 2818 817 2892 Apostolus
866 2818 1015 2875 dicat
1069 2842 1081 2877 :
1136 2822 1270 2875 Fide
1317 2822 1587 2877 mandans
1639 2824 1803 2878 corda
1859 2840 2039 2879 eorum

328 2908 476 2975 (Act.
516 2919 622 2976 xv,
663 2906 740 2976 9),
782 2907 914 2981 quia
968 2908 1184 2966 mundo
1218 2910 1407 2978 corde,
1449 2918 1644 2983 utpote
1688 2911 1859 2984 plena
1903 2913 2037 2984 ﬁde,

328 2994 477 3053 beati
520 2994 627 3052 viri
669 2995 961 3053 tumulum
1014 2997 1211 3069 tetigit,
1252 2997 1426 3068 digne
1474 3002 1793 3071 promeruit
1831 3017 1861 3057 a
1905 3018 2037 3074 pro-

327 3079 563 3141 ﬂuentis
591 3082 894 3154 sanguinis
922 3051 1298 3141 immuijiditia
1322 3051 1575 3142 liberari.
1908 3051 1936 3074 Γ
2061 3051 2106 3114 C

399 3169 544 3227 Item
592 3170 705 3227 alia
759 3170 974 3227 mulier
1018 3170 1094 3227 ita
1134 3179 1255 3228 erat
1298 3172 1698 3231 violentissimi
1749 3175 2043 3246 languoris

328 3259 688 3317 immanitate
744 3267 1018 3331 contorta,
1062 3268 1146 3326 ut,
1188 3261 1374 3319 soluto
1414 3270 1636 3321 natura;
1683 3264 1905 3335 ordine,
1945 3281 2043 3323 ora

330 3354 548 3405 teneret
580 3356 704 3422 post
742 3364 821 3419 se,
853 3350 1135 3406 cervicem
1184 3350 1354 3409 ferret
1398 3357 1529 3409 ante
1580 3368 1659 3409 se.
1693 3352 1832 3421 Quae
1877 3355 2039 3412 simi-

332 3436 463 3493 liter
513 3452 685 3510 super
732 3436 798 3495 B.
841 3438 1024 3497 Mauri
1078 3440 1411 3497 memoriam
1473 3441 1713 3498 linteum
1760 3443 1968 3514 posuit,
2001 3454 2054 3505 et

338 3525 619 3598 protinus,
670 3527 910 3585 sanitate
970 3534 1211 3601 recepta,
1256 3529 1583 3605 quibusque
1635 3533 1912 3591 membris
1957 3536 2054 3610 jus

335 3632 510 3674 suum
537 3623 743 3673 natura
773 3616 1036 3687 restituit,
1073 3625 1127 3675 et
1164 3617 1234 3674 ad
1276 3621 1589 3677 tenendum
1634 3621 1891 3693 vigorem
1922 3640 2050 3696 pro-

337 3704 529 3776 prium
556 3705 895 3762 arteriarum
927 3720 1141 3777 organa
1171 3707 1526 3778 temperavit.

410 3795 540 3852 Alia
586 3811 818 3869 quoque
867 3797 1078 3854 mulier
1114 3799 1327 3855 amisso
1365 3798 1591 3857 lumine
1620 3801 1690 3858 de
1723 3802 2052 3873 Aquitaniae

338 3881 485 3940 425
513 3885 727 3943 finibus
768 3887 1010 3944 deducta
1058 3897 1159 3959 est,
1190 3904 1344 3960 quze,
1387 3888 1621 3948 Gallica:
1668 3892 2053 3950 animositatis

340 3974 581 4047 genium
622 3990 879 4045 servans,
912 3983 966 4032 et
998 3992 1071 4033 ex
1112 3992 1268 4035 more
1320 3979 1517 4049 patrias
1561 3980 1735 4037 verba
1775 3981 2056 4038 violenter

342 4062 687 4136 infringens,
716 4064 1163 4124 obstinatissime
1207 4067 1516 4125 testabatur
1555 4069 1710 4144 quod
1750 4086 2051 4146 nunquam

2116 1840 2245 1898 dem
2290 1840 2553 1900 abbatem
2588 1842 2927 1902 mordaciter
2954 1842 3272 1902 evomebat.
3305 1840 3447 1897 Haec
3484 1839 3677 1910 itaque
3701 1841 3841 1893 ante

2117 1928 2183 1988 B.
2218 1930 2408 1989 Mauri
2442 1933 2618 1992 altare
2649 1933 2913 2004 deducta,
2946 1950 3058 1993 non
3094 1934 3277 1991 multo
3315 1937 3441 2003 post
3469 1929 3685 1987 divina;
3712 1928 3836 1984 vir-

2122 2019 2258 2077 tutis
2296 2027 2382 2078 est
2419 2020 2662 2095 imperio
2701 2023 2958 2091 liberata,
2998 2024 3077 2081 ita
3104 2030 3187 2093 ut,
3222 2020 3598 2079 redeuntibus
3640 2016 3832 2084 sociis,

2122 2108 2243 2182 jam
2273 2109 2503 2168 sibimet
2532 2111 2768 2181 reddita,
2800 2112 2979 2170 simul
3008 2127 3137 2170 cum
3172 2110 3255 2168 eis
3281 2124 3421 2167 sana
3446 2116 3500 2167 et
3520 2104 3838 2164 incolumis
3882 2174 3887 2181 ‘

2125 2204 2509 2256 reverteretur
2536 2198 2604 2255 ad
2636 2199 2887 2271 propria.

2194 2285 2336 2343 Haec
2387 2287 2582 2360 itaque
2613 2333 2626 2355 ,
2683 2290 2884 2344 fratres
2959 2285 3330 2356 charissimi,
3394 2283 3466 2342 de
3513 2280 3837 2341 virtutibus

2124 2392 2269 2451 quas
2313 2378 2677 2451 omnipotens
2724 2377 3005 2436 Dominus
3039 2393 3140 2450 per
3178 2376 3414 2434 beatum
3453 2374 3840 2432 confessorem

2124 2481 2297 2524 suum
2326 2466 2594 2524 Maurum
2624 2467 2845 2539 Operari
2877 2466 3149 2539 dignatus
3174 2472 3277 2535 est,
3297 2479 3475 2538 pauca
3507 2458 3843 2535 perscripsi-

2122 2569 2276 2626 mus,
2316 2562 2381 2612 ut
2414 2556 2486 2612 ad
2527 2555 2963 2627 glorificandam
3012 2554 3229 2612 divinas
3283 2551 3594 2625 majestatis
3646 2558 3843 2622 poten-

2124 2642 2261 2699 tiam
2296 2648 2499 2701 vestne
2528 2643 2823 2701 charitatis
2866 2643 3123 2701 studium
3166 2642 3496 2700 incitemus.
3528 2638 3660 2708 Qui,
3699 2637 3842 2695 dum

2124 2730 2291 2788 nobis
2321 2731 2510 2789 adhuc
2547 2730 2609 2787 in
2656 2730 2749 2788 via
2788 2731 2985 2804 positis
3023 2729 3435 2787 miraculorum
3475 2742 3715 2785 suorum
3747 2725 3841 2784 di-

2121 2828 2333 2892 gnatur
2361 2820 2635 2877 exhibere
2676 2820 2966 2886 virtutem,
3003 2835 3102 2891 per
3136 2819 3261 2875 haec
3296 2832 3401 2873 nos
3429 2816 3501 2873 ad
3538 2828 3843 2888 capessen-

2121 2909 2251 2965 dam
2299 2907 2548 2965 caelestis
2598 2906 2795 2978 patriae
2848 2905 3071 2975 invitat,
3114 2912 3169 2963 et
3215 2912 3481 2979 provocat
3534 2903 3841 2962 haredita-

2124 3004 2279 3067 tem;
2327 3001 2564 3054 testante
2610 2994 2928 3064 Psalmista,
2979 2998 3079 3071 qui
3128 2997 3252 3055 ait:
3290 3000 3581 3063 Virtutem,
3626 2993 3840 3069 inquit,

2124 3106 2345 3161 operum
2394 3106 2613 3145 suorum
2673 3089 3025 3144 annuntiabat
3074 3089 3273 3160 populo
3323 3103 3439 3153 suo,
3480 3092 3543 3142 ut
3582 3087 3671 3141 det
3722 3087 3843 3142 illis

2126 3180 2491 3235 hereditatem
2526 3181 2768 3247 gentium
2799 3179 2965 3247 (Psal.
2999 3189 3099 3242 cx,
3136 3179 3188 3247 6,
3222 3177 3302 3247 7);
3355 3183 3661 3249 quatenus,
3697 3172 3841 3231 dum

2126 3267 2250 3338 ipsa
2283 3274 2612 3323 sanctorum
2649 3263 2906 3336 sepulcra
2959 3270 3037 3322 tot
3085 3262 3380 3322 miraculis
3425 3261 3647 3319 radiare
3697 3274 3841 3318 con-

2127 3352 2422 3426 spicimus,
2452 3352 2521 3409 de
2568 3353 2851 3409 immensa
2901 3366 3101 3409 eorum
3147 3350 3349 3424 gloria,
3392 3365 3508 3424 qua
3549 3348 3668 3422 jam
3707 3361 3846 3404 cum

2138 3444 2363 3502 Christo
2421 3449 2683 3513 regnant,
2724 3441 2965 3498 minime
3025 3440 3381 3509 dubitemus,
3429 3446 3513 3508 ut,
3565 3434 3846 3509 despectis

2138 3533 2400 3601 terrenis,
2437 3530 2577 3589 illuc
2618 3547 2677 3587 se
2722 3537 2911 3587 noster
2948 3528 3180 3587 animus
3202 3528 3323 3601 jam
3362 3543 3463 3600 per
3495 3524 3848 3583 desiderium

2135 3622 2438 3678 transferat
2479 3619 2577 3677 ubi
2610 3634 2670 3676 se
2695 3617 2947 3690 gaudere
2989 3616 3050 3674 in
3094 3622 3434 3688 perpetuum
3465 3617 3672 3686 sperat,
3700 3610 3849 3668 illuc

2133 3730 2192 3772 se
2220 3712 2396 3770 libere
2432 3711 2667 3785 spiritus
2696 3710 2903 3784 dirigat
2944 3708 3045 3765 ubi
3084 3708 3393 3782 imperator
3425 3706 3554 3764 οωιὶ
3583 3702 3849 3763 Christus

2134 3820 2267 3861 cum
2322 3816 2590 3875 supernas
2650 3799 2826 3858 curiae
2891 3797 3255 3855 senatoribus
3328 3792 3692 3853 ineﬂ‘abiliter
3757 3808 3840 3850 re-

2135 3899 2289 3962 gnat,
2320 3892 2412 3948 cui
2443 3889 2515 3947 sit
2543 3887 2725 3961 gloria
2759 3894 2814 3943 et
2846 3884 3154 3959 imperium
3195 3899 3328 3941 cum
3361 3890 3643 3941 coaaterno
3682 3880 3846 3939 Patre

2137 3987 2193 4037 et
2250 3979 2468 4053 Spiritu
2528 3982 2724 4035 sancto
2793 3991 2890 4048 per
2946 3973 3141 4032 omnia
3197 3971 3411 4031 saecula
3474 3969 3841 4029 saeculorum.

2139 4070 2347 4127 Amen.

1717 4220 1768 4277 J.
1814 4219 2189 4279 liOLLANDI
2227 4218 2468 4280 NOTZE.

409 4337 543 4403 (161)
601 4336 806 4390 Editum
879 4344 995 4391 erat
1069 4342 1123 4391 in
1191 4342 1360 4399 Suria,

347 4412 532 4474 culpa;
574 4409 830 4470 baubanl,
869 4414 984 4465 :ive
1017 4412 1343 4472 baubantur,
1390 4414 1648 4488 βαὺξουσι
1696 4419 1750 4467 et
1779 4408 2057 4489 βαύνξουσι

347 4495 506 4535 canes
517 4522 529 4535 .

409 4554 542 4619 (162)
567 4557 763 4609 Colitur
798 4557 858 4610 S.
888 4557 1157 4618 Rophilus.
1196 4559 1313 4609 sive
1350 4557 1559 4623 Iloﬁlus,
1588 4564 1697 4625 aut,
1730 4563 1789 4612 ut
1817 4557 2055 4610 Leander

352 4624 596 4680 Albertus
618 4629 823 4688 scribit,
852 4631 1100 4694 Roﬁllns,
1120 4632 1175 4681 18
1211 4629 1352 4681 Julii.

414 4698 549 4759 (163)
579 4700 737 4752 Vetus
762 4715 859 4769 ms.
893 4703 1217 4753 Glossarium
1246 4719 1256 4750 :
1285 4702 1647 4765 Capislerium
1677 4707 1750 4756 est
1782 4715 1873 4753 vas
1897 4701 2058 4767 quod-

355 4768 485 4821 dam
523 4782 628 4835 quo
679 4768 962 4836 frumenta
1006 4776 1335 4837 purgamur.
1395 4775 1496 4825 Vox
1551 4777 1713 4827 etiam
1756 4773 2057 4825 Columellas

356 4848 610 4904 usurpata
638 4843 725 4894 lib.
761 4857 820 4905 ll,
845 4858 962 4908 cap.
1003 4847 1050 4896 9.

420 4914 554 4984 (164)
584 4913 780 4970 Forum
816 4918 1013 4982 Popilii
1046 4920 1303 4984 oppidqm
1335 4926 1419 4971 ist
1453 4919 1505 4969 in
1547 4918 1636 4970 via
1663 4917 1894 4973 Emihas,
1937 4915 2061 4966 aliis

353 4983 549 5039 Forum
610 4988 879 5055 Pompilii,
932 4983 1185 5054 corrupte
1246 4988 1444 5041 Forum
1499 4989 1689 5054 Populi
1747 4988 1948 5039 dictum
2008 4987 2062 5037 in

357 5058 521 5110 variis
568 5061 899 5121 itinerariis;
938 5061 1104 5123 vulgo
1172 5059 1578 5126 ForlimpOpoli,
1628 5065 1683 5113 et
1732 5072 1880 5123 saepe
1939 5059 2058 5109 Far-

1446 4340 1793 4403 naubalibus,
1852 4341 2399 4408 librariiDlipiccolo,
2453 4341 2505 4393 id
2556 4344 2635 4391 est
2683 4338 2879 4391 Forum
2934 4334 3071 4389 Livii
3128 4337 3342 4394 minus;
3408 4332 3845 4408 neelmrnerlto,

2144 4403 2283 4474 cum,
2327 4420 2383 4466 ut
2432 4417 2619 4465 auctor
2664 4410 2920 4481 Leander,
2957 4407 3380 4481 funditus‘circa
3409 4418 3495 4481 an.
3520 4403 3849 4481 _1370__esci-

2139 4473 2276 4544 sum,
2321 4485 2483 4538 annis
2524 4483 2586 4535 20
2634 4487 2772 4545 post,
2814 4493 2846 4530 δ
2897 4473 3167 4529 Siriibatdo
3209 4475 3473 4528 0rdelatl‘o
3520 4473 3847 4525 Forolivien-

2137 4559 2280 4611 sium
2348 4556 2595 4623 principe
2650 4550 3032 4623 reaediﬂcatum
3070 4550 3178 4623 (sit,
3235 4559 3341 4611 qua
3396 4556 3543 4596 mine
3605 4546 3849 4623 cernitur

2137 4615 2364 4682 forma.‘
2407 4615 2573 4679 Distat
2631 4626 2847 4674 Caesena
2914 4620 2943 4670 6
3006 4620 3246 4671 millibus
3316 4627 3613 4682 passuum,
3687 4615 3851 4666 sedes

2139 4698 2467 4762 episcogialis
2537 4695 2668 4746 Foro
2745 4691 2927 4753 Popilii
2999 4688 3385 4762 Brilniorium,
3460 4687 3576 4739 sive
3609 4682 3850 4762 _Forum

2151 4757 2596 4827 Fwenlinorum,
2632 4768 2724 4815 aut
2758 4762 3214 4823 Druentinorum,
3242 4760 3435 4813 urbem
3467 4757 3849 4823 propinquam,

2149 4842 2427 4894 translata.

2210 4912 2348 4977 (165)
2384 4908 2457 4962 De
2495 4907 2555 4960 B.
2588 4906 2837 4960 Ανάαὶηο
2886 4903 3203 4971 presbytero
3255 4900 3577 4956 Ariminensl
3631 4909 3857 4963 agemus

2150 4984 2205 5034 15
2235 4983 2472 5046 Augusti.
