4118 6476
184 292 278 353 953

885 500 1798 513 Μ-ῌ--Νλ-ᾜ---υ--υ

1554 297 1733 400 ΫΙΤΑ
1778 296 1836 356 S.
1877 295 2293 356 ROMUALDI.

1801 503 2148 513 ,ψ’-μ...»-

3572 298 3676 356 954

3247 503 3608 514 Μ

2485 506 2528 512 .-
2539 505 2886 513 .υ--Ψ-ος-ο
2899 503 3244 514 «καις-...ᾑ-

2155 505 2414 512 -μσν-ρ--ς
2429 506 2470 511 μ-

1154 675 1430 788 VITA
1523 676 1948 790 SANCTI
2034 677 2686 792 ROMUALDI

176 913 452 961 ABBATIS
503 915 590 960 ET
631 914 1095 977 CONFESSORIS,
1126 916 1596 965 INSTITUTORIS
1643 917 2222 966 CONGREGATIONIS
2262 919 2840 982 CAMALDULENSIS,
2874 919 3148 967 ORDINIS
3193 921 3249 968 S.
3295 920 3674 969 BENEDICTI.

1514 1069 1646 1150 (An.
1679 1071 1814 1134 Chr.
1853 1071 2028 1148 1027,
2065 1073 2134 1135 19
2165 1073 2333 1151 Jun.)

1369 1239 1532 1303 Cum
1563 1241 1885 1318 anonymi
1915 1239 2465 1302 adnotationibus.

1727 1434 1848 1444 ...ον-νο
1858 1432 2117 1442 —_———-—_—-.

700 1581 847 1639 426
880 1582 1292 1644 PROLOGUS.

235 1669 562 1729 Adversum
598 1677 651 1729 te
678 1688 913 1746 prorsus
939 1672 1106 1744 (166),
1138 1673 1440 1732 immunde
1476 1675 1714 1746 munde,
1739 1690 1876 1734 con-

167 1759 484 1834 querimur,
527 1760 665 1835 quia
713 1761 890 1818 habes
944 1760 1368 1820 intolerabilem
1424 1762 1729 1821 stultorum
1787 1780 1878 1822 sa-

165 1846 449 1921 pientium
477 1847 706 1905 turbam
738 1848 839 1905 tibi
870 1848 1200 1920 facundam,
1228 1849 1345 1907 Deo
1379 1858 1620 1908 mutam.
1661 1851 1873 1921 Habes,

165 1935 264 2008 qui
301 1951 404 2009 per
433 1951 643 1994 vanam
670 1937 1060 2011 eloquentiam
1092 1945 1146 1995 et
1174 1939 1410 1997 inanem
1449 1939 1873 2013 philosophiam

164 2037 220 2080 se
256 2024 448 2082 sciunt
486 2025 547 2082 in
580 2025 867 2100 superbia
905 2027 1179 2085 cornibus
1214 2035 1548 2099 arroganter
1575 2030 1868 2100 extollere,

163 2126 270 2169 non
305 2111 484 2170 habes
505 2113 606 2188 qui
636 2114 1004 2187 profuturum
1031 2114 1252 2186 aliquid
1278 2116 1645 2176 adiﬁcationi
1673 2120 1871 2191 proxi-

164 2212 389 2258 morum
415 2215 482 2256 ac
502 2208 859 2272 posterorum
886 2201 1022 2258 velit
1045 2203 1381 2260 memoriam
1403 2203 1552 2274 (167)
1580 2207 1870 2267 schedulis

159 2287 446 2346 adnotare.
494 2289 704 2360 Habes,
743 2290 1007 2365 inquam,
1046 2292 1147 2366 qui
1187 2291 1245 2350 in
1291 2296 1574 2367 pratoriis
1605 2296 1870 2369 judicum

159 2377 519 2449 negotiorum
579 2378 946 2437 sacularium
1015 2378 1144 2438 lites
1203 2388 1258 2439 et
1315 2398 1624 2440 causarum
1675 2384 1870 2458 jurgia

159 2465 451 2523 continuis
533 2466 719 2524 valeat
800 2467 1313 2528 declamationibus
1394 2487 1674 2544 perorare,
1753 2489 1868 2530 nou

156 2560 346 2610 autem
380 2552 577 2623 habes,
609 2554 711 2629 qui
748 2556 925 2627 possit
953 2556 1011 2612 in
1052 2565 1246 2614 sancta
1273 2558 1526 2617 Ecclesia
1567 2560 1656 2617 vel
1691 2562 1868 2618 unius

156 2651 488 2702 sanctorum
550 2645 796 2704 virtutes
853 2652 909 2704 et
954 2646 1106 2705 clara
1155 2656 1311 2720 gesta
1361 2650 1702 2709 describere.
1762 2652 1868 2711 Sa-

157 2730 376 2804 pientes
415 2732 705 2805 siquidem
749 2740 884 2792 sunt
924 2742 988 2792 ut
1031 2736 1240 2793 faciant
1283 2736 1451 2807 mala,
1485 2737 1635 2796 bona
1671 2747 1866 2798 autem

157 2823 340 2878 facere
376 2821 641 2879 nesciunt
671 2826 884 2889 (Jerem.
929 2829 1032 2893 IV).
1074 2824 1217 2882 Ecce
1248 2825 1406 2882 enim
1444 2826 1549 2884 tria
1587 2828 1708 2900 jam
1749 2829 1867 2886 fere

1886 1581 2054 1645 Aere
2102 1586 2478 1660 depromitur,
2521 1587 2744 1647 labente
2792 1590 3081 1652 curriculo
3121 1585 3268 1644 427
3317 1595 3666 1663 temporum,

1958 1674 2027 1732 de
2058 1675 2336 1732 memoria
2372 1675 2675 1734 hominum
2721 1680 2957 1752 penitus
2997 1676 3276 1736 deleatur.

2027 1764 2380 1838 QuaprOpter
2403 1810 2416 1833 ,
2451 1765 2558 1822 hoc
2596 1765 2802 1825 timore
2843 1765 3196 1840 compulsus,
3233 1765 3669 1840 multorumque

1957 1852 2198 1911 fratrum
2257 1853 2525 1925 precibus
2575 1859 2629 1910 et
2683 1870 2958 1927 germana
3006 1853 3279 1912 charitate
3339 1853 3666 1922 devinctus,

1956 1942 2105 2016 quod
2141 1941 2210 1998 de
2238 1941 2508 2013 pradicto
2552 1942 2803 2000 mirabili
2846 1943 2972 2001 viro
3014 1943 3086 2000 ab
3121 1941 3367 2015 egregiis
3404 1939 3529 2014 ejus
3557 1941 3672 2000 dis-

1955 2029 2160 2102 cipulis
2213 2028 2390 2085 didici
2418 2073 2431 2099 ,
2469 2029 2767 2102 aggrediar
2793 2077 2809 2102 ,
2840 2030 2957 2088 Deo
3011 2037 3244 2088 auctore
3272 2075 3287 2099 ,
3317 2027 3666 2098 describere,

1953 2117 2205 2191 vitaque
2227 2117 2350 2189 ejus
2377 2115 2630 2188 initium,
2661 2133 2896 2176 cursum
2933 2123 2986 2175 et
3023 2117 3220 2188 finem,
3245 2117 3526 2174 nimirum
3553 2116 3666 2174 im-

1950 2207 2171 2281 peritus
2211 2207 2416 2276 homo,
2449 2221 2563 2263 non
2617 2205 2916 2264 historiam
2955 2212 3199 2276 texens,
3235 2206 3334 2263 sed
3370 2205 3664 2278 quoddam

1953 2297 2118 2371 quasi
2166 2296 2340 2352 breve
2373 2293 2877 2353 commonitorium
2927 2294 3161 2363 faciens,
3198 2294 3668 2368 quibuscumque

1953 2387 2180 2445 tentabo
2243 2386 2567 2444 litterarum
2623 2385 2883 2458 apicibus
2953 2400 3211 2442 exarare.
3282 2384 3406 2441 Hoc
3471 2389 3662 2443 autem

1949 2492 2135 2535 unum
2161 2475 2222 2532 in
2252 2474 2458 2548 primis
2486 2474 2754 2533 lectorem
2793 2489 2986 2532 meum
3021 2489 3187 2532 nosse
3216 2473 3496 2543 desidero,
3526 2472 3666 2546 quia

1951 2582 2064 2624 non
2107 2565 2293 2622 multa
2318 2581 2418 2635 per
2447 2580 2582 2622 eum
2612 2564 2755 2621 facta
2783 2563 3058 2620 miracula
3087 2563 3142 2619 in
3174 2563 3280 2620 hac
3309 2577 3414 2633 ego
3443 2563 3664 2620 descri-

1949 2652 2249 2728 ptiuncula
2272 2652 2558 2724 colligam,
2585 2652 2683 2709 sed
2708 2652 2919 2725 potius,
2947 2651 3096 2725 quod
3119 2651 3190 2708 ad
3221 2650 3662 2709 adificatiouem

1949 2741 2298 2799 omnimodis
2331 2741 2575 2810 attinet,
2616 2739 3068 2798 conversationis
3107 2741 3232 2811 ejus
3264 2739 3526 2797 ordinem
3568 2755 3663 2797 re-

1951 2831 2098 2888 ferre
2135 2827 2495 2886 contendam.
2536 2827 2746 2885 Beatus
2783 2827 3072 2900 siquidem
3114 2827 3206 2885 vir
3243 2827 3306 2886 in
3353 2833 3576 2885 tantum
3604 2841 3666 2884 se

155 2909 337 2966 lustra
364 2907 514 2978 (168)
539 2914 817 2968 transacta
845 2917 997 2980 sunt,
1032 2928 1106 2969 ex
1135 2927 1250 2986 quo
1275 2913 1476 2971 beatus
1508 2914 1923 2997 RomualdusB
1951 2917 2298 2977 humilitatis
2331 2916 2579 2987 tegmine
2614 2932 2645 2972 a
2679 2920 2846 2972 vento
2886 2929 3052 2972 vana
3092 2914 3291 2986 gloria
3333 2913 3661 2983 custodivit,

155 2999 413 3073 deposito
449 3000 638 3058 carnis
675 3017 850 3059 onere
883 3000 952 3059 ad
985 3003 1233 3060 atherea
1276 3019 1451 3075 regna
1481 3004 1768 3078 migravit,
1813 3013 1866 3064 et
1951 3009 2106 3081 quod
2154 3006 2544 3078 undecunque
2589 3001 2862 3061 humanis
2911 3002 3094 3060 oculis
3144 3002 3328 3060 videri
3377 3001 3666 3060 mirabilis

156 3103 324 3147 nemo
365 3089 561 3148 adhuc
596 3105 667 3146 ex
713 3089 1046 3164 hujusmodi
1093 3091 1448 3163 sapientibus
1493 3095 1732 3167 exstitit,
1765 3095 1869 3170 qui

153 3183 220 3239 de
261 3187 344 3238 tot
390 3181 674 3239 mirabilis
726 3181 861 3238 vita
919 3180 1043 3254 ejus
1089 3183 1397 3254 praeconiis
1442 3200 1623 3258 pauca
1671 3185 1869 3244 saltem

155 3271 429 3328 historico
478 3270 626 3344 style
683 3269 984 3341 digereret,
1034 3277 1109 3339 et,
1164 3272 1519 3332 avidissima
1575 3275 1869 3333 devotioni

153 3360 421 3418 ﬁdelium
470 3358 863 3431 satisfaciens,
892 3359 963 3417 ad
1003 3375 1374 3420 communem
1425 3363 1727 3422 utilitatem
1779 3381 1870 3424 re-

152 3444 632 3520 citanda,'legivo
688 3455 899 3506 sancta
969 3448 1238 3506 Ecclesia
1315 3450 1639 3509 tradidisset
1701 3453 1865 3525 (169).

151 3535 336 3593 Nobis
370 3543 564 3593 autem
603 3535 660 3592 in
698 3543 942 3609 angusto
975 3535 1202 3594 cellula
1233 3537 1446 3609 angulo
1487 3539 1870 3599 residentibus

151 3624 363 3683 utilius
416 3633 555 3697 erat,
597 3625 744 3683 sicut
797 3625 1221 3700 proposuimus,
1263 3627 1492 3700 propria
1531 3637 1755 3701 peccata
1796 3632 1867 3689 ad

147 3715 364 3773 mentis
395 3714 589 3772 oculos
616 3715 846 3773 assidue
881 3732 1167 3786 revocare,
1196 3732 1370 3789 quam
1399 3717 1607 3775 aliena
1640 3719 1869 3779 virtutis

148 3802 450 3861 historiam
509 3809 742 3872 texere;
803 3802 1314 3876 magis-expedire
1371 3805 1507 3878 (170)
1574 3808 1864 3868 commissi

145 3898 344 3949 reatus
384 3891 648 3949 tenebras
677 3892 967 3964 plangere,
1000 3908 1176 3965 quam
1217 3893 1518 3966 splendida
1552 3898 1866 3956 sanctitatis

145 3978 406 4053 insignia
452 3980 737 4054 imperitis
784 3981 1147 4040 sermonibus
1205 3982 1502 4042 oﬂ‘uscare.
1564 3984 1868 4044 Verumta-

146 4087 309 4138 men,
341 4087 479 4129 cum
509 4071 580 4128 ad
600 4073 928 4146 sepulcrum
960 4073 1085 4145 ejus
1113 4090 1186 4131 ex
1216 4075 1553 4150 longinqms
1583 4084 1866 4137 terrarum

147 4162 413 4234 partibus
463 4169 576 4220 toto
629 4177 784 4220 anno
847 4164 1219 4238 maximeque
1273 4166 1332 4223 in
1385 4168 1510 4240 ejus
1561 4169 1867 4228 festivitate

146 4249 419 4309 fidelium
462 4252 772 4310 multitudo
810 4253 1135 4326 conveniat,
1161 4255 1442 4314 miracula
1475 4274 1577 4331 per
1614 4275 1746 4317 eum
1784 4260 1866 4316 di-

147 4339 376 4398 vinitus
413 4339 558 4398 facta
609 4342 940 4415 conspiciat,
971 4345 1173 4403 audire
1218 4346 1354 4404 vita
1405 4348 1529 4421 ejus
1569 4349 1863 4408 historiam

145 4427 611 4487 desiderabiliter
648 4439 890 4504 quaerat,
921 4433 1039 4504 sed,
1075 4442 1270 4506 utpote
1301 4451 1432 4508 qua
1477 4453 1592 4495 non
1635 4440 1727 4510 sit,
1760 4457 1865 4510 au-

145 4517 274 4575 dire
318 4534 433 4576 non
477 4518 693 4591 valeat;
732 4536 842 4578 non
891 4522 1361 4582 irrationabiliter
1407 4527 1865 4597 pertimescimus

144 4621 217 4664 ne
264 4607 642 4667 celeberrima
685 4610 809 4683 ejus
849 4613 1020 4682 fama,
1053 4629 1186 4685 qua
1224 4614 1412 4672 adhuc
1450 4617 1646 4690 populi
1693 4618 1866 4676 totius

203 4749 346 4824 (l§6)
377 4748 546 4801 Editio
581 4751 719 4803 facta
745 4764 886 4804 anno
923 4754 1037 4804 1513
1070 4754 1350 4808 Florentiae
1386 4757 1528 4821 apud
1559 4757 1856 4824 Philippum

143 4819 209 4894 de
253 4822 464 4894 Giuuta,
491 4823 630 4874 sicut
666 4827 718 4872 et
752 4824 858 4874 alia
889 4825 941 4874 in
975 4828 1302 4878 monasterio
1338 4819 1644 4880 Fontisboni
1687 4819 1856 4894 prope

141 4892 522 4944 tiamaldulum
601 4906 746 4946 anno
822 4894 938 4945 15520
1001 4898 1143 4958 typis
1208 4897 1573 4949 Bartholomai
1633 4892 1702 4951 de
1755 4892 1855 4952 Za-

141 4965 314 5014 nottis
371 4963 680 5026 Brixiensis,
726 4978 832 5015 nou
883 4967 1079 5018 habent
1121 4967 1479 5031 emphaticam
1538 4972 1857 5034 particulam

136 5047 388 5097 prorsus.

203 5105 347 5170 (167)
379 5106 437 5157 ln
468 5105 653 5160 codice
674 5106 922 5159 Vaticano
957 5120 1105 5159 num.
1128 5107 1271 5168 3797,
1297 5121 1444 5160 anno
1472 5112 1609 5172 1113,
1646 5115 1702 5164 ut
1733 5112 1858 5163 Fou-

137 5178 351 5229 taninio
382 5177 443 5227 in
468 5177 571 5248 dis.
606 5174 661 5228 S.
700 5179 852 5230 Petri
897 5177 1033 5242 (77's.,
1068 5192 1188 5244 pag.
1230 5180 1308 5242 30,
1339 5180 1596 5241 creditur,
1629 5184 1855 5248 scripto,

136 5249 232 5311 qui
274 5253 438 5300 totam
471 5247 610 5300 hanc
635 5249 743 5301 divi
775 5250 1051 5302 Romualdi
1073 5251 1238 5302 vitam
1266 5251 1524 5310 continet,
1555 5247 1759 5317 legitur
1785 5255 1858 5305 ad

135 5323 488 5380 posterorum
509 5320 638 5372 velit
670 5321 1011 5374 memoriam.

197 5392 341 5454 (168)
368 5391 502 5442 Hinc
535 5393 733 5443 veritas
775 5395 828 5444 et
861 5393 1147 5446 sinceritas
1174 5392 1338 5458 hujus
1361 5392 1599 5444 historia
1633 5393 1699 5444 ab
1729 5407 1852 5446 eru~

137 5462 420 5514 ditissimo
466 5461 599 5514 alias
633 5467 687 5516 et
719 5466 1064 5516 sanctissimo
1104 5465 1220 5516 viro
1267 5464 1416 5517 Petro
1449 5463 1690 5514 Damianl
1727 5477 1852 5515 con-

134 5534 366 5597 scripta
389 5537 571 5599 potest
598 5534 801 5598 colligi,
826 5537 1027 5601 quippe
1049 5548 1169 5600 qua
1195 5538 1303 5588 tam
1327 5547 1497 5600 parvo
1521 5539 1642 5598 post
1667 5535 1717 5588 S.
1753 5535 1855 5586 viri

133 5603 352 5660 obitum
381 5609 628 5671 tempore
646 5605 746 5658 fuit
769 5610 1006 5670 exarata,
1033 5609 1106 5661 ita
1130 5610 1186 5664 ut
1209 5607 1450 5672 oculatos
1472 5608 1639 5660 testes
1667 5617 1854 5670 recen-

1953 3096 2152 3171 potuit,
2214 3093 2632 3153 studiosissima
2689 3091 3071 3150 occultatione
3125 3092 3463 3165 suppressit.
3524 3090 3664 3160 Qua

1953 3193 2140 3244 tamen
2187 3184 2462 3241 miracula
2503 3181 2728 3239 etiamsi
2771 3181 3014 3238 minime
3054 3181 3302 3252 fecisset,
3338 3179 3662 3239 mirabilem

1955 3277 2131 3334 vitam
2167 3274 2404 3340 ducens,
2440 3269 2653 3328 minori
2691 3270 3060 3329 veneratione
3098 3269 3310 3342 dignus
3342 3284 3462 3326 non
3493 3273 3660 3326 esset.

1952 3365 2152 3437 Neque
2181 3362 2336 3418 enim
2384 3359 2712 3416 Pracursor
2749 3358 2982 3416 Domini
3015 3359 3215 3416 fecisse
3260 3357 3543 3416 miracula
3579 3358 3664 3416 le-

1952 3453 2124 3525 gitur,
2168 3465 2284 3522 quo
2330 3447 2604 3519 majorem
2653 3446 2888 3505 nullum
2933 3446 3083 3504 inter
3132 3451 3295 3504 natos
3345 3445 3664 3504 mulierum

1952 3538 2272 3600 surrexisse
2328 3539 2548 3609 (Matth.
2602 3535 2681 3609 x1)
2736 3535 2960 3592 Veritas
3012 3537 3134 3609 ipsa
3193 3540 3447 3593 testatur.
3503 3534 3667 3593 Non-

1953 3629 2104 3688 nulli
2131 3629 2285 3686 enim
2318 3627 2435 3685 Deo
2464 3642 2522 3684 se
2553 3626 2774 3683 deferre
2807 3626 3164 3696 existimant,
3196 3627 3244 3685 si
3283 3627 3344 3684 in
3375 3625 3664 3685 extollen-

1950 3720 2039 3777 dis
2097 3723 2421 3775 sanctorum
2485 3715 2804 3773 virtutibus
2859 3715 3226 3774 mendacium
3283 3715 3524 3789 ﬁngant.
3583 3717 3663 3776 Hi

1952 3808 2256 3870 nimirum,
2289 3805 2617 3877 ignorantes
2662 3805 2843 3862 Deum
2895 3812 3087 3863 nostro
3127 3821 3243 3863 non
3287 3820 3453 3878 egere
3495 3821 3660 3865 men-

1949 3896 2129 3964 dacio,
2194 3893 2385 3952 relicta
2445 3893 2698 3962 veritate,
2759 3909 2892 3968 qua
2951 3894 3073 3967 ipse
3125 3901 3227 3966 est,
3290 3895 3550 3953 falsitatis
3607 3896 3660 3954 ei

1952 3993 2149 4060 putant
2192 4000 2251 4042 se
2295 3983 2517 4057 placere
2560 3998 2722 4056 posse
2760 3989 3102 4041 commento.
3142 3980 3295 4052 Quos
3322 3981 3470 4041 bene
3508 3982 3662 4042 Jere-

1952 4075 2097 4131 mias
2149 4072 2458 4144 redarguit,
2504 4071 2699 4130 dicens
2731 4096 2743 4129 :
2773 4076 3078 4129 Docuerunt
3128 4074 3346 4140 linguas
3395 4088 3525 4128 suae
3577 4075 3659 4128 lo-

1951 4166 2048 4233 qui
2087 4162 2448 4226 mendacium,
2490 4166 2552 4216 ut
2599 4164 2786 4231 inique
2825 4165 3046 4230 agerent
3095 4162 3478 4216 laboraverunt
3520 4163 3652 4227 (Jer.

1948 4254 2054 4318 IX).
2091 4248 2200 4317 Qui
2232 4248 2388 4305 enim
2419 4247 2570 4306 ultro
2595 4248 2845 4307 oblatam
2883 4248 3205 4322 simplicem
3236 4249 3537 4308 veritatem
3567 4265 3658 4308 re-

1949 4338 2095 4395 ferre
2142 4341 2208 4393 l...
2233 4361 2300 4392 μυ
2341 4343 2622 4410 poterant,
2663 4338 2724 4394 in
2764 4338 3172 4413 componendis
3212 4353 3348 4412 qua
3393 4339 3665 4398 nesciunt

1949 4444 2108 4487 casso
2153 4428 2344 4485 labore
2372 4427 2676 4499 desudant,
2709 4436 2763 4486 et
2787 4445 2904 4499 quo
2938 4444 2998 4486 se
3025 4443 3127 4502 pro
3156 4427 3274 4487 Deo
3304 4436 3453 4487 stare
3492 4429 3660 4503 quasi

1947 4521 2238 4593 adjutores
2279 4525 2604 4587 autumant,
2635 4535 2701 4577 eo
2739 4527 2804 4577 ut
2834 4535 3032 4578 revera
3069 4519 3198 4578 falsi
3247 4527 3414 4580 testes
3462 4527 3660 4581 contra

1951 4609 2132 4668 Deum
2174 4606 2538 4680 pertinaciter
2566 4616 2866 4680 pugnant,
2898 4609 3170 4682 Apostolo
3215 4608 3530 4671 Corinthiis
3571 4620 3658 4672 at-

1958 4754 2080 4806 tiorl
2113 4755 2373 4804 memoria
2410 4765 2592 4806 rerum
2629 4753 2922 4805 instructos
2951 4754 3156 4807 habere
3187 4756 3445 4820 potuerit,
3473 4758 3530 4807 ut
3566 4767 3660 4808 re-

1960 4839 2087 4877 vera
2109 4824 2291 4876 habuit
2312 4824 2485 4887 ipsius
2505 4827 2555 4876 S.
2579 4823 2852 4875 Romualdi
2877 4824 3190 4888 discipulos,
3215 4827 3353 4878 sicut
3373 4826 3515 4879 infra
3541 4829 3658 4892 ipse

1960 4901 2201 4948 testatur.

2025 4969 2155 5028 (169)
2222 4965 2522 5020 Fontisbonl
2577 4965 2740 5018 editio
2797 4963 2961 5017 habet
3025 4967 3242 5032 collegio
3296 4968 3352 5021 S.
3421 4968 3658 5021 Ecclesiae

1959 5039 2289 5099 tradidisset,
2344 5039 2396 5090 id
2458 5041 2541 5089 est
2590 5037 2829 5088 tldeiium
2877 5037 2933 5087 in
2977 5049 3147 5088 unum
3216 5042 3659 5094 convenientium

1957 5112 2285 5164 collectioni.
2327 5108 2387 5161 In
2432 5108 2679 5160 Vaticano
2725 5108 2917 5160 codice
2968 5110 3150 5158 tamen
3194 5109 3398 5172 legitur
3451 5109 3655 5176 Legivo,

1957 5183 2101 5246 quod
2153 5183 2203 5234 s.
2255 5181 2591 5242 Benedictus,
2642 5192 2760 5242 cap.
2825 5179 2855 5229 9
2908 5177 3137 5241 Regulae,
3180 5179 3507 5241 Analogium
3558 5195 3658 5235 vo-

1959 5255 2112 5305 cavit.

2025 5324 2157 5386 (170)
2206 5325 2265 5375 ιιι
2305 5325 2558 5375 Vaticano
2612 5320 2801 5374 codice
2849 5321 3079 5374 habetur
3139 5318 3460 5387 expediret;
3506 5325 3560 5372 et
3607 5323 3660 5374 in

1957 5395 2191 5447 editione
2212 5395 2524 5446 Fontisboui
2547 5392 2722 5459 magis
2754 5391 3004 5457 expedire
3035 5387 3340 5442 videbatur.
3370 5390 3661 5456 Utrumque

1959 5468 2131 5525 recte;
2161 5466 2294 5517 alias
2326 5465 2584 5535 deﬁceret
2608 5465 2753 5517 aliud
2781 5465 3010 5523 verbum
3046 5471 3248 5535 regens
3286 5461 3549 5520 inﬁnitam
3580 5462 3632 5524 di

1959 5536 2190 5588 ctionem
2209 5534 2480 5600 expedire.
