4118 6464
447 310 556 371 955
917 308 974 368 S.
1018 307 1241 366 PETRI
1283 307 1600 366 DAMIANI
1639 307 1797 367 OPP.
1842 307 2034 368 PARS
2075 305 2218 367 SEU
2258 304 2509 367 TOMUS
2545 306 2622 365 II.
2665 338 2733 349 —
2774 305 3229 366 SANCTORUM
3267 308 3492 368 VITIE.
3855 313 3965 372 956

449 440 712 507 testante,
742 434 846 509 qui
876 435 956 493 ait
996 434 1105 491 :Si
1144 435 1391 491 Christus
1447 450 1554 490 non
1604 436 1926 504 resurrexit,
1974 431 2468 495 inanisAbellum
2517 431 2726 492 sociale
2778 433 3167 505 committunt,
3218 438 3294 504 et,
3328 431 3471 492 dum
3518 437 3784 494 cominus
3828 437 3969 497 hinc

450 529 533 579 est
567 523 888 594 pradicatio
926 525 1133 585 nostra,
1171 523 1357 577 inanis
1407 525 1485 576 est
1528 521 1664 591 fides
1700 526 1922 588 vestra;
1957 519 2166 578 deinde
2247 519 2384 578 inde
2413 527 2723 595 pugnatur,
2753 526 2988 595 repente
3023 536 3204 579 manu
3232 520 3419 594 Sergii
3445 522 3725 582 inimicus
3755 530 3812 583 et
3839 527 3967 585 aﬂi-

448 610 751 686 subjungit
783 629 795 668 :
827 613 1141 666 Invenimur
1175 613 1314 680 falsi
1352 616 1508 666 testes
1545 613 1664 676 Dei,
1704 615 1964 682 quoniam
2007 613 2165 667 dimi-
2248 607 2341 667 nis
2366 609 2505 679 (174)
2532 609 2828 668 occiditur.
2854 609 3214 668 Romualdus
3239 616 3432 668 autem
3456 609 3586 668 licet
3609 611 3844 671 nullum
3874 631 3972 688 pe-

449 719 570 757 mus
639 703 1006 756 testimonium
1064 702 1325 757 adversus
1395 705 1584 766 Deum,
1655 704 1753 773 qui
1821 704 2168 758 suscitaverit

451 791 744 852 Christum,
779 805 938 858 quem
976 805 1084 844 non
1127 794 1417 846 suscitavit
1451 795 1496 862 (Ι
1528 793 1645 848 Cor.
1693 792 1819 860 XV).
1865 789 1976 849 Sed
2006 792 2164 866 quia,

453 878 787 936 necessitate
817 877 887 933 ad
921 876 1293 936 scribendum
1322 879 1519 950 coacti,
1554 880 1713 938 velut
1755 879 2028 938 commoti
2059 879 2166 938 ista

452 966 884 1040 praemisimus,
929 967 1050 1040 jam
1102 967 1370 1040 precibus
1407 969 1532 1041 ejus
1572 969 1643 1025 de
1686 985 1802 1042 quo
1846 969 2164 1044 loquimur,

455 1055 572 1114 Deo
600 1055 936 1129 opitulante,
966 1057 1036 1114 ad
1069 1059 1415 1117 narrationis
1438 1059 1701 1118 ordinem
1734 1059 2057 1119 veniamus.

913 1150 1062 1209 428
1111 1153 1356 1213 CAPUT
1395 1156 1712 1215 PRIMUM.

847 1244 1023 1300 Causa
1061 1247 1428 1300 conversionis
1465 1247 1782 1303 Romualdi.

524 1330 886 1390 Romualdus
937 1332 1158 1405 igitur,
1215 1335 1511 1392 Ravennae
1567 1335 1816 1394 civitatis
1862 1335 2167 1407 oriundus,

453 1437 528 1479 ex
567 1418 964 1478 illustrissima
1007 1421 1224 1480 ducum
1265 1423 1375 1480 fuit
1420 1424 1594 1497 stirpe
1630 1424 1963 1498 progenitus
2006 1424 2167 1496 (171).

453 1509 568 1579 Qui
595 1525 729 1566 cum
759 1510 882 1583 jam
917 1509 981 1566 in
1016 1511 1458 1570 adolescentiam
1498 1513 1869 1586 pervenisset,
1908 1514 2080 1586 coepit
2109 1514 2169 1571 in

2248 707 2469 772 rempto
2512 701 2729 758 vulnus
2769 699 3071 767 inflixcrit,
3115 697 3254 772 quia
3294 706 3482 756 tamen
3529 699 3811 774 interfuit,
3843 718 3971 777 pm-

2250 790 2551 849 nitentiam
2583 790 2724 848 tanti
2766 797 2961 847 reatus
2990 788 3224 862 accepit,
3263 803 3524 860 moxque
3558 789 3629 845 ad
3669 789 3972 852 Glassense

2252 882 2668 939 monasterium
2722 879 2787 936 B.
2848 877 3242 951 Apollinaris,
3299 894 3457 936 more
3516 879 3972 956 homicidarum,

2250 969 2454 1027 diebus
2491 967 2870 1041 quadraginta
2911 983 3324 1041 permansurus
3365 969 3427 1025 in
3459 967 3714 1028 luctibus
3760 987 3970 1046 prope-

2251 1059 2400 1116 ravit
2430 1058 2597 1131 (175).

2811 1143 2960 1202 429
2997 1147 3238 1206 CAPUT
3269 1147 3345 1205 II.

2253 1239 2380 1306 Ipsa
2431 1237 2704 1291 conversio
2729 1277 2744 1299 ,
2799 1240 2850 1290 et
2905 1238 3039 1306 quia
3087 1253 3281 1306 corpus
3329 1238 3392 1292 B.
3451 1236 3801 1305 Apollinaris
3853 1235 3976 1289 sine

2340 1326 2350 1335 ·
2537 1306 2700 1361 dubio
2732 1309 2792 1361 in
2830 1308 3102 1364 Classensi
3129 1309 3455 1362 monasterio
3474 1307 3680 1376 jaceat.

2325 1409 2454 1468 Illic
2496 1416 2690 1469 autem
2736 1410 2991 1469 districta
3034 1427 3094 1470 se
3145 1410 3486 1484 pmnitentia
3527 1409 3744 1483 jugiter
3778 1424 3974 1468 mace-

2255 1516 2430 1571 rans,
2472 1499 2645 1573 cmpit
2687 1515 2821 1558 cum
2869 1499 3117 1573 quodam
3165 1514 3444 1558 converso
3491 1498 3647 1569 (176(
3690 1498 3978 1573 quotidia-

453 1605 680 1676 peccato
713 1602 910 1660 carnis
946 1603 1220 1677 proclivis
1261 1604 1527 1674 existere,
1565 1619 1682 1676 quo
1721 1603 1987 1662 videlicet
2029 1603 2170 1661 vitio
2257 1607 2400 1649 011m
2433 1591 2642 1649 habere
2683 1591 3062 1665 colloquium,
3096 1607 3130 1648 ³
3160 1607 3277 1665 quo
3314 1591 3509 1664 ctiam:
3538 1590 3708 1664 luxu
3748 1591 3978 1648 medio-

454 1690 555 1748 illa
609 1697 748 1748 astas
803 1692 1148 1767 impugnare
1200 1692 1510 1764 homines,
1565 1694 1884 1766 praesertim
1941 1692 2168 1764 divites,
2255 1682 2509 1740 critatem
2560 1697 2785 1754 sensus,
2831 1682 2998 1739 bonae
3041 1681 3458 1740 exhortationis
3504 1679 3773 1738 audiebat
3821 1694 3979 1752 saepe

454 1779 857 1839 vehementius
894 1781 1052 1839 solet.
1098 1779 1290 1839 Mente
1341 1789 1532 1840 tamen
1570 1781 1688 1840 Deo
1738 1780 2001 1853 devotus,
2055 1772 2588 1858 fre—BCOIISilillm-
2635 1770 2819 1840 Quem
2862 1786 2995 1830 cum
3039 1786 3353 1830 conversus
3401 1772 3732 1850 frequenter
3767 1768 3978 1858 admo:

456 1874 700 1942 quenter
750 1883 810 1927 se
866 1871 1120 1928 tentabat
1176 1872 1415 1945 erigere,
1473 1873 1884 1949 facturumque
1936 1885 1996 1930 se
2051 1856 2228 1931 ma-ﬁ
2261 1867 2423 1917 ﬂeret
2476 1861 2815 1919 5330111319111
2865 1861 3043 1918 Vitam
3098 1859 3340 1919 omnino
3387 1865 3750 1933 Ροεῐροΰεΐθν
3803 1865 3858 1916 εἴ
3905 1856 3980 1949 ad

456 1976 637 2032 gnum
668 1957 888 2034 aliquid
916 1961 1271 2035 proponebat
1301 1961 1462 2035 (172).
1495 1961 1641 2020 Nam
1678 1970 1736 2019 et
1776 1948 1824 2020 Si
1863 1962 2094 2037 quando
2121 1979 2180 2021 se
2261 1960 2474 2010 sancta:
2518 1951 2968 2011 conversationis
3015 1952 3278 2010 ordinem
3336 1951 3609 2008 festinare
3656 1951 3823 2020 (177),
3877 1948 3980 2007 sed

453 2047 524 2107 ad
575 2048 834 2107 studium
890 2049 1220 2108 venationis
1273 2050 1618 2124 accingeret,
1677 2050 2018 2124 ubicunque
2080 2067 2181 2125 per
2260 2044 2333 2101 ad
2385 2044 2494 2102 hoc
2557 2052 2808 2101 mentem
2879 2044 3004 2118 ejus
3054 2041 3367 2101 humiliare
3437 2040 3771 2099 nullatenus
3841 2056 3980 2114 pos-

455 2135 632 2196 silvas
675 2150 977 2196 ammnum
1019 2137 1212 2197 locum
1250 2141 1502 2212 reperire
1550 2145 1787 2212 poterat,
1827 2155 1966 2198 mox
2006 2156 2068 2198 se
2107 2140 2180 2198 ad

454 2225 634 2285 eremi
691 2227 1046 2284 desiderium
1097 2227 1224 2297 ejus
1272 2228 1509 2284 animus
1562 2227 1926 2300 accendebat,
1982 2227 2180 2286 dicens

454 2315 607 2372 intra
637 2329 736 2373 se:
770 2315 814 2375 Ο
851 2331 1028 2390 quam
1073 2315 1220 2374 bene
1252 2319 1514 2388 poterant
1558 2317 1819 2373 eremitae
1850 2316 1910 2373 in
1953 2316 2045 2374 his
2085 2333 2181 2374 ne-

457 2417 686 2467 morum
730 2408 1050 2466 recessibus
1084 2407 1342 2466 habitare
1374 2410 1385 2464 !
1430 2422 1611 2480 quam
1655 2421 1911 2480 congrue
1947 2415 2178 2481 possent

458 2499 552 2557 hic
583 2498 655 2556 ab
681 2498 844 2556 omni
883 2496 1178 2556 saecularis
1217 2495 1488 2568 strepitus
1521 2496 1955 2568 perturbatione
1991 2496 2180 2570 quies-

457 2594 623 2649 ceret
657 2589 730 2647 Et
770 2589 852 2647 ita
889 2603 1056 2646 mens
1094 2587 1219 2662 ejus
1263 2586 1491 2645 coalitus
1533 2587 1829 2660 inspirata,
1855 2587 1978 2660 jam
2024 2587 2176 2645 divi-

459 2679 706 2738 nabatur
746 2677 807 2738 in
841 2693 1036 2736 amore
1070 2675 1228 2750 quod
1265 2675 1615 2749 impleturus
1651 2682 1770 2734 erat
1807 2679 2175 2750 postmodum

458 2783 655 2842 opere.

528 2851 683 2914 Huic
727 2855 849 2912 erat
896 2859 1078 2928 pater,
1136 2850 1372 2910 nomine
1423 2851 1680 2926 Sergius,
1731 2851 1951 2912 mundo
2000 2852 2176 2912 vehe-

460 2951 687 3007 menter
740 2943 1042 3016 intentus,
1095 2949 1151 3002 et
1202 2943 1444 3004 omnino
1499 2945 1876 3004 saecularibus
1930 2944 2178 3019 negotiis

2261 2139 2345 2189 set
2376 2133 2548 2202 (178),
2576 2132 2893 2206 aliquando
2921 2133 3072 2189 inter
3094 2138 3299 2189 caetera
3326 2129 3487 2188 velut
3512 2129 3982 2202 gratulabundus

2258 2219 2476 2291 intulit,
2516 2219 2713 2279 dicens
2746 2242 2758 2280 :
2788 2220 2848 2280 Si
2884 2219 2986 2278 tibi
3015 2264 3028 2290 ,
3068 2218 3294 2292 inquit,
3336 2235 3440 2291 ego
3477 2218 3541 2276 B.
3574 2216 3979 2292 Apollinarem

2261 2308 2543 2382 corporali
2574 2309 2779 2382 specie,
2813 2309 2892 2366 ita
2929 2316 2994 2367 ut
3021 2323 3155 2367 eum
3193 2308 3498 2366 manifeste
3527 2309 3722 2366 videre
3764 2307 3974 2380 possis,

2259 2396 2582 2469 ostendero,
2640 2396 2779 2468 quid
2825 2413 2860 2454 a
2911 2403 2966 2454 te
3019 2397 3248 2471 praemii
3301 2395 3652 2470 reportabo?
3703 2395 3793 2453 Ad
3848 2396 3983 2452 haec

2260 2485 2620 2545 Romualdus
2651 2511 2664 2544 :
2701 2487 2895 2545 Firma
2919 2533 2934 2558 ,
2965 2487 3174 2560 inquit,
3208 2492 3264 2544 et
3308 2485 3635 2544 inviolabili
3687 2501 3779 2542 me
3823 2484 3983 2542 obli-

2257 2575 2488 2648 gatione
2523 2575 2854 2649 constringo
2897 2575 3059 2650 quia,
3096 2591 3233 2634 mox
3281 2582 3346 2633 ut
3383 2575 3616 2633 beatum
3665 2579 3983 2646 martyrem

2257 2666 2476 2736 videro,
2510 2667 2662 2741 apud
2703 2667 2984 2725 saeculum
3017 2667 3264 2724 ulterius
3301 2681 3415 2724 non
3460 2664 3723 2722 manebo.
3767 2663 3984 2722 Horta-

2260 2762 2354 2814 tur
2405 2772 2537 2830 ergo
2585 2772 2903 2814 conversus
2945 2762 3010 2814 ut
3047 2757 3174 2827 ipsa
3218 2761 3383 2812 nocte
3433 2753 3795 2812 Bomualdus
3844 2751 3986 2808 dor-

2257 2844 2404 2902 mire
2467 2849 2870 2918 postponeret,
2931 2849 2987 2900 et
3046 2859 3164 2900 una
3228 2858 3421 2899 secum
3476 2842 3628 2898 intra
3681 2840 3983 2899 ecclesiam

2259 2936 2316 2992 in
2367 2933 2726 2992 orationibus
2771 2931 3056 3005 vigilaret.
3111 2931 3372 3005 Cumque
3417 2937 3703 2989 nocturno
3750 2930 3986 2990 silentio

461 3035 812 3112 implicatus.
839 3035 948 3104 Qui
974 3036 1114 3092 dum
1138 3035 1418 3094 adversus
1444 3036 1756 3110 quemdam
1779 3036 2176 3112 pr0pinquum
2259 3024 2670 3119 IQDganiliiiiet
2698 3024 2893 3119 _ambo
2950 3023 3020 3119 in.
3071 3020 3800 3119 oratione“persisterent‘,
3851 3035 3987 3119 εἶεῢὲ

463 3107 639 3185 suum
670 3124 886 3183 exortis
915 3124 1060 3196 (I73)
1092 3107 1484 3183 simultatibus
1510 3140 1610 3198 pro
1642 3107 2164 3198 possessione—prati

2318 3129 2408 3170 rca
2454 3112 2820 3186 gallicinium
2868 3112 3054 3193 noctis
3090 3110 3156 3169 B.
3209 3109 3583 3186 Apollinaris,
3620 3108 3711 3166 his
3749 3107 3988 3166 duobus

461 3215 797 3273 inimicitias
847 3222 1174 3285 exerceret,
1208 3212 1414 3271 videns
1451 3197 1652 3272 lilium
1683 3230 1855 3273 suum
1893 3213 2172 3272 Bomual-
2198 3197 2568 3259 "manifeste
2609 3201 2941 3259 Videnlibus
2971 3246 2985 3274 ς
3017 3200 3164 3259 θΧῘίῖ
3209 3202 3280 3258 de
3334 3200 3442 3258 8‘11)
3495 3199 3660 3257 altari
3708 3197 3862 3272 (ΙΠοά
3921 3199 3986 3256 in

463 3305 602 3364 dum
649 3304 712 3363 in
757 3304 1123 3362 contentione
1176 3302 1511 3362 mollescere
1540 3349 1555 3377 ,
1605 3305 1941 3379 crimenque
1981 3304 2176 3361 fratri-
2265 3292 2454 3386 medio
2497 3291 2753 3350 960188183
2789 3291 2860 3349 ad
2902 3290 3181 3386 1101101131}?
3210 3289 3276 3346 B-
3323 3288 3581 3386 Vil'ginis
3625 3287 3824 3386 Marii?
3853 3302 3986 3386 cerf

460 3391 598 3452 cidii
629 3391 969 3452 medullitus
998 3391 1327 3464 formidare,
1362 3393 1577 3452 minari
1603 3395 1774 3468 ccepit
1803 3377 2175 3452 exheeredem
2262 3381 2422 3441 nitur
2465 3397 2589 3440 esse
2635 3387 3050 3439 constructum
3105 3379 3281 3468 Visus
3331 3384 3416 3468 98F
3463 3377 3880 3468 autem.exire_
3910 3377 3988 3434 ab

462 3486 685 3557 facere,
738 3485 789 3543 si
832 3484 892 3543 in
942 3485 1142 3543 eadem
1191 3485 1416 3544 diutius
1465 3464 1748 3544 sententia
1790 3491 2172 3559 permaneret.
2262 3469 2527 3528 orientali
2573 3477 2752 3544 Parte;
2782 3469 2945 3527 illinc
2985 3467 3251 3559 Videlicet
3299 3465 3400 3525 Ubi
3439 3480 3693 3559 ΙΠΗΓΠΨΓ
3723 3464 3988 3559 ροτρῒιγ-

463 3573 612 3644 Quid
663 3552 877 3647 plura?
906 3573 1164 3632 Tandem
1207 3581 1470 3649 utrasque
1514 3552 1942 3633 inimicantium
1988 3581 2164 3648 partes

2308 3559 2506 3618 aticum
2548 3561 2717 3635 jacet.
2767 3558 3083 3617 Confestim
3136 3572 3271 3614 vero
3324 3562 3518 3615 tantus
3573 3552 3841 3651 splendor
3866 3561 3987 3656 ’10-

461 3678 537 3724 ex
563 3661 707 3721 urbe
731 3663 803 3720 ad
830 3663 950 3723 litis
979 3664 1278 3724 materiam
1308 3639 1614 3741 proruunt,
1643 3681 1804 3723 arma
1830 3639 2164 3739 corripiunt,

2308 3665 2379 3706 1m
2417 3649 2661 3725 replevit
2702 3648 3024 3720 ecclesiam,
3056 3661 3123 3704 ac
3165 3647 3214 3704 si
3246 3645 3330 3704 sol
3377 3643 3619 3717 fulgoris
3663 3641 3757 3700 sui
3786 3639 3989 3700 radios

523 3850 658 3912 (171)
681 3840 1073 3903 Nobilissimam
1107 3850 1278 3903 fuisse
1317 3849 1594 3903 Romualdi
1619 3851 1907 3914 originem,
1936 3865 2008 3903 ex
2041 3852 2160 3915 ipso
2269 3857 2440 3911 gnum
2464 3840 2676 3908 aliquid
2700 3837 3052 3907 proponebat,
3090 3840 3151 3890 ut
3178 3839 3232 3890 et
3254 3825 3310 3889 in
3334 3835 3665 3890 editionlbus
3697 3833 3989 3888 nonnullis

465 3933 626 3987 quem
685 3923 969 3974 Damianus
1017 3925 1245 3985 exponit
1301 3922 1684 3974 ittustrissima:
1745 3923 1936 3986 stirpis
1989 3923 2161 3987 titulo,

461 3992 607 4044 haud
627 3993 792 4046 dubie
813 3993 1146 4057 intelligitur.
1171 3995 1241 4045 Cl.
1268 3995 1323 4045 Υ.
1349 3995 1671 4045 Muralorius
1695 3996 1747 4044 in
1775 3993 1993 4046 Dissert.
2021 3997 2048 4045 5
2074 4009 2168 4047 αηρ

465 4064 646 4128 tinuit;
672 4064 843 4116 medii
873 4067 990 4127 aui,
1036 4071 1159 4116 tom.
1196 4067 1238 4126 l,
1283 4071 1412 4128 pug.
1459 4067 1562 4127 158,
1609 4065 1868 4116 nonnulla
1914 4065 2164 4116 eruditis-

461 4135 602 4188 sime
623 4138 780 4201 juxta
798 4149 1020 4190 morem“
1038 4135 1363 4200 conscripsit
1391 4137 1536 4188 circa
1559 4136 1699 4200 hanc
1730 4135 1931 4187 ducum
1952 4135 2168 4188 nobilis-

464 4205 655 4257 simam
696 4206 1055 4259 Ravennatem
1089 4207 1366 4270 familiam,
1399 4219 1520 4272 quaa
1554 4209 1772 4260 circiter
1800 4219 2003 4258 annum
2047 4205 2166 4257 1180

466 4276 681 4338 defecit,
733 4289 765 4328 e
822 4279 959 4328 vivis
1013 4277 1222 4330 sublato
1273 4277 1480 4329 Joanne
1543 4279 1681 4329 duce
1732 4275 1936 4342 absque
1995 4279 2166 4340 prole,

466 4361 531 4400 ac
581 4347 649 4399 ad
703 4350 824 4410 ejus
888 4349 1255 4400 haereditatem
1305 4350 1510 4400 vocatis
1586 4351 1746 4400 Petro
1808 4347 2167 4400 Traversaria

465 4419 694 4484 patricio
747 4419 1072 4481 Ravennate,
1138 4424 1192 4471 et
1255 4417 1504 4471 Taureuo
1560 4421 1731 4472 nobili
1792 4421 1912 4471 cive
1975 4420 2167 4472 Ferra-

465 4491 636 4544 riensi
689 4495 842 4554 patre
877 4490 1110 4543 celebris
1146 4490 1521 4556 Saliuguerrie,
1563 4495 1621 4544 ut
1655 4506 1724 4544 ex
1759 4491 1967 4544 duabus
2007 4491 2164 4544 char-

465 4563 554 4625 tis,
635 4575 769 4628 quas
825 4564 881 4614 in
950 4563 1072 4626 ipsa
1139 4564 1519 4616 dissertatione
1575 4564 1800 4628 profert,
1863 4563 2166 4616 clarissime

465 4633 628 4699 patet.
667 4655 687 4679 ι
722 4635 1032 4700 Quanquam
1083 4632 1345 4686 credibile
1387 4635 1473 4696 sit,
1531 4637 1603 4687 ait
1636 4636 1772 4700 ipse,
1807 4634 1974 4687 hosce
2011 4635 2168 4686 duces

466 4707 767 4770 antiquitus
792 4705 1154 4770 assumpsisse
1194 4707 1454 4758 eximium
1487 4705 1631 4760 hunc
1664 4705 1874 4757 titulum
1917 4719 1949 4757 a
1978 4705 2167 4770 splen-

464 4778 589 4830 dido
618 4778 870 4843 quopiam
912 4779 1249 4840 magistratu,
1286 4779 1404 4829 sive
1433 4792 1464 4829 a
1505 4779 1770 4840 regimine
1802 4777 2034 4830 civitatis
2065 4777 2166 4829 Ra-

463 4861 676 4907 vennae.
747 4855 839 4901 aut
895 4849 1123 4912 alicujus
1197 4849 1423 4900 alterius
1501 4847 1556 4900 in
1634 4847 1930 4901 exarchatu
2016 4847 2170 4911 posi-

463 4927 551 4985 tae,
627 4923 859 4992 attamen
920 4921 988 4992 ad
1040 4923 1369 4992 opinandum
1428 4920 1580 4972 feror
1637 4921 1784 4984 ipsos
1835 4917 2169 4992 procedente

464 4997 708 5057 tempore
745 4991 872 5045 inde
914 4989 1158 5058 deiectus
1210 4989 1532 5056 impetrasse
1581 4992 1771 5044 saltem
1809 4991 1948 5042 tituli
1993 4990 2168 5042 conti-

465 5069 690 5118 nuatum
719 5063 1000 5124 honorem,
1033 5070 1197 5129 atque
1243 5076 1306 5116 ea
1348 5061 1416 5116 de
1447 5075 1611 5115 causa
1643 5062 1950 5127 impositam
1984 5073 2172 5112 eorum

466 5149 608 5202 pago
656 5135 1073 5201 appellationem
1137 5135 1401 5198 ducatum,
1461 5136 1911 5201 quemadmodum
1959 5131 2173 5186 comitis

467 5221 688 5271 nomen,
723 5206 849 5260 olim
892 5203 1192 5259 rectoribus
1235 5207 1602 5260 tantummodo
1659 5207 1890 5258 civitatis
1917 5205 2174 5278 alicujus

469 5280 673 5342 datum,
722 5278 1073 5332 castellorum
1107 5283 1161 5331 et
1202 5278 1444 5332 vicorum
1494 5279 1728 5331 dominis
1768 5277 1928 5331 tribui
1968 5277 2171 5328 sensim

464 5353 644 5416 capit.
682 5371 702 5397 ι
1335 5415 1340 5420 _
1788 5419 1794 5420 ί
1909 5417 1912 5420 .

530 5425 669 5492 (172)
698 5423 782 5477 Sic
809 5423 1008 5488 legitur
1030 5424 1087 5477 in
1107 5419 1358 5475 Vaticano
1381 5422 1568 5475 codice
1603 5434 1654 5472 n.
1682 5419 1824 5481 3797,
1861 5433 2025 5488 supra
2058 5431 2170 5471 me-

471 5501 700 5559 morato,
746 5497 845 5549 sed
878 5497 934 5547 in
969 5497 1203 5558 quodam
1250 5493 1557 5558 fragmento
1604 5494 1731 5546 Vitae
1775 5494 1937 5562 hujus
1975 5492 2176 5556 scripto

478 5565 674 5619 aesculo
717 5569 945 5620 fortasse
989 5579 1070 5630 x1,
1117 5567 1259 5628 quod
1286 5570 1461 5618 exstat
1491 5566 1544 5616 in
1590 5565 1779 5617 codice
1809 5563 2066 5615 Vaticanae
2094 5562 2173 5614 bi-

478 5634 762 5692 bliothecae
800 5653 852 5692 11.
891 5641 1034 5702 5411,
1064 5638 1294 5695 habetur
1323 5639 1634 5705 frequenter
1665 5650 1718 5690 se
1753 5638 1944 5688 contra
1972 5647 2025 5686 se
2056 5648 2173 5689 ma-

2271 3918 2517 3968 apparet.

2304 3929 2543 4052 ρδξέξῗη
2580 3984 2739 4034 citato
2773 3981 2979 4034 codicis
3011 3981 3313 4044 fragmento
3350 3979 3610 4030 Vaticanus
3636 3975 3984 4029 bibliothecas

2268 4060 2482 4111 additur
2513 4053 2914 4120 fraudatenter.

2332 4131 2466 4196 (174)
2496 4119 2619 4179 Haec
2650 4125 2810 4176 dictio
2842 4122 3030 4196 afﬁnis
3055 4123 3110 4174 in
3142 4123 3334 4196 eodem
3368 4123 3688 4196 fragmepto,
3721 4119 3853 4196 etin
3879 4131 3980 4171 ve-

2270 4189 2590 4255 tustioribus
2629 4198 2788 4251 editis
2843 4195 3122 4250 codicibus
3161 4193 3526 4246 desideratur.
3567 4190 3716 4243 Unde
3761 4189 3984 4241 [iubens

2269 4275 2361 4337 ait,
2397 4275 2530 4325 Inst.
2576 4273 2731 4333 Rau,
2765 4269 2802 4322 l.
2837 4283 2891 4328 ν,
2935 4269 3082 4319 inter
3109 4261 3360 4331 Sergium
3398 4267 3611 4327 patrem
3651 4266 3709 4337 et
3731 4259 3983 4337 vicinum

2270 4332 2672 4398 contentionem
2718 4332 2912 4393 fuisse.
2965 4339 3250 4391 Fortunius
3295 4348 3443 4412 vero,
3496 4344 3640 4412 p._u,
3694 4332 3808 4412 Lnl.
3845 4343 3893 4412 (ξ.
3926 4332 3980 4394 7,

2270 4416 2604 4482 ωαυὶγοοαῐῐι
2623 4425 2811 4466 vocem
2838 4421 3126 4482 usurpans,
3153 4413 3327 4482 ortam
3350 4405 3524 4482 fuisse
3554 4406 3698 4458 inter
3716 4402 3982 4482 sergium

2270 4475 2557 4554 parentem
2583 4489 2631 4538 et
2663 4484 2835 4537 alium
2871 4481 3238 4549 propinquum
3279 4478 3344 4528 de
3376 4475 3614 4540 quodam
3641 4479 3801 4538 prato
3843 4486 3983 4526 con-

2272 4560 2597 4614 trouersiam
2636 4556 2842 4609 scribit.

2332 4633 2468 4695 (175)
2503 4630 2561 4681 ld
2595 4625 2858 4692 peculiari
2893 4623 3254 4695 R_avennat_um
3288 4617 3668 4695 consuetudini
3684 4617 3985 4695 _ascr_lbunt

2275 4688 2490 4754 Raetias
2527 4688 2874 4760 in'Descript.
2905 4693 2966 4746 S.
3003 4691 3187 4750 erepti,
3225 4703 3276 4745 c.
3314 4693 3362 4753 2,
3401 4693 3455 4744 et
3489 4690 3655 4742 Lucas
3684 4688 3983 4760 Barchino-

2272 4774 2459 4824 nensis
2493 4771 2626 4820 Hist.
2664 4759 2833 4828 Rom.,
2874 4764 2911 4817 l.
2949 4778 3006 4822 u,
3043 4775 3090 4815 c.
3131 4763 3177 4813 Ii.
3221 4761 3436 4815 Rubeus
3466 4765 3647 4812 tamen
3682 4759 3771 4810 lib.
3809 4773 3864 4822 ν,
3908 4759 3987 4809 ait

2273 4843 2512 4893 Classem
2538 4839 2770 4901 venisse,
2806 4839 2865 4889 ut
2902 4834 2978 4888 ibi
3011 4847 3106 4898 pro
3143 4846 3301 4898 more
3318 4834 3432 4900 ejus
3465 4831 3876 4908 saeculi‘paenam
3897 4841 3985 4908 su-

2273 4914 2426 4966 biret.
2462 4914 2520 4965 In
2551 4899 2859 4973 fragmento
2889 4920 3055 4972 supra
3079 4899 3378 4958 memorato
3410 4916 3510 4969 pro
3541 4903 3604 4955 in
3635 4900 3863 4953 luctibus
3897 4899 3986 4952 le-

2274 4987 2418 5050 gitur
2451 4984 2708 5036 intuctu.
3023 5049 3034 5052 _
3119 5050 3129 5052 ᾼ
3352 5046 3366 5052 _
3467 5050 3475 5052 _
3817 5041 3830 5052 .

2340 5059 2474 5121 (176)
2548 5056 2849 5106 Conversos
2927 5049 3134 5123 antiqui
3213 5046 3495 5123 vocabapt
3569 5055 3666 5123 eos
3690 5046 3833 5123 "qui
3911 5052 3985 5092 ex

2275 5114 2473 5183 adultis
2527 5125 2883 5196 monasticam
2953 5114 3817 5196 institutum”capiebant._-H_ic__
3849 5125 3991 5196 vero

2277 5204 2345 5256 de
2397 5201 2562 5253 fratre
2614 5198 2753 5250 laico
2807 5184 2987 5250 s'ei'mo
3042 5201 3165 5245 esse
3219 5184 3454 5256 videtur,
3523 5191 3584 5242 ut
3644 5184 3993 5239 Mabillonius

2280 5273 2813 5412 ad(Ilglirllitintisboni
2835 5337 3006 5412 editio
3030 5334 3227 5412 habet:
3250 5335 3318 5404 ut
3346 5332 3652 5412 saecularem
3667 5325 3995 5412 μίζαῃοτη-

2279 5397 2413 5472 nino
2448 5397 2804 5480 postponeret,
2837 5414 2888 5463 et
2931 5407 3006 5461 ad
3044 5409 3240 5458 sanctas
3279 5399 3701 5457 canuersationis
3731 5397 3994 5450 ordinem

2279 5489 2913 5626 fezlflrg’lﬁdragmento
2957 5552 3162 5626 codicis
3185 5533 3656 5626 Vaticanilegitur
3696 5567 3706 5594 :
3741 5545 3832 5597 sed
3858 5557 3996 5626 cum

2287 5613 2364 5684 ad
2395 5613 2490 5683 hoc
2539 5613 2773 5682 mentEm
2807 5631 2921 5694 ejus
2966 5613 3258 5678 humiliare
3307 5621 3457 5675 nullo
3505 5617 3665 5671 modo
3697 5622 3890 5682 posset.
