4118 6444
190 339 298 399 957

189 465 342 524 intra
403 466 557 538 ipsos
629 463 874 538 parietes
934 463 1244 524 cohiberet.
1307 467 1472 530 Tunc
1539 468 1980 532 beatissimusA

189 559 411 626 martyr
443 551 894 618 sacerdotalibus
931 551 1138 618 intulis
1185 554 1529 616 mirabiliter
1566 564 1910 629 exornatus,

190 656 432 716 aureum
465 639 522 702 in
555 656 730 702 manu
767 646 1006 714 portans
1044 641 1435 713 inminutum,
1477 646 1910 704 cunctaeecle-

191 730 294 796 sim
347 730 669 792 incensavit
714 729 946 801 altaria,
994 736 1072 797 et,
1107 732 1238 794 :hoc
1286 733 1453 806 facto,
1507 735 1698 794 statim
1758 734 1912 794 unde

191 821 407 884 exierat
450 822 637 892 rediit,
668 827 724 880 et
751 836 890 878 mox
920 821 1113 886 omnis
1139 821 1237 884 ille
1267 821 1560 896 splendor,
1597 840 1736 884 eum
1775 840 1908 899 pro-

191 924 460 984 sequens,
491 927 765 984 apparere
792 913 1056 976 cessavit.

261 999 450 1074 Ccepit
509 999 702 1073 itaque
756 1015 1070 1060 conversus
1110 999 1444 1062 .Romua-ldo
1479 1002 1683 1060 .durus
1715 1003 1908 1062 nimi-

192 1101 321 1148 rum
378 1093 612 1162 exactor
670 1088 1042 1160 vehementer
1099 1088 1380 1158 insistere,
1420 1096 1477 1148 et
1511 1096 1593 1149 int
1631 1090 1907 1164 impleret

189 1174 340 1255 quod
397 1175 552 1242 ultro
617 1176 957 1249 promiserat
1024 1177 1200 1242 anxie
1245 1177 1569 1251 postulare.
1625 1178 1910 1255 Cumque

189 1265 550 1342 [temnamus
595 1265 786 1334 adhuc
841 1265 1148 1338 resisteret,
1183 1274 1252 1328 .et
1301 1269 1565 1328 eamdem
1621 1270 1906 1329 visionem

185 1369 423 1430 cernere
473 1353 676 1426 denuo
729 1353 1043 1426 ﬂagitaret,
1102 1355 1217 1422 alia
1286 1365 1451 1418 nocte
1515 1359 1782 1418 similiter
1830 1360 1907 1418 .in

185 1441 444 1510 oratione
511 1441 866 1514 .persistunt,
938 1448 995 1508 et
1084 1443 1316 1510 beatum
1403 1455 1714 1522 martyrem
1805 1464 1908 1522 per

185 1531 403 1614 omnia,
433 1529 584 1602 sicut
619 1530 816 1604 prius,
847 1530 1155 1605 aspiciunt.
1210 1533 1371 1598 Unde
1429 1535 1606 1593 etiam
1653 1541 1904 1609 postmo-

183 1617 325 1680 dum
394 1618 443 1690 si
509 1617 581 1677 de
645 1633 882 1691 corpore
949 1619 1208 1693 praedicti
1260 1623 1534 1696 martyris
1591 1624 1906 1698 aliquando

183 1706 429 1779 quaestio
503 1708 772 1778 oriretur,
839 1706 1204 1772 Romualdus
1276 1711 1510 1783 penitus
1583 1711 1904 1771 aﬂirmahat

1577 342 1760 404 ΥΙΤΑ
1801 343 1862 404 8.
1905 341 2318 404 ΒΟΜΗΑΜΠ.

3593 347 3702 406 958

2653 469 2898 528 CAPUT
2937 470 3038 529 III.

1991 560 2262 628 Ωωηιοάο
2332 561 2583 616 monachi
2640 563 2874 631 correpti
2934 563 3297 620 Romuaidum
3361 564 3430 616 de
3495 565 3696 620 salario

2499 650 3185 720 praeoz'pitaremoltwnmt.

2065 757 2171 817 Sed
2200 773 2335 816 cum
2375 757 2456 815 ibi
2493 764 2751 815 cerneret
2787 757 3101 817 nonnullos
3140 774 3238 832 per
3277 758 3387 816 lata
3424 759 3698 834 gradien-

1990 854 2072 905 tes
2103 848 2404 906 remissius
2439 849 2653 916 vivere,
2686 847 2796 904 sibi
2828 854 3022 905 autem
3060 849 3299 906 arduam
3334 848 3700 920 perfectionis

1989 937 2274 1004 semitam,
2313 952 2490 1012 quam
2533 952 2696 995 mens
2735 937 3002 1006 dictabat,
3035 936 3287 1008 arripere
3324 952 3441 995 non
3482 936 3698 1008 liceret,

1989 1025 2128 1099 quid
2182 1025 2291 1084 sibi
2345 1026 2635 1099 agendum
2675 1037 2821 1087 esset
2859 1027 3102 1088 sollicite
3141 1025 3202 1084 in
3243 1027 3546 1100 semetipso
3583 1040 3699 1084 coe-

1988 1115 2073 1187 pit
2143 1115 2461 1188 inqui-rere,
2537 1117 2854 1192 multisque
2916 1116 3222 1189 cogebatur
3291 1114 3703 1189 cogitationum

1990 1206 2262 1265 ﬂuctibus
2315 1212 2578 1266 aestuare.
2621 1207 3016 1267 Prmsumebat
3066 1213 3260 1266 autem
3309 1205 3513 1264 leviter
3562 1220 3703 1262 con-

1988 1298 2346 1357 versautium
2387 1297 2567 1356 vitam
2600 1299 2743 1358 dure
2772 1299 3079 1374 corripere,
3111 1305 3166 1357 et
3203 1313 3354 1372 sznpe
3390 1299 3459 1356 ad
3499 1313 3699 1356 eorum

1986 1390 2391 1458 confusionem
2418 1398 2701 1464 praecepta
2727 1391 2943 1463 regulas
2969 1391 3027 1449 in
3062 1389 3459 1450 testimonium
3489 1403 3703 1446 convo-

1986 1493 2136 1537 care.
2167 1479 2430 1552 Cumque
2460 1479 2519 1537 in
2551 1478 2964 1553 redarguendis
2989 1493 3190 1537 eorum
3218 1479 3376 1537 vitiis
3401 1479 3708 1535 vehemen-

1985 1569 2412 1640 ter-insisteret,
2449 1567 2539 1625 illi
2573 1575 2769 1626 autem
2797 1567 3048 1643 junioris
3077 1573 3133 1625 et
3156 1568 3364 1626 novitii
3395 1565 3545 1639 (183)
3575 1582 3707 1624 ver-

1982 1659 2056 1717 ba
2093 1675 2194 1733 pro
2243 1658 2431 1716 nihilo
2469 1659 2831 1732 deputarent,
2876 1659 3130 1730 tandem,
3161 1658 3280 1716 ‘hoc
3329 1657 3704 1732 opprobrium

1987 1763 2106 1805 non
2137 1748 2402 1818 ferentes,
2436 1747 2579 1806 dum
2613 1747 2905 1820 propriam
2947 1747 3253 1805 emendare
3291 1747 3472 1806 vitam
3511 1747 3704 1821 despi-

471 1796 1342 1911 eﬁcjff‘akffsﬂfff’f’fld'fﬂ'f
1357 1802 1767 1911 Elim???
1925 1825 2168 1909 Rciunt,
2245 1837 2316 1894 de
2388 1796 2756 1909 corripienti;
2823 1842 3006 1894 morte
3075 1841 3313 1894 tractare
3383 1796 3704 1911 cmperunt.

183 1891 416 1944 sanctus
484 1885 654 1958 vixit,
693 1885 802 1944 hoc
854 1887 1110 1960 proferre
1160 1888 1554 1949 testimonium
1618 1906 1737 1950 non
1789 1907 1904 1948 ces-

183 1973 332 2032 savit
360 1973 533 2043 (179).

265 2061 415 2120 430
454 2063 715 2123 Habebat
753 2081 987 2139 quoque
1025 2067 1390 2129 Romualdus
1425 2067 1904 2126 consuetudinem

187 2158 317 2224 ante
355 2153 726 2228 praecipuum
763 2157 943 2224 altare
981 2157 1256 2220 Ecclesiae
1293 2159 1540 2218 orationi
1583 2159 1910 2233 frequenter

188 2242 562 2313 incumbere;
616 2243 838 2317 ibique,
894 2253 1199 2321 postquam
1260 2249 1464 2307 fratres
1517 2249 1904 2317 abscederent,

190 2330 393 2388 multis
436 2331 620 2391 Deum
667 2335 958 2408 satagebat
993 2338 1306 2411 gemitibus
1350 2353 1609 2397 exorare.
1643 2339 1910 2412 Dumque

188 2419 296 2478 hoc
351 2423 604 2495 quadam
649 2423 745 2482 die
803 2431 930 2498 post
987 2427 1273 2486 visionem
1333 2429 1614 2486 attentius
1681 2429 1904 2496 faceret,

191 2515 347 2570 tanto
380 2526 518 2572 mox
551 2513 739 2574 divini
767 2517 982 2574 amoris
1011 2516 1149 2590 igne
1175 2525 1431 2577 mentem
1462 2519 1624 2578 illius
1661 2520 1909 2591 Spiritus

189 2605 426 2658 sanctus
463 2602 744 2674 accendit,
779 2612 845 2664 ut
883 2605 944 2663 in
981 2605 1184 2664 ﬂetum
1221 2615 1453 2680 repente
1487 2613 1905 2682 prorumperet,

191 2687 398 2746 uberes
447 2689 834 2765 lacrymarum
885 2695 1040 2753 rivos
1098 2696 1441 2770 restringere
1502 2713 1614 2755 non
1671 2695 1904 2769 valeret,

193 2779 608 2837 monachorum
637 2796 700 2838 se
732 2782 975 2855 pedibus
1019 2791 1332 2857 prostratus
1370 2786 1719 2858 advolveret,
1765 2782 1909 2844 tradi

195 2868 306 2927 sibi
380 2871 787 2932 monachicum
853 2875 1115 2934 habitum
1184 2876 1560 2936 inenarrabili
1627 2878 1910 2938 desiderio

194 2958 497 3032 ﬂagitaret.
559 2960 826 3020 Monachi
871 2979 1027 3034 vero,
1053 2966 1191 3024 dum
1229 2967 1416 3040 patris
1463 2967 1588 3040 ejus
1636 2966 1904 3025 duritiam

197 3057 484 3122 metuunt,
541 3053 905 3110 conversioni
963 3054 1128 3112 illius
1190 3057 1410 3114 aditum
1479 3058 1726 3130 pandere
1791 3073 1904 3115 non

197 3145 578 3213 praesumunt.
612 3139 904 3200 Honestus
929 3141 1065 3214 U80)
1091 3150 1309 3214 autem,
1331 3145 1430 3219 qui
1451 3150 1592 3204 tunc
1613 3146 1911 3204 Ravennae

199 3227 735 3302 archiepiscopalem
775 3229 1104 3288 cathedram
1128 3231 1442 3301 obtinebat,
1474 3234 1613 3291 olim
1644 3234 1911 3292 Glassen-

201 3319 278 3378 sis
304 3317 554 3378 omnobii
582 3319 760 3379 abbas
809 3319 1147 3390 exstiterat;
1180 3320 1342 3380 hunc
1378 3337 1514 3394 ergo
1550 3323 1914 3381 Romualdus

200 3407 445 3482 impiger
489 3409 649 3479 adiit,
695 3410 862 3483 eique
915 3425 1089 3469 omne
1123 3412 1216 3468 sui
1265 3410 1454 3469 cordis
1487 3410 1636 3480 (181)
1675 3411 1913 3488 deside-

200 3497 351 3556 rium
405 3497 684 3570 patefecit.
735 3497 844 3568 Qui
894 3499 1080 3558 alacer
1125 3499 1332 3570 factus,
1387 3505 1559 3558 castae
1605 3499 1912 3572 concupis-

1993 1925 2219 1985 Solebat
2280 1925 2532 2000 denique
2600 1923 2960 1982 Romualdus
3023 1939 3124 1997 per
3192 1930 3418 1982 noctem
3480 1923 3703 1982 caeteris

1992 2013 2267 2071 fratribus
2305 2013 2590 2071 maturius
2635 2027 2887 2085 surgere,
2921 2017 2996 2083 et,
3029 2013 3078 2070 si
3117 2011 3350 2070 oratorii
3401 2012 3590 2071 adhuc
3622 2013 3706 2087 ja-

1991 2118 2108 2161 nua
2149 2102 2343 2160 clausa
2390 2109 2556 2173 esset,
2589 2102 2741 2158 intra
2785 2103 2975 2176 ipsum
3021 2100 3425 2160 dormitorium
3472 2102 3532 2158 in
3573 2117 3703 2160 ora-

1992 2189 2246 2248 tionibus
2272 2191 2577 2249 excubare.
2618 2189 2752 2248 Erat
2787 2198 2977 2248 autem
3012 2190 3348 2264 przedictum
3388 2188 3704 2250 mdiﬁcium

1992 2294 2152 2338 more
2203 2277 2397 2336 solarii
2458 2279 2570 2337 alte
2609 2279 2981 2337 mdiﬁcatum.
3036 2277 3158 2337 Hoc
3212 2278 3406 2351 itaque
3455 2278 3701 2336 invene-

1996 2375 2134 2425 runt
2160 2367 2266 2424 filii
2295 2366 2459 2437 Cain,
2496 2366 2726 2424 diabolo
2761 2367 3033 2437 dictante,
3071 2366 3403 2438 consilium,
3445 2373 3533 2440 ut,
3565 2368 3709 2426 dum

1994 2454 2135 2510 431
2201 2457 2562 2515 Romualdus
2611 2464 2744 2514 ante
2810 2456 2955 2515 alios
3009 2455 3175 2514 solito
3235 2472 3392 2514 more
3461 2473 3704 2517 consur-

1995 2551 2172 2618 geret,
2197 2545 2305 2618 ipsi
2336 2561 2468 2603 eum
2493 2561 2594 2618 per
2625 2545 2818 2603 solarii
2851 2544 3152 2618 speculum
3180 2543 3343 2618 (184),
3367 2562 3530 2604 verso
3545 2545 3707 2605 deor-

1998 2649 2126 2692 sum
2200 2633 2401 2706 capite,
2460 2634 2520 2691 in
2596 2641 2806 2691 terram
2880 2632 3324 2708 prmcipitarent.
3393 2635 3534 2706 Quae
3613 2651 3706 2694 res

1998 2729 2299 2796 postquam
2363 2721 2688 2781 Romualdo
2753 2738 2854 2795 per
2907 2723 3200 2780 conscium
3268 2723 3706 2797 conspirationis

1995 2815 2268 2883 innotuit,
2302 2813 2400 2871 ille
2424 2814 2540 2887 jam
2584 2813 2653 2871 de
2691 2818 2895 2872 caatero
2933 2812 3083 2870 intra
3120 2813 3307 2872 cordis
3343 2813 3704 2886 cubiculum,

1994 2908 2189 2966 clauso
2219 2907 2336 2965 oris
2359 2907 2524 2978 ostio,
2553 2923 2724 2966 orans
2747 2905 2970 2964 Patrem
2997 2921 3192 2976 suum,
3208 2903 3526 2965 imminens
3549 2906 3708 2980 peri-

1993 2997 2190 3055 culum
2246 2995 2542 3054 devitavit.
2599 2996 2723 3054 Hoc
2769 2996 2963 3069 itaque
3008 2997 3196 3067 modo,
3241 2995 3382 3055 dum
3420 2994 3532 3055 sibi
3559 2997 3712 3055 cavit

1995 3087 2382 3162 prmcipitium
2440 3086 2713 3160 corporis,
2781 3086 3075 3157 fratribus,
3128 3103 3202 3144 ne
3251 3087 3312 3144 in
3378 3085 3708 3145 animarum

1935 3184 1979 3245 C
2001 3182 2240 3234 mortem
2269 3182 2629 3248 corruerent,
2661 3175 3000 3234 barathrum
3030 3175 3240 3235 clausit
3268 3176 3610 3250 iniquitatis.

2173 3391 2443 3460 Quomodo
2473 3300 2906 3447 Romua‘ingi-[if
2925 3300 3261 3446 ﬁgerentur:
3291 3391 3538 3447 contulit.

2073 3501 2335 3571 Cumque
2385 3496 2445 3552 in
2509 3495 2634 3568 ejus
2683 3495 2881 3553 animo
2915 3495 3281 3568 perfectionis
3324 3509 3487 3553 amor
3523 3494 3708 3568 magis

199 3586 405 3645 centim
453 3587 874 3646 exhortationis
913 3589 1184 3658 stimulos
1239 3585 1479 3658 addidit,
1527 3588 1916 3662 fratribusque
2001 3605 2066 3646 ac
2118 3586 2304 3659 magis
2354 3584 2411 3642 in
2475 3583 2597 3642 dies
2646 3590 2940 3654 cresceret,
2973 3583 3315 3656 nullamque
3366 3599 3534 3642 mens
3585 3585 3711 3657 ejus

201 3683 263 3733 ut
354 3690 492 3733 eum
589 3691 694 3734 suo
769 3676 1008 3750 collegio
1085 3679 1487 3744 incunctanter
1554 3677 1913 3750 asciscerent,
2002 3679 2261 3755 requiem
2303 3677 2608 3746 inveniret,
2649 3675 2878 3736 audivit
2911 3677 3049 3748 quia
3077 3675 3136 3734 in
3169 3675 3542 3734 Venetiarum
3576 3691 3712 3748 par:-

200 3764 527 3838 imperavit.
568 3764 759 3837 Hujus
815 3765 1010 3840 itaque
1066 3768 1386 3840 patrocinio
1437 3767 1738 3826 emnobitte
1791 3768 1920 3826 sui-
2003 3772 2156 3831 tibus
2183 3769 2338 3839 (185)
2365 3769 2604 3843 quidam
2645 3767 2961 3842 spiritualis
2990 3768 3082 3826 vir
3107 3776 3278 3838 esset,
3311 3767 3573 3827 Marinus
3602 3783 3708 3826 no-

203 3852 358 3924 fulti,
428 3852 820 3916 Bomualdum
871 3854 1156 3929 intrepida
1213 3856 1517 3915 securitate
1573 3856 1916 3928 suscipiunt,
2003 3861 2162 3918 mine
2191 3859 2349 3932 (186),
2382 3860 2482 3932 qui
2511 3858 2858 3917 eremiticam
2899 3857 3134 3915 duceret
3170 3856 3368 3913 vitam.
3409 3853 3707 3914 Consensu

202 3945 374 4018 eique
437 3952 648 4003 sanctae
704 3947 1157 4005 conversationis
1213 3946 1474 4005 habitum
1540 3945 1793 4004 tradunt.
1851 3945 1919 4016 In
2004 3951 2197 4025 itaque
2248 3951 2322 4008 ab
2371 3949 2574 4007 abbate
2627 3947 2772 4019 (187)
2820 3955 2875 4004 et
2909 3945 3182 4005 fratribus
3223 3945 3508 4026 nimirum
3543 3942 3708 4002 facil-

201 4050 269 4092 eo
329 4035 508 4107 igitur
559 4034 907 4092 monasterio
965 4033 1111 4105 (182)
1166 4033 1482 4098 triennium
1545 4035 1663 4093 fere
1725 4041 1917 4092 trans-
2003 4037 2143 4096 lime
2191 4037 2516 4110 impetrato,
2561 4035 2632 4094 ad
2678 4035 3019 4110 priedictum
3065 4033 3460 4094 venerabilem
3510 4031 3707 4092 virum

199 4122 340 4195 egit.

263 4303 402 4368 (179)
429 4303 759 4355 Sauciissimi
784 4304 1151 4356 Bavennatum
1180 4305 1575 4368 protopastoris
1605 4317 1667 4356 ac
1698 4306 1912 4360 dimittas

203 4375 433 4438 apostoli
464 4373 786 4438 Apollinaris
813 4385 1018 4438 corpus
1053 4377 1342 4426 etiamnum
1374 4376 1429 4427 in
1461 4376 1729 4428 Ciassensi
1765 4378 1911 4430 basi-

205 4445 310 4498 lica
343 4457 556 4496 summa
587 4445 857 4509 religione
892 4447 1109 4498 colitur.

263 4517 425 4590 (180),
457 4517 711 4590 Legenda
766 4515 1117 4590 esti/msert.
1168 4517 1374 4590 veniat.
1428 4518 1584 4590 ii,_c.
1629 4520 1675 4590 3,
1721 4519 1794 4570 Cl.
1849 4521 1903 4571 ν.

204 4589 460 4639 Gnidouis
503 4588 736 4648 Grandii,
795 4587 888 4640 ubi
943 4590 1078 4640 satis
1137 4587 1347 4641 erudite
1402 4583 1662 4654 probare'
1694 4594 1909 4643 conten.

207 4661 285 4711 dit
329 4661 623 4711 Honestum
670 4662 803 4711 tunc
852 4661 1118 4725 temporis
1175 4661 1306 4712 Petri
1365 4661 1758 4725 archiepiscopi
1813 4663 1906 4716 Ra-

205 4731 458 4782 vennatis
559 4731 929 4794 coadjutorem
1022 4734 1227 4784 tantum
1321 4743 1421 4785 seu
1533 4733 1908 4798 coepiscopum

206 4801 398 4855 fuisse.

268 4873 402 4938 (181)
421 4873 520 4926 Hic
536 4873 732 4927 desinit
755 4871 1032 4927 laudatum
1053 4873 1413 4939 fragmentum
1439 4875 1668 4928 Vaticani
1687 4877 1907 4936 codicis,

259 5016 393 5081 (182)
421 5015 700 5068 Ciassense
746 5017 849 5069 hoc
882 5015 1255 5081 appellabatur
1289 5019 1678 5071 monasterium
1723 5017 1792 5069 ob
1826 5017 1914 5067 vi—

206 5089 382 5140 cinam
427 5086 627 5139 Classis
675 5090 888 5150 urbem,
947 5089 1106 5151 cujus
1155 5089 1318 5140 mOdO
1360 5088 1573 5141 nullum
1618 5088 1909 5152 vestigium

205 5162 448 5221 apparet.
484 5157 680 5210 Verum
728 5162 952 5223 propter
993 5157 1136 5210 bella
1187 5160 1440 5225 aerisque
1486 5160 1910 5212 insalubrltatem

205 5230 453 5300 monachi
503 5231 571 5282 ad
622 5229 813 5282 urbem
868 5231 1174 5283 Ravennam
1233 5243 1295 5282 se
1362 5230 1755 5283 transtulerunt
1805 5244 1910 5283 sae-

206 5301 329 5353 cnio
375 5311 498 5363 XVI,
551 5313 699 5354 novo
745 5301 1224 5366 pulcherrimoque
1274 5303 1604 5355 monasterio
1655 5303 1910 5364 excitato,

207 5373 352 5438 quod
421 5373 547 5426 divo
615 5385 804 5426 eorum
867 5374 1079 5438 parenti
1144 5373 1436 5425 Romualdo
1511 5378 1909 5436 nuncuparunt,

207 5443 373 5507 vulgo
420 5447 602 5497 tamen
650 5446 842 5498 eadem
899 5446 1095 5507 Classis
1147 5443 1554 5497 nomenclatura
1604 5443 1909 5496 vocitatum.

208 5517 389 5568 Exstat
425 5515 604 5569 adhuc
635 5517 1006 5582 antiquissima
1049 5518 1352 5570 Ciasseusis
1396 5515 1638 5573 basilica,
1681 5527 1800 5579 quae
1846 5516 1914 5569 ab

207 5587 400 5639 iisdem
451 5587 733 5641 monachis
785 5599 996 5642 nmmo
1050 5589 1226 5642 studio
1281 5592 1336 5642 et
1388 5589 1739 5642 veneratione
1791 5599 1913 5641 ser-

207 5662 382 5712 vatur.

2003 4125 2239 4198 navigio
2275 4126 2637 4186 discurrente
2674 4123 2954 4200 pervenit,
2985 4128 3042 4180 et
3077 4122 3192 4181 sub
3226 4120 3388 4180 illius
3420 4119 3704 4194 regimine

2077 4303 2213 4369 (183)
2255 4305 2309 4355 in
2359 4303 2664 4357 Fontisboni
2715 4303 2948 4356 editione
2989 4301 3204 4366 legitur,
3254 4305 3319 4354 ut
3359 4301 3607 4368 junioris
3656 4304 3708 4354 et

2015 4376 2232 4428 novitii.

2075 4445 2211 4512 (184)
2242 4446 2388 4496 Haud
2421 4447 2766 4498 meminimus
2800 4458 2903 4498 nos
2925 4446 3058 4498 alias
3081 4443 3184 4494 hoc
3205 4441 3470 4495 vecabuio
3501 4443 3709 4506 signifi-

1991 4525 2187 4570 catam
2214 4518 2502 4569 fenestram
2527 4518 2666 4579 apud
2693 4517 2904 4569 Latinos
2926 4515 3218 4568 invenisse.
3243 4513 3577 4566 Praeferenda
3601 4513 3708 4578 igi-

1989 4581 1996 4590 ’
2015 4595 2102 4641 tur
2119 4589 2280 4640 lectio
2301 4587 2409 4647 illa,
2429 4600 2551 4650 quae
2576 4587 2734 4638 habet
2755 4601 2852 4651 per
2872 4587 3161 4650 speculam,
3184 4599 3300 4648 quae
3322 4597 3429 4636 vox
3454 4585 3710 4648 usurpari

2016 4662 2155 4712 solet
2177 4661 2242 4712 ad
2276 4661 2486 4723 partem
2525 4656 2670 4708 illam
2695 4659 2940 4711 editioris
2974 4659 3075 4710 ioci
3110 4655 3535 4720 significandam,
3564 4656 3716 4710 unde

2015 4733 2220 4795 aliquid
2258 4729 2496 4793 prospici
2521 4741 2618 4779 seu
2643 4729 2911 4791 speculari
2939 4729 3098 4781 facile
3124 4728 3308 4792 possit,
3340 4727 3571 4793 indeque
3593 4726 3706 4779 adi-

2016 4807 2102 4854 tus
2135 4802 2298 4853 rebus
2319 4799 2636 4862 dejiciendis
2659 4802 2857 4862 pateat,
2889 4799 3340 4864 quemadmodum
3363 4799 3505 4864 apud
3533 4797 3706 4864 Virgi-

2016 4873 2146 4926 lium
2174 4871 2354 4935 Eclog.
2377 4882 2479 4923 Vill
2507 4885 2518 4920 :

2141 4946 2385 5006 Praeceps
2410 4943 2534 4991 aerii
2559 4941 2771 5005 specula
2806 4943 2871 4991 de
2897 4943 3089 4992 montis
3111 4944 3162 4992 in
3193 4943 3357 4993 undas

2142 5017 2328 5066 Defera
2336 5030 2376 5065 r.
2391 5017 2394 5020 ’

2083 5089 2216 5154 (185)
2246 5089 2318 5139 Ad
2352 5088 2531 5140 locum
2574 5093 2769 5148 nempe
2806 5086 2898 5150 qui
2940 5090 2994 5138 et
3024 5086 3184 5138 modo
3221 5089 3405 5143 Turris
3445 5084 3716 5151 caliginis,

2017 5161 2184 5226 vulgo
2233 5157 2398 5212 Terre
2421 5159 2481 5210 di
2516 5157 2696 5222 Caligo
2726 5157 3045 5223 appellatur,
3070 5158 3160 5209 ubi
3183 5160 3418 5213 desertae
3442 5158 3714 5225 quondam

2018 5232 2293 5286 Heraclea:
2363 5229 2744 5294 antiquissimae
2806 5229 3036 5281 civitatis
3104 5231 3438 5295 apparebant
3517 5241 3713 5283 monu-

2017 5309 2198 5356 menta
2206 5342 2219 5355 .

2076 5375 2212 5440 (186)
2255 5373 2524 5438 Sigonius,
2565 5370 2724 5438 Regn.
2766 5373 2891 5424 Ital.
2939 5372 2975 5423 1.
3021 5383 3117 5434 vn,
3163 5371 3526 5428 Ravennatem
3591 5371 3713 5424 Ma—

2015 5447 2205 5499 rinum
2244 5445 2525 5505 nominat;
2570 5444 2828 5496 Venetam
2885 5447 3032 5496 vero'
3065 5441 3339 5496 Ferrarius
3389 5455 3452 5496 ac
3491 5443 3582 5497 alii
3631 5443 3720 5498 fa-

2017 5519 2182 5570 ciunt.

2078 5587 2213 5652 (187)
2242 5585 2489 5639 Fortasse
2523 5585 2610 5639 hic
2648 5587 2814 5639 abbas
2843 5589 2958 5640 erat
2995 5585 3298 5638 Dominicus
3338 5583 3453 5648 ille,
3495 5583 3564 5640 de
3605 5599 3719 5655 quo

2017 5659 2232 5712 Rubeus
2255 5659 2312 5710 in
2340 5657 2484 5710 Actis
2515 5670 2658 5711 conc.
2693 5659 2926 5711 R‘auenn.
2952 5669 3038 5710 an.
3062 5656 3172 5710 995.
