  <div class='ocr_page' id='page_1' title='image "/cluster/home/n/w/nwhite01/storage/ocr_20150623/144/umn.31951002477437p/521.png"; bbox 0 0 4118 6446; ppageno 0'>
   <div class='ocr_carea' id='block_1_1' title="bbox 373 324 3891 394">
    <p class='ocr_par' dir='ltr' id='par_1_1' title="bbox 373 324 3891 394">
     <span class='ocr_line' id='line_1_1' title="bbox 373 324 3891 394; baseline -0.003 -2"><span class='ocrx_word' id='word_1_1' title='bbox 373 333 482 394; x_wconf 76' lang='grc'>959</span> <span class='ocrx_word' id='word_1_2' title='bbox 839 333 898 392; x_wconf 83' lang='grc'>8.</span> <span class='ocrx_word' id='word_1_3' title='bbox 942 331 1164 391; x_wconf 85' lang='lat' dir='ltr'>PETRI</span> <span class='ocrx_word' id='word_1_4' title='bbox 1202 329 1524 389; x_wconf 84' lang='lat' dir='ltr'>DAMIANI</span> <span class='ocrx_word' id='word_1_5' title='bbox 1565 328 1722 390; x_wconf 92' lang='lat' dir='ltr'>OPP.</span> <span class='ocrx_word' id='word_1_6' title='bbox 1765 327 1958 388; x_wconf 80' lang='lat' dir='ltr'>PARS</span> <span class='ocrx_word' id='word_1_7' title='bbox 2000 325 2142 386; x_wconf 88' lang='lat' dir='ltr'>SEU</span> <span class='ocrx_word' id='word_1_8' title='bbox 2181 325 2432 386; x_wconf 87' lang='lat' dir='ltr'>TOMUS</span> <span class='ocrx_word' id='word_1_9' title='bbox 2471 325 2548 384; x_wconf 92' lang='lat' dir='ltr'>II.</span> <span class='ocrx_word' id='word_1_10' title='bbox 2593 356 2656 369; x_wconf 86' lang='lat'>—-</span> <span class='ocrx_word' id='word_1_11' title='bbox 2699 324 3152 386; x_wconf 76' lang='lat' dir='ltr'>SANCTORUM</span> <span class='ocrx_word' id='word_1_12' title='bbox 3193 325 3414 384; x_wconf 69' lang='lat' dir='ltr'>VITxE.</span> <span class='ocrx_word' id='word_1_13' title='bbox 3781 325 3891 384; x_wconf 86' lang='lat'>960</span> 
     </span>
    </p>
   </div>
   <div class='ocr_carea' id='block_1_2' title="bbox 367 450 3890 531">
    <p class='ocr_par' dir='ltr' id='par_1_2' title="bbox 367 450 3890 531">
     <span class='ocr_line' id='line_1_2' title="bbox 367 450 3890 531; baseline -0.002 -15"><span class='ocrx_word' id='word_1_14' title='bbox 367 457 576 531; x_wconf 83' lang='lat' dir='ltr'>degere</span> <span class='ocrx_word' id='word_1_15' title='bbox 630 455 957 515; x_wconf 89' lang='lat' dir='ltr'>humillima</span> <span class='ocrx_word' id='word_1_16' title='bbox 1015 453 1228 512; x_wconf 91' lang='lat' dir='ltr'>mentis</span> <span class='ocrx_word' id='word_1_17' title='bbox 1285 454 1591 512; x_wconf 79' lang='lat' dir='ltr'>devotione</span> <span class='ocrx_word' id='word_1_18' title='bbox 1631 453 1908 512; x_wconf 78' lang='lat' dir='ltr'>instituit.</span> <span class='ocrx_word' id='word_1_19' title='bbox 1957 450 2388 512; x_wconf 83' lang='lat' dir='ltr'>EratAidcirco</span> <span class='ocrx_word' id='word_1_20' title='bbox 2439 457 2744 520; x_wconf 80' lang='lat' dir='ltr'>meruerat,</span> <span class='ocrx_word' id='word_1_21' title='bbox 2778 450 2913 526; x_wconf 85' lang='lat' dir='ltr'>quia</span> <span class='ocrx_word' id='word_1_22' title='bbox 2957 450 3270 508; x_wconf 80' lang='lat' dir='ltr'>decessoris</span> <span class='ocrx_word' id='word_1_23' title='bbox 3309 450 3429 519; x_wconf 92' lang='lat' dir='ltr'>sui,</span> <span class='ocrx_word' id='word_1_24' title='bbox 3481 450 3685 508; x_wconf 91' lang='lat' dir='ltr'>Vitalis</span> <span class='ocrx_word' id='word_1_25' title='bbox 3731 451 3890 510; x_wconf 91' lang='lat' dir='ltr'>scili-</span> 
     </span>
    </p>
   </div>
   <div class='ocr_carea' id='block_1_3' title="bbox 368 537 3890 627">
    <p class='ocr_par' dir='ltr' id='par_1_3' title="bbox 368 537 3890 627">
     <span class='ocr_line' id='line_1_3' title="bbox 368 537 3890 627; baseline -0.002 -20"><span class='ocrx_word' id='word_1_26' title='bbox 368 555 564 607; x_wconf 91' lang='lat' dir='ltr'>autem</span> <span class='ocrx_word' id='word_1_27' title='bbox 598 546 875 627; x_wconf 67' lang='lat' dir='ltr'>Marinus,</span> <span class='ocrx_word' id='word_1_28' title='bbox 908 545 1058 602; x_wconf 90' lang='lat' dir='ltr'>inter</span> <span class='ocrx_word' id='word_1_29' title='bbox 1093 551 1334 602; x_wconf 59' lang='lat' dir='ltr'>caeteras</span> <span class='ocrx_word' id='word_1_30' title='bbox 1376 545 1636 614; x_wconf 84' lang='lat' dir='ltr'>virtutes,</span> <span class='ocrx_word' id='word_1_31' title='bbox 1672 545 1763 601; x_wconf 86' lang='lat' dir='ltr'>vir</span> <span class='ocrx_word' id='word_1_32' title='bbox 1807 541 2088 615; x_wconf 86' lang='lat' dir='ltr'>simplicis</span> <span class='ocrx_word' id='word_1_33' title='bbox 2168 538 2548 597; x_wconf 80' lang='lat' dir='ltr'>cetGandiani</span> <span class='ocrx_word' id='word_1_34' title='bbox 2571 537 3231 627; x_wconf 80' lang='lat' dir='ltr'>(192),peremptoribus</span> <span class='ocrx_word' id='word_1_35' title='bbox 3256 538 3623 609; x_wconf 79' lang='lat' dir='ltr'>fautor(193)</span> <span class='ocrx_word' id='word_1_36' title='bbox 3651 541 3890 600; x_wconf 78' lang='lat' dir='ltr'>exstite-</span> 
     </span>
    </p>
   </div>
   <div class='ocr_carea' id='block_1_4' title="bbox 2169 626 3893 697">
    <p class='ocr_par' dir='ltr' id='par_1_4' title="bbox 2169 626 3893 697">
     <span class='ocr_line' id='line_1_4' title="bbox 2169 626 3893 697; baseline 0.002 -12"><span class='ocrx_word' id='word_1_37' title='bbox 2169 635 2270 686; x_wconf 86' lang='lat' dir='ltr'>rat.</span> <span class='ocrx_word' id='word_1_38' title='bbox 2305 627 2421 686; x_wconf 86' lang='lat' dir='ltr'>Cur</span> <span class='ocrx_word' id='word_1_39' title='bbox 2452 634 2648 685; x_wconf 79' lang='lat' dir='ltr'>autem</span> <span class='ocrx_word' id='word_1_40' title='bbox 2698 626 2800 685; x_wconf 91' lang='lat' dir='ltr'>ille</span> <span class='ocrx_word' id='word_1_41' title='bbox 2853 642 2886 684; x_wconf 90' lang='lat' dir='ltr'><strong>a</strong></span> <span class='ocrx_word' id='word_1_42' title='bbox 2917 627 3039 684; x_wconf 88' lang='lat' dir='ltr'>suis</span> <span class='ocrx_word' id='word_1_43' title='bbox 3074 626 3396 685; x_wconf 84' lang='lat' dir='ltr'>exstinctus</span> <span class='ocrx_word' id='word_1_44' title='bbox 3435 627 3530 697; x_wconf 89' lang='lat' dir='ltr'>sit,</span> <span class='ocrx_word' id='word_1_45' title='bbox 3561 643 3683 686; x_wconf 93' lang='lat' dir='ltr'>non</span> <span class='ocrx_word' id='word_1_46' title='bbox 3721 628 3795 686; x_wconf 91' lang='lat' dir='ltr'>ab</span> <span class='ocrx_word' id='word_1_47' title='bbox 3831 645 3893 688; x_wconf 88' lang='lat' dir='ltr'>re</span> 
     </span>
    </p>
   </div>
   <div class='ocr_carea' id='block_1_5' title="bbox 2167 713 3892 786">
    <p class='ocr_par' dir='ltr' id='par_1_5' title="bbox 2167 713 3892 786">
     <span class='ocr_line' id='line_1_5' title="bbox 2167 713 3892 786; baseline 0.001 -14"><span class='ocrx_word' id='word_1_48' title='bbox 2167 730 2291 773; x_wconf 89' lang='lat' dir='ltr'>esse</span> <span class='ocrx_word' id='word_1_49' title='bbox 2343 714 2610 784; x_wconf 82' lang='lat' dir='ltr'>arbitror,</span> <span class='ocrx_word' id='word_1_50' title='bbox 2639 714 2687 773; x_wconf 94' lang='lat' dir='ltr'>si</span> <span class='ocrx_word' id='word_1_51' title='bbox 2740 721 2980 772; x_wconf 79' lang='lat' dir='ltr'>servatae</span> <span class='ocrx_word' id='word_1_52' title='bbox 3029 713 3373 786; x_wconf 92' lang='lat' dir='ltr'>compendio</span> <span class='ocrx_word' id='word_1_53' title='bbox 3430 715 3728 774; x_wconf 85' lang='lat' dir='ltr'>brevitatis</span> <span class='ocrx_word' id='word_1_54' title='bbox 3781 732 3892 774; x_wconf 83' lang='lat' dir='ltr'>ex-</span> 
     </span>
    </p>
   </div>
   <div class='ocr_carea' id='block_1_6' title="bbox 2167 803 3888 877">
    <p class='ocr_par' dir='ltr' id='par_1_6' title="bbox 2167 803 3888 877">
     <span class='ocr_line' id='line_1_6' title="bbox 2167 803 3888 877; baseline 0.002 -17"><span class='ocrx_word' id='word_1_55' title='bbox 2167 819 2400 876; x_wconf 87' lang='lat' dir='ltr'><strong>ponam.</strong></span> <span class='ocrx_word' id='word_1_56' title='bbox 2473 804 2541 862; x_wconf 91' lang='lat' dir='ltr'>In</span> <span class='ocrx_word' id='word_1_57' title='bbox 2602 803 2940 877; x_wconf 85' lang='lat' dir='ltr'>conjugium</span> <span class='ocrx_word' id='word_1_58' title='bbox 3013 818 3265 876; x_wconf 86' lang='lat' dir='ltr'>namque</span> <span class='ocrx_word' id='word_1_59' title='bbox 3328 817 3670 874; x_wconf 80' lang='lat' dir='ltr'><strong>germanam</strong></span> <span class='ocrx_word' id='word_1_60' title='bbox 3732 803 3888 873; x_wconf 75' lang='grc'>(194)</span> 
     </span>
    </p>
   </div>
   <div class='ocr_carea' id='block_1_7' title="bbox 2173 890 3889 966">
    <p class='ocr_par' dir='ltr' id='par_1_7' title="bbox 2173 890 3889 966">
     <span class='ocr_line' id='line_1_7' title="bbox 2173 890 3889 966; baseline 0 -16"><span class='ocrx_word' id='word_1_61' title='bbox 2173 891 2387 964; x_wconf 91' lang='lat' dir='ltr'>Ugonis</span> <span class='ocrx_word' id='word_1_62' title='bbox 2468 891 2663 964; x_wconf 86' lang='lat' dir='ltr'><strong>magni</strong></span> <span class='ocrx_word' id='word_1_63' title='bbox 2741 890 2906 950; x_wconf 91' lang='lat' dir='ltr'>illius</span> <span class='ocrx_word' id='word_1_64' title='bbox 2989 892 3346 950; x_wconf 88' lang='lat' dir='ltr'>marchionis</span> <span class='ocrx_word' id='word_1_65' title='bbox 3422 900 3740 966; x_wconf 89' lang='lat' dir='ltr'>acceperat,</span> <span class='ocrx_word' id='word_1_66' title='bbox 3807 900 3889 964; x_wconf 91' lang='lat' dir='ltr'>et,</span> 
     </span>
    </p>
   </div>
   <div class='ocr_carea' id='block_1_8' title="bbox 2167 980 3890 1056">
    <p class='ocr_par' dir='ltr' id='par_1_8' title="bbox 2167 980 3890 1056">
     <span class='ocr_line' id='line_1_8' title="bbox 2167 980 3890 1056; baseline 0.001 -17"><span class='ocrx_word' id='word_1_67' title='bbox 2167 981 2541 1040; x_wconf 64' lang='lat' dir='ltr'>aemulatione</span> <span class='ocrx_word' id='word_1_68' title='bbox 2599 981 2768 1040; x_wconf 86' lang='lat' dir='ltr'>leviri</span> <span class='ocrx_word' id='word_1_69' title='bbox 2845 980 3143 1053; x_wconf 83' lang='lat' dir='ltr'>suadente,</span> <span class='ocrx_word' id='word_1_70' title='bbox 3222 982 3434 1041; x_wconf 89' lang='lat' dir='ltr'>multos</span> <span class='ocrx_word' id='word_1_71' title='bbox 3505 999 3581 1040; x_wconf 83' lang='lat' dir='ltr'>ex</span> <span class='ocrx_word' id='word_1_72' title='bbox 3653 983 3890 1056; x_wconf 89' lang='lat' dir='ltr'>Longo-</span> 
     </span>
    </p>
   </div>
   <div class='ocr_carea' id='block_1_9' title="bbox 2165 1067 3890 1146">
    <p class='ocr_par' dir='ltr' id='par_1_9' title="bbox 2165 1067 3890 1146">
     <span class='ocr_line' id='line_1_9' title="bbox 2165 1067 3890 1146; baseline 0.002 -19"><span class='ocrx_word' id='word_1_73' title='bbox 2165 1069 2382 1129; x_wconf 73' lang='lat' dir='ltr'>bardiaa</span> <span class='ocrx_word' id='word_1_74' title='bbox 2435 1067 2582 1125; x_wconf 78' lang='lat'><strong>433</strong></span> <span class='ocrx_word' id='word_1_75' title='bbox 2641 1079 2696 1129; x_wconf 93' lang='lat' dir='ltr'>et</span> <span class='ocrx_word' id='word_1_76' title='bbox 2754 1070 3097 1130; x_wconf 89' lang='lat' dir='ltr'>Tusciarum</span> <span class='ocrx_word' id='word_1_77' title='bbox 3159 1073 3417 1146; x_wconf 90' lang='lat' dir='ltr'>partibus</span> <span class='ocrx_word' id='word_1_78' title='bbox 3488 1071 3723 1142; x_wconf 83' lang='lat' dir='ltr'>milites,</span> <span class='ocrx_word' id='word_1_79' title='bbox 3754 1087 3890 1146; x_wconf 87' lang='lat' dir='ltr'>pro-</span> 
     </span>
    </p>
   </div>
   <div class='ocr_carea' id='block_1_10' title="bbox 2162 1159 3890 1234">
    <p class='ocr_par' dir='ltr' id='par_1_10' title="bbox 2162 1159 3890 1234">
     <span class='ocr_line' id='line_1_10' title="bbox 2162 1159 3890 1234; baseline 0.001 -16"><span class='ocrx_word' id='word_1_80' title='bbox 2162 1159 2373 1233; x_wconf 89' lang='lat' dir='ltr'>ﬂigatis</span> <span class='ocrx_word' id='word_1_81' title='bbox 2402 1159 2780 1232; x_wconf 86' lang='lat' dir='ltr'><strong>pecuniarum</strong></span> <span class='ocrx_word' id='word_1_82' title='bbox 2807 1160 3133 1232; x_wconf 87' lang='lat' dir='ltr'>stipendiis,</span> <span class='ocrx_word' id='word_1_83' title='bbox 3155 1161 3510 1234; x_wconf 87' lang='lat' dir='ltr'>acquirebat.</span> <span class='ocrx_word' id='word_1_84' title='bbox 3537 1161 3662 1221; x_wconf 89' lang='lat' dir='ltr'>Hoc</span> <span class='ocrx_word' id='word_1_85' title='bbox 3688 1169 3890 1221; x_wconf 88' lang='lat' dir='ltr'>autem</span> 
     </span>
    </p>
   </div>
   <div class='ocr_carea' id='block_1_11' title="bbox 2161 1246 3890 1319">
    <p class='ocr_par' dir='ltr' id='par_1_11' title="bbox 2161 1246 3890 1319">
     <span class='ocr_line' id='line_1_11' title="bbox 2161 1246 3890 1319; baseline 0.001 -13"><span class='ocrx_word' id='word_1_86' title='bbox 2161 1247 2539 1306; x_wconf 88' lang='lat' dir='ltr'><strong>Venetiarum</strong></span> <span class='ocrx_word' id='word_1_87' title='bbox 2575 1246 2782 1305; x_wconf 74' lang='lat' dir='ltr'>incolae</span> <span class='ocrx_word' id='word_1_88' title='bbox 2820 1263 2937 1305; x_wconf 90' lang='lat' dir='ltr'>non</span> <span class='ocrx_word' id='word_1_89' title='bbox 2983 1248 3251 1319; x_wconf 89' lang='lat' dir='ltr'>ferentes,</span> <span class='ocrx_word' id='word_1_90' title='bbox 3280 1248 3430 1307; x_wconf 90' lang='lat' dir='ltr'>clam</span> <span class='ocrx_word' id='word_1_91' title='bbox 3468 1248 3652 1308; x_wconf 88' lang='lat' dir='ltr'>iniere</span> <span class='ocrx_word' id='word_1_92' title='bbox 3690 1248 3890 1308; x_wconf 86' lang='lat' dir='ltr'>consi-</span> 
     </span>
    </p>
   </div>
   <div class='ocr_carea' id='block_1_12' title="bbox 2160 1336 3893 1410">
    <p class='ocr_par' dir='ltr' id='par_1_12' title="bbox 2160 1336 3893 1410">
     <span class='ocr_line' id='line_1_12' title="bbox 2160 1336 3893 1410; baseline -0.001 -15"><span class='ocrx_word' id='word_1_93' title='bbox 2160 1336 2312 1396; x_wconf 92' lang='lat' dir='ltr'><strong>lium</strong></span> <span class='ocrx_word' id='word_1_94' title='bbox 2377 1344 2441 1394; x_wconf 91' lang='lat' dir='ltr'>ut</span> <span class='ocrx_word' id='word_1_95' title='bbox 2494 1336 2796 1409; x_wconf 90' lang='lat' dir='ltr'>repentino</span> <span class='ocrx_word' id='word_1_96' title='bbox 2850 1336 3070 1408; x_wconf 86' lang='lat' dir='ltr'><strong>impetu</strong></span> <span class='ocrx_word' id='word_1_97' title='bbox 3125 1336 3289 1394; x_wconf 90' lang='lat' dir='ltr'>ducis</span> <span class='ocrx_word' id='word_1_98' title='bbox 3350 1337 3629 1410; x_wconf 88' lang='lat' dir='ltr'><strong>palatium</strong></span> <span class='ocrx_word' id='word_1_99' title='bbox 3676 1337 3893 1396; x_wconf 85' lang='lat' dir='ltr'><strong>armati</strong></span> 
     </span>
    </p>
   </div>
   <div class='ocr_carea' id='block_1_13' title="bbox 2159 1425 3894 1497">
    <p class='ocr_par' dir='ltr' id='par_1_13' title="bbox 2159 1425 3894 1497">
     <span class='ocr_line' id='line_1_13' title="bbox 2159 1425 3894 1497; baseline 0.001 -14"><span class='ocrx_word' id='word_1_100' title='bbox 2159 1425 2440 1484; x_wconf 83' lang='lat' dir='ltr'><strong>violenter</strong></span> <span class='ocrx_word' id='word_1_101' title='bbox 2475 1425 2893 1497; x_wconf 87' lang='lat' dir='ltr'>irrumperent,</span> <span class='ocrx_word' id='word_1_102' title='bbox 2931 1439 3186 1497; x_wconf 91' lang='lat' dir='ltr'>eumque</span> <span class='ocrx_word' id='word_1_103' title='bbox 3217 1439 3350 1483; x_wconf 93' lang='lat' dir='ltr'>cum</span> <span class='ocrx_word' id='word_1_104' title='bbox 3381 1426 3544 1484; x_wconf 92' lang='lat' dir='ltr'>omni</span> <span class='ocrx_word' id='word_1_105' title='bbox 3577 1426 3750 1484; x_wconf 93' lang='lat' dir='ltr'>domo</span> <span class='ocrx_word' id='word_1_106' title='bbox 3781 1440 3894 1484; x_wconf 89' lang='lat' dir='ltr'>sua</span> 
     </span>
    </p>
   </div>
   <div class='ocr_carea' id='block_1_14' title="bbox 369 628 2087 706">
    <p class='ocr_par' dir='ltr' id='par_1_14' title="bbox 369 628 2087 706">
     <span class='ocr_line' id='line_1_14' title="bbox 369 628 2087 706; baseline -0.004 -12"><span class='ocrx_word' id='word_1_107' title='bbox 369 637 555 694; x_wconf 90' lang='lat' dir='ltr'>animi</span> <span class='ocrx_word' id='word_1_108' title='bbox 618 643 673 693; x_wconf 91' lang='lat' dir='ltr'>et</span> <span class='ocrx_word' id='word_1_109' title='bbox 726 632 1133 692; x_wconf 62' lang='lat' dir='ltr'>sincerissima;</span> <span class='ocrx_word' id='word_1_110' title='bbox 1196 632 1510 692; x_wconf 91' lang='lat' dir='ltr'><strong>admodum</strong></span> <span class='ocrx_word' id='word_1_111' title='bbox 1574 631 1860 706; x_wconf 87' lang='lat' dir='ltr'>puritatis,</span> <span class='ocrx_word' id='word_1_112' title='bbox 1923 628 2087 688; x_wconf 91' lang='lat' dir='ltr'>nullo</span> 
     </span>
    </p>
   </div>
   <div class='ocr_carea' id='block_1_15' title="bbox 369 718 2086 798">
    <p class='ocr_par' dir='ltr' id='par_1_15' title="bbox 369 718 2086 798">
     <span class='ocr_line' id='line_1_15' title="bbox 369 718 2086 798; baseline -0.004 -16"><span class='ocrx_word' id='word_1_113' title='bbox 369 723 606 798; x_wconf 79' lang='lat' dir='ltr'>quidem</span> <span class='ocrx_word' id='word_1_114' title='bbox 657 721 982 794; x_wconf 90' lang='lat' dir='ltr'>magisterio</span> <span class='ocrx_word' id='word_1_115' title='bbox 1033 720 1352 779; x_wconf 87' lang='lat' dir='ltr'>eremiticae</span> <span class='ocrx_word' id='word_1_116' title='bbox 1418 721 1878 779; x_wconf 86' lang='lat' dir='ltr'>conversationis</span> <span class='ocrx_word' id='word_1_117' title='bbox 1950 718 2086 776; x_wconf 88' lang='lat' dir='ltr'><strong>edo-</strong></span> 
     </span>
    </p>
   </div>
   <div class='ocr_carea' id='block_1_16' title="bbox 371 814 2086 888">
    <p class='ocr_par' dir='ltr' id='par_1_16' title="bbox 371 814 2086 888">
     <span class='ocr_line' id='line_1_16' title="bbox 371 814 2086 888; baseline -0.003 -12"><span class='ocrx_word' id='word_1_118' title='bbox 371 825 516 888; x_wconf 92' lang='lat' dir='ltr'>ctus,</span> <span class='ocrx_word' id='word_1_119' title='bbox 561 815 659 875; x_wconf 91' lang='lat' dir='ltr'>sed</span> <span class='ocrx_word' id='word_1_120' title='bbox 696 814 769 872; x_wconf 89' lang='lat' dir='ltr'>ad</span> <span class='ocrx_word' id='word_1_121' title='bbox 804 814 954 873; x_wconf 92' lang='lat' dir='ltr'>hanc</span> <span class='ocrx_word' id='word_1_122' title='bbox 999 814 1371 873; x_wconf 87' lang='lat' dir='ltr'><strong>solummodo</strong></span> <span class='ocrx_word' id='word_1_123' title='bbox 1403 815 1572 873; x_wconf 61' lang='lat' dir='ltr'>bona;</span> <span class='ocrx_word' id='word_1_124' title='bbox 1621 815 1934 874; x_wconf 86' lang='lat' dir='ltr'>voluntatis</span> <span class='ocrx_word' id='word_1_125' title='bbox 1980 815 2086 872; x_wconf 89' lang='lat' dir='ltr'>im-</span> 
     </span>
    </p>
   </div>
   <div class='ocr_carea' id='block_1_17' title="bbox 370 903 2086 981">
    <p class='ocr_par' dir='ltr' id='par_1_17' title="bbox 370 903 2086 981">
     <span class='ocr_line' id='line_1_17' title="bbox 370 903 2086 981; baseline -0.002 -16"><span class='ocrx_word' id='word_1_126' title='bbox 370 907 547 981; x_wconf 91' lang='lat' dir='ltr'>pulsu</span> <span class='ocrx_word' id='word_1_127' title='bbox 597 906 784 963; x_wconf 88' lang='lat' dir='ltr'><strong>fuerat</strong></span> <span class='ocrx_word' id='word_1_128' title='bbox 829 903 1121 962; x_wconf 90' lang='lat' dir='ltr'>incitatus.</span> <span class='ocrx_word' id='word_1_129' title='bbox 1170 903 1344 962; x_wconf 92' lang='lat' dir='ltr'>Porro</span> <span class='ocrx_word' id='word_1_130' title='bbox 1393 912 1587 962; x_wconf 89' lang='lat' dir='ltr'>autem</span> <span class='ocrx_word' id='word_1_131' title='bbox 1643 905 1801 964; x_wconf 89' lang='lat' dir='ltr'>hunc</span> <span class='ocrx_word' id='word_1_132' title='bbox 1850 904 2086 963; x_wconf 89' lang='lat' dir='ltr'>vivendi</span> 
     </span>
    </p>
   </div>
   <div class='ocr_carea' id='block_1_18' title="bbox 371 992 2086 1064">
    <p class='ocr_par' dir='ltr' id='par_1_18' title="bbox 371 992 2086 1064">
     <span class='ocr_line' id='line_1_18' title="bbox 371 992 2086 1064; baseline -0.003 -9"><span class='ocrx_word' id='word_1_133' title='bbox 371 1010 592 1055; x_wconf 90' lang='lat' dir='ltr'>morem</span> <span class='ocrx_word' id='word_1_134' title='bbox 642 992 910 1062; x_wconf 88' lang='lat' dir='ltr'>habebat,</span> <span class='ocrx_word' id='word_1_135' title='bbox 941 1001 1005 1051; x_wconf 88' lang='lat' dir='ltr'>ut</span> <span class='ocrx_word' id='word_1_136' title='bbox 1062 1007 1168 1064; x_wconf 90' lang='lat' dir='ltr'>per</span> <span class='ocrx_word' id='word_1_137' title='bbox 1217 993 1561 1050; x_wconf 90' lang='lat' dir='ltr'>continuum</span> <span class='ocrx_word' id='word_1_138' title='bbox 1610 994 1753 1052; x_wconf 91' lang='lat' dir='ltr'>anni</span> <span class='ocrx_word' id='word_1_139' title='bbox 1799 993 2086 1052; x_wconf 89' lang='lat' dir='ltr'>circulum</span> 
     </span>
    </p>
   </div>
   <div class='ocr_carea' id='block_1_19' title="bbox 371 1078 2085 1154">
    <p class='ocr_par' dir='ltr' id='par_1_19' title="bbox 371 1078 2085 1154">
     <span class='ocr_line' id='line_1_19' title="bbox 371 1078 2085 1154; baseline -0.003 -12"><span class='ocrx_word' id='word_1_140' title='bbox 371 1083 560 1142; x_wconf 88' lang='lat' dir='ltr'>tribus</span> <span class='ocrx_word' id='word_1_141' title='bbox 587 1081 651 1139; x_wconf 90' lang='lat' dir='ltr'>in</span> <span class='ocrx_word' id='word_1_142' title='bbox 676 1079 1036 1139; x_wconf 90' lang='lat' dir='ltr'>hebdomada</span> <span class='ocrx_word' id='word_1_143' title='bbox 1071 1078 1231 1138; x_wconf 87' lang='lat' dir='ltr'>feriis</span> <span class='ocrx_word' id='word_1_144' title='bbox 1261 1079 1512 1138; x_wconf 92' lang='lat' dir='ltr'>mediam</span> <span class='ocrx_word' id='word_1_145' title='bbox 1555 1081 1721 1154; x_wconf 91' lang='lat' dir='ltr'>panis</span> <span class='ocrx_word' id='word_1_146' title='bbox 1765 1081 2085 1140; x_wconf 92' lang='lat' dir='ltr'>buccellam</span> 
     </span>
    </p>
   </div>
   <div class='ocr_carea' id='block_1_20' title="bbox 371 1169 2090 1245">
    <p class='ocr_par' dir='ltr' id='par_1_20' title="bbox 371 1169 2090 1245">
     <span class='ocr_line' id='line_1_20' title="bbox 371 1169 2090 1245; baseline -0.001 -15"><span class='ocrx_word' id='word_1_147' title='bbox 371 1179 428 1230; x_wconf 90' lang='lat' dir='ltr'>et</span> <span class='ocrx_word' id='word_1_148' title='bbox 475 1169 764 1245; x_wconf 89' lang='lat' dir='ltr'>pugillum</span> <span class='ocrx_word' id='word_1_149' title='bbox 819 1169 966 1227; x_wconf 70' lang='lat' dir='ltr'>fabm</span> <span class='ocrx_word' id='word_1_150' title='bbox 1019 1175 1292 1242; x_wconf 87' lang='lat' dir='ltr'>gustaret,</span> <span class='ocrx_word' id='word_1_151' title='bbox 1336 1169 1523 1228; x_wconf 89' lang='lat' dir='ltr'>tribus</span> <span class='ocrx_word' id='word_1_152' title='bbox 1578 1187 1720 1230; x_wconf 87' lang='lat' dir='ltr'>vero</span> <span class='ocrx_word' id='word_1_153' title='bbox 1768 1173 1979 1230; x_wconf 86' lang='lat' dir='ltr'>vinum</span> <span class='ocrx_word' id='word_1_154' title='bbox 2034 1177 2090 1229; x_wconf 90' lang='lat' dir='ltr'>et</span> 
     </span>
    </p>
   </div>
   <div class='ocr_carea' id='block_1_21' title="bbox 374 1257 2088 1334">
    <p class='ocr_par' dir='ltr' id='par_1_21' title="bbox 374 1257 2088 1334">
     <span class='ocr_line' id='line_1_21' title="bbox 374 1257 2088 1334; baseline -0.001 -15"><span class='ocrx_word' id='word_1_155' title='bbox 374 1259 742 1334; x_wconf 88' lang='lat' dir='ltr'><strong>pulmentum</strong></span> <span class='ocrx_word' id='word_1_156' title='bbox 800 1257 1042 1316; x_wconf 91' lang='lat' dir='ltr'>discreta</span> <span class='ocrx_word' id='word_1_157' title='bbox 1105 1258 1408 1316; x_wconf 86' lang='lat' dir='ltr'>sobrietate</span> <span class='ocrx_word' id='word_1_158' title='bbox 1470 1260 1804 1333; x_wconf 90' lang='lat' dir='ltr'>perciperet.</span> <span class='ocrx_word' id='word_1_159' title='bbox 1866 1261 2088 1320; x_wconf 89' lang='lat' dir='ltr'>Psalte-</span> 
     </span>
    </p>
   </div>
   <div class='ocr_carea' id='block_1_22' title="bbox 375 1347 2088 1424">
    <p class='ocr_par' dir='ltr' id='par_1_22' title="bbox 375 1347 2088 1424">
     <span class='ocr_line' id='line_1_22' title="bbox 375 1347 2088 1424; baseline 0 -16"><span class='ocrx_word' id='word_1_160' title='bbox 375 1352 532 1410; x_wconf 92' lang='lat' dir='ltr'>rium</span> <span class='ocrx_word' id='word_1_161' title='bbox 561 1349 709 1421; x_wconf 85' lang='lat'>(188)</span> <span class='ocrx_word' id='word_1_162' title='bbox 739 1349 975 1424; x_wconf 89' lang='lat' dir='ltr'><strong>quidem</strong></span> <span class='ocrx_word' id='word_1_163' title='bbox 1007 1364 1106 1422; x_wconf 90' lang='lat' dir='ltr'>per</span> <span class='ocrx_word' id='word_1_164' title='bbox 1132 1348 1258 1407; x_wconf 92' lang='lat' dir='ltr'>dies</span> <span class='ocrx_word' id='word_1_165' title='bbox 1302 1347 1563 1421; x_wconf 90' lang='lat' dir='ltr'>singulos</span> <span class='ocrx_word' id='word_1_166' title='bbox 1608 1354 1792 1409; x_wconf 90' lang='lat' dir='ltr'>totum</span> <span class='ocrx_word' id='word_1_167' title='bbox 1830 1351 2088 1410; x_wconf 89' lang='lat' dir='ltr'>canebat.</span> 
     </span>
    </p>
   </div>
   <div class='ocr_carea' id='block_1_23' title="bbox 377 1436 2091 1509">
    <p class='ocr_par' dir='ltr' id='par_1_23' title="bbox 377 1436 2091 1509">
     <span class='ocr_line' id='line_1_23' title="bbox 377 1436 2091 1509; baseline -0.001 -11"><span class='ocrx_word' id='word_1_168' title='bbox 377 1437 488 1498; x_wconf 92' lang='lat' dir='ltr'><strong>Sed</strong></span> <span class='ocrx_word' id='word_1_169' title='bbox 552 1437 836 1496; x_wconf 90' lang='lat' dir='ltr'>nimirum</span> <span class='ocrx_word' id='word_1_170' title='bbox 908 1438 1089 1509; x_wconf 87' lang='lat' dir='ltr'>rudis,</span> <span class='ocrx_word' id='word_1_171' title='bbox 1157 1444 1212 1495; x_wconf 90' lang='lat' dir='ltr'>et</span> <span class='ocrx_word' id='word_1_172' title='bbox 1290 1438 1626 1497; x_wconf 88' lang='lat' dir='ltr'>nullatenus</span> <span class='ocrx_word' id='word_1_173' title='bbox 1679 1436 1826 1495; x_wconf 78' lang='lat'><strong>432</strong></span> <span class='ocrx_word' id='word_1_174' title='bbox 1887 1438 2091 1497; x_wconf 89' lang='lat' dir='ltr'>ordine</span> 
     </span>
    </p>
   </div>
   <div class='ocr_carea' id='block_1_24' title="bbox 373 1512 3890 1601">
    <p class='ocr_par' dir='ltr' id='par_1_24' title="bbox 373 1512 3890 1601">
     <span class='ocr_line' id='line_1_24' title="bbox 373 1512 3890 1601; baseline 0 -14"><span class='ocrx_word' id='word_1_175' title='bbox 373 1527 508 1586; x_wconf 76' lang='lat' dir='ltr'>vitae</span> <span class='ocrx_word' id='word_1_176' title='bbox 550 1523 864 1598; x_wconf 86' lang='lat' dir='ltr'>singularis</span> <span class='ocrx_word' id='word_1_177' title='bbox 904 1525 1041 1593; x_wconf 79' lang='grc'>(189)</span> <span class='ocrx_word' id='word_1_178' title='bbox 1098 1526 1436 1594; x_wconf 91' lang='lat' dir='ltr'>instructus,</span> <span class='ocrx_word' id='word_1_179' title='bbox 1478 1527 1625 1585; x_wconf 87' lang='lat' dir='ltr'>sicut</span> <span class='ocrx_word' id='word_1_180' title='bbox 1664 1529 1786 1601; x_wconf 90' lang='lat' dir='ltr'>ipse</span> <span class='ocrx_word' id='word_1_181' title='bbox 1832 1534 2086 1600; x_wconf 89' lang='lat' dir='ltr'>postmo-</span> <span class='ocrx_word' id='word_1_182' title='bbox 2165 1513 2228 1572; x_wconf 77' lang='lat' dir='ltr'>in</span> <span class='ocrx_word' id='word_1_183' title='bbox 2282 1529 2380 1574; x_wconf 77' lang='lat' dir='ltr'>0re</span> <span class='ocrx_word' id='word_1_184' title='bbox 2437 1513 2616 1587; x_wconf 71' lang='lat' dir='ltr'>gladii</span> <span class='ocrx_word' id='word_1_185' title='bbox 2670 1513 2887 1586; x_wconf 72' lang='lat' dir='ltr'>absque</span> <span class='ocrx_word' id='word_1_186' title='bbox 2941 1512 3062 1571; x_wconf 67' lang='lat' dir='ltr'>una</span> <span class='ocrx_word' id='word_1_187' title='bbox 3119 1515 3520 1574; x_wconf 67' lang='lat' dir='ltr'>PBtraCtatione</span> <span class='ocrx_word' id='word_1_188' title='bbox 3592 1523 3890 1576; x_wconf 68' lang='lat' dir='ltr'>necarem-</span> 
     </span>
    </p>
   </div>
   <div class='ocr_carea' id='block_1_25' title="bbox 372 1601 3893 1689">
    <p class='ocr_par' dir='ltr' id='par_1_25' title="bbox 372 1601 3893 1689">
     <span class='ocr_line' id='line_1_25' title="bbox 372 1601 3893 1689; baseline 0.001 -14"><span class='ocrx_word' id='word_1_189' title='bbox 372 1617 516 1675; x_wconf 92' lang='lat' dir='ltr'><strong>dum</strong></span> <span class='ocrx_word' id='word_1_190' title='bbox 553 1614 618 1673; x_wconf 91' lang='lat' dir='ltr'>B.</span> <span class='ocrx_word' id='word_1_191' title='bbox 660 1612 1020 1672; x_wconf 84' lang='lat' dir='ltr'>Romualdus</span> <span class='ocrx_word' id='word_1_192' title='bbox 1055 1614 1317 1672; x_wconf 87' lang='lat' dir='ltr'>hilariter</span> <span class='ocrx_word' id='word_1_193' title='bbox 1367 1616 1667 1685; x_wconf 82' lang='lat' dir='ltr'>referebat,</span> <span class='ocrx_word' id='word_1_194' title='bbox 1714 1616 2081 1689; x_wconf 90' lang='lat' dir='ltr'>plerumque,</span> <span class='ocrx_word' id='word_1_195' title='bbox 2167 1604 2362 1678; x_wconf 75' lang='lat' dir='ltr'>Hujus</span> <span class='ocrx_word' id='word_1_196' title='bbox 2399 1603 2648 1678; x_wconf 72' lang='lat' dir='ltr'>denique</span> <span class='ocrx_word' id='word_1_197' title='bbox 2683 1601 3100 1661; x_wconf 70' lang='grc' dir='ltr'>θοηνθηιίουιεθ</span> <span class='ocrx_word' id='word_1_198' title='bbox 3137 1603 3539 1678; x_wconf 59' lang='lat' dir='ltr'>coniuratione</span> <span class='ocrx_word' id='word_1_199' title='bbox 3577 1611 3893 1678; x_wconf 59' lang='lat' dir='ltr'>comperta,</span> 
     </span>
    </p>
   </div>
   <div class='ocr_carea' id='block_1_26' title="bbox 376 1691 3893 1778">
    <p class='ocr_par' dir='ltr' id='par_1_26' title="bbox 376 1691 3893 1778">
     <span class='ocr_line' id='line_1_26' title="bbox 376 1691 3893 1778; baseline 0.001 -29"><span class='ocrx_word' id='word_1_200' title='bbox 376 1706 448 1763; x_wconf 73' lang='lat' dir='ltr'>de</span> <span class='ocrx_word' id='word_1_201' title='bbox 477 1703 620 1761; x_wconf 76' lang='lat' dir='ltr'>cella</span> <span class='ocrx_word' id='word_1_202' title='bbox 651 1702 874 1772; x_wconf 60' lang='lat' dir='ltr'>exiens,</span> <span class='ocrx_word' id='word_1_203' title='bbox 919 1719 1034 1761; x_wconf 76' lang='lat' dir='ltr'>una</span> <span class='ocrx_word' id='word_1_204' title='bbox 1072 1719 1205 1762; x_wconf 79' lang='lat' dir='ltr'>cum</span> <span class='ocrx_word' id='word_1_205' title='bbox 1240 1705 1524 1777; x_wconf 72' lang='lat' dir='ltr'>discipulo</span> <span class='ocrx_word' id='word_1_206' title='bbox 1561 1705 1772 1777; x_wconf 73' lang='lat' dir='ltr'>passim</span> <span class='ocrx_word' id='word_1_207' title='bbox 1811 1720 1915 1778; x_wconf 71' lang='lat' dir='ltr'>per</span> <span class='ocrx_word' id='word_1_208' title='bbox 1953 1705 2085 1761; x_wconf 68' lang='lat' dir='ltr'>lati-</span> <span class='ocrx_word' id='word_1_209' title='bbox 2174 1692 2378 1750; x_wconf 89' lang='lat' dir='ltr'>Vitalis</span> <span class='ocrx_word' id='word_1_210' title='bbox 2416 1691 2561 1762; x_wconf 84' lang='lat' dir='ltr'>dux,</span> <span class='ocrx_word' id='word_1_211' title='bbox 2603 1691 2900 1750; x_wconf 89' lang='lat' dir='ltr'>nocturnis</span> <span class='ocrx_word' id='word_1_212' title='bbox 2939 1691 3281 1765; x_wconf 88' lang='lat' dir='ltr'>diurnisque</span> <span class='ocrx_word' id='word_1_213' title='bbox 3316 1692 3564 1751; x_wconf 86' lang='lat' dir='ltr'>vallatus</span> <span class='ocrx_word' id='word_1_214' title='bbox 3602 1695 3893 1764; x_wconf 85' lang='lat' dir='ltr'>excubiis,</span> 
     </span>
    </p>
   </div>
   <div class='ocr_carea' id='block_1_27' title="bbox 376 1779 3895 1869">
    <p class='ocr_par' dir='ltr' id='par_1_27' title="bbox 376 1779 3895 1869">
     <span class='ocr_line' id='line_1_27' title="bbox 376 1779 3895 1869; baseline 0.001 -19"><span class='ocrx_word' id='word_1_215' title='bbox 376 1793 638 1853; x_wconf 89' lang='lat' dir='ltr'>tudinem</span> <span class='ocrx_word' id='word_1_216' title='bbox 683 1792 860 1850; x_wconf 86' lang='lat' dir='ltr'>eremi</span> <span class='ocrx_word' id='word_1_217' title='bbox 900 1791 1196 1865; x_wconf 87' lang='lat' dir='ltr'>psallendo</span> <span class='ocrx_word' id='word_1_218' title='bbox 1234 1793 1605 1866; x_wconf 87' lang='lat' dir='ltr'>spatiabatur,</span> <span class='ocrx_word' id='word_1_219' title='bbox 1639 1809 1794 1852; x_wconf 92' lang='lat' dir='ltr'>nunc</span> <span class='ocrx_word' id='word_1_220' title='bbox 1833 1794 1941 1852; x_wconf 92' lang='lat' dir='ltr'>sub</span> <span class='ocrx_word' id='word_1_221' title='bbox 1981 1780 2409 1869; x_wconf 65' lang='lat' dir='ltr'>istthOSli&#39;eS</span> <span class='ocrx_word' id='word_1_222' title='bbox 2443 1780 2706 1869; x_wconf 2' lang='lat' dir='ltr'>(gignSidiaS</span> <span class='ocrx_word' id='word_1_223' title='bbox 2760 1779 2830 1869; x_wconf 47' lang='grc' dir='ltr'>δᾴ</span> <span class='ocrx_word' id='word_1_224' title='bbox 2886 1780 3140 1869; x_wconf 44' lang='lat' dir='ltr'>nihil?!“</span> <span class='ocrx_word' id='word_1_225' title='bbox 3173 1779 3497 1869; x_wconf 18' lang='lat' dir='ltr'>,FQdigebal-</span> <span class='ocrx_word' id='word_1_226' title='bbox 3532 1780 3657 1840; x_wconf 78' lang='grc' dir='ltr'>ῙΠίε</span> <span class='ocrx_word' id='word_1_227' title='bbox 3694 1789 3895 1840; x_wconf 69' lang='lat' dir='ltr'>autem</span> 
     </span>
    </p>
   </div>
   <div class='ocr_carea' id='block_1_28' title="bbox 365 1866 3896 1958">
    <p class='ocr_par' dir='ltr' id='par_1_28' title="bbox 365 1866 3896 1958">
     <span class='ocr_line' id='line_1_28' title="bbox 365 1866 3896 1958; baseline -0 -17"><span class='ocrx_word' id='word_1_228' title='bbox 365 1883 568 1942; x_wconf 91' lang='lat' dir='ltr'>arbore</span> <span class='ocrx_word' id='word_1_229' title='bbox 612 1882 866 1952; x_wconf 85' lang='lat' dir='ltr'>vicenos,</span> <span class='ocrx_word' id='word_1_230' title='bbox 901 1895 1059 1939; x_wconf 90' lang='lat' dir='ltr'>nunc</span> <span class='ocrx_word' id='word_1_231' title='bbox 1105 1882 1215 1938; x_wconf 90' lang='lat' dir='ltr'>sub</span> <span class='ocrx_word' id='word_1_232' title='bbox 1267 1881 1368 1939; x_wconf 92' lang='lat' dir='ltr'>illa</span> <span class='ocrx_word' id='word_1_233' title='bbox 1416 1881 1660 1940; x_wconf 90' lang='lat' dir='ltr'>tricenos</span> <span class='ocrx_word' id='word_1_234' title='bbox 1713 1883 1800 1940; x_wconf 91' lang='lat' dir='ltr'>vel</span> <span class='ocrx_word' id='word_1_235' title='bbox 1839 1866 2143 1958; x_wconf 46' lang='lat' dir='ltr'>quadra:</span> <span class='ocrx_word' id='word_1_236' title='bbox 2179 1869 2304 1927; x_wconf 71' lang='grc' dir='ltr'>Ι]ωο</span> <span class='ocrx_word' id='word_1_237' title='bbox 2341 1875 2396 1924; x_wconf 70' lang='grc' dir='ltr'>οι</span> <span class='ocrx_word' id='word_1_238' title='bbox 2435 1868 2535 1925; x_wconf 68' lang='lat' dir='ltr'>illa</span> <span class='ocrx_word' id='word_1_239' title='bbox 2570 1866 2940 1936; x_wconf 66' lang='grc' dir='ltr'>ιθιηδοῐίὺυε»</span> <span class='ocrx_word' id='word_1_240' title='bbox 2984 1867 3082 1958; x_wconf 59' lang='grc' dir='ltr'>ξ’θά</span> <span class='ocrx_word' id='word_1_241' title='bbox 3121 1868 3188 1958; x_wconf 58' lang='lat' dir='ltr'>ad</span> <span class='ocrx_word' id='word_1_242' title='bbox 3231 1867 3474 1940; x_wconf 56' lang='lat' dir='ltr'>incepi-33</span> <span class='ocrx_word' id='word_1_243' title='bbox 3512 1869 3777 1927; x_wconf 60' lang='lat' dir='ltr'>factionis</span> <span class='ocrx_word' id='word_1_244' title='bbox 3809 1871 3896 1927; x_wconf 64' lang='lat' dir='ltr'>ef-</span> 
     </span>
    </p>
   </div>
   <div class='ocr_carea' id='block_1_29' title="bbox 371 1957 3902 2045">
    <p class='ocr_par' dir='ltr' id='par_1_29' title="bbox 371 1957 3902 2045">
     <span class='ocr_line' id='line_1_29' title="bbox 371 1957 3902 2045; baseline -0.003 -17"><span class='ocrx_word' id='word_1_245' title='bbox 371 1986 548 2045; x_wconf 90' lang='lat' dir='ltr'>genos</span> <span class='ocrx_word' id='word_1_246' title='bbox 588 1969 898 2028; x_wconf 89' lang='lat' dir='ltr'>concinens</span> <span class='ocrx_word' id='word_1_247' title='bbox 958 1967 1226 2039; x_wconf 85' lang='lat' dir='ltr'>psalmos.</span> <span class='ocrx_word' id='word_1_248' title='bbox 1267 1968 1630 2029; x_wconf 84' lang='lat' dir='ltr'>Romualdus</span> <span class='ocrx_word' id='word_1_249' title='bbox 1688 1957 1906 2038; x_wconf 87' lang='lat' dir='ltr'>autem,</span> <span class='ocrx_word' id='word_1_250' title='bbox 1956 1971 2096 2044; x_wconf 82' lang='lat' dir='ltr'>quia</span> <span class='ocrx_word' id='word_1_251' title='bbox 2176 1960 2392 2017; x_wconf 86' lang='lat' dir='ltr'>fectum</span> <span class='ocrx_word' id='word_1_252' title='bbox 2436 1959 2714 2030; x_wconf 87' lang='lat' dir='ltr'>attingere</span> <span class='ocrx_word' id='word_1_253' title='bbox 2765 1973 2880 2016; x_wconf 94' lang='lat' dir='ltr'>non</span> <span class='ocrx_word' id='word_1_254' title='bbox 2922 1957 3270 2027; x_wconf 87' lang='lat' dir='ltr'>valentibus,</span> <span class='ocrx_word' id='word_1_255' title='bbox 3310 1960 3541 2016; x_wconf 86' lang='lat' dir='ltr'>tandem</span> <span class='ocrx_word' id='word_1_256' title='bbox 3579 1961 3770 2019; x_wconf 93' lang='lat' dir='ltr'>visum</span> <span class='ocrx_word' id='word_1_257' title='bbox 3810 1969 3902 2018; x_wconf 90' lang='lat' dir='ltr'>est</span> 
     </span>
    </p>
   </div>
   <div class='ocr_carea' id='block_1_30' title="bbox 378 2059 2097 2140">
    <p class='ocr_par' dir='ltr' id='par_1_30' title="bbox 378 2059 2097 2140">
     <span class='ocr_line' id='line_1_30' title="bbox 378 2059 2097 2140; baseline 0 -19"><span class='ocrx_word' id='word_1_258' title='bbox 378 2061 659 2121; x_wconf 60' lang='lat' dir='ltr'>saculum</span> <span class='ocrx_word' id='word_1_259' title='bbox 721 2060 896 2118; x_wconf 92' lang='lat' dir='ltr'>idiota</span> <span class='ocrx_word' id='word_1_260' title='bbox 961 2059 1288 2134; x_wconf 85' lang='lat' dir='ltr'>reliquerat,</span> <span class='ocrx_word' id='word_1_261' title='bbox 1357 2068 1556 2134; x_wconf 91' lang='lat' dir='ltr'>aperto</span> <span class='ocrx_word' id='word_1_262' title='bbox 1630 2062 1926 2140; x_wconf 80' lang='lat' dir='ltr'>psalterio,</span> <span class='ocrx_word' id='word_1_263' title='bbox 1994 2064 2097 2121; x_wconf 81' lang='lat' dir='ltr'>vix</span> 
     </span>
    </p>
   </div>
   <div class='ocr_carea' id='block_1_31' title="bbox 382 2148 2092 2222">
    <p class='ocr_par' dir='ltr' id='par_1_31' title="bbox 382 2148 2092 2222">
     <span class='ocr_line' id='line_1_31' title="bbox 382 2148 2092 2222; baseline -0.001 -14"><span class='ocrx_word' id='word_1_264' title='bbox 382 2165 621 2210; x_wconf 88' lang='lat' dir='ltr'>suorum</span> <span class='ocrx_word' id='word_1_265' title='bbox 651 2163 926 2207; x_wconf 86' lang='lat' dir='ltr'>versuum</span> <span class='ocrx_word' id='word_1_266' title='bbox 959 2155 1120 2206; x_wconf 88' lang='lat' dir='ltr'>notas</span> <span class='ocrx_word' id='word_1_267' title='bbox 1153 2148 1478 2222; x_wconf 82' lang='lat' dir='ltr'>syllabatim</span> <span class='ocrx_word' id='word_1_268' title='bbox 1513 2150 1804 2222; x_wconf 85' lang='lat' dir='ltr'>explicare</span> <span class='ocrx_word' id='word_1_269' title='bbox 1829 2150 2054 2208; x_wconf 90' lang='lat' dir='ltr'>valebat</span> <span class='ocrx_word' id='word_1_270' title='bbox 2080 2173 2092 2221; x_wconf 93' lang='lat'>;</span> 
     </span>
    </p>
   </div>
   <div class='ocr_carea' id='block_1_32' title="bbox 383 2238 2098 2300">
    <p class='ocr_par' dir='ltr' id='par_1_32' title="bbox 383 2238 2098 2300">
     <span class='ocr_line' id='line_1_32' title="bbox 383 2238 2098 2300; baseline 0.002 -3"><span class='ocrx_word' id='word_1_271' title='bbox 383 2245 439 2298; x_wconf 90' lang='lat' dir='ltr'>et</span> <span class='ocrx_word' id='word_1_272' title='bbox 484 2239 612 2297; x_wconf 77' lang='lat' dir='ltr'>haec</span> <span class='ocrx_word' id='word_1_273' title='bbox 651 2238 948 2297; x_wconf 91' lang='lat' dir='ltr'>oculorum</span> <span class='ocrx_word' id='word_1_274' title='bbox 998 2241 1059 2295; x_wconf 88' lang='lat' dir='ltr'>in</span> <span class='ocrx_word' id='word_1_275' title='bbox 1100 2239 1216 2296; x_wconf 91' lang='lat' dir='ltr'><strong>ima</strong></span> <span class='ocrx_word' id='word_1_276' title='bbox 1261 2238 1480 2298; x_wconf 84' lang='lat' dir='ltr'>deﬁxio</span> <span class='ocrx_word' id='word_1_277' title='bbox 1527 2241 1947 2299; x_wconf 89' lang='lat' dir='ltr'>intolerabilem</span> <span class='ocrx_word' id='word_1_278' title='bbox 1987 2242 2098 2300; x_wconf 90' lang='lat' dir='ltr'>sibi</span> 
     </span>
    </p>
   </div>
   <div class='ocr_carea' id='block_1_33' title="bbox 385 2327 2099 2402">
    <p class='ocr_par' dir='ltr' id='par_1_33' title="bbox 385 2327 2099 2402">
     <span class='ocr_line' id='line_1_33' title="bbox 385 2327 2099 2402; baseline 0.002 -16"><span class='ocrx_word' id='word_1_279' title='bbox 385 2335 443 2386; x_wconf 92' lang='lat' dir='ltr'>et</span> <span class='ocrx_word' id='word_1_280' title='bbox 483 2327 978 2401; x_wconf 87' lang='lat' dir='ltr'>importunitatem</span> <span class='ocrx_word' id='word_1_281' title='bbox 1025 2329 1235 2388; x_wconf 77' lang='lat' dir='ltr'>acedize</span> <span class='ocrx_word' id='word_1_282' title='bbox 1283 2331 1624 2402; x_wconf 88' lang='lat' dir='ltr'>generabat;</span> <span class='ocrx_word' id='word_1_283' title='bbox 1660 2331 1922 2390; x_wconf 89' lang='lat' dir='ltr'>Marinus</span> <span class='ocrx_word' id='word_1_284' title='bbox 1965 2348 2099 2390; x_wconf 91' lang='lat' dir='ltr'>vero</span> 
     </span>
    </p>
   </div>
   <div class='ocr_carea' id='block_1_34' title="bbox 387 2416 2099 2489">
    <p class='ocr_par' dir='ltr' id='par_1_34' title="bbox 387 2416 2099 2489">
     <span class='ocr_line' id='line_1_34' title="bbox 387 2416 2099 2489; baseline 0.002 -17"><span class='ocrx_word' id='word_1_285' title='bbox 387 2416 610 2489; x_wconf 90' lang='lat' dir='ltr'>virgam</span> <span class='ocrx_word' id='word_1_286' title='bbox 649 2417 710 2474; x_wconf 91' lang='lat' dir='ltr'>in</span> <span class='ocrx_word' id='word_1_287' title='bbox 763 2417 996 2474; x_wconf 84' lang='lat' dir='ltr'>dextera</span> <span class='ocrx_word' id='word_1_288' title='bbox 1037 2431 1262 2489; x_wconf 89' lang='lat' dir='ltr'>gerens,</span> <span class='ocrx_word' id='word_1_289' title='bbox 1295 2416 1618 2476; x_wconf 80' lang='lat' dir='ltr'>Romualdo</span> <span class='ocrx_word' id='word_1_290' title='bbox 1658 2434 1690 2476; x_wconf 91' lang='lat' dir='ltr'>e</span> <span class='ocrx_word' id='word_1_291' title='bbox 1733 2419 1966 2477; x_wconf 91' lang='lat' dir='ltr'>diverso</span> <span class='ocrx_word' id='word_1_292' title='bbox 2018 2435 2099 2476; x_wconf 88' lang='lat' dir='ltr'>se-</span> 
     </span>
    </p>
   </div>
   <div class='ocr_carea' id='block_1_35' title="bbox 387 2502 2100 2577">
    <p class='ocr_par' dir='ltr' id='par_1_35' title="bbox 387 2502 2100 2577">
     <span class='ocr_line' id='line_1_35' title="bbox 387 2502 2100 2577; baseline 0.001 -17"><span class='ocrx_word' id='word_1_293' title='bbox 387 2503 546 2561; x_wconf 90' lang='lat' dir='ltr'>denti</span> <span class='ocrx_word' id='word_1_294' title='bbox 589 2502 881 2560; x_wconf 90' lang='lat' dir='ltr'>sinistram</span> <span class='ocrx_word' id='word_1_295' title='bbox 932 2503 1134 2577; x_wconf 89' lang='lat' dir='ltr'>capitis</span> <span class='ocrx_word' id='word_1_296' title='bbox 1177 2509 1397 2574; x_wconf 89' lang='lat' dir='ltr'>partem</span> <span class='ocrx_word' id='word_1_297' title='bbox 1447 2503 1765 2576; x_wconf 68' lang='lat' dir='ltr'>saepissime</span> <span class='ocrx_word' id='word_1_298' title='bbox 1831 2505 2100 2562; x_wconf 87' lang='lat' dir='ltr'>verbera-</span> 
     </span>
    </p>
   </div>
   <div class='ocr_carea' id='block_1_36' title="bbox 391 2590 2099 2666">
    <p class='ocr_par' dir='ltr' id='par_1_36' title="bbox 391 2590 2099 2666">
     <span class='ocr_line' id='line_1_36' title="bbox 391 2590 2099 2666; baseline 0.001 -16"><span class='ocrx_word' id='word_1_299' title='bbox 391 2592 503 2650; x_wconf 89' lang='lat' dir='ltr'>bat.</span> <span class='ocrx_word' id='word_1_300' title='bbox 534 2590 666 2650; x_wconf 87' lang='lat' dir='ltr'>Post</span> <span class='ocrx_word' id='word_1_301' title='bbox 705 2591 885 2650; x_wconf 90' lang='lat' dir='ltr'><strong>multa</strong></span> <span class='ocrx_word' id='word_1_302' title='bbox 920 2600 1114 2650; x_wconf 89' lang='lat' dir='ltr'>autem</span> <span class='ocrx_word' id='word_1_303' title='bbox 1157 2591 1538 2659; x_wconf 85' lang='lat' dir='ltr'>Romualdus,</span> <span class='ocrx_word' id='word_1_304' title='bbox 1575 2595 1741 2666; x_wconf 89' lang='lat' dir='ltr'>gravi</span> <span class='ocrx_word' id='word_1_305' title='bbox 1784 2592 2099 2652; x_wconf 92' lang='lat' dir='ltr'>admodum</span> 
     </span>
    </p>
   </div>
   <div class='ocr_carea' id='block_1_37' title="bbox 393 2677 2101 2753">
    <p class='ocr_par' dir='ltr' id='par_1_37' title="bbox 393 2677 2101 2753">
     <span class='ocr_line' id='line_1_37' title="bbox 393 2677 2101 2753; baseline 0.001 -17"><span class='ocrx_word' id='word_1_306' title='bbox 393 2677 726 2737; x_wconf 90' lang='lat' dir='ltr'>necessitate</span> <span class='ocrx_word' id='word_1_307' title='bbox 782 2677 1136 2751; x_wconf 90' lang='lat' dir='ltr'>compulsus,</span> <span class='ocrx_word' id='word_1_308' title='bbox 1186 2678 1489 2736; x_wconf 85' lang='lat' dir='ltr'>humiliter</span> <span class='ocrx_word' id='word_1_309' title='bbox 1529 2680 1657 2736; x_wconf 86' lang='lat' dir='ltr'>ait:</span> <span class='ocrx_word' id='word_1_310' title='bbox 1720 2679 2002 2753; x_wconf 85' lang='lat' dir='ltr'>Magister,</span> <span class='ocrx_word' id='word_1_311' title='bbox 2053 2681 2101 2738; x_wconf 90' lang='lat' dir='ltr'>si</span> 
     </span>
    </p>
   </div>
   <div class='ocr_carea' id='block_1_38' title="bbox 388 2767 2103 2843">
    <p class='ocr_par' dir='ltr' id='par_1_38' title="bbox 388 2767 2103 2843">
     <span class='ocr_line' id='line_1_38' title="bbox 388 2767 2103 2843; baseline 0.002 -18"><span class='ocrx_word' id='word_1_312' title='bbox 388 2767 589 2841; x_wconf 90' lang='lat' dir='ltr'>placet,</span> <span class='ocrx_word' id='word_1_313' title='bbox 622 2784 656 2824; x_wconf 88' lang='lat' dir='ltr'><strong>a</strong></span> <span class='ocrx_word' id='word_1_314' title='bbox 696 2767 898 2826; x_wconf 80' lang='lat' dir='ltr'>dextro</span> <span class='ocrx_word' id='word_1_315' title='bbox 933 2783 1024 2824; x_wconf 89' lang='lat' dir='ltr'>me</span> <span class='ocrx_word' id='word_1_316' title='bbox 1059 2767 1333 2840; x_wconf 90' lang='lat' dir='ltr'>deinceps</span> <span class='ocrx_word' id='word_1_317' title='bbox 1383 2777 1634 2842; x_wconf 89' lang='lat' dir='ltr'>tempore</span> <span class='ocrx_word' id='word_1_318' title='bbox 1684 2779 1934 2843; x_wconf 91' lang='lat' dir='ltr'>percute,</span> <span class='ocrx_word' id='word_1_319' title='bbox 1965 2774 2103 2843; x_wconf 86' lang='lat' dir='ltr'><strong>quia</strong></span> 
     </span>
    </p>
   </div>
   <div class='ocr_carea' id='block_1_39' title="bbox 382 2855 2098 2931">
    <p class='ocr_par' dir='ltr' id='par_1_39' title="bbox 382 2855 2098 2931">
     <span class='ocr_line' id='line_1_39' title="bbox 382 2855 2098 2931; baseline 0.002 -18"><span class='ocrx_word' id='word_1_320' title='bbox 382 2858 504 2929; x_wconf 92' lang='lat' dir='ltr'>jam</span> <span class='ocrx_word' id='word_1_321' title='bbox 531 2855 696 2914; x_wconf 68' lang='lat' dir='ltr'>lasvaa</span> <span class='ocrx_word' id='word_1_322' title='bbox 733 2856 894 2914; x_wconf 89' lang='lat' dir='ltr'>auris</span> <span class='ocrx_word' id='word_1_323' title='bbox 931 2855 1200 2914; x_wconf 91' lang='lat' dir='ltr'>auditum</span> <span class='ocrx_word' id='word_1_324' title='bbox 1240 2856 1503 2915; x_wconf 89' lang='lat' dir='ltr'>funditus</span> <span class='ocrx_word' id='word_1_325' title='bbox 1536 2857 1730 2931; x_wconf 90' lang='lat' dir='ltr'>perdo.</span> <span class='ocrx_word' id='word_1_326' title='bbox 1776 2858 1940 2918; x_wconf 91' lang='lat' dir='ltr'>Tunc</span> <span class='ocrx_word' id='word_1_327' title='bbox 1979 2858 2098 2929; x_wconf 91' lang='lat' dir='ltr'>ille,</span> 
     </span>
    </p>
   </div>
   <div class='ocr_carea' id='block_1_40' title="bbox 393 2944 2102 3018">
    <p class='ocr_par' dir='ltr' id='par_1_40' title="bbox 393 2944 2102 3018">
     <span class='ocr_line' id='line_1_40' title="bbox 393 2944 2102 3018; baseline 0.002 -16"><span class='ocrx_word' id='word_1_328' title='bbox 393 2953 608 3002; x_wconf 87' lang='lat' dir='ltr'>tantam</span> <span class='ocrx_word' id='word_1_329' title='bbox 652 2946 778 3018; x_wconf 88' lang='lat' dir='ltr'>ejus</span> <span class='ocrx_word' id='word_1_330' title='bbox 813 2944 1149 3016; x_wconf 90' lang='lat' dir='ltr'>patientiam</span> <span class='ocrx_word' id='word_1_331' title='bbox 1187 2946 1528 3017; x_wconf 86' lang='lat' dir='ltr'>admiratus,</span> <span class='ocrx_word' id='word_1_332' title='bbox 1574 2947 1901 3005; x_wconf 85' lang='lat' dir='ltr'>indiscretae</span> <span class='ocrx_word' id='word_1_333' title='bbox 1937 2963 2102 3005; x_wconf 91' lang='lat' dir='ltr'>seve-</span> 
     </span>
    </p>
   </div>
   <div class='ocr_carea' id='block_1_41' title="bbox 395 3033 1295 3108">
    <p class='ocr_par' dir='ltr' id='par_1_41' title="bbox 395 3033 1295 3108">
     <span class='ocr_line' id='line_1_41' title="bbox 395 3033 1295 3108; baseline 0 -16"><span class='ocrx_word' id='word_1_334' title='bbox 395 3035 578 3092; x_wconf 88' lang='lat' dir='ltr'>ritatis</span> <span class='ocrx_word' id='word_1_335' title='bbox 599 3042 878 3108; x_wconf 90' lang='lat' dir='ltr'>temperat</span> <span class='ocrx_word' id='word_1_336' title='bbox 908 3033 1295 3106; x_wconf 91' lang='lat' dir='ltr'>disciplinam.</span> 
     </span>
    </p>
   </div>
   <div class='ocr_carea' id='block_1_42' title="bbox 1077 3120 1412 3180">
    <p class='ocr_par' dir='ltr' id='par_1_42' title="bbox 1077 3120 1412 3180">
     <span class='ocr_line' id='line_1_42' title="bbox 1077 3120 1412 3180; baseline 0.006 -2"><span class='ocrx_word' id='word_1_337' title='bbox 1077 3120 1320 3180; x_wconf 82' lang='lat' dir='ltr'>CAPUT</span> <span class='ocrx_word' id='word_1_338' title='bbox 1344 3121 1412 3180; x_wconf 92' lang='lat' dir='ltr'>V.</span> 
     </span>
    </p>
   </div>
   <div class='ocr_carea' id='block_1_43' title="bbox 2179 2049 3899 2124">
    <p class='ocr_par' dir='ltr' id='par_1_43' title="bbox 2179 2049 3899 2124">
     <span class='ocr_line' id='line_1_43' title="bbox 2179 2049 3899 2124; baseline -0.002 -15"><span class='ocrx_word' id='word_1_339' title='bbox 2179 2057 2244 2109; x_wconf 93' lang='lat' dir='ltr'><strong>ut</strong></span> <span class='ocrx_word' id='word_1_340' title='bbox 2267 2051 2507 2109; x_wconf 91' lang='lat' dir='ltr'>domum</span> <span class='ocrx_word' id='word_1_341' title='bbox 2549 2049 2721 2114; x_wconf 81' lang='lat' dir='ltr'>Petri.</span> <span class='ocrx_word' id='word_1_342' title='bbox 2756 2064 2889 2122; x_wconf 65' lang='lat' dir='ltr'>quae</span> <span class='ocrx_word' id='word_1_343' title='bbox 2927 2049 3093 2106; x_wconf 91' lang='lat' dir='ltr'>ducis</span> <span class='ocrx_word' id='word_1_344' title='bbox 3131 2049 3338 2121; x_wconf 91' lang='lat' dir='ltr'>palatio</span> <span class='ocrx_word' id='word_1_345' title='bbox 3376 2049 3671 2124; x_wconf 91' lang='lat' dir='ltr'>adjacebat</span> <span class='ocrx_word' id='word_1_346' title='bbox 3707 2051 3899 2109; x_wconf 86' lang='lat' dir='ltr'>conti-</span> 
     </span>
    </p>
   </div>
   <div class='ocr_carea' id='block_1_44' title="bbox 2177 2136 3898 2212">
    <p class='ocr_par' dir='ltr' id='par_1_44' title="bbox 2177 2136 3898 2212">
     <span class='ocr_line' id='line_1_44' title="bbox 2177 2136 3898 2212; baseline 0 -16"><span class='ocrx_word' id='word_1_347' title='bbox 2177 2154 2312 2212; x_wconf 87' lang='lat' dir='ltr'>gua,</span> <span class='ocrx_word' id='word_1_348' title='bbox 2344 2138 2507 2211; x_wconf 91' lang='lat' dir='ltr'>prius</span> <span class='ocrx_word' id='word_1_349' title='bbox 2556 2137 2952 2206; x_wconf 91' lang='lat' dir='ltr'>incenderent,</span> <span class='ocrx_word' id='word_1_350' title='bbox 2987 2136 3211 2210; x_wconf 90' lang='lat' dir='ltr'>istoque</span> <span class='ocrx_word' id='word_1_351' title='bbox 3249 2137 3420 2195; x_wconf 92' lang='lat' dir='ltr'>modo</span> <span class='ocrx_word' id='word_1_352' title='bbox 3457 2145 3513 2195; x_wconf 91' lang='lat' dir='ltr'>et</span> <span class='ocrx_word' id='word_1_353' title='bbox 3551 2140 3754 2196; x_wconf 90' lang='lat' dir='ltr'>ducem</span> <span class='ocrx_word' id='word_1_354' title='bbox 3797 2154 3898 2196; x_wconf 89' lang='lat' dir='ltr'>ca-</span> 
     </span>
    </p>
   </div>
   <div class='ocr_carea' id='block_1_45' title="bbox 2179 2225 3897 2300">
    <p class='ocr_par' dir='ltr' id='par_1_45' title="bbox 2179 2225 3897 2300">
     <span class='ocr_line' id='line_1_45' title="bbox 2179 2225 3897 2300; baseline -0.001 -16"><span class='ocrx_word' id='word_1_355' title='bbox 2179 2234 2377 2300; x_wconf 91' lang='lat' dir='ltr'>perent</span> <span class='ocrx_word' id='word_1_356' title='bbox 2445 2234 2502 2284; x_wconf 92' lang='lat' dir='ltr'>et</span> <span class='ocrx_word' id='word_1_357' title='bbox 2565 2229 2836 2284; x_wconf 91' lang='lat' dir='ltr'>universa</span> <span class='ocrx_word' id='word_1_358' title='bbox 2887 2226 3013 2299; x_wconf 87' lang='lat' dir='ltr'>ejus</span> <span class='ocrx_word' id='word_1_359' title='bbox 3062 2225 3370 2283; x_wconf 88' lang='lat' dir='ltr'>domestica</span> <span class='ocrx_word' id='word_1_360' title='bbox 3444 2233 3897 2284; x_wconf 88' lang='lat' dir='ltr'>concremarent.</span> 
     </span>
    </p>
   </div>
   <div class='ocr_carea' id='block_1_46' title="bbox 2179 2313 3900 2387">
    <p class='ocr_par' dir='ltr' id='par_1_46' title="bbox 2179 2313 3900 2387">
     <span class='ocr_line' id='line_1_46' title="bbox 2179 2313 3900 2387; baseline 0 -15"><span class='ocrx_word' id='word_1_361' title='bbox 2179 2314 2356 2372; x_wconf 88' lang='lat' dir='ltr'>Istius</span> <span class='ocrx_word' id='word_1_362' title='bbox 2411 2329 2544 2372; x_wconf 90' lang='lat' dir='ltr'>vero</span> <span class='ocrx_word' id='word_1_363' title='bbox 2584 2314 2667 2372; x_wconf 91' lang='lat' dir='ltr'><strong>rei</strong></span> <span class='ocrx_word' id='word_1_364' title='bbox 2702 2313 3069 2387; x_wconf 70' lang='lat' dir='ltr'>experiendie</span> <span class='ocrx_word' id='word_1_365' title='bbox 3107 2329 3458 2371; x_wconf 91' lang='lat' dir='ltr'>consensum</span> <span class='ocrx_word' id='word_1_366' title='bbox 3495 2330 3528 2370; x_wconf 92' lang='lat' dir='ltr'>a</span> <span class='ocrx_word' id='word_1_367' title='bbox 3575 2314 3760 2381; x_wconf 90' lang='lat' dir='ltr'>Petro,</span> <span class='ocrx_word' id='word_1_368' title='bbox 3794 2315 3900 2386; x_wconf 91' lang='lat' dir='ltr'><strong>qui</strong></span> 
     </span>
    </p>
   </div>
   <div class='ocr_carea' id='block_1_47' title="bbox 2181 2401 3904 2475">
    <p class='ocr_par' dir='ltr' id='par_1_47' title="bbox 2181 2401 3904 2475">
     <span class='ocr_line' id='line_1_47' title="bbox 2181 2401 3904 2475; baseline -0.001 -15"><span class='ocrx_word' id='word_1_369' title='bbox 2181 2417 2382 2461; x_wconf 89' lang='lat' dir='ltr'><strong>eorum</strong></span> <span class='ocrx_word' id='word_1_370' title='bbox 2439 2402 2667 2460; x_wconf 90' lang='lat' dir='ltr'>consilii</span> <span class='ocrx_word' id='word_1_371' title='bbox 2726 2401 3008 2475; x_wconf 91' lang='lat' dir='ltr'>particeps</span> <span class='ocrx_word' id='word_1_372' title='bbox 3067 2402 3271 2473; x_wconf 87' lang='lat' dir='ltr'>fuerat,</span> <span class='ocrx_word' id='word_1_373' title='bbox 3331 2402 3673 2474; x_wconf 86' lang='lat' dir='ltr'>ﬂagitantes,</span> <span class='ocrx_word' id='word_1_374' title='bbox 3717 2402 3904 2473; x_wconf 87' lang='lat' dir='ltr'>hujus</span> 
     </span>
    </p>
   </div>
   <div class='ocr_carea' id='block_1_48' title="bbox 2183 2487 3903 2562">
    <p class='ocr_par' dir='ltr' id='par_1_48' title="bbox 2183 2487 3903 2562">
     <span class='ocr_line' id='line_1_48' title="bbox 2183 2487 3903 2562; baseline 0.001 -16"><span class='ocrx_word' id='word_1_375' title='bbox 2183 2489 2412 2546; x_wconf 88' lang='lat' dir='ltr'>tandem</span> <span class='ocrx_word' id='word_1_376' title='bbox 2448 2487 2728 2546; x_wconf 89' lang='lat' dir='ltr'>mercedis</span> <span class='ocrx_word' id='word_1_377' title='bbox 2772 2488 2983 2546; x_wconf 79' lang='lat' dir='ltr'>foedere</span> <span class='ocrx_word' id='word_1_378' title='bbox 3016 2489 3162 2560; x_wconf 89' lang='lat' dir='ltr'>pacti</span> <span class='ocrx_word' id='word_1_379' title='bbox 3200 2495 3359 2559; x_wconf 92' lang='lat' dir='ltr'>sunt,</span> <span class='ocrx_word' id='word_1_380' title='bbox 3390 2497 3454 2547; x_wconf 92' lang='lat' dir='ltr'>ut</span> <span class='ocrx_word' id='word_1_381' title='bbox 3483 2505 3587 2562; x_wconf 92' lang='lat' dir='ltr'>pro</span> <span class='ocrx_word' id='word_1_382' title='bbox 3617 2505 3735 2548; x_wconf 91' lang='lat' dir='ltr'>una</span> <span class='ocrx_word' id='word_1_383' title='bbox 3769 2489 3903 2562; x_wconf 89' lang='lat' dir='ltr'>ejus</span> 
     </span>
    </p>
   </div>
   <div class='ocr_carea' id='block_1_49' title="bbox 2180 2575 3904 2650">
    <p class='ocr_par' dir='ltr' id='par_1_49' title="bbox 2180 2575 3904 2650">
     <span class='ocr_line' id='line_1_49' title="bbox 2180 2575 3904 2650; baseline 0.002 -18"><span class='ocrx_word' id='word_1_384' title='bbox 2180 2575 2372 2644; x_wconf 92' lang='lat' dir='ltr'>domo,</span> <span class='ocrx_word' id='word_1_385' title='bbox 2414 2591 2593 2650; x_wconf 93' lang='lat' dir='ltr'>quam</span> <span class='ocrx_word' id='word_1_386' title='bbox 2634 2577 2768 2649; x_wconf 91' lang='lat' dir='ltr'>igne</span> <span class='ocrx_word' id='word_1_387' title='bbox 2803 2583 3228 2646; x_wconf 90' lang='lat' dir='ltr'>consumerent,</span> <span class='ocrx_word' id='word_1_388' title='bbox 3271 2583 3446 2635; x_wconf 89' lang='lat' dir='ltr'>totam</span> <span class='ocrx_word' id='word_1_389' title='bbox 3486 2577 3696 2634; x_wconf 89' lang='lat' dir='ltr'>ditioni</span> <span class='ocrx_word' id='word_1_390' title='bbox 3736 2577 3904 2638; x_wconf 89' lang='lat' dir='ltr'>illius</span> 
     </span>
    </p>
   </div>
   <div class='ocr_carea' id='block_1_50' title="bbox 2186 2665 3900 2739">
    <p class='ocr_par' dir='ltr' id='par_1_50' title="bbox 2186 2665 3900 2739">
     <span class='ocr_line' id='line_1_50' title="bbox 2186 2665 3900 2739; baseline 0.001 -17"><span class='ocrx_word' id='word_1_391' title='bbox 2186 2665 2482 2723; x_wconf 87' lang='lat' dir='ltr'>Venetiam</span> <span class='ocrx_word' id='word_1_392' title='bbox 2534 2665 2865 2736; x_wconf 85' lang='lat' dir='ltr'>subderent,</span> <span class='ocrx_word' id='word_1_393' title='bbox 2914 2672 2989 2735; x_wconf 90' lang='lat' dir='ltr'>et,</span> <span class='ocrx_word' id='word_1_394' title='bbox 3035 2665 3220 2722; x_wconf 88' lang='lat' dir='ltr'>deleto</span> <span class='ocrx_word' id='word_1_395' title='bbox 3263 2665 3366 2722; x_wconf 93' lang='lat' dir='ltr'>illo</span> <span class='ocrx_word' id='word_1_396' title='bbox 3417 2680 3590 2739; x_wconf 91' lang='lat' dir='ltr'>quem</span> <span class='ocrx_word' id='word_1_397' title='bbox 3650 2681 3900 2724; x_wconf 82' lang='lat' dir='ltr'>exosum</span> 
     </span>
    </p>
   </div>
   <div class='ocr_carea' id='block_1_51' title="bbox 2185 2751 3904 2825">
    <p class='ocr_par' dir='ltr' id='par_1_51' title="bbox 2185 2751 3904 2825">
     <span class='ocr_line' id='line_1_51' title="bbox 2185 2751 3904 2825; baseline 0 -14"><span class='ocrx_word' id='word_1_398' title='bbox 2185 2752 2491 2822; x_wconf 88' lang='lat' dir='ltr'>habebant,</span> <span class='ocrx_word' id='word_1_399' title='bbox 2522 2751 2728 2810; x_wconf 91' lang='lat' dir='ltr'>ducem</span> <span class='ocrx_word' id='word_1_400' title='bbox 2777 2753 2933 2809; x_wconf 89' lang='lat' dir='ltr'>hunc</span> <span class='ocrx_word' id='word_1_401' title='bbox 2979 2751 3102 2810; x_wconf 88' lang='lat' dir='ltr'>loco</span> <span class='ocrx_word' id='word_1_402' title='bbox 3141 2751 3266 2824; x_wconf 87' lang='lat' dir='ltr'>ejus</span> <span class='ocrx_word' id='word_1_403' title='bbox 3313 2753 3581 2824; x_wconf 89' lang='lat' dir='ltr'>protinus</span> <span class='ocrx_word' id='word_1_404' title='bbox 3619 2752 3904 2825; x_wconf 66' lang='lat' dir='ltr'>subroga»</span> 
     </span>
    </p>
   </div>
   <div class='ocr_carea' id='block_1_52' title="bbox 2184 2839 3904 2913">
    <p class='ocr_par' dir='ltr' id='par_1_52' title="bbox 2184 2839 3904 2913">
     <span class='ocr_line' id='line_1_52' title="bbox 2184 2839 3904 2913; baseline 0.002 -16"><span class='ocrx_word' id='word_1_405' title='bbox 2184 2847 2329 2898; x_wconf 88' lang='lat' dir='ltr'>rent.</span> <span class='ocrx_word' id='word_1_406' title='bbox 2357 2840 2480 2897; x_wconf 90' lang='lat' dir='ltr'>Hoc</span> <span class='ocrx_word' id='word_1_407' title='bbox 2524 2839 2700 2911; x_wconf 89' lang='lat' dir='ltr'>igitur</span> <span class='ocrx_word' id='word_1_408' title='bbox 2750 2840 2917 2897; x_wconf 89' lang='lat' dir='ltr'>modo</span> <span class='ocrx_word' id='word_1_409' title='bbox 2963 2840 3162 2897; x_wconf 90' lang='lat' dir='ltr'>Petrus</span> <span class='ocrx_word' id='word_1_410' title='bbox 3201 2839 3502 2897; x_wconf 91' lang='lat' dir='ltr'>Dalmatici</span> <span class='ocrx_word' id='word_1_411' title='bbox 3557 2843 3718 2913; x_wconf 85' lang='lat' dir='ltr'>regni</span> <span class='ocrx_word' id='word_1_412' title='bbox 3765 2845 3904 2901; x_wconf 92' lang='lat' dir='ltr'>ade-</span> 
     </span>
    </p>
   </div>
   <div class='ocr_carea' id='block_1_53' title="bbox 2186 2926 3904 3001">
    <p class='ocr_par' dir='ltr' id='par_1_53' title="bbox 2186 2926 3904 3001">
     <span class='ocr_line' id='line_1_53' title="bbox 2186 2926 3904 3001; baseline 0.003 -16"><span class='ocrx_word' id='word_1_413' title='bbox 2186 2936 2316 3001; x_wconf 89' lang='lat' dir='ltr'>ptus</span> <span class='ocrx_word' id='word_1_414' title='bbox 2365 2934 2449 2984; x_wconf 88' lang='lat' dir='ltr'>est</span> <span class='ocrx_word' id='word_1_415' title='bbox 2504 2926 2912 2999; x_wconf 91' lang='lat' dir='ltr'>principatum,</span> <span class='ocrx_word' id='word_1_416' title='bbox 2967 2929 3072 3001; x_wconf 91' lang='lat' dir='ltr'>qui</span> <span class='ocrx_word' id='word_1_417' title='bbox 3118 2928 3505 3001; x_wconf 85' lang='lat' dir='ltr'>postmodum,</span> <span class='ocrx_word' id='word_1_418' title='bbox 3562 2930 3904 2990; x_wconf 90' lang='lat' dir='ltr'>ambitionis</span> 
     </span>
    </p>
   </div>
   <div class='ocr_carea' id='block_1_54' title="bbox 2185 3016 3904 3093">
    <p class='ocr_par' dir='ltr' id='par_1_54' title="bbox 2185 3016 3904 3093">
     <span class='ocr_line' id='line_1_54' title="bbox 2185 3016 3904 3093; baseline 0.004 -20"><span class='ocrx_word' id='word_1_419' title='bbox 2185 3033 2307 3075; x_wconf 60' lang='lat' dir='ltr'>suae</span> <span class='ocrx_word' id='word_1_420' title='bbox 2347 3018 2468 3090; x_wconf 91' lang='lat' dir='ltr'>jam</span> <span class='ocrx_word' id='word_1_421' title='bbox 2516 3016 2806 3090; x_wconf 90' lang='lat' dir='ltr'>voluptate</span> <span class='ocrx_word' id='word_1_422' title='bbox 2854 3018 3089 3091; x_wconf 89' lang='lat' dir='ltr'>potitus,</span> <span class='ocrx_word' id='word_1_423' title='bbox 3123 3027 3380 3091; x_wconf 91' lang='lat' dir='ltr'>respectu</span> <span class='ocrx_word' id='word_1_424' title='bbox 3427 3019 3650 3079; x_wconf 69' lang='lat' dir='ltr'>divinas</span> <span class='ocrx_word' id='word_1_425' title='bbox 3699 3023 3904 3093; x_wconf 61' lang='lat' dir='ltr'>gratiae</span> 
     </span>
    </p>
   </div>
   <div class='ocr_carea' id='block_1_55' title="bbox 2183 3105 3160 3180">
    <p class='ocr_par' dir='ltr' id='par_1_55' title="bbox 2183 3105 3160 3180">
     <span class='ocr_line' id='line_1_55' title="bbox 2183 3105 3160 3180; baseline 0.004 -19"><span class='ocrx_word' id='word_1_426' title='bbox 2183 3105 2418 3164; x_wconf 91' lang='lat' dir='ltr'>demum</span> <span class='ocrx_word' id='word_1_427' title='bbox 2458 3106 2627 3164; x_wconf 91' lang='lat' dir='ltr'>corde</span> <span class='ocrx_word' id='word_1_428' title='bbox 2655 3113 3035 3180; x_wconf 91' lang='lat' dir='ltr'>compunctus</span> <span class='ocrx_word' id='word_1_429' title='bbox 3055 3115 3160 3165; x_wconf 91' lang='lat' dir='ltr'>est.</span> 
     </span>
    </p>
   </div>
   <div class='ocr_carea' id='block_1_56' title="bbox 393 3159 2104 3284">
    <p class='ocr_par' dir='ltr' id='par_1_56' title="bbox 393 3212 2100 3284">
     <span class='ocr_line' id='line_1_56' title="bbox 393 3212 2100 3284; baseline 0 -18"><span class='ocrx_word' id='word_1_430' title='bbox 393 3212 640 3278; x_wconf 73' lang='lat' dir='ltr'>Qualiter</span> <span class='ocrx_word' id='word_1_431' title='bbox 687 3215 878 3268; x_wconf 84' lang='lat' dir='ltr'>Petrus</span> <span class='ocrx_word' id='word_1_432' title='bbox 939 3214 1187 3269; x_wconf 86' lang='lat' dir='ltr'>Urseolus</span> <span class='ocrx_word' id='word_1_433' title='bbox 1241 3218 1322 3268; x_wconf 84' lang='lat' dir='ltr'>est</span> <span class='ocrx_word' id='word_1_434' title='bbox 1371 3215 1550 3284; x_wconf 87' lang='lat' dir='ltr'>primo</span> <span class='ocrx_word' id='word_1_435' title='bbox 1603 3213 1720 3267; x_wconf 79' lang='lat' dir='ltr'>dua:</span> <span class='ocrx_word' id='word_1_436' title='bbox 1783 3215 1987 3280; x_wconf 82' lang='lat' dir='ltr'>factus,</span> <span class='ocrx_word' id='word_1_437' title='bbox 2049 3217 2100 3267; x_wconf 86' lang='lat' dir='ltr'>et</span> 
     </span>
    </p>
   </div>
   <div class='ocr_carea' id='block_1_57' title="bbox 2214 3159 3903 3284">
    <p class='ocr_par' dir='ltr' id='par_1_57' title="bbox 2214 3159 3903 3272">
     <span class='ocr_line' id='line_1_57' title="bbox 2214 3159 3903 3272; baseline 0.004 -20"><span class='ocrx_word' id='word_1_438' title='bbox 2214 3159 3368 3268; x_wconf 47' lang='lat' dir='ltr'>‘asasiussissetisabbas,</span> <span class='ocrx_word' id='word_1_439' title='bbox 3410 3196 3706 3258; x_wconf 75' lang='lat' dir='ltr'>Guarinus</span> <span class='ocrx_word' id='word_1_440' title='bbox 3759 3201 3903 3272; x_wconf 68' lang='lat' dir='ltr'>i195)</span> 
     </span>
    </p>
   </div>
   <div class='ocr_carea' id='block_1_58' title="bbox 850 3285 1636 3355">
    <p class='ocr_par' dir='ltr' id='par_1_58' title="bbox 850 3285 1636 3355">
     <span class='ocr_line' id='line_1_58' title="bbox 850 3285 1636 3355; baseline 0.001 -16"><span class='ocrx_word' id='word_1_441' title='bbox 850 3285 1196 3355; x_wconf 85' lang='lat' dir='ltr'>postmodum</span> <span class='ocrx_word' id='word_1_442' title='bbox 1220 3287 1295 3340; x_wconf 87' lang='lat' dir='ltr'>sit</span> <span class='ocrx_word' id='word_1_443' title='bbox 1331 3300 1636 3340; x_wconf 83' lang='lat' dir='ltr'>conversus.</span> 
     </span>
    </p>
   </div>
   <div class='ocr_carea' id='block_1_59' title="bbox 470 3369 2104 3446">
    <p class='ocr_par' dir='ltr' id='par_1_59' title="bbox 470 3369 2104 3446">
     <span class='ocr_line' id='line_1_59' title="bbox 470 3369 2104 3446; baseline 0 -18"><span class='ocrx_word' id='word_1_444' title='bbox 470 3369 684 3430; x_wconf 90' lang='lat' dir='ltr'>Eodem</span> <span class='ocrx_word' id='word_1_445' title='bbox 715 3387 851 3430; x_wconf 89' lang='lat' dir='ltr'>vero</span> <span class='ocrx_word' id='word_1_446' title='bbox 883 3379 1133 3445; x_wconf 90' lang='lat' dir='ltr'>tempore</span> <span class='ocrx_word' id='word_1_447' title='bbox 1163 3371 1366 3430; x_wconf 92' lang='lat' dir='ltr'>Petrus</span> <span class='ocrx_word' id='word_1_448' title='bbox 1405 3371 1575 3442; x_wconf 90' lang='lat' dir='ltr'>(I90),</span> <span class='ocrx_word' id='word_1_449' title='bbox 1611 3373 1955 3446; x_wconf 87' lang='lat' dir='ltr'>cognomine</span> <span class='ocrx_word' id='word_1_450' title='bbox 1995 3369 2104 3429; x_wconf 91' lang='lat' dir='ltr'>Ur-</span> 
     </span>
    </p>
   </div>
   <div class='ocr_carea' id='block_1_60' title="bbox 397 3461 2101 3537">
    <p class='ocr_par' dir='ltr' id='par_1_60' title="bbox 397 3461 2101 3537">
     <span class='ocr_line' id='line_1_60' title="bbox 397 3461 2101 3537; baseline 0.002 -19"><span class='ocrx_word' id='word_1_451' title='bbox 397 3461 609 3531; x_wconf 92' lang='lat' dir='ltr'>seolus,</span> <span class='ocrx_word' id='word_1_452' title='bbox 648 3461 948 3520; x_wconf 89' lang='lat' dir='ltr'>Dalmatici</span> <span class='ocrx_word' id='word_1_453' title='bbox 983 3463 1223 3522; x_wconf 90' lang='lat' dir='ltr'>ducatus</span> <span class='ocrx_word' id='word_1_454' title='bbox 1255 3464 1393 3534; x_wconf 87' lang='grc'>(191)</span> <span class='ocrx_word' id='word_1_455' title='bbox 1433 3463 1789 3537; x_wconf 89' lang='lat' dir='ltr'>gubernabat</span> <span class='ocrx_word' id='word_1_456' title='bbox 1826 3463 2101 3522; x_wconf 84' lang='lat' dir='ltr'>habenas.</span> 
     </span>
    </p>
   </div>
   <div class='ocr_carea' id='block_1_61' title="bbox 398 3547 2106 3626">
    <p class='ocr_par' dir='ltr' id='par_1_61' title="bbox 398 3547 2106 3626">
     <span class='ocr_line' id='line_1_61' title="bbox 398 3547 2106 3626; baseline 0.001 -17"><span class='ocrx_word' id='word_1_457' title='bbox 398 3547 508 3620; x_wconf 92' lang='lat' dir='ltr'>Qui</span> <span class='ocrx_word' id='word_1_458' title='bbox 536 3551 799 3610; x_wconf 90' lang='lat' dir='ltr'>videlicet</span> <span class='ocrx_word' id='word_1_459' title='bbox 821 3551 894 3610; x_wconf 91' lang='lat' dir='ltr'>ad</span> <span class='ocrx_word' id='word_1_460' title='bbox 921 3553 1097 3626; x_wconf 91' lang='lat' dir='ltr'>hujus</span> <span class='ocrx_word' id='word_1_461' title='bbox 1138 3553 1435 3626; x_wconf 90' lang='lat' dir='ltr'>fastigium</span> <span class='ocrx_word' id='word_1_462' title='bbox 1468 3552 1764 3625; x_wconf 89' lang='lat' dir='ltr'>dignitatis</span> <span class='ocrx_word' id='word_1_463' title='bbox 1798 3552 2106 3612; x_wconf 85' lang='lat' dir='ltr'>ascendere</span> 
     </span>
    </p>
   </div>
   <div class='ocr_carea' id='block_1_62' title="bbox 453 3693 2099 3762">
    <p class='ocr_par' dir='ltr' id='par_1_62' title="bbox 453 3693 2099 3762">
     <span class='ocr_line' id='line_1_62' title="bbox 453 3693 2099 3762; baseline 0 -16"><span class='ocrx_word' id='word_1_464' title='bbox 453 3693 590 3762; x_wconf 87' lang='lat' dir='ltr'>(I88)</span> <span class='ocrx_word' id='word_1_465' title='bbox 628 3695 700 3748; x_wconf 89' lang='lat' dir='ltr'>De</span> <span class='ocrx_word' id='word_1_466' title='bbox 738 3695 950 3758; x_wconf 82' lang='lat' dir='ltr'>integro</span> <span class='ocrx_word' id='word_1_467' title='bbox 991 3695 1248 3757; x_wconf 86' lang='lat' dir='ltr'>psalterio</span> <span class='ocrx_word' id='word_1_468' title='bbox 1295 3696 1360 3746; x_wconf 78' lang='lat' dir='ltr'>ab</span> <span class='ocrx_word' id='word_1_469' title='bbox 1397 3697 1636 3748; x_wconf 90' lang='lat' dir='ltr'>eremitis</span> <span class='ocrx_word' id='word_1_470' title='bbox 1686 3697 1930 3756; x_wconf 80' lang='lat' dir='ltr'>privatim</span> <span class='ocrx_word' id='word_1_471' title='bbox 1969 3698 2099 3748; x_wconf 88' lang='lat' dir='ltr'>reci-</span> 
     </span>
    </p>
   </div>
   <div class='ocr_carea' id='block_1_63' title="bbox 395 3766 2092 3831">
    <p class='ocr_par' dir='ltr' id='par_1_63' title="bbox 395 3766 2092 3831">
     <span class='ocr_line' id='line_1_63' title="bbox 395 3766 2092 3831; baseline 0.001 -13"><span class='ocrx_word' id='word_1_472' title='bbox 395 3769 558 3820; x_wconf 76' lang='lat' dir='ltr'>tando</span> <span class='ocrx_word' id='word_1_473' title='bbox 583 3769 703 3820; x_wconf 73' lang='lat' dir='ltr'>vide</span> <span class='ocrx_word' id='word_1_474' title='bbox 737 3768 868 3819; x_wconf 84' lang='lat' dir='ltr'>Petr.</span> <span class='ocrx_word' id='word_1_475' title='bbox 899 3767 1040 3817; x_wconf 89' lang='lat' dir='ltr'>Dam.</span> <span class='ocrx_word' id='word_1_476' title='bbox 1073 3779 1264 3829; x_wconf 90' lang='lat' dir='ltr'>opusc.</span> <span class='ocrx_word' id='word_1_477' title='bbox 1295 3779 1395 3828; x_wconf 82' lang='lat' dir='ltr'>xv,</span> <span class='ocrx_word' id='word_1_478' title='bbox 1418 3779 1536 3831; x_wconf 85' lang='lat' dir='ltr'>cap.</span> <span class='ocrx_word' id='word_1_479' title='bbox 1564 3769 1643 3828; x_wconf 87' lang='grc'>18,</span> <span class='ocrx_word' id='word_1_480' title='bbox 1666 3771 1720 3819; x_wconf 92' lang='lat' dir='ltr'>et</span> <span class='ocrx_word' id='word_1_481' title='bbox 1747 3767 1936 3819; x_wconf 90' lang='lat' dir='ltr'>Bedam</span> <span class='ocrx_word' id='word_1_482' title='bbox 1959 3766 2092 3820; x_wconf 79' lang='lat' dir='ltr'>Hist.</span> 
     </span>
    </p>
   </div>
   <div class='ocr_carea' id='block_1_64' title="bbox 399 3837 1355 3901">
    <p class='ocr_par' dir='ltr' id='par_1_64' title="bbox 399 3837 1355 3901">
     <span class='ocr_line' id='line_1_64' title="bbox 399 3837 1355 3901; baseline 0.002 -13"><span class='ocrx_word' id='word_1_483' title='bbox 399 3837 552 3898; x_wconf 76' lang='lat' dir='ltr'>Angl.</span> <span class='ocrx_word' id='word_1_484' title='bbox 580 3839 668 3891; x_wconf 87' lang='lat' dir='ltr'>lib.</span> <span class='ocrx_word' id='word_1_485' title='bbox 696 3851 781 3898; x_wconf 79' lang='lat' dir='ltr'>in,</span> <span class='ocrx_word' id='word_1_486' title='bbox 803 3851 850 3889; x_wconf 94' lang='lat' dir='ltr'>c.</span> <span class='ocrx_word' id='word_1_487' title='bbox 874 3838 954 3899; x_wconf 83' lang='lat'>27,</span> <span class='ocrx_word' id='word_1_488' title='bbox 981 3838 1048 3890; x_wconf 89' lang='lat' dir='ltr'>de</span> <span class='ocrx_word' id='word_1_489' title='bbox 1070 3837 1355 3901; x_wconf 82' lang='lat' dir='ltr'>Egeberto.</span> 
     </span>
    </p>
   </div>
   <div class='ocr_carea' id='block_1_65' title="bbox 461 3907 2097 3974">
    <p class='ocr_par' dir='ltr' id='par_1_65' title="bbox 461 3907 2097 3974">
     <span class='ocr_line' id='line_1_65' title="bbox 461 3907 2097 3974; baseline 0.001 -16"><span class='ocrx_word' id='word_1_490' title='bbox 461 3907 595 3972; x_wconf 88' lang='grc'>(189)</span> <span class='ocrx_word' id='word_1_491' title='bbox 639 3910 934 3974; x_wconf 84' lang='lat' dir='ltr'>Singularis</span> <span class='ocrx_word' id='word_1_492' title='bbox 993 3913 1130 3969; x_wconf 82' lang='lat' dir='ltr'>vitae,</span> <span class='ocrx_word' id='word_1_493' title='bbox 1197 3908 1251 3960; x_wconf 92' lang='lat' dir='ltr'>id</span> <span class='ocrx_word' id='word_1_494' title='bbox 1321 3914 1406 3960; x_wconf 87' lang='lat' dir='ltr'>est</span> <span class='ocrx_word' id='word_1_495' title='bbox 1474 3908 1787 3970; x_wconf 81' lang='lat' dir='ltr'>eremitlcae,</span> <span class='ocrx_word' id='word_1_496' title='bbox 1855 3911 1910 3958; x_wconf 89' lang='lat' dir='ltr'>ut</span> <span class='ocrx_word' id='word_1_497' title='bbox 1979 3921 2097 3973; x_wconf 88' lang='lat' dir='ltr'>cap.</span> 
     </span>
    </p>
   </div>
   <div class='ocr_carea' id='block_1_66' title="bbox 400 3981 674 4041">
    <p class='ocr_par' dir='ltr' id='par_1_66' title="bbox 400 3981 674 4041">
     <span class='ocr_line' id='line_1_66' title="bbox 400 3981 674 4041; baseline 0.004 -11"><span class='ocrx_word' id='word_1_498' title='bbox 400 3991 515 4041; x_wconf 87' lang='lat' dir='ltr'>seq.</span> <span class='ocrx_word' id='word_1_499' title='bbox 549 3991 602 4028; x_wconf 78' lang='lat' dir='ltr'>et</span> <span class='ocrx_word' id='word_1_500' title='bbox 628 3981 674 4030; x_wconf 89' lang='lat'>9.</span> 
     </span>
    </p>
   </div>
   <div class='ocr_carea' id='block_1_67' title="bbox 465 4051 2099 4113">
    <p class='ocr_par' dir='ltr' id='par_1_67' title="bbox 465 4051 2099 4113">
     <span class='ocr_line' id='line_1_67' title="bbox 465 4051 2099 4113; baseline -0.001 -11"><span class='ocrx_word' id='word_1_501' title='bbox 465 4051 596 4111; x_wconf 78' lang='grc'>(1901</span> <span class='ocrx_word' id='word_1_502' title='bbox 631 4051 726 4104; x_wconf 85' lang='lat' dir='ltr'>Hic</span> <span class='ocrx_word' id='word_1_503' title='bbox 756 4051 960 4111; x_wconf 77' lang='lat' dir='ltr'>Petrus,</span> <span class='ocrx_word' id='word_1_504' title='bbox 996 4064 1062 4104; x_wconf 80' lang='lat' dir='ltr'>ex</span> <span class='ocrx_word' id='word_1_505' title='bbox 1101 4051 1439 4113; x_wconf 86' lang='lat' dir='ltr'>Participatia</span> <span class='ocrx_word' id='word_1_506' title='bbox 1468 4051 1844 4113; x_wconf 85' lang='lat' dir='ltr'>antiquissima</span> <span class='ocrx_word' id='word_1_507' title='bbox 1879 4051 2099 4112; x_wconf 79' lang='lat' dir='ltr'>familia,</span> 
     </span>
    </p>
   </div>
   <div class='ocr_carea' id='block_1_68' title="bbox 402 4121 2104 4186">
    <p class='ocr_par' dir='ltr' id='par_1_68' title="bbox 402 4121 2104 4186">
     <span class='ocr_line' id='line_1_68' title="bbox 402 4121 2104 4186; baseline -0.002 -11"><span class='ocrx_word' id='word_1_508' title='bbox 402 4125 886 4186; x_wconf 82' lang='lat' dir='ltr'>cognominabatur</span> <span class='ocrx_word' id='word_1_509' title='bbox 926 4121 1186 4183; x_wconf 78' lang='lat' dir='ltr'>Urseolus,</span> <span class='ocrx_word' id='word_1_510' title='bbox 1237 4123 1324 4174; x_wconf 89' lang='lat' dir='ltr'>vel</span> <span class='ocrx_word' id='word_1_511' title='bbox 1377 4128 1428 4174; x_wconf 88' lang='lat' dir='ltr'>et</span> <span class='ocrx_word' id='word_1_512' title='bbox 1473 4121 1723 4178; x_wconf 86' lang='lat' dir='ltr'>Ursiolus.</span> <span class='ocrx_word' id='word_1_513' title='bbox 1769 4127 1826 4174; x_wconf 90' lang='lat' dir='ltr'>ut</span> <span class='ocrx_word' id='word_1_514' title='bbox 1868 4124 1923 4173; x_wconf 93' lang='lat' dir='ltr'>in</span> <span class='ocrx_word' id='word_1_515' title='bbox 1971 4122 2104 4172; x_wconf 87' lang='lat' dir='ltr'>Vati-</span> 
     </span>
    </p>
   </div>
   <div class='ocr_carea' id='block_1_69' title="bbox 402 4192 2106 4257">
    <p class='ocr_par' dir='ltr' id='par_1_69' title="bbox 402 4192 2106 4257">
     <span class='ocr_line' id='line_1_69' title="bbox 402 4192 2106 4257; baseline -0.001 -11"><span class='ocrx_word' id='word_1_516' title='bbox 402 4205 540 4246; x_wconf 85' lang='lat' dir='ltr'>cano</span> <span class='ocrx_word' id='word_1_517' title='bbox 582 4197 789 4256; x_wconf 82' lang='lat' dir='ltr'>codice,</span> <span class='ocrx_word' id='word_1_518' title='bbox 825 4201 879 4246; x_wconf 89' lang='lat' dir='ltr'>et</span> <span class='ocrx_word' id='word_1_519' title='bbox 915 4195 1063 4254; x_wconf 88' lang='lat' dir='ltr'>alibi,</span> <span class='ocrx_word' id='word_1_520' title='bbox 1097 4209 1192 4257; x_wconf 86' lang='lat' dir='ltr'>pro</span> <span class='ocrx_word' id='word_1_521' title='bbox 1237 4193 1457 4246; x_wconf 86' lang='lat' dir='ltr'>Ursione</span> <span class='ocrx_word' id='word_1_522' title='bbox 1513 4199 1566 4244; x_wconf 92' lang='lat' dir='ltr'>et</span> <span class='ocrx_word' id='word_1_523' title='bbox 1603 4192 1820 4252; x_wconf 84' lang='lat' dir='ltr'>Ursone,</span> <span class='ocrx_word' id='word_1_524' title='bbox 1864 4195 1938 4244; x_wconf 77' lang='lat' dir='ltr'>uti</span> <span class='ocrx_word' id='word_1_525' title='bbox 1973 4193 2106 4245; x_wconf 90' lang='lat' dir='ltr'><strong>mul-</strong></span> 
     </span>
    </p>
   </div>
   <div class='ocr_carea' id='block_1_70' title="bbox 404 4263 2104 4328">
    <p class='ocr_par' dir='ltr' id='par_1_70' title="bbox 404 4263 2104 4328">
     <span class='ocr_line' id='line_1_70' title="bbox 404 4263 2104 4328; baseline 0 -13"><span class='ocrx_word' id='word_1_526' title='bbox 404 4267 474 4318; x_wconf 88' lang='lat' dir='ltr'>tis</span> <span class='ocrx_word' id='word_1_527' title='bbox 523 4266 576 4314; x_wconf 90' lang='lat' dir='ltr'>in</span> <span class='ocrx_word' id='word_1_528' title='bbox 621 4264 757 4316; x_wconf 79' lang='lat' dir='ltr'>locis</span> <span class='ocrx_word' id='word_1_529' title='bbox 819 4267 985 4318; x_wconf 88' lang='lat' dir='ltr'>etiam</span> <span class='ocrx_word' id='word_1_530' title='bbox 1033 4265 1356 4328; x_wconf 88' lang='lat' dir='ltr'>appellatur.</span> <span class='ocrx_word' id='word_1_531' title='bbox 1416 4265 1745 4326; x_wconf 83' lang='lat' dir='ltr'>Partlcipatia</span> <span class='ocrx_word' id='word_1_532' title='bbox 1797 4270 1852 4316; x_wconf 94' lang='lat' dir='ltr'>et</span> <span class='ocrx_word' id='word_1_533' title='bbox 1899 4263 2104 4315; x_wconf 87' lang='lat' dir='ltr'>Ursona</span> 
     </span>
    </p>
   </div>
   <div class='ocr_carea' id='block_1_71' title="bbox 403 4331 2100 4397">
    <p class='ocr_par' dir='ltr' id='par_1_71' title="bbox 403 4331 2100 4397">
     <span class='ocr_line' id='line_1_71' title="bbox 403 4331 2100 4397; baseline -0.001 -11"><span class='ocrx_word' id='word_1_534' title='bbox 403 4335 595 4387; x_wconf 89' lang='lat' dir='ltr'>eadem</span> <span class='ocrx_word' id='word_1_535' title='bbox 637 4347 774 4397; x_wconf 86' lang='lat' dir='ltr'>gens</span> <span class='ocrx_word' id='word_1_536' title='bbox 823 4347 891 4387; x_wconf 86' lang='lat' dir='ltr'>ex</span> <span class='ocrx_word' id='word_1_537' title='bbox 955 4334 1058 4386; x_wconf 89' lang='lat' dir='ltr'>hoc</span> <span class='ocrx_word' id='word_1_538' title='bbox 1122 4336 1268 4387; x_wconf 87' lang='lat' dir='ltr'>Petro</span> <span class='ocrx_word' id='word_1_539' title='bbox 1326 4340 1445 4385; x_wconf 89' lang='lat' dir='ltr'>viro</span> <span class='ocrx_word' id='word_1_540' title='bbox 1508 4336 1848 4386; x_wconf 88' lang='lat' dir='ltr'>sanctissimo</span> <span class='ocrx_word' id='word_1_541' title='bbox 1919 4331 2100 4386; x_wconf 84' lang='lat' dir='ltr'>Urseo-</span> 
     </span>
    </p>
   </div>
   <div class='ocr_carea' id='block_1_72' title="bbox 403 4404 2103 4471">
    <p class='ocr_par' dir='ltr' id='par_1_72' title="bbox 403 4404 2103 4471">
     <span class='ocr_line' id='line_1_72' title="bbox 403 4404 2103 4471; baseline 0.001 -16"><span class='ocrx_word' id='word_1_542' title='bbox 403 4405 516 4457; x_wconf 86' lang='lat' dir='ltr'>tam</span> <span class='ocrx_word' id='word_1_543' title='bbox 578 4404 802 4459; x_wconf 80' lang='lat' dir='ltr'>alteram</span> <span class='ocrx_word' id='word_1_544' title='bbox 861 4405 1120 4459; x_wconf 81' lang='lat' dir='ltr'>familiam</span> <span class='ocrx_word' id='word_1_545' title='bbox 1199 4407 1546 4470; x_wconf 83' lang='lat' dir='ltr'>pmpagavit;</span> <span class='ocrx_word' id='word_1_546' title='bbox 1621 4419 1688 4458; x_wconf 91' lang='lat' dir='ltr'>eo</span> <span class='ocrx_word' id='word_1_547' title='bbox 1759 4406 1919 4458; x_wconf 89' lang='lat' dir='ltr'>modo</span> <span class='ocrx_word' id='word_1_548' title='bbox 1996 4418 2103 4471; x_wconf 93' lang='lat' dir='ltr'><strong>quo</strong></span> 
     </span>
    </p>
   </div>
   <div class='ocr_carea' id='block_1_73' title="bbox 2188 3284 3899 3361">
    <p class='ocr_par' dir='ltr' id='par_1_73' title="bbox 2188 3284 3899 3361">
     <span class='ocr_line' id='line_1_73' title="bbox 2188 3284 3899 3361; baseline 0.003 -19"><span class='ocrx_word' id='word_1_549' title='bbox 2188 3284 2444 3355; x_wconf 90' lang='lat' dir='ltr'>nomine,</span> <span class='ocrx_word' id='word_1_550' title='bbox 2472 3300 2545 3342; x_wconf 84' lang='lat' dir='ltr'>ex</span> <span class='ocrx_word' id='word_1_551' title='bbox 2578 3285 2865 3343; x_wconf 88' lang='lat' dir='ltr'>ulterioris</span> <span class='ocrx_word' id='word_1_552' title='bbox 2903 3284 3108 3344; x_wconf 67' lang='lat' dir='ltr'>Galliae</span> <span class='ocrx_word' id='word_1_553' title='bbox 3147 3284 3368 3344; x_wconf 85' lang='lat' dir='ltr'>ﬁnibus</span> <span class='ocrx_word' id='word_1_554' title='bbox 3400 3289 3678 3346; x_wconf 90' lang='lat' dir='ltr'>orationis</span> <span class='ocrx_word' id='word_1_555' title='bbox 3715 3291 3899 3361; x_wconf 89' lang='lat' dir='ltr'>gratia</span> 
     </span>
    </p>
   </div>
   <div class='ocr_carea' id='block_1_74' title="bbox 2186 3373 3902 3450">
    <p class='ocr_par' dir='ltr' id='par_1_74' title="bbox 2186 3373 3902 3450">
     <span class='ocr_line' id='line_1_74' title="bbox 2186 3373 3902 3450; baseline 0.002 -19"><span class='ocrx_word' id='word_1_556' title='bbox 2186 3388 2289 3446; x_wconf 91' lang='lat' dir='ltr'>per</span> <span class='ocrx_word' id='word_1_557' title='bbox 2345 3373 2603 3432; x_wconf 89' lang='lat' dir='ltr'>diversas</span> <span class='ocrx_word' id='word_1_558' title='bbox 2669 3374 2875 3432; x_wconf 93' lang='lat' dir='ltr'>mundi</span> <span class='ocrx_word' id='word_1_559' title='bbox 2944 3376 3203 3447; x_wconf 90' lang='lat' dir='ltr'>regiones</span> <span class='ocrx_word' id='word_1_560' title='bbox 3274 3377 3626 3450; x_wconf 89' lang='lat' dir='ltr'>peregrinari</span> <span class='ocrx_word' id='word_1_561' title='bbox 3693 3380 3902 3438; x_wconf 85' lang='lat' dir='ltr'>solitus</span> 
     </span>
    </p>
   </div>
   <div class='ocr_carea' id='block_1_75' title="bbox 2186 3463 3905 3540">
    <p class='ocr_par' dir='ltr' id='par_1_75' title="bbox 2186 3463 3905 3540">
     <span class='ocr_line' id='line_1_75' title="bbox 2186 3463 3905 3540; baseline 0.002 -21"><span class='ocrx_word' id='word_1_562' title='bbox 2186 3470 2324 3520; x_wconf 89' lang='lat' dir='ltr'>erat.</span> <span class='ocrx_word' id='word_1_563' title='bbox 2368 3463 2476 3521; x_wconf 90' lang='lat' dir='ltr'>Hic</span> <span class='ocrx_word' id='word_1_564' title='bbox 2509 3477 2744 3537; x_wconf 92' lang='lat' dir='ltr'>quoque</span> <span class='ocrx_word' id='word_1_565' title='bbox 2767 3464 2834 3520; x_wconf 89' lang='lat' dir='ltr'>ad</span> <span class='ocrx_word' id='word_1_566' title='bbox 2868 3463 3076 3522; x_wconf 92' lang='lat' dir='ltr'>ducem</span> <span class='ocrx_word' id='word_1_567' title='bbox 3115 3464 3377 3534; x_wconf 87' lang='lat' dir='ltr'>veniens,</span> <span class='ocrx_word' id='word_1_568' title='bbox 3415 3465 3486 3523; x_wconf 92' lang='lat' dir='ltr'>ab</span> <span class='ocrx_word' id='word_1_569' title='bbox 3525 3482 3592 3524; x_wconf 93' lang='lat' dir='ltr'>eo</span> <span class='ocrx_word' id='word_1_570' title='bbox 3640 3467 3905 3540; x_wconf 85' lang='lat' dir='ltr'>protinus</span> 
     </span>
    </p>
   </div>
   <div class='ocr_carea' id='block_1_76' title="bbox 2189 3550 3905 3626">
    <p class='ocr_par' dir='ltr' id='par_1_76' title="bbox 2189 3550 3905 3626">
     <span class='ocr_line' id='line_1_76' title="bbox 2189 3550 3905 3626; baseline 0.002 -18"><span class='ocrx_word' id='word_1_571' title='bbox 2189 3557 2252 3608; x_wconf 90' lang='lat' dir='ltr'>ut</span> <span class='ocrx_word' id='word_1_572' title='bbox 2281 3550 2392 3609; x_wconf 90' lang='lat' dir='ltr'>sibi</span> <span class='ocrx_word' id='word_1_573' title='bbox 2427 3550 2499 3608; x_wconf 92' lang='lat' dir='ltr'>ad</span> <span class='ocrx_word' id='word_1_574' title='bbox 2537 3551 2904 3609; x_wconf 88' lang='lat' dir='ltr'>evadendum</span> <span class='ocrx_word' id='word_1_575' title='bbox 2947 3551 3091 3611; x_wconf 89' lang='lat' dir='ltr'>tanti</span> <span class='ocrx_word' id='word_1_576' title='bbox 3145 3559 3339 3611; x_wconf 90' lang='lat' dir='ltr'>reatus</span> <span class='ocrx_word' id='word_1_577' title='bbox 3389 3553 3714 3626; x_wconf 92' lang='lat' dir='ltr'>periculum</span> <span class='ocrx_word' id='word_1_578' title='bbox 3761 3571 3905 3614; x_wconf 92' lang='lat' dir='ltr'>con-</span> 
     </span>
    </p>
   </div>
   <div class='ocr_carea' id='block_1_77' title="bbox 2197 3693 3906 3757">
    <p class='ocr_par' dir='ltr' id='par_1_77' title="bbox 2197 3693 3906 3757">
     <span class='ocr_line' id='line_1_77' title="bbox 2197 3693 3906 3757; baseline 0.003 -14"><span class='ocrx_word' id='word_1_579' title='bbox 2197 3693 2293 3744; x_wconf 85' lang='lat' dir='ltr'>dat</span> <span class='ocrx_word' id='word_1_580' title='bbox 2323 3693 2482 3743; x_wconf 85' lang='lat' dir='ltr'>series</span> <span class='ocrx_word' id='word_1_581' title='bbox 2522 3697 2570 3745; x_wconf 86' lang='lat' dir='ltr'>et</span> <span class='ocrx_word' id='word_1_582' title='bbox 2597 3693 2728 3744; x_wconf 84' lang='lat' dir='ltr'>ordo</span> <span class='ocrx_word' id='word_1_583' title='bbox 2759 3697 3046 3757; x_wconf 84' lang='lat' dir='ltr'>gestorum.</span> <span class='ocrx_word' id='word_1_584' title='bbox 3075 3693 3247 3746; x_wconf 87' lang='lat' dir='ltr'>Potest</span> <span class='ocrx_word' id='word_1_585' title='bbox 3281 3695 3441 3746; x_wconf 86' lang='lat' dir='ltr'>etiam</span> <span class='ocrx_word' id='word_1_586' title='bbox 3472 3708 3629 3748; x_wconf 90' lang='lat' dir='ltr'>error</span> <span class='ocrx_word' id='word_1_587' title='bbox 3656 3696 3745 3748; x_wconf 89' lang='lat' dir='ltr'>hic</span> <span class='ocrx_word' id='word_1_588' title='bbox 3779 3709 3906 3749; x_wconf 87' lang='lat' dir='ltr'>esse</span> 
     </span>
    </p>
   </div>
   <div class='ocr_carea' id='block_1_78' title="bbox 2199 3765 2631 3816">
    <p class='ocr_par' dir='ltr' id='par_1_78' title="bbox 2199 3765 2631 3816">
     <span class='ocr_line' id='line_1_78' title="bbox 2199 3765 2631 3816; baseline -0.005 -2"><span class='ocrx_word' id='word_1_589' title='bbox 2199 3765 2631 3816; x_wconf 87' lang='lat' dir='ltr'>amanuensium.</span> 
     </span>
    </p>
   </div>
   <div class='ocr_carea' id='block_1_79' title="bbox 2263 3833 3907 3901">
    <p class='ocr_par' dir='ltr' id='par_1_79' title="bbox 2263 3833 3907 3901">
     <span class='ocr_line' id='line_1_79' title="bbox 2263 3833 3907 3901; baseline 0.002 -18"><span class='ocrx_word' id='word_1_590' title='bbox 2263 3833 2398 3898; x_wconf 88' lang='grc'>(193)</span> <span class='ocrx_word' id='word_1_591' title='bbox 2439 3834 2534 3886; x_wconf 84' lang='lat' dir='ltr'>Hic</span> <span class='ocrx_word' id='word_1_592' title='bbox 2582 3837 2787 3899; x_wconf 86' lang='lat' dir='ltr'>pariter</span> <span class='ocrx_word' id='word_1_593' title='bbox 2839 3836 3110 3888; x_wconf 78' lang='lat' dir='ltr'>aberravit</span> <span class='ocrx_word' id='word_1_594' title='bbox 3154 3834 3432 3898; x_wconf 84' lang='lat' dir='ltr'>piissimus</span> <span class='ocrx_word' id='word_1_595' title='bbox 3489 3837 3723 3901; x_wconf 85' lang='lat' dir='ltr'>scriptor</span> <span class='ocrx_word' id='word_1_596' title='bbox 3769 3837 3907 3888; x_wconf 78' lang='lat' dir='ltr'>falso</span> 
     </span>
    </p>
   </div>
   <div class='ocr_carea' id='block_1_80' title="bbox 2200 3906 3908 3969">
    <p class='ocr_par' dir='ltr' id='par_1_80' title="bbox 2200 3906 3908 3969">
     <span class='ocr_line' id='line_1_80' title="bbox 2200 3906 3908 3969; baseline 0.002 -15"><span class='ocrx_word' id='word_1_597' title='bbox 2200 3916 2418 3956; x_wconf 88' lang='lat' dir='ltr'>rumore</span> <span class='ocrx_word' id='word_1_598' title='bbox 2469 3906 2748 3969; x_wconf 87' lang='lat' dir='ltr'>deceptus.</span> <span class='ocrx_word' id='word_1_599' title='bbox 2794 3911 2834 3961; x_wconf 81' lang='grc' dir='ltr'><em>Α</em></span> <span class='ocrx_word' id='word_1_600' title='bbox 2877 3906 3077 3969; x_wconf 85' lang='lat' dir='ltr'>puerili</span> <span class='ocrx_word' id='word_1_601' title='bbox 3123 3907 3268 3957; x_wconf 88' lang='lat' dir='ltr'>enim</span> <span class='ocrx_word' id='word_1_602' title='bbox 3310 3909 3469 3959; x_wconf 71' lang='lat' dir='ltr'>aetate</span> <span class='ocrx_word' id='word_1_603' title='bbox 3513 3908 3672 3959; x_wconf 83' lang='lat' dir='ltr'>divus</span> <span class='ocrx_word' id='word_1_604' title='bbox 3721 3909 3908 3960; x_wconf 83' lang='lat' dir='ltr'>Petrus</span> 
     </span>
    </p>
   </div>
   <div class='ocr_carea' id='block_1_81' title="bbox 2201 3975 3906 4045">
    <p class='ocr_par' dir='ltr' id='par_1_81' title="bbox 2201 3975 3906 4045">
     <span class='ocr_line' id='line_1_81' title="bbox 2201 3975 3906 4045; baseline 0.002 -18"><span class='ocrx_word' id='word_1_605' title='bbox 2201 3975 2469 4035; x_wconf 82' lang='lat' dir='ltr'>Urseolus,</span> <span class='ocrx_word' id='word_1_606' title='bbox 2499 3977 2581 4027; x_wconf 87' lang='lat' dir='ltr'>nil</span> <span class='ocrx_word' id='word_1_607' title='bbox 2612 3978 2764 4029; x_wconf 87' lang='lat' dir='ltr'>aliud</span> <span class='ocrx_word' id='word_1_608' title='bbox 2788 3992 2956 4045; x_wconf 86' lang='lat' dir='ltr'>quam</span> <span class='ocrx_word' id='word_1_609' title='bbox 2993 3975 3090 4027; x_wconf 77' lang='lat' dir='ltr'>Deo</span> <span class='ocrx_word' id='word_1_610' title='bbox 3115 3978 3324 4039; x_wconf 77' lang='lat' dir='ltr'>placere</span> <span class='ocrx_word' id='word_1_611' title='bbox 3351 3981 3592 4035; x_wconf 78' lang='lat' dir='ltr'>studens.</span> <span class='ocrx_word' id='word_1_612' title='bbox 3627 3979 3701 4030; x_wconf 85' lang='lat' dir='ltr'>ad</span> <span class='ocrx_word' id='word_1_613' title='bbox 3739 3982 3906 4030; x_wconf 67' lang='lat' dir='ltr'>tanta</span> 
     </span>
    </p>
   </div>
   <div class='ocr_carea' id='block_1_82' title="bbox 2201 4046 3908 4111">
    <p class='ocr_par' dir='ltr' id='par_1_82' title="bbox 2201 4046 3908 4111">
     <span class='ocr_line' id='line_1_82' title="bbox 2201 4046 3908 4111; baseline 0.003 -16"><span class='ocrx_word' id='word_1_614' title='bbox 2201 4046 2485 4110; x_wconf 80' lang='lat' dir='ltr'>dignitatis</span> <span class='ocrx_word' id='word_1_615' title='bbox 2547 4056 2860 4111; x_wconf 84' lang='lat' dir='ltr'>provectum</span> <span class='ocrx_word' id='word_1_616' title='bbox 2925 4048 3181 4100; x_wconf 79' lang='lat' dir='ltr'>scandere</span> <span class='ocrx_word' id='word_1_617' title='bbox 3245 4050 3643 4111; x_wconf 84' lang='lat' dir='ltr'>contemnebat,</span> <span class='ocrx_word' id='word_1_618' title='bbox 3709 4051 3908 4101; x_wconf 88' lang='lat' dir='ltr'>timens</span> 
     </span>
    </p>
   </div>
   <div class='ocr_carea' id='block_1_83' title="bbox 2202 4118 3910 4184">
    <p class='ocr_par' dir='ltr' id='par_1_83' title="bbox 2202 4118 3910 4184">
     <span class='ocr_line' id='line_1_83' title="bbox 2202 4118 3910 4184; baseline 0.001 -15"><span class='ocrx_word' id='word_1_619' title='bbox 2202 4131 2268 4169; x_wconf 89' lang='lat' dir='ltr'>ne</span> <span class='ocrx_word' id='word_1_620' title='bbox 2321 4118 2592 4170; x_wconf 66' lang='lat' dir='ltr'>saecularis</span> <span class='ocrx_word' id='word_1_621' title='bbox 2653 4119 2868 4172; x_wconf 78' lang='lat' dir='ltr'>honoris</span> <span class='ocrx_word' id='word_1_622' title='bbox 2927 4118 3225 4170; x_wconf 82' lang='lat' dir='ltr'>ambitione</span> <span class='ocrx_word' id='word_1_623' title='bbox 3277 4121 3612 4184; x_wconf 71' lang='lat' dir='ltr'>propositum</span> <span class='ocrx_word' id='word_1_624' title='bbox 3686 4119 3910 4173; x_wconf 86' lang='lat' dir='ltr'>amitte-</span> 
     </span>
    </p>
   </div>
   <div class='ocr_carea' id='block_1_84' title="bbox 2201 4190 3910 4254">
    <p class='ocr_par' dir='ltr' id='par_1_84' title="bbox 2201 4190 3910 4254">
     <span class='ocr_line' id='line_1_84' title="bbox 2201 4190 3910 4254; baseline 0.001 -16"><span class='ocrx_word' id='word_1_625' title='bbox 2201 4193 2285 4240; x_wconf 91' lang='lat' dir='ltr'>ret</span> <span class='ocrx_word' id='word_1_626' title='bbox 2340 4190 2670 4242; x_wconf 78' lang='lat' dir='ltr'>sanctitatis.</span> <span class='ocrx_word' id='word_1_627' title='bbox 2729 4191 2988 4252; x_wconf 84' lang='lat' dir='ltr'>Tandem,</span> <span class='ocrx_word' id='word_1_628' title='bbox 3031 4192 3340 4251; x_wconf 83' lang='lat' dir='ltr'>importune</span> <span class='ocrx_word' id='word_1_629' title='bbox 3399 4193 3594 4254; x_wconf 77' lang='lat' dir='ltr'>poputa</span> <span class='ocrx_word' id='word_1_630' title='bbox 3653 4191 3910 4252; x_wconf 77' lang='lat' dir='ltr'>interpel-</span> 
     </span>
    </p>
   </div>
   <div class='ocr_carea' id='block_1_85' title="bbox 2201 4259 3909 4328">
    <p class='ocr_par' dir='ltr' id='par_1_85' title="bbox 2201 4259 3909 4328">
     <span class='ocr_line' id='line_1_85' title="bbox 2201 4259 3909 4328; baseline 0.002 -18"><span class='ocrx_word' id='word_1_631' title='bbox 2201 4259 2366 4320; x_wconf 85' lang='lat' dir='ltr'>tanle.</span> <span class='ocrx_word' id='word_1_632' title='bbox 2393 4272 2506 4314; x_wconf 89' lang='lat' dir='ltr'>non</span> <span class='ocrx_word' id='word_1_633' title='bbox 2525 4260 2764 4315; x_wconf 85' lang='lat' dir='ltr'>humano</span> <span class='ocrx_word' id='word_1_634' title='bbox 2781 4263 2986 4328; x_wconf 77' lang='lat' dir='ltr'>facere,</span> <span class='ocrx_word' id='word_1_635' title='bbox 3013 4263 3104 4312; x_wconf 86' lang='lat' dir='ltr'>sed</span> <span class='ocrx_word' id='word_1_636' title='bbox 3125 4261 3289 4313; x_wconf 82' lang='lat' dir='ltr'>totius</span> <span class='ocrx_word' id='word_1_637' title='bbox 3310 4263 3616 4326; x_wconf 63' lang='lat' dir='ltr'>reipublicae</span> <span class='ocrx_word' id='word_1_638' title='bbox 3634 4261 3909 4314; x_wconf 84' lang='lat' dir='ltr'>commodo</span> 
     </span>
    </p>
   </div>
   <div class='ocr_carea' id='block_1_86' title="bbox 2202 4332 3912 4398">
    <p class='ocr_par' dir='ltr' id='par_1_86' title="bbox 2202 4332 3912 4398">
     <span class='ocr_line' id='line_1_86' title="bbox 2202 4332 3912 4398; baseline 0.001 -16"><span class='ocrx_word' id='word_1_639' title='bbox 2202 4332 2517 4396; x_wconf 80' lang='lat' dir='ltr'>Iiujusmodi</span> <span class='ocrx_word' id='word_1_640' title='bbox 2580 4333 2924 4398; x_wconf 81' lang='lat' dir='ltr'>principatus</span> <span class='ocrx_word' id='word_1_641' title='bbox 2999 4333 3210 4396; x_wconf 85' lang='lat' dir='ltr'>apicem</span> <span class='ocrx_word' id='word_1_642' title='bbox 3269 4334 3510 4396; x_wconf 84' lang='lat' dir='ltr'>accipere</span> <span class='ocrx_word' id='word_1_643' title='bbox 3578 4346 3687 4384; x_wconf 89' lang='lat' dir='ltr'>non</span> <span class='ocrx_word' id='word_1_644' title='bbox 3749 4346 3912 4384; x_wconf 80' lang='lat' dir='ltr'>recu-</span> 
     </span>
    </p>
   </div>
   <div class='ocr_carea' id='block_1_87' title="bbox 2203 4404 3912 4469">
    <p class='ocr_par' dir='ltr' id='par_1_87' title="bbox 2203 4404 3912 4469">
     <span class='ocr_line' id='line_1_87' title="bbox 2203 4404 3912 4469; baseline 0.001 -15"><span class='ocrx_word' id='word_1_645' title='bbox 2203 4405 2366 4457; x_wconf 87' lang='lat' dir='ltr'>savit.</span> <span class='ocrx_word' id='word_1_646' title='bbox 2411 4406 2483 4457; x_wconf 93' lang='lat' dir='ltr'>lta</span> <span class='ocrx_word' id='word_1_647' title='bbox 2539 4406 2834 4458; x_wconf 89' lang='lat' dir='ltr'>Chronicon</span> <span class='ocrx_word' id='word_1_648' title='bbox 2885 4405 3138 4456; x_wconf 81' lang='lat' dir='ltr'>Venetam</span> <span class='ocrx_word' id='word_1_649' title='bbox 3193 4405 3655 4466; x_wconf 85' lang='lat' dir='ltr'>antiquissimum,</span> <span class='ocrx_word' id='word_1_650' title='bbox 3706 4404 3912 4469; x_wconf 89' lang='lat' dir='ltr'>aliique</span> 
     </span>
    </p>
   </div>
   <div class='ocr_carea' id='block_1_88' title="bbox 401 4475 2447 4539">
    <p class='ocr_par' dir='ltr' id='par_1_88' title="bbox 401 4475 2447 4539">
     <span class='ocr_line' id='line_1_88' title="bbox 401 4475 2447 4539; baseline -0.001 -11"><span class='ocrx_word' id='word_1_651' title='bbox 401 4478 735 4529; x_wconf 81' lang='lat' dir='ltr'>tustinianus</span> <span class='ocrx_word' id='word_1_652' title='bbox 808 4482 860 4530; x_wconf 88' lang='lat' dir='ltr'>et</span> <span class='ocrx_word' id='word_1_653' title='bbox 938 4477 1231 4530; x_wconf 88' lang='lat' dir='ltr'>Baduarius</span> <span class='ocrx_word' id='word_1_654' title='bbox 1302 4478 1485 4529; x_wconf 90' lang='lat' dir='ltr'>itidem</span> <span class='ocrx_word' id='word_1_655' title='bbox 1555 4477 1870 4539; x_wconf 73' lang='lat' dir='ltr'>Particapatii</span> <span class='ocrx_word' id='word_1_656' title='bbox 1930 4475 2447 4539; x_wconf 59' lang='lat' dir='ltr'>lusu-“codices.</span> 
     </span>
    </p>
   </div>
   <div class='ocr_carea' id='block_1_89' title="bbox 405 4515 3914 4615">
    <p class='ocr_par' dir='ltr' id='par_1_89' title="bbox 405 4515 3914 4615">
     <span class='ocr_line' id='line_1_89' title="bbox 405 4515 3914 4615; baseline -0.001 -17"><span class='ocrx_word' id='word_1_657' title='bbox 405 4515 860 4608; x_wconf 62' lang='grc' dir='ltr'>ζιέἷιὶὶὶὲἓῆ”“ίῖ1θ,”’</span> <span class='ocrx_word' id='word_1_658' title='bbox 878 4515 1870 4612; x_wconf 65' lang='grc' dir='ltr'>1ει’ἑ““ἑᾶἇὲῖᾶήάὲἆι“”“ιῖτοῖιῦἒξὲῖὶῖιῖῑῗ</span> <span class='ocrx_word' id='word_1_659' title='bbox 1907 4515 2105 4602; x_wconf 41' lang='lat' dir='ltr'>inﬁxis</span> <span class='ocrx_word' id='word_1_660' title='bbox 2127 4515 2179 4575; x_wconf 74' lang='grc' dir='ltr'>Β</span> <span class='ocrx_word' id='word_1_661' title='bbox 2209 4515 2566 4615; x_wconf 66' lang='grc' dir='ltr'>””ᾆξῖ)”Ἠεε.;</span> <span class='ocrx_word' id='word_1_662' title='bbox 2613 4547 2884 4599; x_wconf 81' lang='lat' dir='ltr'>Valdrada</span> <span class='ocrx_word' id='word_1_663' title='bbox 2925 4549 2979 4596; x_wconf 87' lang='lat' dir='ltr'>et</span> <span class='ocrx_word' id='word_1_664' title='bbox 3036 4544 3350 4607; x_wconf 85' lang='lat' dir='ltr'>Valderada,</span> <span class='ocrx_word' id='word_1_665' title='bbox 3399 4550 3557 4608; x_wconf 86' lang='lat' dir='ltr'>atque</span> <span class='ocrx_word' id='word_1_666' title='bbox 3593 4543 3914 4598; x_wconf 84' lang='lat' dir='ltr'>Gualdrada</span> 
     </span>
    </p>
   </div>
   <div class='ocr_carea' id='block_1_90' title="bbox 403 4618 2105 4684">
    <p class='ocr_par' dir='ltr' id='par_1_90' title="bbox 403 4618 2105 4684">
     <span class='ocr_line' id='line_1_90' title="bbox 403 4618 2105 4684; baseline 0.001 -13"><span class='ocrx_word' id='word_1_667' title='bbox 403 4620 565 4684; x_wconf 68' lang='lat' dir='ltr'>Praef.</span> <span class='ocrx_word' id='word_1_668' title='bbox 617 4618 836 4675; x_wconf 78' lang='lat' dir='ltr'>Dissert.</span> <span class='ocrx_word' id='word_1_669' title='bbox 874 4634 928 4673; x_wconf 91' lang='lat' dir='ltr'>n.</span> <span class='ocrx_word' id='word_1_670' title='bbox 971 4621 1002 4671; x_wconf 77' lang='lat'><strong>2</strong></span> <span class='ocrx_word' id='word_1_671' title='bbox 1033 4622 1096 4669; x_wconf 87' lang='lat' dir='ltr'>de</span> <span class='ocrx_word' id='word_1_672' title='bbox 1153 4620 1215 4674; x_wconf 89' lang='lat' dir='ltr'>S.</span> <span class='ocrx_word' id='word_1_673' title='bbox 1271 4621 1427 4672; x_wconf 84' lang='lat' dir='ltr'>Petro</span> <span class='ocrx_word' id='word_1_674' title='bbox 1476 4620 1681 4674; x_wconf 82' lang='lat' dir='ltr'>Urseoto</span> <span class='ocrx_word' id='word_1_675' title='bbox 1739 4620 1809 4672; x_wconf 87' lang='lat' dir='ltr'>Cl.</span> <span class='ocrx_word' id='word_1_676' title='bbox 1871 4620 1921 4672; x_wconf 77' lang='grc' dir='ltr'><strong>ν.</strong></span> <span class='ocrx_word' id='word_1_677' title='bbox 1967 4622 2105 4674; x_wconf 72' lang='lat' dir='ltr'>iusti</span> 
     </span>
    </p>
   </div>
   <div class='ocr_carea' id='block_1_91' title="bbox 407 4691 648 4745">
    <p class='ocr_par' dir='ltr' id='par_1_91' title="bbox 407 4691 648 4745">
     <span class='ocr_line' id='line_1_91' title="bbox 407 4691 648 4745; baseline 0.004 -1"><span class='ocrx_word' id='word_1_678' title='bbox 407 4691 648 4745; x_wconf 72' lang='lat' dir='ltr'>Pontani.</span> 
     </span>
    </p>
   </div>
   <div class='ocr_carea' id='block_1_92' title="bbox 468 4763 2110 4830">
    <p class='ocr_par' dir='ltr' id='par_1_92' title="bbox 468 4763 2110 4830">
     <span class='ocr_line' id='line_1_92' title="bbox 468 4763 2110 4830; baseline 0.001 -17"><span class='ocrx_word' id='word_1_679' title='bbox 468 4764 603 4830; x_wconf 89' lang='grc'>(191)</span> <span class='ocrx_word' id='word_1_680' title='bbox 653 4765 962 4828; x_wconf 87' lang='lat' dir='ltr'>Quanquam</span> <span class='ocrx_word' id='word_1_681' title='bbox 1011 4780 1041 4816; x_wconf 88' lang='lat' dir='ltr'>a</span> <span class='ocrx_word' id='word_1_682' title='bbox 1097 4765 1350 4817; x_wconf 88' lang='lat' dir='ltr'>Damiano</span> <span class='ocrx_word' id='word_1_683' title='bbox 1399 4763 1692 4818; x_wconf 87' lang='lat' dir='ltr'>Dalmatici</span> <span class='ocrx_word' id='word_1_684' title='bbox 1742 4764 1992 4822; x_wconf 86' lang='lat' dir='ltr'>ducatus,</span> <span class='ocrx_word' id='word_1_685' title='bbox 2054 4769 2110 4815; x_wconf 91' lang='lat' dir='ltr'>et</span> 
     </span>
    </p>
   </div>
   <div class='ocr_carea' id='block_1_93' title="bbox 412 4835 2106 4901">
    <p class='ocr_par' dir='ltr' id='par_1_93' title="bbox 412 4835 2106 4901">
     <span class='ocr_line' id='line_1_93' title="bbox 412 4835 2106 4901; baseline 0.001 -15"><span class='ocrx_word' id='word_1_686' title='bbox 412 4835 536 4887; x_wconf 89' lang='lat' dir='ltr'>inde</span> <span class='ocrx_word' id='word_1_687' title='bbox 593 4835 887 4889; x_wconf 80' lang='lat' dir='ltr'>Dalmatici</span> <span class='ocrx_word' id='word_1_688' title='bbox 933 4837 1089 4901; x_wconf 87' lang='lat' dir='ltr'>regni</span> <span class='ocrx_word' id='word_1_689' title='bbox 1125 4837 1469 4900; x_wconf 80' lang='lat' dir='ltr'>principatus</span> <span class='ocrx_word' id='word_1_690' title='bbox 1513 4838 1637 4889; x_wconf 93' lang='lat' dir='ltr'>divo</span> <span class='ocrx_word' id='word_1_691' title='bbox 1685 4838 1833 4887; x_wconf 77' lang='lat' dir='ltr'>Petro</span> <span class='ocrx_word' id='word_1_692' title='bbox 1887 4835 2106 4887; x_wconf 88' lang='lat' dir='ltr'>Urseolo</span> 
     </span>
    </p>
   </div>
   <div class='ocr_carea' id='block_1_94' title="bbox 407 4905 2106 4974">
    <p class='ocr_par' dir='ltr' id='par_1_94' title="bbox 407 4905 2106 4974">
     <span class='ocr_line' id='line_1_94' title="bbox 407 4905 2106 4974; baseline 0 -16"><span class='ocrx_word' id='word_1_693' title='bbox 407 4907 701 4971; x_wconf 86' lang='lat' dir='ltr'>tribuatur;</span> <span class='ocrx_word' id='word_1_694' title='bbox 766 4913 946 4960; x_wconf 76' lang='lat' dir='ltr'>tamen</span> <span class='ocrx_word' id='word_1_695' title='bbox 1011 4909 1112 4960; x_wconf 86' lang='lat' dir='ltr'>sub</span> <span class='ocrx_word' id='word_1_696' title='bbox 1192 4910 1314 4974; x_wconf 87' lang='lat' dir='ltr'>ejus</span> <span class='ocrx_word' id='word_1_697' title='bbox 1389 4913 1596 4960; x_wconf 83' lang='lat' dir='ltr'>tantum</span> <span class='ocrx_word' id='word_1_698' title='bbox 1656 4907 1768 4958; x_wconf 82' lang='lat' dir='ltr'>tilio</span> <span class='ocrx_word' id='word_1_699' title='bbox 1815 4908 1963 4960; x_wconf 89' lang='lat' dir='ltr'>Petro</span> <span class='ocrx_word' id='word_1_700' title='bbox 2008 4905 2106 4958; x_wconf 90' lang='lat' dir='ltr'>Ur-</span> 
     </span>
    </p>
   </div>
   <div class='ocr_carea' id='block_1_95' title="bbox 407 4978 2109 5041">
    <p class='ocr_par' dir='ltr' id='par_1_95' title="bbox 407 4978 2109 5041">
     <span class='ocr_line' id='line_1_95' title="bbox 407 4978 2109 5041; baseline 0.001 -12"><span class='ocrx_word' id='word_1_701' title='bbox 407 4978 557 5030; x_wconf 85' lang='lat' dir='ltr'>seolo</span> <span class='ocrx_word' id='word_1_702' title='bbox 612 4978 653 5029; x_wconf 94' lang='lat' dir='ltr'>ll</span> <span class='ocrx_word' id='word_1_703' title='bbox 703 4979 841 5031; x_wconf 90' lang='lat' dir='ltr'>duce</span> <span class='ocrx_word' id='word_1_704' title='bbox 916 4980 1093 5032; x_wconf 85' lang='lat' dir='ltr'>Veneti</span> <span class='ocrx_word' id='word_1_705' title='bbox 1150 4979 1457 5031; x_wconf 85' lang='lat' dir='ltr'>dominium</span> <span class='ocrx_word' id='word_1_706' title='bbox 1519 4979 1801 5031; x_wconf 72' lang='lat' dir='ltr'>Dalmatiae</span> <span class='ocrx_word' id='word_1_707' title='bbox 1853 4979 2109 5041; x_wconf 82' lang='lat' dir='ltr'>primitus</span> 
     </span>
    </p>
   </div>
   <div class='ocr_carea' id='block_1_96' title="bbox 410 5050 2108 5116">
    <p class='ocr_par' dir='ltr' id='par_1_96' title="bbox 410 5050 2108 5116">
     <span class='ocr_line' id='line_1_96' title="bbox 410 5050 2108 5116; baseline -0.002 -15"><span class='ocrx_word' id='word_1_708' title='bbox 410 5054 750 5116; x_wconf 86' lang='lat' dir='ltr'>acceperunt,</span> <span class='ocrx_word' id='word_1_709' title='bbox 785 5056 838 5101; x_wconf 88' lang='lat' dir='ltr'>ut</span> <span class='ocrx_word' id='word_1_710' title='bbox 872 5063 942 5101; x_wconf 82' lang='lat' dir='ltr'>ex</span> <span class='ocrx_word' id='word_1_711' title='bbox 978 5050 1218 5102; x_wconf 90' lang='lat' dir='ltr'>Dandqu</span> <span class='ocrx_word' id='word_1_712' title='bbox 1271 5053 1305 5102; x_wconf 92' lang='lat' dir='ltr'>l.</span> <span class='ocrx_word' id='word_1_713' title='bbox 1346 5063 1426 5110; x_wconf 82' lang='lat' dir='ltr'>ix,</span> <span class='ocrx_word' id='word_1_714' title='bbox 1477 5063 1525 5102; x_wconf 90' lang='lat' dir='ltr'>c.</span> <span class='ocrx_word' id='word_1_715' title='bbox 1579 5053 1621 5108; x_wconf 88' lang='grc'>1,</span> <span class='ocrx_word' id='word_1_716' title='bbox 1683 5055 1832 5112; x_wconf 88' lang='lat' dir='ltr'>parte</span> <span class='ocrx_word' id='word_1_717' title='bbox 1878 5062 1970 5105; x_wconf 81' lang='lat' dir='ltr'>xv.</span> <span class='ocrx_word' id='word_1_718' title='bbox 2018 5050 2108 5111; x_wconf 83' lang='lat' dir='ltr'>qui</span> 
     </span>
    </p>
   </div>
   <div class='ocr_carea' id='block_1_97' title="bbox 408 5121 2106 5186">
    <p class='ocr_par' dir='ltr' id='par_1_97' title="bbox 408 5121 2106 5186">
     <span class='ocr_line' id='line_1_97' title="bbox 408 5121 2106 5186; baseline -0.002 -14"><span class='ocrx_word' id='word_1_719' title='bbox 408 5128 594 5186; x_wconf 82' lang='lat' dir='ltr'>postea</span> <span class='ocrx_word' id='word_1_720' title='bbox 630 5129 781 5186; x_wconf 88' lang='lat' dir='ltr'>parte</span> <span class='ocrx_word' id='word_1_721' title='bbox 817 5133 964 5175; x_wconf 66' lang='grc' dir='ltr'><strong>χχιι</strong></span> <span class='ocrx_word' id='word_1_722' title='bbox 1013 5121 1081 5174; x_wconf 91' lang='lat' dir='ltr'>de</span> <span class='ocrx_word' id='word_1_723' title='bbox 1130 5122 1284 5172; x_wconf 88' lang='lat' dir='ltr'>Petro</span> <span class='ocrx_word' id='word_1_724' title='bbox 1339 5122 1560 5174; x_wconf 86' lang='lat' dir='ltr'>Urseolo</span> <span class='ocrx_word' id='word_1_725' title='bbox 1623 5122 1686 5179; x_wconf 90' lang='lat' dir='ltr'>ll.</span> <span class='ocrx_word' id='word_1_726' title='bbox 1739 5121 1853 5174; x_wconf 82' lang='lat' dir='ltr'>haec</span> <span class='ocrx_word' id='word_1_727' title='bbox 1893 5121 2106 5171; x_wconf 81' lang='lat' dir='ltr'>subdit:</span> 
     </span>
    </p>
   </div>
   <div class='ocr_carea' id='block_1_98' title="bbox 406 5192 2108 5258">
    <p class='ocr_par' dir='ltr' id='par_1_98' title="bbox 406 5192 2108 5258">
     <span class='ocr_line' id='line_1_98' title="bbox 406 5192 2108 5258; baseline 0 -16"><span class='ocrx_word' id='word_1_728' title='bbox 406 5193 564 5244; x_wconf 74' lang='lat' dir='ltr'>Pari”</span> <span class='ocrx_word' id='word_1_729' title='bbox 589 5194 838 5246; x_wconf 87' lang='lat' dir='ltr'>omnium</span> <span class='ocrx_word' id='word_1_730' title='bbox 879 5206 1136 5245; x_wconf 79' lang='lat' dir='ltr'>consensu</span> <span class='ocrx_word' id='word_1_731' title='bbox 1180 5193 1369 5245; x_wconf 87' lang='lat' dir='ltr'>ducem</span> <span class='ocrx_word' id='word_1_732' title='bbox 1416 5193 1703 5246; x_wconf 64' lang='lat' dir='ltr'>Dalmatia</span> <span class='ocrx_word' id='word_1_733' title='bbox 1739 5208 1792 5245; x_wconf 87' lang='lat' dir='ltr'>se</span> <span class='ocrx_word' id='word_1_734' title='bbox 1848 5192 2108 5258; x_wconf 85' lang='lat' dir='ltr'>primitus</span> 
     </span>
    </p>
   </div>
   <div class='ocr_carea' id='block_1_99' title="bbox 405 5266 731 5318">
    <p class='ocr_par' dir='ltr' id='par_1_99' title="bbox 405 5266 731 5318">
     <span class='ocr_line' id='line_1_99' title="bbox 405 5266 731 5318; baseline 0.003 -4"><span class='ocrx_word' id='word_1_735' title='bbox 405 5266 731 5318; x_wconf 82' lang='lat' dir='ltr'>nominavit.</span> 
     </span>
    </p>
   </div>
   <div class='ocr_carea' id='block_1_100' title="bbox 474 5333 2112 5403">
    <p class='ocr_par' dir='ltr' id='par_1_100' title="bbox 474 5333 2112 5403">
     <span class='ocr_line' id='line_1_100' title="bbox 474 5333 2112 5403; baseline -0.002 -14"><span class='ocrx_word' id='word_1_736' title='bbox 474 5339 606 5403; x_wconf 72' lang='lat' dir='ltr'>(t9?)</span> <span class='ocrx_word' id='word_1_737' title='bbox 668 5337 806 5400; x_wconf 86' lang='lat' dir='ltr'>Lege</span> <span class='ocrx_word' id='word_1_738' title='bbox 861 5336 1010 5388; x_wconf 85' lang='lat' dir='ltr'>Petri</span> <span class='ocrx_word' id='word_1_739' title='bbox 1045 5333 1354 5394; x_wconf 75' lang='lat' dir='ltr'>Gandiani;</span> <span class='ocrx_word' id='word_1_740' title='bbox 1423 5334 1606 5387; x_wconf 83' lang='lat' dir='ltr'>Vitalis</span> <span class='ocrx_word' id='word_1_741' title='bbox 1641 5337 1784 5390; x_wconf 87' lang='lat' dir='ltr'>enim</span> <span class='ocrx_word' id='word_1_742' title='bbox 1815 5336 2112 5387; x_wconf 73' lang='lat' dir='ltr'>Caelianus</span> 
     </span>
    </p>
   </div>
   <div class='ocr_carea' id='block_1_101' title="bbox 409 5406 2112 5470">
    <p class='ocr_par' dir='ltr' id='par_1_101' title="bbox 409 5406 2112 5470">
     <span class='ocr_line' id='line_1_101' title="bbox 409 5406 2112 5470; baseline -0.001 -12"><span class='ocrx_word' id='word_1_743' title='bbox 409 5408 458 5458; x_wconf 85' lang='lat'>8.</span> <span class='ocrx_word' id='word_1_744' title='bbox 475 5408 625 5460; x_wconf 85' lang='lat' dir='ltr'>Petro</span> <span class='ocrx_word' id='word_1_745' title='bbox 640 5406 865 5459; x_wconf 84' lang='lat' dir='ltr'>Urseolo</span> <span class='ocrx_word' id='word_1_746' title='bbox 888 5409 1167 5466; x_wconf 82' lang='lat' dir='ltr'>successit,</span> <span class='ocrx_word' id='word_1_747' title='bbox 1196 5419 1300 5458; x_wconf 88' lang='lat' dir='ltr'><strong>non</strong></span> <span class='ocrx_word' id='word_1_748' title='bbox 1327 5406 1552 5470; x_wconf 81' lang='lat' dir='ltr'>praeivit.</span> <span class='ocrx_word' id='word_1_749' title='bbox 1585 5407 1842 5458; x_wconf 84' lang='lat' dir='ltr'>Damiano</span> <span class='ocrx_word' id='word_1_750' title='bbox 1867 5407 2112 5458; x_wconf 86' lang='lat' dir='ltr'>solitario</span> 
     </span>
    </p>
   </div>
   <div class='ocr_carea' id='block_1_102' title="bbox 414 5477 2116 5536">
    <p class='ocr_par' dir='ltr' id='par_1_102' title="bbox 414 5477 2116 5536">
     <span class='ocr_line' id='line_1_102' title="bbox 414 5477 2116 5536; baseline 0.001 -8"><span class='ocrx_word' id='word_1_751' title='bbox 414 5479 467 5528; x_wconf 90' lang='lat' dir='ltr'>in</span> <span class='ocrx_word' id='word_1_752' title='bbox 501 5478 620 5530; x_wconf 91' lang='lat' dir='ltr'>loco</span> <span class='ocrx_word' id='word_1_753' title='bbox 663 5478 919 5531; x_wconf 87' lang='lat' dir='ltr'>scribenti</span> <span class='ocrx_word' id='word_1_754' title='bbox 969 5477 1127 5530; x_wconf 87' lang='lat' dir='ltr'>tacile</span> <span class='ocrx_word' id='word_1_755' title='bbox 1168 5477 1267 5530; x_wconf 80' lang='lat' dir='ltr'>fuit</span> <span class='ocrx_word' id='word_1_756' title='bbox 1289 5479 1434 5530; x_wconf 88' lang='lat' dir='ltr'>circa</span> <span class='ocrx_word' id='word_1_757' title='bbox 1465 5479 1683 5529; x_wconf 85' lang='lat' dir='ltr'>nomina</span> <span class='ocrx_word' id='word_1_758' title='bbox 1705 5490 1910 5530; x_wconf 88' lang='lat' dir='ltr'>errare.</span> <span class='ocrx_word' id='word_1_759' title='bbox 1943 5477 2116 5536; x_wconf 83' lang='lat' dir='ltr'>Quare</span> 
     </span>
    </p>
   </div>
   <div class='ocr_carea' id='block_1_103' title="bbox 413 5548 2114 5613">
    <p class='ocr_par' dir='ltr' id='par_1_103' title="bbox 413 5548 2114 5613">
     <span class='ocr_line' id='line_1_103' title="bbox 413 5548 2114 5613; baseline 0.001 -15"><span class='ocrx_word' id='word_1_760' title='bbox 413 5549 572 5611; x_wconf 87' lang='lat' dir='ltr'>epist.</span> <span class='ocrx_word' id='word_1_761' title='bbox 623 5549 694 5609; x_wconf 88' lang='grc'>10,</span> <span class='ocrx_word' id='word_1_762' title='bbox 752 5549 841 5600; x_wconf 89' lang='lat' dir='ltr'>lib.</span> <span class='ocrx_word' id='word_1_763' title='bbox 900 5563 939 5608; x_wconf 85' lang='grc'>1,</span> <span class='ocrx_word' id='word_1_764' title='bbox 994 5551 1228 5613; x_wconf 87' lang='lat' dir='ltr'>ingenue</span> <span class='ocrx_word' id='word_1_765' title='bbox 1283 5550 1591 5600; x_wconf 80' lang='lat' dir='ltr'>adnotavit:</span> <span class='ocrx_word' id='word_1_766' title='bbox 1642 5548 1750 5602; x_wconf 83' lang='lat' dir='ltr'>Nec</span> <span class='ocrx_word' id='word_1_767' title='bbox 1789 5562 2114 5613; x_wconf 79' lang='lat' dir='ltr'>magnOpere</span> 
     </span>
    </p>
   </div>
   <div class='ocr_carea' id='block_1_104' title="bbox 405 5619 2122 5684">
    <p class='ocr_par' dir='ltr' id='par_1_104' title="bbox 405 5619 2122 5684">
     <span class='ocr_line' id='line_1_104' title="bbox 405 5619 2122 5684; baseline 0 -12"><span class='ocrx_word' id='word_1_768' title='bbox 405 5630 659 5672; x_wconf 83' lang='lat' dir='ltr'>curamus</span> <span class='ocrx_word' id='word_1_769' title='bbox 690 5619 866 5672; x_wconf 79' lang='lat' dir='ltr'>videri</span> <span class='ocrx_word' id='word_1_770' title='bbox 885 5634 1115 5684; x_wconf 82' lang='lat' dir='ltr'>aucupes</span> <span class='ocrx_word' id='word_1_771' title='bbox 1138 5621 1452 5680; x_wconf 87' lang='lat' dir='ltr'>nominum,</span> <span class='ocrx_word' id='word_1_772' title='bbox 1492 5621 1784 5674; x_wconf 87' lang='lat' dir='ltr'>dummodo</span> <span class='ocrx_word' id='word_1_773' title='bbox 1818 5633 1931 5672; x_wconf 89' lang='lat' dir='ltr'>non</span> <span class='ocrx_word' id='word_1_774' title='bbox 1965 5621 2122 5673; x_wconf 69' lang='lat' dir='ltr'>eaei-</span> 
     </span>
    </p>
   </div>
   <div class='ocr_carea' id='block_1_105' title="bbox 2206 4615 3911 4681">
    <p class='ocr_par' dir='ltr' id='par_1_105' title="bbox 2206 4615 3911 4681">
     <span class='ocr_line' id='line_1_105' title="bbox 2206 4615 3911 4681; baseline -0.002 -9"><span class='ocrx_word' id='word_1_775' title='bbox 2206 4633 2302 4673; x_wconf 87' lang='lat' dir='ltr'>seu</span> <span class='ocrx_word' id='word_1_776' title='bbox 2380 4621 2624 4672; x_wconf 85' lang='lat' dir='ltr'>Vatderta</span> <span class='ocrx_word' id='word_1_777' title='bbox 2681 4621 2736 4670; x_wconf 90' lang='lat' dir='ltr'>et</span> <span class='ocrx_word' id='word_1_778' title='bbox 2797 4615 3072 4668; x_wconf 86' lang='lat' dir='ltr'>Watderta</span> <span class='ocrx_word' id='word_1_779' title='bbox 3139 4629 3168 4666; x_wconf 91' lang='lat' dir='ltr'>a</span> <span class='ocrx_word' id='word_1_780' title='bbox 3234 4616 3589 4680; x_wconf 89' lang='lat' dir='ltr'>scriptoribus</span> <span class='ocrx_word' id='word_1_781' title='bbox 3661 4617 3911 4681; x_wconf 86' lang='lat' dir='ltr'>appella-</span> 
     </span>
    </p>
   </div>
   <div class='ocr_carea' id='block_1_106' title="bbox 2207 4686 3909 4754">
    <p class='ocr_par' dir='ltr' id='par_1_106' title="bbox 2207 4686 3909 4754">
     <span class='ocr_line' id='line_1_106' title="bbox 2207 4686 3909 4754; baseline -0.002 -11"><span class='ocrx_word' id='word_1_782' title='bbox 2207 4700 2322 4749; x_wconf 90' lang='lat' dir='ltr'>tur;</span> <span class='ocrx_word' id='word_1_783' title='bbox 2381 4705 2500 4754; x_wconf 75' lang='lat' dir='ltr'>quaa</span> <span class='ocrx_word' id='word_1_784' title='bbox 2567 4701 2724 4739; x_wconf 78' lang='lat' dir='ltr'>soror</span> <span class='ocrx_word' id='word_1_785' title='bbox 2783 4694 2896 4738; x_wconf 87' lang='lat' dir='ltr'>erat</span> <span class='ocrx_word' id='word_1_786' title='bbox 2967 4686 3230 4749; x_wconf 83' lang='lat' dir='ltr'>Hugonis.</span> <span class='ocrx_word' id='word_1_787' title='bbox 3283 4693 3332 4737; x_wconf 78' lang='lat' dir='ltr'>et</span> <span class='ocrx_word' id='word_1_788' title='bbox 3383 4686 3493 4738; x_wconf 81' lang='lat' dir='ltr'>ﬁlia</span> <span class='ocrx_word' id='word_1_789' title='bbox 3544 4687 3720 4738; x_wconf 88' lang='lat' dir='ltr'>Uberti</span> <span class='ocrx_word' id='word_1_790' title='bbox 3765 4702 3909 4739; x_wconf 88' lang='lat' dir='ltr'>mar-</span> 
     </span>
    </p>
   </div>
   <div class='ocr_carea' id='block_1_107' title="bbox 2206 4757 3911 4821">
    <p class='ocr_par' dir='ltr' id='par_1_107' title="bbox 2206 4757 3911 4821">
     <span class='ocr_line' id='line_1_107' title="bbox 2206 4757 3911 4821; baseline -0.001 -9"><span class='ocrx_word' id='word_1_791' title='bbox 2206 4762 2417 4814; x_wconf 80' lang='lat' dir='ltr'>chiouis</span> <span class='ocrx_word' id='word_1_792' title='bbox 2471 4764 2524 4809; x_wconf 90' lang='lat' dir='ltr'>et</span> <span class='ocrx_word' id='word_1_793' title='bbox 2573 4759 2794 4810; x_wconf 65' lang='lat' dir='ltr'>Etruria</span> <span class='ocrx_word' id='word_1_794' title='bbox 2848 4758 3127 4821; x_wconf 89' lang='lat' dir='ltr'>principis.</span> <span class='ocrx_word' id='word_1_795' title='bbox 3187 4757 3260 4809; x_wconf 90' lang='lat' dir='ltr'>De</span> <span class='ocrx_word' id='word_1_796' title='bbox 3311 4760 3537 4819; x_wconf 84' lang='lat' dir='ltr'>Hugone</span> <span class='ocrx_word' id='word_1_797' title='bbox 3591 4763 3644 4810; x_wconf 93' lang='lat' dir='ltr'>et</span> <span class='ocrx_word' id='word_1_798' title='bbox 3695 4759 3911 4818; x_wconf 86' lang='lat' dir='ltr'>Uberto,</span> 
     </span>
    </p>
   </div>
   <div class='ocr_carea' id='block_1_108' title="bbox 2208 4827 3911 4889">
    <p class='ocr_par' dir='ltr' id='par_1_108' title="bbox 2208 4827 3911 4889">
     <span class='ocr_line' id='line_1_108' title="bbox 2208 4827 3911 4889; baseline -0.003 -6"><span class='ocrx_word' id='word_1_799' title='bbox 2208 4846 2304 4886; x_wconf 90' lang='lat' dir='ltr'>seu</span> <span class='ocrx_word' id='word_1_800' title='bbox 2358 4835 2412 4882; x_wconf 92' lang='lat' dir='ltr'>et</span> <span class='ocrx_word' id='word_1_801' title='bbox 2453 4830 2668 4886; x_wconf 78' lang='lat' dir='ltr'>Oberto.</span> <span class='ocrx_word' id='word_1_802' title='bbox 2726 4827 2848 4888; x_wconf 65' lang='lat' dir='ltr'>lege</span> <span class='ocrx_word' id='word_1_803' title='bbox 2904 4829 3213 4881; x_wconf 85' lang='lat' dir='ltr'>Damianum</span> <span class='ocrx_word' id='word_1_804' title='bbox 3267 4843 3454 4889; x_wconf 76' lang='lat' dir='ltr'>onusc.</span> <span class='ocrx_word' id='word_1_805' title='bbox 3503 4841 3644 4886; x_wconf 83' lang='lat' dir='ltr'>xvu.</span> <span class='ocrx_word' id='word_1_806' title='bbox 3693 4828 3911 4880; x_wconf 82' lang='lat' dir='ltr'>dissert.</span> 
     </span>
    </p>
   </div>
   <div class='ocr_carea' id='block_1_109' title="bbox 2207 4895 3913 4966">
    <p class='ocr_par' dir='ltr' id='par_1_109' title="bbox 2207 4895 3913 4966">
     <span class='ocr_line' id='line_1_109' title="bbox 2207 4895 3913 4966; baseline -0.004 -12"><span class='ocrx_word' id='word_1_807' title='bbox 2207 4907 2236 4954; x_wconf 78' lang='lat'>‘2</span> <span class='ocrx_word' id='word_1_808' title='bbox 2270 4902 2344 4954; x_wconf 83' lang='lat' dir='ltr'>[)e</span> <span class='ocrx_word' id='word_1_809' title='bbox 2393 4901 2660 4966; x_wconf 85' lang='lat' dir='ltr'>principis</span> <span class='ocrx_word' id='word_1_810' title='bbox 2713 4899 2908 4964; x_wconf 74' lang='lat' dir='ltr'>ofﬁcio.</span> <span class='ocrx_word' id='word_1_811' title='bbox 2967 4899 3044 4950; x_wconf 86' lang='lat' dir='ltr'>ad</span> <span class='ocrx_word' id='word_1_812' title='bbox 3095 4895 3464 4964; x_wconf 85' lang='lat' dir='ltr'>Gothifredum</span> <span class='ocrx_word' id='word_1_813' title='bbox 3517 4898 3913 4956; x_wconf 84' lang='lat' dir='ltr'>marchionem,</span> 
     </span>
    </p>
   </div>
   <div class='ocr_carea' id='block_1_110' title="bbox 2209 4975 2401 5037">
    <p class='ocr_par' dir='ltr' id='par_1_110' title="bbox 2209 4975 2401 5037">
     <span class='ocr_line' id='line_1_110' title="bbox 2209 4975 2401 5037; baseline -0.016 -11"><span class='ocrx_word' id='word_1_814' title='bbox 2209 4987 2327 5037; x_wconf 86' lang='lat' dir='ltr'>cap.</span> <span class='ocrx_word' id='word_1_815' title='bbox 2357 4975 2401 5024; x_wconf 91' lang='lat'>3.</span> 
     </span>
    </p>
   </div>
   <div class='ocr_carea' id='block_1_111' title="bbox 2273 5040 3920 5110">
    <p class='ocr_par' dir='ltr' id='par_1_111' title="bbox 2273 5040 3920 5110">
     <span class='ocr_line' id='line_1_111' title="bbox 2273 5040 3920 5110; baseline -0.005 -13"><span class='ocrx_word' id='word_1_816' title='bbox 2273 5046 2407 5110; x_wconf 84' lang='grc'>(195)</span> <span class='ocrx_word' id='word_1_817' title='bbox 2431 5042 2708 5096; x_wconf 73' lang='lat' dir='ltr'>Guarinus</span> <span class='ocrx_word' id='word_1_818' title='bbox 2745 5056 2842 5094; x_wconf 59' lang='lat' dir='ltr'>seu</span> <span class='ocrx_word' id='word_1_819' title='bbox 2882 5041 3157 5104; x_wconf 82' lang='lat' dir='ltr'>Warinus,</span> <span class='ocrx_word' id='word_1_820' title='bbox 3193 5043 3337 5106; x_wconf 87' lang='lat' dir='ltr'>quod</span> <span class='ocrx_word' id='word_1_821' title='bbox 3378 5043 3518 5094; x_wconf 90' lang='lat' dir='ltr'>idem</span> <span class='ocrx_word' id='word_1_822' title='bbox 3557 5045 3658 5100; x_wconf 84' lang='lat' dir='ltr'>est,</span> <span class='ocrx_word' id='word_1_823' title='bbox 3698 5042 3780 5090; x_wconf 91' lang='lat' dir='ltr'>vir</span> <span class='ocrx_word' id='word_1_824' title='bbox 3817 5040 3920 5090; x_wconf 78' lang='lat' dir='ltr'>fuit</span> 
     </span>
    </p>
   </div>
   <div class='ocr_carea' id='block_1_112' title="bbox 2209 5112 3918 5180">
    <p class='ocr_par' dir='ltr' id='par_1_112' title="bbox 2209 5112 3918 5180">
     <span class='ocr_line' id='line_1_112' title="bbox 2209 5112 3918 5180; baseline -0.005 -11"><span class='ocrx_word' id='word_1_825' title='bbox 2209 5119 2603 5178; x_wconf 84' lang='lat' dir='ltr'>sanctissimus,</span> <span class='ocrx_word' id='word_1_826' title='bbox 2639 5117 2708 5167; x_wconf 88' lang='lat' dir='ltr'>de</span> <span class='ocrx_word' id='word_1_827' title='bbox 2741 5127 2848 5180; x_wconf 88' lang='lat' dir='ltr'><strong>quo</strong></span> <span class='ocrx_word' id='word_1_828' title='bbox 2885 5113 3184 5166; x_wconf 85' lang='lat' dir='ltr'>monachus</span> <span class='ocrx_word' id='word_1_829' title='bbox 3226 5114 3402 5164; x_wconf 86' lang='lat' dir='ltr'>Gartia</span> <span class='ocrx_word' id='word_1_830' title='bbox 3441 5115 3496 5166; x_wconf 92' lang='lat' dir='ltr'>in</span> <span class='ocrx_word' id='word_1_831' title='bbox 3531 5112 3760 5177; x_wconf 89' lang='lat' dir='ltr'>quadam</span> <span class='ocrx_word' id='word_1_832' title='bbox 3800 5124 3918 5173; x_wconf 63' lang='lat' dir='ltr'>ep!-</span> 
     </span>
    </p>
   </div>
   <div class='ocr_carea' id='block_1_113' title="bbox 2211 5180 3918 5246">
    <p class='ocr_par' dir='ltr' id='par_1_113' title="bbox 2211 5180 3918 5246">
     <span class='ocr_line' id='line_1_113' title="bbox 2211 5180 3918 5246; baseline -0.005 -8"><span class='ocrx_word' id='word_1_833' title='bbox 2211 5188 2370 5244; x_wconf 83' lang='lat' dir='ltr'>atola.</span> <span class='ocrx_word' id='word_1_834' title='bbox 2429 5202 2459 5238; x_wconf 85' lang='lat' dir='ltr'>a</span> <span class='ocrx_word' id='word_1_835' title='bbox 2511 5186 2710 5238; x_wconf 81' lang='lat' dir='ltr'>Balutio</span> <span class='ocrx_word' id='word_1_836' title='bbox 2775 5189 2829 5237; x_wconf 90' lang='lat' dir='ltr'>in</span> <span class='ocrx_word' id='word_1_837' title='bbox 2888 5183 3130 5236; x_wconf 72' lang='lat' dir='ltr'>Harcltia</span> <span class='ocrx_word' id='word_1_838' title='bbox 3195 5183 3412 5246; x_wconf 82' lang='lat' dir='ltr'>Hispan.</span> <span class='ocrx_word' id='word_1_839' title='bbox 3461 5181 3765 5246; x_wconf 75' lang='lat' dir='ltr'>Appendice</span> <span class='ocrx_word' id='word_1_840' title='bbox 3828 5180 3918 5232; x_wconf 86' lang='lat' dir='ltr'>tit.</span> 
     </span>
    </p>
   </div>
   <div class='ocr_carea' id='block_1_114' title="bbox 2211 5251 3898 5322">
    <p class='ocr_par' dir='ltr' id='par_1_114' title="bbox 2211 5251 3898 5322">
     <span class='ocr_line' id='line_1_114' title="bbox 2211 5251 3898 5322; baseline -0.007 -10"><span class='ocrx_word' id='word_1_841' title='bbox 2211 5261 2303 5312; x_wconf 67' lang='lat'>221</span> <span class='ocrx_word' id='word_1_842' title='bbox 2343 5261 2525 5315; x_wconf 86' lang='lat' dir='ltr'>relata,</span> <span class='ocrx_word' id='word_1_843' title='bbox 2563 5258 2811 5322; x_wconf 85' lang='lat' dir='ltr'>scripsit:</span> <span class='ocrx_word' id='word_1_844' title='bbox 2837 5255 3064 5318; x_wconf 79' lang='lat' dir='ltr'>Angelus</span> <span class='ocrx_word' id='word_1_845' title='bbox 3088 5254 3169 5306; x_wconf 74' lang='lat' dir='ltr'>vel</span> <span class='ocrx_word' id='word_1_846' title='bbox 3197 5255 3413 5307; x_wconf 73' lang='lat' dir='ltr'>catastis</span> <span class='ocrx_word' id='word_1_847' title='bbox 3442 5253 3599 5304; x_wconf 86' lang='lat' dir='ltr'>homo</span> <span class='ocrx_word' id='word_1_848' title='bbox 3643 5251 3898 5306; x_wconf 81' lang='lat' dir='ltr'>Warinus</span> 
     </span>
    </p>
   </div>
   <div class='ocr_carea' id='block_1_115' title="bbox 2215 5323 3921 5384">
    <p class='ocr_par' dir='ltr' id='par_1_115' title="bbox 2215 5323 3921 5384">
     <span class='ocr_line' id='line_1_115' title="bbox 2215 5323 3921 5384; baseline -0.008 0"><span class='ocrx_word' id='word_1_849' title='bbox 2215 5333 2271 5384; x_wconf 85' lang='lat' dir='ltr'>Et</span> <span class='ocrx_word' id='word_1_850' title='bbox 2312 5333 2363 5381; x_wconf 87' lang='grc'>111</span> <span class='ocrx_word' id='word_1_851' title='bbox 2399 5333 2538 5382; x_wconf 74' lang='lat' dir='ltr'>Actis</span> <span class='ocrx_word' id='word_1_852' title='bbox 2568 5329 2992 5382; x_wconf 83' lang='lat' dir='ltr'>consecrationis</span> <span class='ocrx_word' id='word_1_853' title='bbox 3023 5325 3260 5377; x_wconf 72' lang='lat' dir='ltr'>basilicae</span> <span class='ocrx_word' id='word_1_854' title='bbox 3296 5325 3642 5384; x_wconf 79' lang='lat' dir='ltr'>Cusanensis,</span> <span class='ocrx_word' id='word_1_855' title='bbox 3668 5328 3723 5374; x_wconf 89' lang='lat' dir='ltr'>ut</span> <span class='ocrx_word' id='word_1_856' title='bbox 3749 5323 3802 5372; x_wconf 92' lang='lat' dir='ltr'>in</span> <span class='ocrx_word' id='word_1_857' title='bbox 3837 5323 3921 5372; x_wconf 83' lang='lat' dir='ltr'>ci—</span> 
     </span>
    </p>
   </div>
   <div class='ocr_carea' id='block_1_116' title="bbox 2216 5391 3922 5468">
    <p class='ocr_par' dir='ltr' id='par_1_116' title="bbox 2216 5391 3922 5468">
     <span class='ocr_line' id='line_1_116' title="bbox 2216 5391 3922 5468; baseline -0.007 -14"><span class='ocrx_word' id='word_1_858' title='bbox 2216 5408 2320 5454; x_wconf 87' lang='lat' dir='ltr'>tata</span> <span class='ocrx_word' id='word_1_859' title='bbox 2379 5402 2619 5468; x_wconf 84' lang='lat' dir='ltr'>Append.</span> <span class='ocrx_word' id='word_1_860' title='bbox 2677 5402 2756 5450; x_wconf 91' lang='lat' dir='ltr'>tit.</span> <span class='ocrx_word' id='word_1_861' title='bbox 2820 5401 2926 5458; x_wconf 87' lang='grc'>119,</span> <span class='ocrx_word' id='word_1_862' title='bbox 3002 5397 3200 5459; x_wconf 80' lang='lat' dir='ltr'>legitur</span> <span class='ocrx_word' id='word_1_863' title='bbox 3273 5396 3589 5468; x_wconf 3' lang='lat' dir='ltr'>principem,</span> <span class='ocrx_word' id='word_1_864' title='bbox 3642 5391 3922 5468; x_wconf 69' lang='lat' dir='ltr'>Seniofre-</span> 
     </span>
    </p>
   </div>
   <div class='ocr_carea' id='block_1_117' title="bbox 2215 5461 3920 5530">
    <p class='ocr_par' dir='ltr' id='par_1_117' title="bbox 2215 5461 3920 5530">
     <span class='ocr_line' id='line_1_117' title="bbox 2215 5461 3920 5530; baseline -0.008 -2"><span class='ocrx_word' id='word_1_865' title='bbox 2215 5476 2343 5528; x_wconf 90' lang='lat' dir='ltr'><strong>dum</strong></span> <span class='ocrx_word' id='word_1_866' title='bbox 2398 5461 2608 5527; x_wconf 77' lang='lat' dir='ltr'>locasse</span> <span class='ocrx_word' id='word_1_867' title='bbox 2654 5471 2731 5524; x_wconf 86' lang='lat' dir='ltr'>ibi</span> <span class='ocrx_word' id='word_1_868' title='bbox 2789 5470 3034 5522; x_wconf 82' lang='lat' dir='ltr'>abbatem</span> <span class='ocrx_word' id='word_1_869' title='bbox 3092 5468 3383 5530; x_wconf 83' lang='lat' dir='ltr'>egregium,</span> <span class='ocrx_word' id='word_1_870' title='bbox 3444 5467 3662 5518; x_wconf 82' lang='lat' dir='ltr'>nomine</span> <span class='ocrx_word' id='word_1_871' title='bbox 3714 5461 3920 5516; x_wconf 86' lang='lat' dir='ltr'>Guari-</span> 
     </span>
    </p>
   </div>
   <div class='ocr_carea' id='block_1_118' title="bbox 2207 5535 3919 5611">
    <p class='ocr_par' dir='ltr' id='par_1_118' title="bbox 2207 5535 3919 5611">
     <span class='ocr_line' id='line_1_118' title="bbox 2207 5535 3919 5611; baseline -0.008 -11"><span class='ocrx_word' id='word_1_872' title='bbox 2207 5561 2358 5606; x_wconf 84' lang='lat' dir='ltr'>num,</span> <span class='ocrx_word' id='word_1_873' title='bbox 2391 5546 2505 5611; x_wconf 87' lang='lat' dir='ltr'>qui,</span> <span class='ocrx_word' id='word_1_874' title='bbox 2526 5558 2622 5597; x_wconf 86' lang='lat' dir='ltr'>ceu</span> <span class='ocrx_word' id='word_1_875' title='bbox 2647 5546 2710 5595; x_wconf 87' lang='lat' dir='ltr'>ut</span> <span class='ocrx_word' id='word_1_876' title='bbox 2737 5541 2886 5595; x_wconf 85' lang='lat' dir='ltr'>sidus</span> <span class='ocrx_word' id='word_1_877' title='bbox 2926 5539 3186 5599; x_wconf 84' lang='lat' dir='ltr'>lucidum,</span> <span class='ocrx_word' id='word_1_878' title='bbox 3220 5539 3436 5603; x_wconf 78' lang='lat' dir='ltr'>aﬂ&#39;atim</span> <span class='ocrx_word' id='word_1_879' title='bbox 3466 5536 3682 5590; x_wconf 83' lang='lat' dir='ltr'>vibrare</span> <span class='ocrx_word' id='word_1_880' title='bbox 3715 5535 3919 5598; x_wconf 84' lang='lat' dir='ltr'>satagit</span> 
     </span>
    </p>
   </div>
   <div class='ocr_carea' id='block_1_119' title="bbox 2208 5632 2467 5674">
    <p class='ocr_par' dir='ltr' id='par_1_119' title="bbox 2208 5632 2467 5674">
     <span class='ocr_line' id='line_1_119' title="bbox 2208 5632 2467 5674; baseline -0.027 0"><span class='ocrx_word' id='word_1_881' title='bbox 2208 5634 2292 5674; x_wconf 75' lang='lat'>008</span> <span class='ocrx_word' id='word_1_882' title='bbox 2297 5633 2389 5670; x_wconf 86' lang='lat' dir='ltr'>mu</span> <span class='ocrx_word' id='word_1_883' title='bbox 2395 5632 2444 5668; x_wconf 89' lang='lat' dir='ltr'>m</span> <span class='ocrx_word' id='word_1_884' title='bbox 2455 5653 2467 5667; x_wconf 83' lang='lat'><strong>.</strong></span> 
     </span>
    </p>
   </div>
  </div>
