4118 6516
172 319 258 378 961

1533 320 1714 380 VITA
1754 321 1814 380 S.
1855 319 2274 384 ROMUALDI.

3556 325 3664 385 962

173 448 376 508 sultum
400 450 685 525 praeberet
712 454 950 508 exactus
975 456 1080 508 est.
1110 450 1418 508 Accersitis
1441 450 1619 523 igitur
1647 449 2124 512 MarinoAannis
2158 451 2278 523 ipse
2316 458 2372 508 et
2417 451 2669 510 Joannes
2713 452 3132 523 Grandenicus,
3175 451 3416 511 sarculis
3451 458 3658 512 terram

173 546 221 596 et
274 537 618 608 Romualdo,
676 539 785 596 hoc
837 537 948 596 sibi
1006 539 1302 599 communi
1347 539 1590 613 jubetur
1639 531 1895 598 senteni

174 629 260 698 tia,
288 637 349 688 ut
379 629 660 687 saeculum
696 628 874 687 simul
904 644 1036 687 cum
1068 630 1212 703 ipso,
1241 644 1417 703 quem
1452 644 1555 702 per
1587 630 1749 688 nefas
1779 631 1874 687 in-

175 723 402 786 vaserat,
457 716 672 774 ducatu
729 716 1104 790 relinqueret,
1175 724 1252 786 et,
1325 717 1469 790 quia
1530 717 1601 774 ad
1663 717 1872 775 alienae

174 805 572 864 dominationis
603 823 796 865 arcem
833 807 1049 880 injuste
1087 813 1444 880 proruperat,
1485 805 1606 879 ipse
1642 823 1701 863 se
1739 807 1874 865 alie-

176 911 259 952 nae
304 895 594 968 potestatis
631 895 896 954 dominio
943 896 1296 969 subjugaret.
1340 896 1446 954 Ille
1473 903 1670 954 autem
1703 896 1873 954 homo

177 983 443 1042 nimirum
499 984 560 1042 in
619 990 889 1057 potestate
948 985 1192 1056 positus,
1244 985 1382 1058 quia
1437 986 1873 1044 conversionem

173 1089 331 1132 suam
362 1075 668 1132 manifeste
697 1075 882 1132 facere
907 1091 1086 1133 ausus
1125 1091 1236 1133 non
1271 1083 1372 1144 est,
1418 1080 1610 1134 tutum
1650 1078 1874 1150 putavit

174 1162 274 1220 hoc
314 1163 596 1220 utendum
639 1179 762 1220 esse
801 1163 1060 1220 consilio.
1106 1163 1456 1220 Imminente
1494 1164 1676 1236 igitur
1713 1165 1871 1222 festi-

173 1250 336 1307 vitate
388 1252 570 1308 sancti
610 1251 912 1323 cujusdam
955 1252 1244 1325 martyris,
1280 1267 1353 1308 ex
1393 1253 1561 1326 cujus
1593 1253 1873 1312 vocabulo

177 1339 458 1398 basilicam
499 1341 561 1398 in
591 1341 824 1414 propria
855 1342 1214 1414 possessione
1243 1342 1432 1401 adhuc
1465 1344 1725 1416 privatus
1767 1345 1872 1402 ba-

175 1428 383 1497 buerat,
413 1425 534 1485 illic
564 1427 746 1500 pridie
781 1444 1028 1486 uxorem
1057 1429 1208 1500 (196)
1233 1445 1396 1488 suam
1424 1431 1723 1504 praemisit,
1751 1432 1874 1504 ipse

172 1516 327 1588 quasi
362 1531 498 1573 mox
531 1524 872 1586 secuturus;
919 1518 1026 1576 hoc
1051 1519 1104 1576 ei
1135 1519 1494 1592 praecipiens,
1545 1525 1610 1579 ut
1648 1528 1701 1578 et
1727 1518 1874 1575 434

170 1610 428 1661 ornatum
462 1604 721 1662 ecclesiae
759 1607 1258 1665 accuratissimum
1302 1609 1642 1681 provideret,
1685 1615 1744 1666 et
1779 1625 1871 1668 se-

170 1693 718 1758 cumvenientibus
755 1704 1120 1770 sumptuosas
1169 1696 1473 1771 epularum
1519 1698 1752 1758 delicias
1807 1701 1868 1758 in

1957 538 2304 610 frangentes,
2371 545 2426 596 et
2486 539 2743 598 triticum
2811 541 3182 609 seminantes,
3241 556 3317 599 ex
3375 556 3663 600 manuum

1955 643 2196 686 suarum
2283 629 2476 687 labore
2560 630 2853 688 vixerunt.
2940 628 3050 698 Qui
3142 628 3445 698 nimirum,
3520 628 3663 688 dum

1953 717 2367 789 agriculturam
2431 718 2796 789 exercebant,
2870 720 3094 792 pondus
3138 718 3354 793 jejunii
3402 717 3664 792 duplica-

1954 807 2115 867 bant.

2515 889 2661 947 435
2694 890 2937 948 CAPUT
2964 889 3090 947 VII.

2093 981 2169 1033 De
2221 981 2440 1036 diversa
2496 997 2684 1051 pugna
2740 980 2970 1043 diaboli,
3020 996 3185 1050 quam
3237 983 3518 1036 sustinuit.

2024 1072 2408 1146 Impugnabat
2459 1083 2648 1134 tamen
2695 1074 2963 1133 diabolus
3025 1076 3418 1135 Romualdum
3464 1075 3667 1134 multis

1953 1169 2009 1219 et
2045 1163 2220 1220 variis
2261 1165 2642 1224 tentationum
2678 1164 3161 1234 immissionibus,
3198 1165 3456 1223 maxime
3491 1164 3662 1222 initio

1953 1251 2367 1322 conversionis,
2416 1261 2784 1327 mentemque
2823 1253 2958 1326 ejus
3013 1269 3109 1326 per
3154 1254 3335 1311 multa
3374 1253 3648 1312 vitiorum

1955 1336 2242 1397 incentiva
2276 1343 2551 1414 raptabat,
2585 1342 2751 1399 modo
2779 1341 2867 1398 illi
2896 1341 2958 1397 in
3003 1343 3338 1399 memoriam
3377 1357 3654 1399 revocans

1954 1441 2090 1497 quae
2121 1434 2176 1483 et
2208 1438 2442 1501 quanta,
2487 1438 2552 1488 ut
2585 1437 2719 1503 puta
2757 1429 2849 1486 vir
2885 1437 3171 1496 strenuus,
3207 1431 3269 1487 in
3312 1429 3526 1489 saeculo
3561 1445 3658 1488 ac-

1953 1514 2187 1587 quirere
2226 1519 2453 1589 potuit;
2486 1518 2655 1575 modo
2685 1533 2820 1592 qum
2867 1518 3110 1590 ingratis
3149 1519 3486 1591 propinquis
3527 1532 3660 1576 nec-

1953 1601 2094 1659 dum
2137 1610 2266 1676 post
2304 1621 2363 1662 se
2406 1605 2933 1678 concupiscibiliter
2971 1605 3360 1663 haereditanda
3395 1605 3660 1679 reliquit;

1955 1690 2125 1749 modo
2165 1708 2340 1764 parva
2380 1693 2558 1750 nimis
2593 1702 2646 1750 et
2677 1694 2898 1751 nullius
2936 1693 3124 1751 meriti
3174 1709 3298 1751 esse
3335 1710 3469 1770 quae
3511 1695 3662 1752 face-

170 1782 478 1840 crastinum
532 1792 895 1857 praepararet.
953 1784 1080 1857 Ipse
1140 1793 1329 1842 autem
1387 1793 1508 1857 post
1563 1789 2058 1866 conjugemBret,
2107 1784 2448 1855 accusabat;
2499 1783 2688 1853 modo,
2743 1783 2880 1842 tanti
2923 1783 3133 1842 laboris
3171 1784 3450 1842 honorem
3494 1783 3662 1843 incu-

173 1886 496 1941 remanens,
526 1873 619 1930 his
654 1873 725 1931 de
769 1876 891 1932 suis
931 1875 1236 1944 thesauris,
1269 1891 1402 1948 qum
1440 1876 1550 1934 sibi
1597 1878 1874 1937 videban-

175 1966 279 2029 tur,
320 1958 546 2028 ablatis,
588 1975 718 2018 cum
769 1963 1022 2036 quodam
1054 1979 1158 2022 suo
1189 1963 1488 2034 familiari,
1519 1964 1742 2024 Joanne
1772 1968 1876 2026 sci-

171 2048 294 2104 licet
313 2049 672 2107 Grandenico
698 2051 864 2124 (197),
895 2051 997 2124 qui
1023 2052 1279 2124 praefatae
1309 2054 1724 2126 conjuratiouis
1745 2070 1877 2114 con-

168 2136 313 2194 scius
340 2137 544 2208 fuerat,
577 2146 632 2197 et
653 2156 786 2198 cum
815 2140 1000 2198 tribus
1022 2139 1140 2199 illis
1167 2141 1316 2210 (198)
1348 2143 1532 2201 beatis
1563 2145 1705 2202 viris
1728 2162 1875 2218 quos

165 2227 584 2299 praeposuimus
615 2245 822 2286 navem
854 2231 1129 2299 ascendit,
1164 2231 1373 2289 deinde
1413 2232 1473 2288 in
1512 2231 1764 2299 Galliam
1801 2235 1872 2292 ad

167 2316 580 2375 monasterium
623 2316 776 2386 (199)
817 2317 1043 2377 abbatis
1081 2317 1322 2378 Guarini
1356 2335 1602 2394 magnus
1632 2338 1874 2382 conver-

167 2418 259 2460 sus
311 2403 560 2475 aufugit.
623 2404 789 2464 Petro
847 2407 1024 2480 igitur
1077 2416 1135 2466 et
1187 2409 1408 2467 Joanne
1460 2413 1760 2471 monachis
1812 2413 1875 2471 in

168 2492 222 2549 á½ƒ.
257 2491 556 2550 Michaelis
582 2494 845 2552 coenobio
874 2496 1056 2566 factis,
1099 2496 1361 2556 Marinus
1399 2505 1452 2556 et
1492 2499 1873 2573 Romualdus,

166 2595 276 2639 non
338 2582 509 2656 longe
565 2598 598 2641 a
650 2585 997 2643 monasterio
1052 2586 1342 2658 degentes,
1395 2587 1464 2645 ad
1522 2590 1876 2662 singularem

165 2671 359 2740 vitam,
394 2671 490 2729 cui
510 2673 722 2730 assueti
752 2673 999 2746 fuerant,
1029 2684 1414 2734 revertuntur.
1453 2677 1676 2747 Quibus
1701 2679 1874 2737 etiam

163 2758 268 2830 ipsi
312 2759 435 2832 jam
482 2760 618 2819 dicti
658 2761 879 2832 fratres,
921 2772 1145 2836 peracto
1176 2764 1280 2822 vix
1311 2781 1510 2824 annuo
1551 2767 1752 2840 spatio,
1802 2769 1874 2826 ad

163 2848 571 2920 perferendam
603 2850 860 2922 ejusdem
889 2850 1220 2910 solitudinis
1239 2853 1654 2913 districtionem
1681 2871 1876 2929 aggre-

163 2939 276 3010 gati
313 2945 472 2997 sunt.

833 3044 1078 3103 CAPUT
1109 3045 1204 3104 V1.

165 3135 823 3211 QualiterLRomualdus
865 3155 970 3192 uno
1040 3154 1181 3193 anno
1241 3140 1332 3211 â€˜de
1401 3142 1618 3211 pugillo
1689 3145 1876 3198 ciceris

224 3207 560 3290 perndiem,
619 3214 669 3263 et
727 3210 902 3264 tribus
975 3211 1136 3264 armis
1217 3209 1283 3263 de
1358 3207 1460 3266 sua
1488 3207 1499 3208 á½·
1532 3215 1874 3280 agricultura

226 3280 393 3332 nimii.

226 3380 458 3440 Interea
518 3381 898 3457 Romualdus,
957 3401 1196 3444 accenso
1267 3388 1479 3446 mentis
1564 3387 1870 3460 desiderio,

153 3472 322 3544 ccepit
352 3470 424 3528 de
453 3472 776 3532 virtutibus
810 3474 871 3531 iu
914 3474 1156 3532 virtutes
1195 3475 1536 3534 mirabiliter
1573 3492 1825 3534 crescere
1856 3497 1868 3536 :

155 3565 209 3615 et
256 3558 516 3632 reliquos
573 3561 776 3618 fratres
825 3569 1036 3619 sanctas
1074 3554 1524 3620 conversationis
1579 3564 1874 3636 gressibus

159 3645 392 3720 longius
440 3647 661 3707 anteire
690 3673 701 3706 :
733 3654 798 3708 ut
829 3649 968 3722 jam,
1011 3649 1295 3724 quidquid
1327 3650 1480 3707 inter
1519 3651 1722 3710 fratres
1748 3653 1874 3711 sive

157 3733 226 3793 de
297 3735 703 3808 spiritualibus
758 3738 882 3795 sive
949 3739 1125 3796 etiam
1186 3737 1257 3796 de
1309 3729 1702 3812 corporalibus
1753 3741 1874 3814 ipse

156 3824 513 3895 decerneret,
556 3825 782 3884 cunctis
819 3826 1174 3898 volentibus,
1217 3827 1341 3901 ejus
1368 3829 1608 3887 omnino
1644 3835 1872 3887 senten-

158 3912 236 3970 tia
298 3911 659 3986 praevaleret.
701 3913 830 3987 Ipse
877 3929 1110 3990 quoque
1153 3914 1413 3974 Marinus
1444 3915 1730 3993 gaudebat
1758 3916 1874 3975 Ro-

157 4001 398 4060 mualdo
427 4017 550 4060 esse
579 4001 840 4074 devotus,
870 4005 964 4062 cui
995 4020 1184 4078 nuper
1214 4006 1400 4063 fuerat
1428 4004 1551 4078 ipse
1579 4007 1871 4079 praelatus.

156 4091 265 4150 Per
293 4091 643 4150 continuum
668 4093 882 4167 quippe
913 4109 1134 4152 annum
1164 4095 1526 4154 Romualdus
1547 4095 1692 4152 nihil
1714 4095 1873 4154 aliud

149 4179 226 4236 in
274 4179 480 4238 cibum
542 4181 764 4252 habuit,
821 4181 936 4239 nisi
1001 4188 1224 4240 tantum
1282 4184 1384 4257 per
1437 4182 1699 4256 singulos
1752 4181 1876 4241 dies

148 4283 223 4325 ex
283 4283 411 4327 uno
465 4269 686 4342 pugillo
749 4269 892 4328 elixi
955 4270 1155 4329 ciceris
1219 4272 1389 4329 vixit.
1445 4270 1684 4330 .Tribus
1735 4288 1874 4332 vero

207 4411 354 4476 (196)
395 4409 601 4461 Felicia
628 4426 658 4462 a
681 4411 921 4464 Dandulo
947 4415 1001 4464 et
1024 4427 1056 4464 a
1087 4414 1200 4464 fere
1232 4413 1482 4465 omnibus
1513 4413 1858 4478 nominatur;

148 4496 178 4572 Î¾
225 4482 532 4572 S'ansoviuo
575 4480 1053 4572 Î¾Î¿á½·á¼±Î¾á½·á½·Ï†Î¼Ï…Ï‰á¿ƒá½¶Î·
1097 4485 1316 4572 antiqua
1361 4484 1548 4536 altaris
1579 4483 1862 4572 tabâ€˜ulafd
1889 4513 1938 4572 D

150 4553 195 4603 S.
246 4553 518 4603 Joannem
573 4556 641 4604 de
696 4555 917 4606 Judaica
966 4555 1306 4606 Venetiarum
1348 4560 1708 4619 cognomento
1763 4558 1867 4609 Ha-

146 4623 375 4684 ripetra
416 4624 742 4687 inscribitur,
790 4629 946 4690 cujus
1008 4629 1298 4677 etiamnum
1332 4626 1671 4678 nobilissima
1703 4628 1867 4692 vulgo

154 4693 444 4756 latipiero
496 4693 696 4746 familia
757 4701 954 4747 exstat.
1016 4696 1260 4747 Pitssima
1322 4695 1437 4748 haec
1491 4696 1688 4749 femina
1750 4699 1866 4761 fuit,

155 4777 283 4828 quae
334 4765 496 4815 unico
538 4765 682 4816 edito
725 4766 835 4817 ï¬lio
881 4767 1098 4832 (nempe
1151 4769 1300 4819 Petro
1343 4767 1568 4821 Urseolo
1611 4767 1656 4818 II
1712 4769 1871 4835 duce)

156 4847 269 4886 una
334 4847 456 4886 cum
524 4848 722 4898 sponso
801 4840 1059 4888 castitatis
1132 4841 1409 4902 perpetuae
1470 4843 1652 4890 votum
1725 4843 1874 4892 vovit

156 4905 305 4963 Deo;
370 4908 441 4966 et,
495 4905 716 4957 calcatis
785 4905 939 4958 rebus
999 4907 1253 4959 humanis
1319 4909 1522 4968 animo,
1581 4908 1872 4962 calcstium

154 4974 432 5026 bonorum
485 4979 704 5029 tantum
755 4978 1207 5041 contemplatione
1267 4978 1513 5041 gavisam
1571 4993 1695 5040 Î²ÎµÎ´Îµ,
1773 4995 1866 5044 po-

156 5050 473 5112 tentemque
502 5049 567 5098 in
611 5062 768 5112 opere
813 5049 978 5113 fuisse
1026 5052 1320 5112 praedicant
1353 5049 1668 5108 Sabellicus,
1705 5051 1870 5103 Justi-

156 5121 382 5178 nianus,
413 5121 516 5170 etc.

220 5189 366 5253 (197)
418 5190 652 5241 Joannes
699 5201 769 5242 ex
822 5189 1200 5254 antiquissima
1238 5202 1390 5256 atque
1428 5203 1494 5243 ac
1538 5191 1874 5244 nobilissima

158 5256 485 5312 Gradonaca
519 5266 680 5324 gente
719 5263 772 5314 D.
814 5262 944 5313 Petri
977 5261 1181 5313 Urseoli
1211 5275 1398 5326 nepos,
1440 5263 1532 5327 qui
1575 5276 1871 5328 nunquam,

156 5333 312 5382 sicut
354 5335 411 5383 et
451 5343 568 5395 ipse
613 5332 888 5390 Uraeoius.
938 5333 1104 5384 credis
1142 5333 1281 5385 Petri
1324 5333 1573 5386 Candiani
1625 5335 1876 5387 conscius

156 5400 369 5453 fuerat.

225 5471 374 5536 (198)
406 5471 500 5525 His
527 5472 811 5526 addendus
842 5471 1080 5526 Joannes
1113 5473 1463 5530 Maumccnus
1500 5476 1694 5541 aequali
1722 5474 1874 5529 nobi-

156 5542 324 5595 litate
379 5544 691 5608 pietateque
742 5546 943 5604 socius,
1011 5549 1067 5597 et
1117 5546 1324 5599 Urseoll
1374 5560 1565 5612 gener,
1619 5548 1710 5613 qui
1758 5551 1878 5611 post

145 5618 420 5667 exactam
466 5616 526 5666 Ï‰
570 5616 886 5668 Cannensi
935 5617 1194 5670 omnobio
1242 5620 1593 5672 monasticam
1643 5629 1877 5672 conver-

1956 1872 2123 1942 tiens,
2179 1873 2367 1946 longae
2423 1872 2556 1931 vitae
2618 1874 2868 1947 spatium
2947 1871 3330 1946 promittebat.
3391 1871 3435 1932 ÎŸ
3485 1887 3663 1946 quam

1954 1975 2127 2032 saepe,
2156 1958 2424 2018 cellulam
2455 1961 2581 2033 ejus
2610 1960 2958 2035 percutiens,
2986 1975 3141 2029 cum,
3171 1975 3303 2018 cum
3333 1959 3528 2018 adhuc
3559 1961 3663 2018 vix

1955 2047 2420 2120 obdormisceret,
2455 2049 2748 2120 excitavit,
2780 2056 2834 2107 et
2865 2048 3030 2122 quasi
3049 2049 3291 2122 jamjam
3319 2047 3665 2106 imminente

1955 2137 2318 2210 crepusculo,
2348 2154 2450 2212 per
2474 2147 2648 2197 totam
2676 2145 2902 2197 noctem
2926 2138 3224 2210 vigilando
3250 2137 3522 2198 deduxit!
3559 2139 3666 2197 Per

1954 2225 2300 2284 continuum
2350 2228 2531 2285 ferme
2568 2228 3064 2302 quinquennium,
3108 2243 3278 2302 super
3317 2229 3489 2301 pedes
3536 2229 3662 2303 ejus

1955 2319 2011 2368 et
2066 2328 2233 2371 crura
2285 2313 2552 2374 diabolus
2600 2324 2878 2374 nocturno
2922 2325 3176 2391 tempore
3217 2316 3436 2389 jacuit;
3472 2325 3549 2386 et,
3590 2333 3664 2375 ne

1956 2399 2070 2456 huc
2132 2400 2383 2476 illucque
2437 2419 2496 2460 se
2554 2404 2719 2463 facile
2771 2412 3032 2470 verteret,
3121 2413 3251 2481 typo
3323 2404 3663 2479 phantastici

1954 2489 2226 2562 ponderis
2300 2494 2655 2564 aggravavit.
2719 2492 2861 2563 Quis
2917 2495 3202 2568 explicare
3276 2495 3465 2553 valeat
3525 2501 3664 2568 quot

1955 2578 2266 2638 frementes
2319 2581 2595 2639 vitiorum
2674 2581 2881 2639 bestias
2939 2582 3223 2655 pertulit?
3281 2598 3459 2656 quam
3512 2599 3666 2656 saepe

1956 2674 2265 2741 praesentes
2303 2668 2536 2742 iniquos
2590 2671 2828 2742 spiritus
2880 2669 3213 2728 durissimis
3264 2671 3671 2745 increpationi-

1957 2759 2065 2816 bus
2094 2759 2415 2831 eifugavit?
2447 2759 2613 2817 Unde
2642 2759 2834 2830 etiam,
2867 2761 2917 2818 si
2951 2760 3200 2818 fratrum
3240 2760 3453 2834 aliquis
3484 2761 3665 2818 silen-

1957 2850 2020 2906 tii
2063 2857 2317 2923 tempore
2362 2850 2567 2908 cellam
2605 2852 2730 2924 ejus
2765 2852 2973 2925 quavis
3014 2852 3349 2910 necessitate
3396 2852 3662 2926 compul-

1955 2953 2056 2997 sus
2087 2938 2293 3009 adiret,
2326 2940 2518 2996 statim
2559 2940 2726 2998 miles
2757 2940 2970 2998 Christi
3011 2949 3246 3015 paratus
3272 2941 3344 2999 ad
3372 2941 3665 3015 praelium,

1959 3025 2124 3084 solito
2152 3042 2333 3097 more,
2372 3027 2564 3100 ipsum
2609 3045 2734 3087 esse
2771 3029 3113 3088 existimans
3142 3029 3460 3103 diabolum,
3499 3029 3672 3088 claris

1958 3116 2207 3174 vocibus
2237 3116 2588 3192 increpabat,
2616 3118 2848 3178 dicens:
2882 3118 3005 3189 Quo
3024 3121 3211 3179 tendis
3234 3121 3425 3193 modo,
3456 3123 3670 3196 turpis-

1962 3206 2155 3263 sime?
2181 3205 2334 3275 Quid
2362 3207 2464 3265 tibi
2497 3208 2558 3266 in
2607 3224 2822 3280 eremo,
2856 3209 2926 3266 de
2954 3209 3098 3268 caelo
3127 3211 3386 3283 dejecte?
3424 3211 3671 3280 Recede,

1961 3294 2122 3351 canis
2147 3294 2456 3353 immunde
2472 3315 2489 3365 ;
2515 3312 2813 3367 evanesce,
2844 3297 3082 3356 coluber
3107 3304 3420 3357 veternose.
3439 3299 3672 3374 Hisigi-

1964 3389 2058 3440 tur
2089 3389 2145 3439 et
2175 3383 2515 3456 hujusmodi
2554 3381 2744 3441 verbis
2782 3384 3103 3443 declarabat
3137 3402 3199 3444 se
3231 3402 3363 3445 cum
3397 3387 3672 3462 malignis

1961 3469 2265 3543 spiritibus
2303 3471 2364 3528 in
2401 3469 2524 3540 acie
2555 3486 2784 3543 semper
2812 3473 3096 3544 assistere,
3133 3480 3188 3532 et
3237 3474 3370 3532 ï¬dei
3404 3490 3464 3532 se
3490 3475 3670 3534 armis

1959 3560 2282 3617 accinctum
2313 3561 2761 3634 provocantibus
2790 3561 3054 3622 hostibus
3089 3562 3152 3622 in
3190 3579 3455 3637 campum
3493 3565 3669 3637 proti-

1960 3663 2076 3706 nus
2095 3648 2348 3707 obviare.

2591 3735 2836 3800 CAPUT
2867 3737 3021 3799 VIII.

1978 3829 2160 3883 Unum
2211 3843 2381 3896 genus
2431 3831 2557 3902 uitae
2611 3828 2933 3896 Romualdi;
2968 3835 3018 3884 et
3057 3829 3125 3902 de
3157 3833 3478 3902 panitentia
3528 3835 3680 3890 Petri

2396 3912 2398 3915 '
2431 3899 2608 3963 ducis,
2655 3905 2705 3954 et
2739 3902 3031 3972 prophetia
3072 3899 3208 3971 ejus.

2036 4003 2288 4076 Contigit
2344 4009 2538 4063 autem
2611 4010 2680 4062 ut
2733 4004 3066 4078 aliquando,
3144 4005 3359 4065 librum
3413 4008 3483 4066 de
3551 4011 3668 4070 vita

1963 4092 2206 4150 Patrum
2259 4093 2473 4165 legens,
2553 4093 2617 4172 iu
2687 4093 2854 4151 illum
2919 4095 3110 4153 locum
3179 4097 3457 4157 incideret
3525 4096 3672 4155 436

1961 4180 2067 4238 ubi
2115 4182 2445 4240 continetur
2485 4181 2639 4256 quod
2678 4181 2912 4254 quidam
2951 4183 3170 4250 fratres,
3205 4199 3307 4260 per
3336 4187 3673 4258 continuam

1961 4269 2384 4328 hebdomadam
2424 4269 2795 4344 singulariter
2825 4271 3156 4346 jejunantes
3186 4275 3359 4346 (200),
3393 4274 3673 4340 Sabbato-

1969 4413 2230 4488 sationem
2297 4413 2764 4488 Venetiasrrediit,
2825 4417 2878 4488 et
2922 4418 3320 4488 (monasterium
3363 4421 3414 4471 S.
3465 4421 3676 4488 Georgii

1971 4483 2309 4536 Venetiarum
2384 4485 2639 4542 condidit,
2705 4487 2849 4548 quod
2915 4487 3405 4552 imprmsetitiarum
3475 4483 3669 4546 mona-

1968 4555 2052 4606 chi
2113 4557 2551 4619 congregationis
2597 4554 2648 4610 S.
2711 4555 2928 4609 Justiuaa
2981 4572 3078 4611 seu
3132 4561 3320 4614 MOutis
3369 4562 3540 4616 Casini
3589 4567 3672 4618 ina

1969 4626 2173 4678 colunt.
2825 4633 2827 4636 â€˜

2032 4697 2166 4762 (I99)
2193 4696 2570 4748 Monasterium
2611 4710 2806 4765 nempe
2840 4698 3079 4764 Guarani,
3115 4702 3198 4754 cui
3233 4707 3462 4766 praeerat
3487 4705 3673 4759 Guari-

1969 4781 2076 4820 nus
2105 4766 2289 4829 abbas,
2326 4771 2379 4818 in
2409 4767 2626 4838 dioecesi
2660 4770 2958 4823 Helenensi
2992 4775 3176 4835 situm,
3207 4777 3350 4838 quod
3387 4775 3676 4832 Damiauus

1971 4853 2133 4905 supra
2154 4838 2216 4890 in
2240 4840 2514 4890 ulterioris
2550 4836 2731 4892 Gallias
2757 4841 2954 4903 ï¬nibus
2985 4836 3236 4894 locatum
3255 4845 3420 4899 fuisse
3450 4851 3633 4902 statuit
3652 4871 3670 4907 Î¹

1972 4923 2076 4963 nec
2123 4922 2430 4974 perperam,
2494 4924 2620 4960 nam
2667 4913 2742 4962 (1|.
2798 4913 2849 4961 V.
2906 4912 3243 4966 Mabillonius
3289 4916 3344 4968 in
3398 4917 3671 4973 Observat.

1973 4983 2046 5034 ad
2103 4985 2281 5033 Vitam
2325 4979 2382 5032 S.
2429 4983 2488 5032 P.
2544 4979 2756 5040 Urseoli,
2814 4996 2868 5034 n.
2925 4984 2970 5043 4,
3022 4985 3676 5043 Î¹á½±Î¹Î¹Î¿á¿ÎµÎ½á½·Î¹ÎµÏƒÏ…Ï‰Î±Î·ÎµÎ·ÎµÎ¿

1974 5049 2028 5105 S.
2073 5051 2359 5124 Michaelis_
2393 5051 2704 5124 canobium,
2755 5065 3071 5124 quanquam
3116 5055 3175 5106 in
3222 5057 3551 5113 Catalaum'a
3585 5075 3673 5124 po-

1973 5124 2160 5196 situm,
2211 5125 2273 5196 in
2323 5119 2502 5196 Gallias
2550 5122 2745 5196 ï¬nibus
2800 5125 2905 5174 rite
2961 5123 3199 5178 locatum
3257 5133 3350 5191 est,
3421 5119 3675 5196 quando-

1975 5194 2193 5267 quidem
2231 5193 2677 5247 Barchinonch
2723 5198 2946 5255 tractus,
3013 5196 3308 5259 Ccritania,
3361 5193 3563 5267 aliique
3604 5205 3678 5256 ad

1976 5263 2328 5318 Lubricatum
2371 5279 2590 5318 amnem
2613 5267 2919 5326 comitatus,
2947 5267 3294 5332 jampridem
3338 5263 3550 5326 Gattica
3576 5275 3672 5326 di-

1977 5335 2120 5386 tiomâ€˜
2144 5341 2494 5390 accesserant.

2041 5405 2178 5468 (200)
2201 5407 2327 5460 Vide
2360 5407 2733 5480 Palladiumic.
2768 5407 2829 5459 24
2853 5412 2904 5462 et
2932 5422 3051 5475 cap.
3095 5411 3199 5471 106,
3238 5424 3356 5478 quae
3392 5416 3678 5480 jejunandl

1979 5489 2175 5530 severa
2198 5480 2531 5531 consuetudo
2564 5479 2632 5530 ab
2660 5479 2786 5545 Reg.
2811 5480 2871 5532 S.
2914 5483 3135 5536 Antonii
3164 5497 3209 5535 c.
3239 5483 3288 5546 2,
3313 5479 3582 5549 statuitur,
3620 5493 3678 5543 et

1979 5549 2047 5620 ab
2096 5549 2144 5600 s.
2201 5549 2482 5601 Athanasio
2540 5550 2594 5600 in
2672 5549 2961 5618 Syntagm.
3025 5554 3280 5620 doctrina
3312 5556 3387 5610 ad
3432 5558 3684 5618 monach.

1984 5619 2330 5672 observatur.-
