  <div class='ocr_page' id='page_1' title='image "/cluster/home/n/w/nwhite01/storage/ocr_20150623/144/umn.31951002477437p/523.png"; bbox 0 0 4118 6492; ppageno 0'>
   <div class='ocr_carea' id='block_1_1' title="bbox 423 317 528 377">
    <p class='ocr_par' dir='ltr' id='par_1_1' title="bbox 423 317 528 377">
     <span class='ocr_line' id='line_1_1' title="bbox 423 317 528 377; baseline 0 0"><span class='ocrx_word' id='word_1_1' title='bbox 423 317 528 377; x_wconf 81' lang='lat'>968</span> 
     </span>
    </p>
   </div>
   <div class='ocr_carea' id='block_1_2' title="bbox 889 309 3455 380">
    <p class='ocr_par' dir='ltr' id='par_1_2' title="bbox 889 309 3455 380">
     <span class='ocr_line' id='line_1_2' title="bbox 889 309 3455 380; baseline -0.001 0"><span class='ocrx_word' id='word_1_2' title='bbox 889 321 951 380; x_wconf 90' lang='lat' dir='ltr'>S.</span> <span class='ocrx_word' id='word_1_3' title='bbox 992 319 1212 379; x_wconf 79' lang='lat' dir='ltr'>PETRI</span> <span class='ocrx_word' id='word_1_4' title='bbox 1253 317 1574 377; x_wconf 82' lang='lat' dir='ltr'>DAMIANI</span> <span class='ocrx_word' id='word_1_5' title='bbox 1612 317 1768 377; x_wconf 88' lang='lat' dir='ltr'>OPP.</span> <span class='ocrx_word' id='word_1_6' title='bbox 1813 315 2006 376; x_wconf 75' lang='lat' dir='ltr'>PARS</span> <span class='ocrx_word' id='word_1_7' title='bbox 2045 309 2474 376; x_wconf 44' lang='lat' dir='ltr'>SEUiTOMUS</span> <span class='ocrx_word' id='word_1_8' title='bbox 2513 313 2588 373; x_wconf 87' lang='grc' dir='ltr'>ΙΙ.</span> <span class='ocrx_word' id='word_1_9' title='bbox 2633 348 2695 358; x_wconf 88' lang='lat'>—-—</span> <span class='ocrx_word' id='word_1_10' title='bbox 2739 313 3194 375; x_wconf 79' lang='lat' dir='ltr'>SANCTORUM</span> <span class='ocrx_word' id='word_1_11' title='bbox 3235 315 3455 376; x_wconf 62' lang='lat' dir='ltr'>VITAL&#39;.</span> 
     </span>
    </p>
   </div>
   <div class='ocr_carea' id='block_1_3' title="bbox 3821 319 3929 378">
    <p class='ocr_par' dir='ltr' id='par_1_3' title="bbox 3821 319 3929 378">
     <span class='ocr_line' id='line_1_3' title="bbox 3821 319 3929 378; baseline 0 0"><span class='ocrx_word' id='word_1_12' title='bbox 3821 319 3929 378; x_wconf 72' lang='grc'>964</span> 
     </span>
    </p>
   </div>
   <div class='ocr_carea' id='block_1_4' title="bbox 428 437 3931 520">
    <p class='ocr_par' dir='ltr' id='par_1_4' title="bbox 428 437 3931 520">
     <span class='ocr_line' id='line_1_4' title="bbox 428 437 3931 520; baseline -0.001 -15"><span class='ocrx_word' id='word_1_13' title='bbox 428 459 560 504; x_wconf 89' lang='lat' dir='ltr'>rum</span> <span class='ocrx_word' id='word_1_14' title='bbox 585 445 698 504; x_wconf 81' lang='lat' dir='ltr'>die</span> <span class='ocrx_word' id='word_1_15' title='bbox 719 444 930 520; x_wconf 85' lang='lat' dir='ltr'>pariter</span> <span class='ocrx_word' id='word_1_16' title='bbox 966 443 1374 514; x_wconf 80' lang='lat' dir='ltr'>convenirent;</span> <span class='ocrx_word' id='word_1_17' title='bbox 1432 444 1673 516; x_wconf 89' lang='lat' dir='ltr'>ipsoque</span> <span class='ocrx_word' id='word_1_18' title='bbox 1723 451 1777 502; x_wconf 90' lang='lat' dir='ltr'>et</span> <span class='ocrx_word' id='word_1_19' title='bbox 1832 440 2133 500; x_wconf 89' lang='lat' dir='ltr'>Dominico</span> <span class='ocrx_word' id='word_1_20' title='bbox 2151 439 2414 513; x_wconf 60' lang='lat' dir='ltr'>tegulam</span> <span class='ocrx_word' id='word_1_21' title='bbox 2439 441 2662 500; x_wconf 91' lang='lat' dir='ltr'>cunctis</span> <span class='ocrx_word' id='word_1_22' title='bbox 2692 440 3066 500; x_wconf 75' lang='lat' dir='ltr'>sectatoribus</span> <span class='ocrx_word' id='word_1_23' title='bbox 3088 437 3403 514; x_wconf 83' lang='lat' dir='ltr'>singularis</span> <span class='ocrx_word' id='word_1_24' title='bbox 3426 442 3563 500; x_wconf 62' lang='lat' dir='ltr'>vitae</span> <span class='ocrx_word' id='word_1_25' title='bbox 3581 439 3931 515; x_wconf 67' lang='lat' dir='ltr'>&#39;praeiigens,</span> 
     </span>
    </p>
   </div>
   <div class='ocr_carea' id='block_1_5' title="bbox 421 532 2130 611">
    <p class='ocr_par' dir='ltr' id='par_1_5' title="bbox 421 532 2130 611">
     <span class='ocr_line' id='line_1_5' title="bbox 421 532 2130 611; baseline -0.001 -19"><span class='ocrx_word' id='word_1_26' title='bbox 421 532 520 594; x_wconf 88' lang='lat' dir='ltr'>die</span> <span class='ocrx_word' id='word_1_27' title='bbox 539 535 749 611; x_wconf 85' lang='lat' dir='ltr'>jejuuii</span> <span class='ocrx_word' id='word_1_28' title='bbox 788 535 1032 608; x_wconf 82' lang='lat' dir='ltr'>rigorem</span> <span class='ocrx_word' id='word_1_29' title='bbox 1065 533 1515 608; x_wconf 75' lang='lat' dir='ltr'>interponerent,</span> <span class='ocrx_word' id='word_1_30' title='bbox 1547 541 1604 591; x_wconf 91' lang='lat' dir='ltr'>et</span> <span class='ocrx_word' id='word_1_31' title='bbox 1631 534 1929 592; x_wconf 83' lang='lat' dir='ltr'>remissius</span> <span class='ocrx_word' id='word_1_32' title='bbox 1965 532 2130 591; x_wconf 92' lang='lat' dir='ltr'>victi-</span> 
     </span>
    </p>
   </div>
   <div class='ocr_carea' id='block_1_6' title="bbox 425 621 2130 693">
    <p class='ocr_par' dir='ltr' id='par_1_6' title="bbox 425 621 2130 693">
     <span class='ocr_line' id='line_1_6' title="bbox 425 621 2130 693; baseline -0.003 -10"><span class='ocrx_word' id='word_1_33' title='bbox 425 629 632 683; x_wconf 85' lang='lat' dir='ltr'>tarent.</span> <span class='ocrx_word' id='word_1_34' title='bbox 662 624 843 693; x_wconf 79' lang='lat' dir='ltr'>Quem</span> <span class='ocrx_word' id='word_1_35' title='bbox 877 623 1112 681; x_wconf 83' lang='lat' dir='ltr'>vivendi</span> <span class='ocrx_word' id='word_1_36' title='bbox 1138 623 1404 681; x_wconf 87' lang='lat' dir='ltr'>ordinem</span> <span class='ocrx_word' id='word_1_37' title='bbox 1431 623 1625 680; x_wconf 83' lang='lat' dir='ltr'>statim</span> <span class='ocrx_word' id='word_1_38' title='bbox 1653 621 2012 681; x_wconf 82' lang='lat' dir='ltr'>Romualdus</span> <span class='ocrx_word' id='word_1_39' title='bbox 2035 638 2130 679; x_wconf 91' lang='lat' dir='ltr'>ar-</span> 
     </span>
    </p>
   </div>
   <div class='ocr_carea' id='block_1_7' title="bbox 429 711 2132 786">
    <p class='ocr_par' dir='ltr' id='par_1_7' title="bbox 429 711 2132 786">
     <span class='ocr_line' id='line_1_7' title="bbox 429 711 2132 786; baseline -0.001 -15"><span class='ocrx_word' id='word_1_40' title='bbox 429 714 626 785; x_wconf 83' lang='lat' dir='ltr'>ripuit,</span> <span class='ocrx_word' id='word_1_41' title='bbox 677 719 733 771; x_wconf 87' lang='lat' dir='ltr'>et</span> <span class='ocrx_word' id='word_1_42' title='bbox 770 713 833 771; x_wconf 89' lang='lat' dir='ltr'>in</span> <span class='ocrx_word' id='word_1_43' title='bbox 871 727 937 770; x_wconf 90' lang='lat' dir='ltr'>eo</span> <span class='ocrx_word' id='word_1_44' title='bbox 966 711 1301 786; x_wconf 88' lang='lat' dir='ltr'>quindecim</span> <span class='ocrx_word' id='word_1_45' title='bbox 1329 712 1446 769; x_wconf 84' lang='lat' dir='ltr'>fere</span> <span class='ocrx_word' id='word_1_46' title='bbox 1470 711 1639 769; x_wconf 89' lang='lat' dir='ltr'>annis</span> <span class='ocrx_word' id='word_1_47' title='bbox 1664 711 1756 769; x_wconf 91' lang='lat' dir='ltr'>vel</span> <span class='ocrx_word' id='word_1_48' title='bbox 1787 728 1853 769; x_wconf 91' lang='lat' dir='ltr'>eo</span> <span class='ocrx_word' id='word_1_49' title='bbox 1881 711 2132 784; x_wconf 86' lang='lat' dir='ltr'>amplius</span> 
     </span>
    </p>
   </div>
   <div class='ocr_carea' id='block_1_8' title="bbox 425 799 2127 874">
    <p class='ocr_par' dir='ltr' id='par_1_8' title="bbox 425 799 2127 874">
     <span class='ocr_line' id='line_1_8' title="bbox 425 799 2127 874; baseline -0.002 -15"><span class='ocrx_word' id='word_1_50' title='bbox 425 802 704 860; x_wconf 88' lang='lat' dir='ltr'>continua</span> <span class='ocrx_word' id='word_1_51' title='bbox 745 800 1074 858; x_wconf 83' lang='lat' dir='ltr'>austeritate</span> <span class='ocrx_word' id='word_1_52' title='bbox 1124 800 1458 874; x_wconf 86' lang='lat' dir='ltr'>permansit.</span> <span class='ocrx_word' id='word_1_53' title='bbox 1515 799 1714 857; x_wconf 87' lang='lat' dir='ltr'>Petrus</span> <span class='ocrx_word' id='word_1_54' title='bbox 1751 807 1944 858; x_wconf 86' lang='lat' dir='ltr'>autem</span> <span class='ocrx_word' id='word_1_55' title='bbox 1983 799 2127 872; x_wconf 90' lang='lat' dir='ltr'>dux,</span> 
     </span>
    </p>
   </div>
   <div class='ocr_carea' id='block_1_9' title="bbox 419 887 2128 962">
    <p class='ocr_par' dir='ltr' id='par_1_9' title="bbox 419 887 2128 962">
     <span class='ocr_line' id='line_1_9' title="bbox 419 887 2128 962; baseline -0.002 -15"><span class='ocrx_word' id='word_1_56' title='bbox 419 889 557 962; x_wconf 88' lang='lat' dir='ltr'>quia</span> <span class='ocrx_word' id='word_1_57' title='bbox 610 888 809 947; x_wconf 91' lang='lat' dir='ltr'>multis</span> <span class='ocrx_word' id='word_1_58' title='bbox 859 887 1092 946; x_wconf 89' lang='lat' dir='ltr'>educari</span> <span class='ocrx_word' id='word_1_59' title='bbox 1134 887 1354 946; x_wconf 83' lang='lat' dir='ltr'>deliciis</span> <span class='ocrx_word' id='word_1_60' title='bbox 1392 887 1595 947; x_wconf 90' lang='lat' dir='ltr'>solitus</span> <span class='ocrx_word' id='word_1_61' title='bbox 1643 889 1846 958; x_wconf 79' lang='lat' dir='ltr'>fuerat,</span> <span class='ocrx_word' id='word_1_62' title='bbox 1890 888 2128 962; x_wconf 89' lang='lat' dir='ltr'>jamjam</span> 
     </span>
    </p>
   </div>
   <div class='ocr_carea' id='block_1_10' title="bbox 422 979 2126 1053">
    <p class='ocr_par' dir='ltr' id='par_1_10' title="bbox 422 979 2126 1053">
     <span class='ocr_line' id='line_1_10' title="bbox 422 979 2126 1053; baseline -0.002 -14"><span class='ocrx_word' id='word_1_63' title='bbox 422 982 532 1040; x_wconf 92' lang='lat' dir='ltr'>sub</span> <span class='ocrx_word' id='word_1_64' title='bbox 590 987 703 1038; x_wconf 88' lang='lat' dir='ltr'>tam</span> <span class='ocrx_word' id='word_1_65' title='bbox 770 980 1012 1038; x_wconf 82' lang='lat' dir='ltr'>districti</span> <span class='ocrx_word' id='word_1_66' title='bbox 1084 979 1292 1053; x_wconf 90' lang='lat' dir='ltr'>jejunii</span> <span class='ocrx_word' id='word_1_67' title='bbox 1373 979 1623 1052; x_wconf 89' lang='lat' dir='ltr'>pondere</span> <span class='ocrx_word' id='word_1_68' title='bbox 1699 979 2126 1038; x_wconf 83' lang='lat' dir='ltr'>succumbebat.</span> 
     </span>
    </p>
   </div>
   <div class='ocr_carea' id='block_1_11' title="bbox 425 1066 2128 1142">
    <p class='ocr_par' dir='ltr' id='par_1_11' title="bbox 425 1066 2128 1142">
     <span class='ocr_line' id='line_1_11' title="bbox 425 1066 2128 1142; baseline -0.003 -14"><span class='ocrx_word' id='word_1_69' title='bbox 425 1069 592 1128; x_wconf 86' lang='lat' dir='ltr'>Unde</span> <span class='ocrx_word' id='word_1_70' title='bbox 616 1087 676 1130; x_wconf 91' lang='lat' dir='ltr'>se</span> <span class='ocrx_word' id='word_1_71' title='bbox 698 1071 770 1128; x_wconf 92' lang='lat' dir='ltr'>ad</span> <span class='ocrx_word' id='word_1_72' title='bbox 798 1070 967 1142; x_wconf 86' lang='lat' dir='ltr'>pedes</span> <span class='ocrx_word' id='word_1_73' title='bbox 989 1069 1056 1128; x_wconf 94' lang='lat' dir='ltr'>B.</span> <span class='ocrx_word' id='word_1_74' title='bbox 1080 1067 1390 1127; x_wconf 81' lang='lat' dir='ltr'>Romualdi</span> <span class='ocrx_word' id='word_1_75' title='bbox 1417 1067 1722 1126; x_wconf 84' lang='lat' dir='ltr'>humiliter</span> <span class='ocrx_word' id='word_1_76' title='bbox 1735 1067 1938 1125; x_wconf 90' lang='lat' dir='ltr'>stravit</span> <span class='ocrx_word' id='word_1_77' title='bbox 1968 1066 2128 1139; x_wconf 72' lang='lat'>(&#39;201).</span> 
     </span>
    </p>
   </div>
   <div class='ocr_carea' id='block_1_12' title="bbox 420 1159 2131 1233">
    <p class='ocr_par' dir='ltr' id='par_1_12' title="bbox 420 1159 2131 1233">
     <span class='ocr_line' id='line_1_12' title="bbox 420 1159 2131 1233; baseline -0.002 -14"><span class='ocrx_word' id='word_1_78' title='bbox 420 1161 629 1221; x_wconf 89' lang='lat' dir='ltr'>Jussus</span> <span class='ocrx_word' id='word_1_79' title='bbox 671 1176 810 1219; x_wconf 84' lang='lat' dir='ltr'>vero</span> <span class='ocrx_word' id='word_1_80' title='bbox 866 1166 932 1218; x_wconf 88' lang='lat' dir='ltr'>ut</span> <span class='ocrx_word' id='word_1_81' title='bbox 984 1165 1263 1233; x_wconf 84' lang='lat' dir='ltr'>surgeret,</span> <span class='ocrx_word' id='word_1_82' title='bbox 1323 1159 1720 1218; x_wconf 85' lang='lat' dir='ltr'>necessitatem</span> <span class='ocrx_word' id='word_1_83' title='bbox 1774 1174 1940 1217; x_wconf 89' lang='lat' dir='ltr'>suam</span> <span class='ocrx_word' id='word_1_84' title='bbox 1998 1173 2131 1216; x_wconf 92' lang='lat' dir='ltr'>cum</span> 
     </span>
    </p>
   </div>
   <div class='ocr_carea' id='block_1_13' title="bbox 422 1248 2132 1322">
    <p class='ocr_par' dir='ltr' id='par_1_13' title="bbox 422 1248 2132 1322">
     <span class='ocr_line' id='line_1_13' title="bbox 422 1248 2132 1322; baseline -0.002 -15"><span class='ocrx_word' id='word_1_85' title='bbox 422 1249 774 1307; x_wconf 86' lang='lat' dir='ltr'>verecundia</span> <span class='ocrx_word' id='word_1_86' title='bbox 807 1255 1034 1308; x_wconf 90' lang='lat' dir='ltr'>coactus</span> <span class='ocrx_word' id='word_1_87' title='bbox 1070 1249 1313 1322; x_wconf 90' lang='lat' dir='ltr'>aperuit.</span> <span class='ocrx_word' id='word_1_88' title='bbox 1347 1248 1531 1320; x_wconf 88' lang='lat' dir='ltr'>Pater,</span> <span class='ocrx_word' id='word_1_89' title='bbox 1564 1248 1777 1322; x_wconf 86' lang='lat' dir='ltr'>inquit,</span> <span class='ocrx_word' id='word_1_90' title='bbox 1820 1248 1956 1322; x_wconf 85' lang='lat' dir='ltr'>quia</span> <span class='ocrx_word' id='word_1_91' title='bbox 2008 1263 2132 1305; x_wconf 89' lang='lat' dir='ltr'>ma-</span> 
     </span>
    </p>
   </div>
   <div class='ocr_carea' id='block_1_14' title="bbox 419 1337 2132 1413">
    <p class='ocr_par' dir='ltr' id='par_1_14' title="bbox 419 1337 2132 1413">
     <span class='ocr_line' id='line_1_14' title="bbox 419 1337 2132 1413; baseline -0.001 -17"><span class='ocrx_word' id='word_1_92' title='bbox 419 1353 604 1410; x_wconf 82' lang='lat' dir='ltr'>gnum</span> <span class='ocrx_word' id='word_1_93' title='bbox 634 1353 842 1413; x_wconf 90' lang='lat' dir='ltr'>corpus</span> <span class='ocrx_word' id='word_1_94' title='bbox 869 1339 1072 1410; x_wconf 87' lang='lat' dir='ltr'>habeo,</span> <span class='ocrx_word' id='word_1_95' title='bbox 1119 1354 1221 1412; x_wconf 92' lang='lat' dir='ltr'>pro</span> <span class='ocrx_word' id='word_1_96' title='bbox 1273 1339 1516 1411; x_wconf 86' lang='lat' dir='ltr'>peccatis</span> <span class='ocrx_word' id='word_1_97' title='bbox 1549 1338 1692 1396; x_wconf 89' lang='lat' dir='ltr'>meis</span> <span class='ocrx_word' id='word_1_98' title='bbox 1718 1353 1791 1397; x_wconf 90' lang='lat' dir='ltr'>ex</span> <span class='ocrx_word' id='word_1_99' title='bbox 1833 1338 1937 1395; x_wconf 90' lang='lat' dir='ltr'>hac</span> <span class='ocrx_word' id='word_1_100' title='bbox 1963 1337 2132 1411; x_wconf 89' lang='lat' dir='ltr'>paxi-</span> 
     </span>
    </p>
   </div>
   <div class='ocr_carea' id='block_1_15' title="bbox 422 1425 2132 1500">
    <p class='ocr_par' dir='ltr' id='par_1_15' title="bbox 422 1425 2132 1500">
     <span class='ocr_line' id='line_1_15' title="bbox 422 1425 2132 1500; baseline 0 -16"><span class='ocrx_word' id='word_1_101' title='bbox 422 1426 587 1484; x_wconf 89' lang='lat' dir='ltr'>matii</span> <span class='ocrx_word' id='word_1_102' title='bbox 614 1427 918 1485; x_wconf 88' lang='lat' dir='ltr'>medietate</span> <span class='ocrx_word' id='word_1_103' title='bbox 948 1427 1088 1499; x_wconf 75' lang='lat'>(202)</span> <span class='ocrx_word' id='word_1_104' title='bbox 1117 1433 1435 1486; x_wconf 87' lang='lat' dir='ltr'>sustentare</span> <span class='ocrx_word' id='word_1_105' title='bbox 1468 1441 1560 1484; x_wconf 90' lang='lat' dir='ltr'>me</span> <span class='ocrx_word' id='word_1_106' title='bbox 1591 1442 1706 1484; x_wconf 86' lang='lat' dir='ltr'>non</span> <span class='ocrx_word' id='word_1_107' title='bbox 1730 1441 1983 1500; x_wconf 90' lang='lat' dir='ltr'>possum.</span> <span class='ocrx_word' id='word_1_108' title='bbox 2017 1425 2132 1484; x_wconf 84' lang='lat' dir='ltr'>Ro-</span> 
     </span>
    </p>
   </div>
   <div class='ocr_carea' id='block_1_16' title="bbox 421 1519 2134 1594">
    <p class='ocr_par' dir='ltr' id='par_1_16' title="bbox 421 1519 2134 1594">
     <span class='ocr_line' id='line_1_16' title="bbox 421 1519 2134 1594; baseline -0.001 -16"><span class='ocrx_word' id='word_1_109' title='bbox 421 1519 694 1578; x_wconf 88' lang='lat' dir='ltr'>mualdus</span> <span class='ocrx_word' id='word_1_110' title='bbox 727 1519 927 1594; x_wconf 86' lang='lat' dir='ltr'>igitur,</span> <span class='ocrx_word' id='word_1_111' title='bbox 978 1519 1271 1593; x_wconf 86' lang='lat' dir='ltr'>fragilitati</span> <span class='ocrx_word' id='word_1_112' title='bbox 1304 1519 1394 1592; x_wconf 90' lang='lat' dir='ltr'>pie</span> <span class='ocrx_word' id='word_1_113' title='bbox 1421 1519 1800 1593; x_wconf 89' lang='lat' dir='ltr'>compatiens,</span> <span class='ocrx_word' id='word_1_114' title='bbox 1841 1527 2134 1578; x_wconf 66' lang='lat' dir='ltr'>consuetas</span> 
     </span>
    </p>
   </div>
   <div class='ocr_carea' id='block_1_17' title="bbox 423 1608 2134 1683">
    <p class='ocr_par' dir='ltr' id='par_1_17' title="bbox 423 1608 2134 1683">
     <span class='ocr_line' id='line_1_17' title="bbox 423 1608 2134 1683; baseline -0.001 -16"><span class='ocrx_word' id='word_1_115' title='bbox 423 1623 716 1668; x_wconf 63' lang='lat' dir='ltr'>mensurae</span> <span class='ocrx_word' id='word_1_116' title='bbox 751 1610 1030 1683; x_wconf 89' lang='lat' dir='ltr'>quadram</span> <span class='ocrx_word' id='word_1_117' title='bbox 1074 1608 1378 1683; x_wconf 88' lang='lat' dir='ltr'>paximatii</span> <span class='ocrx_word' id='word_1_118' title='bbox 1419 1608 1568 1680; x_wconf 74' lang='lat'>(203)</span> <span class='ocrx_word' id='word_1_119' title='bbox 1604 1625 1779 1683; x_wconf 90' lang='lat' dir='ltr'>super</span> <span class='ocrx_word' id='word_1_120' title='bbox 1808 1609 2049 1681; x_wconf 87' lang='lat' dir='ltr'>addidit,</span> <span class='ocrx_word' id='word_1_121' title='bbox 2079 1614 2134 1667; x_wconf 92' lang='lat' dir='ltr'>et</span> 
     </span>
    </p>
   </div>
   <div class='ocr_carea' id='block_1_18' title="bbox 423 1698 2134 1774">
    <p class='ocr_par' dir='ltr' id='par_1_18' title="bbox 423 1698 2134 1774">
     <span class='ocr_line' id='line_1_18' title="bbox 423 1698 2134 1774; baseline -0.001 -16"><span class='ocrx_word' id='word_1_122' title='bbox 423 1699 506 1758; x_wconf 91' lang='lat' dir='ltr'>sic</span> <span class='ocrx_word' id='word_1_123' title='bbox 549 1698 763 1758; x_wconf 86' lang='lat' dir='ltr'>labenti</span> <span class='ocrx_word' id='word_1_124' title='bbox 796 1701 917 1774; x_wconf 91' lang='lat' dir='ltr'>jam</span> <span class='ocrx_word' id='word_1_125' title='bbox 955 1701 1138 1771; x_wconf 88' lang='lat' dir='ltr'>fratri,</span> <span class='ocrx_word' id='word_1_126' title='bbox 1180 1717 1254 1760; x_wconf 91' lang='lat' dir='ltr'>ne</span> <span class='ocrx_word' id='word_1_127' title='bbox 1282 1700 1521 1760; x_wconf 89' lang='lat' dir='ltr'>omnino</span> <span class='ocrx_word' id='word_1_128' title='bbox 1561 1701 1846 1771; x_wconf 79' lang='lat' dir='ltr'>deficeret,</span> <span class='ocrx_word' id='word_1_129' title='bbox 1901 1700 2134 1759; x_wconf 89' lang='lat' dir='ltr'>miseri-</span> 
     </span>
    </p>
   </div>
   <div class='ocr_carea' id='block_1_19' title="bbox 2218 529 3931 604">
    <p class='ocr_par' dir='ltr' id='par_1_19' title="bbox 2218 529 3931 604">
     <span class='ocr_line' id='line_1_19' title="bbox 2218 529 3931 604; baseline 0.002 -18"><span class='ocrx_word' id='word_1_130' title='bbox 2218 535 2281 586; x_wconf 89' lang='lat' dir='ltr'>ut</span> <span class='ocrx_word' id='word_1_131' title='bbox 2313 534 2451 587; x_wconf 92' lang='lat' dir='ltr'>tunc</span> <span class='ocrx_word' id='word_1_132' title='bbox 2485 544 2545 587; x_wconf 91' lang='lat' dir='ltr'>se</span> <span class='ocrx_word' id='word_1_133' title='bbox 2575 529 2979 602; x_wconf 88' lang='lat' dir='ltr'>unusquisque</span> <span class='ocrx_word' id='word_1_134' title='bbox 3009 529 3325 588; x_wconf 73' lang='lat' dir='ltr'>eremiticm</span> <span class='ocrx_word' id='word_1_135' title='bbox 3355 531 3492 589; x_wconf 64' lang='lat' dir='ltr'>vitae</span> <span class='ocrx_word' id='word_1_136' title='bbox 3513 529 3807 604; x_wconf 84' lang='lat' dir='ltr'>jejunium</span> <span class='ocrx_word' id='word_1_137' title='bbox 3844 538 3931 589; x_wconf 90' lang='lat' dir='ltr'>te-</span> 
     </span>
    </p>
   </div>
   <div class='ocr_carea' id='block_1_20' title="bbox 2218 609 3946 692">
    <p class='ocr_par' dir='ltr' id='par_1_20' title="bbox 2218 609 3946 692">
     <span class='ocr_line' id='line_1_20' title="bbox 2218 609 3946 692; baseline 0 -16"><span class='ocrx_word' id='word_1_138' title='bbox 2218 634 2354 676; x_wconf 91' lang='lat' dir='ltr'>nere</span> <span class='ocrx_word' id='word_1_139' title='bbox 2383 627 2703 692; x_wconf 87' lang='lat' dir='ltr'>cognoscat,</span> <span class='ocrx_word' id='word_1_140' title='bbox 2735 621 2781 676; x_wconf 88' lang='lat' dir='ltr'>si</span> <span class='ocrx_word' id='word_1_141' title='bbox 2823 635 2923 692; x_wconf 91' lang='lat' dir='ltr'>per</span> <span class='ocrx_word' id='word_1_142' title='bbox 2964 619 3385 678; x_wconf 91' lang='lat' dir='ltr'>hebdomadam</span> <span class='ocrx_word' id='word_1_143' title='bbox 3425 609 3740 690; x_wconf 87' lang='lat' dir='ltr'>triduanas,</span> <span class='ocrx_word' id='word_1_144' title='bbox 3779 609 3946 676; x_wconf 62' lang='lat'>43‘7&#39;</span> 
     </span>
    </p>
   </div>
   <div class='ocr_carea' id='block_1_21' title="bbox 2217 706 3930 782">
    <p class='ocr_par' dir='ltr' id='par_1_21' title="bbox 2217 706 3930 782">
     <span class='ocr_line' id='line_1_21' title="bbox 2217 706 3930 782; baseline 0.002 -19"><span class='ocrx_word' id='word_1_145' title='bbox 2217 713 2272 764; x_wconf 90' lang='lat' dir='ltr'>et</span> <span class='ocrx_word' id='word_1_146' title='bbox 2303 706 2589 764; x_wconf 90' lang='lat' dir='ltr'>biduanas</span> <span class='ocrx_word' id='word_1_147' title='bbox 2627 706 2776 777; x_wconf 83' lang='grc'>(206)</span> <span class='ocrx_word' id='word_1_148' title='bbox 2813 707 3154 782; x_wconf 89' lang='lat' dir='ltr'>jejuuando,</span> <span class='ocrx_word' id='word_1_149' title='bbox 3195 708 3400 781; x_wconf 86' lang='lat' dir='ltr'>quinta</span> <span class='ocrx_word' id='word_1_150' title='bbox 3436 708 3578 766; x_wconf 85' lang='lat' dir='ltr'>feria</span> <span class='ocrx_word' id='word_1_151' title='bbox 3627 715 3683 766; x_wconf 91' lang='lat' dir='ltr'>et</span> <span class='ocrx_word' id='word_1_152' title='bbox 3723 709 3930 767; x_wconf 91' lang='lat' dir='ltr'>Domi-</span> 
     </span>
    </p>
   </div>
   <div class='ocr_carea' id='block_1_22' title="bbox 2219 796 3928 871">
    <p class='ocr_par' dir='ltr' id='par_1_22' title="bbox 2219 796 3928 871">
     <span class='ocr_line' id='line_1_22' title="bbox 2219 796 3928 871; baseline 0 -17"><span class='ocrx_word' id='word_1_153' title='bbox 2219 796 2364 854; x_wconf 90' lang='lat' dir='ltr'>nicis</span> <span class='ocrx_word' id='word_1_154' title='bbox 2409 796 2616 854; x_wconf 89' lang='lat' dir='ltr'>diebus</span> <span class='ocrx_word' id='word_1_155' title='bbox 2652 796 2807 854; x_wconf 87' lang='lat' dir='ltr'>olera</span> <span class='ocrx_word' id='word_1_156' title='bbox 2847 796 2942 854; x_wconf 60' lang='lat' dir='ltr'>vel&quot;</span> <span class='ocrx_word' id='word_1_157' title='bbox 2977 797 3364 870; x_wconf 87' lang='lat' dir='ltr'>quodcunque</span> <span class='ocrx_word' id='word_1_158' title='bbox 3418 797 3716 871; x_wconf 90' lang='lat' dir='ltr'>liquamen</span> <span class='ocrx_word' id='word_1_159' title='bbox 3774 796 3928 868; x_wconf 74' lang='lat'>(207)</span> 
     </span>
    </p>
   </div>
   <div class='ocr_carea' id='block_1_23' title="bbox 2215 885 3931 960">
    <p class='ocr_par' dir='ltr' id='par_1_23' title="bbox 2215 885 3931 960">
     <span class='ocr_line' id='line_1_23' title="bbox 2215 885 3931 960; baseline 0.002 -17"><span class='ocrx_word' id='word_1_160' title='bbox 2215 903 2348 945; x_wconf 86' lang='lat' dir='ltr'>cum</span> <span class='ocrx_word' id='word_1_161' title='bbox 2397 886 2712 959; x_wconf 87' lang='lat' dir='ltr'>gratiarum</span> <span class='ocrx_word' id='word_1_162' title='bbox 2760 885 2982 944; x_wconf 90' lang='lat' dir='ltr'>actione</span> <span class='ocrx_word' id='word_1_163' title='bbox 3033 887 3328 960; x_wconf 89' lang='lat' dir='ltr'>percipiat,</span> <span class='ocrx_word' id='word_1_164' title='bbox 3369 888 3624 960; x_wconf 84' lang='lat' dir='ltr'>exceptis</span> <span class='ocrx_word' id='word_1_165' title='bbox 3657 888 3931 947; x_wconf 87' lang='lat' dir='ltr'>videlicet</span> 
     </span>
    </p>
   </div>
   <div class='ocr_carea' id='block_1_24' title="bbox 2216 974 3929 1050">
    <p class='ocr_par' dir='ltr' id='par_1_24' title="bbox 2216 974 3929 1050">
     <span class='ocr_line' id='line_1_24' title="bbox 2216 974 3929 1050; baseline 0.003 -18"><span class='ocrx_word' id='word_1_166' title='bbox 2216 975 2443 1034; x_wconf 87' lang='lat' dir='ltr'>duabus</span> <span class='ocrx_word' id='word_1_167' title='bbox 2473 975 2612 1032; x_wconf 90' lang='lat' dir='ltr'>anni</span> <span class='ocrx_word' id='word_1_168' title='bbox 2649 974 3150 1049; x_wconf 85' lang='lat' dir='ltr'>Quadragesimis;</span> <span class='ocrx_word' id='word_1_169' title='bbox 3192 976 3255 1034; x_wconf 94' lang='lat' dir='ltr'>in</span> <span class='ocrx_word' id='word_1_170' title='bbox 3302 977 3518 1050; x_wconf 90' lang='lat' dir='ltr'>quibus</span> <span class='ocrx_word' id='word_1_171' title='bbox 3561 993 3678 1036; x_wconf 91' lang='lat' dir='ltr'>non</span> <span class='ocrx_word' id='word_1_172' title='bbox 3732 979 3929 1037; x_wconf 91' lang='lat' dir='ltr'>solum</span> 
     </span>
    </p>
   </div>
   <div class='ocr_carea' id='block_1_25' title="bbox 2216 1067 3931 1141">
    <p class='ocr_par' dir='ltr' id='par_1_25' title="bbox 2216 1067 3931 1141">
     <span class='ocr_line' id='line_1_25' title="bbox 2216 1067 3931 1141; baseline 0.002 -17"><span class='ocrx_word' id='word_1_173' title='bbox 2216 1069 2336 1140; x_wconf 89' lang='lat' dir='ltr'>ipse</span> <span class='ocrx_word' id='word_1_174' title='bbox 2375 1067 2473 1124; x_wconf 91' lang='lat' dir='ltr'>sed</span> <span class='ocrx_word' id='word_1_175' title='bbox 2511 1072 2566 1124; x_wconf 93' lang='lat' dir='ltr'>et</span> <span class='ocrx_word' id='word_1_176' title='bbox 2606 1067 2867 1140; x_wconf 86' lang='lat' dir='ltr'>plerique</span> <span class='ocrx_word' id='word_1_177' title='bbox 2912 1069 3003 1126; x_wconf 89' lang='lat' dir='ltr'>sui</span> <span class='ocrx_word' id='word_1_178' title='bbox 3034 1067 3304 1141; x_wconf 88' lang='lat' dir='ltr'>discipuli</span> <span class='ocrx_word' id='word_1_179' title='bbox 3345 1068 3519 1126; x_wconf 88' lang='lat' dir='ltr'>totius</span> <span class='ocrx_word' id='word_1_180' title='bbox 3548 1067 3931 1128; x_wconf 67' lang='lat' dir='ltr'>hebdomade:</span> 
     </span>
    </p>
   </div>
   <div class='ocr_carea' id='block_1_26' title="bbox 2217 1155 3932 1230">
    <p class='ocr_par' dir='ltr' id='par_1_26' title="bbox 2217 1155 3932 1230">
     <span class='ocr_line' id='line_1_26' title="bbox 2217 1155 3932 1230; baseline 0.001 -16"><span class='ocrx_word' id='word_1_181' title='bbox 2217 1155 2368 1214; x_wconf 89' lang='lat' dir='ltr'>soliti</span> <span class='ocrx_word' id='word_1_182' title='bbox 2400 1162 2562 1213; x_wconf 89' lang='lat' dir='ltr'>erant</span> <span class='ocrx_word' id='word_1_183' title='bbox 2591 1155 2934 1214; x_wconf 90' lang='lat' dir='ltr'>continuare</span> <span class='ocrx_word' id='word_1_184' title='bbox 2977 1157 3290 1230; x_wconf 89' lang='lat' dir='ltr'>jejunium.</span> <span class='ocrx_word' id='word_1_185' title='bbox 3325 1157 3392 1214; x_wconf 91' lang='lat' dir='ltr'>Et</span> <span class='ocrx_word' id='word_1_186' title='bbox 3424 1163 3574 1216; x_wconf 89' lang='lat' dir='ltr'>certe</span> <span class='ocrx_word' id='word_1_187' title='bbox 3613 1159 3749 1216; x_wconf 87' lang='lat' dir='ltr'>satis</span> <span class='ocrx_word' id='word_1_188' title='bbox 3788 1173 3932 1216; x_wconf 88' lang='lat' dir='ltr'>con-</span> 
     </span>
    </p>
   </div>
   <div class='ocr_carea' id='block_1_27' title="bbox 2217 1247 3935 1323">
    <p class='ocr_par' dir='ltr' id='par_1_27' title="bbox 2217 1247 3935 1323">
     <span class='ocr_line' id='line_1_27' title="bbox 2217 1247 3935 1323; baseline 0.002 -20"><span class='ocrx_word' id='word_1_189' title='bbox 2217 1262 2429 1320; x_wconf 84' lang='lat' dir='ltr'>gruum</span> <span class='ocrx_word' id='word_1_190' title='bbox 2475 1252 2596 1304; x_wconf 90' lang='lat' dir='ltr'>erat</span> <span class='ocrx_word' id='word_1_191' title='bbox 2645 1252 2708 1305; x_wconf 90' lang='lat' dir='ltr'>ut</span> <span class='ocrx_word' id='word_1_192' title='bbox 2755 1247 2856 1321; x_wconf 88' lang='lat' dir='ltr'>qui</span> <span class='ocrx_word' id='word_1_193' title='bbox 2902 1247 3086 1306; x_wconf 91' lang='lat' dir='ltr'>Deum</span> <span class='ocrx_word' id='word_1_194' title='bbox 3120 1247 3182 1306; x_wconf 92' lang='lat' dir='ltr'>in</span> <span class='ocrx_word' id='word_1_195' title='bbox 3216 1249 3392 1306; x_wconf 92' lang='lat' dir='ltr'>choro</span> <span class='ocrx_word' id='word_1_196' title='bbox 3423 1248 3657 1308; x_wconf 91' lang='lat' dir='ltr'>laudare</span> <span class='ocrx_word' id='word_1_197' title='bbox 3704 1265 3935 1323; x_wconf 88' lang='lat' dir='ltr'>semper</span> 
     </span>
    </p>
   </div>
   <div class='ocr_carea' id='block_1_28' title="bbox 2218 1335 3934 1412">
    <p class='ocr_par' dir='ltr' id='par_1_28' title="bbox 2218 1335 3934 1412">
     <span class='ocr_line' id='line_1_28' title="bbox 2218 1335 3934 1412; baseline 0.003 -19"><span class='ocrx_word' id='word_1_198' title='bbox 2218 1335 2481 1394; x_wconf 90' lang='lat' dir='ltr'>studebat</span> <span class='ocrx_word' id='word_1_199' title='bbox 2527 1344 2582 1395; x_wconf 90' lang='lat' dir='ltr'>et</span> <span class='ocrx_word' id='word_1_200' title='bbox 2622 1343 2913 1411; x_wconf 82' lang='lat' dir='ltr'>tympano,</span> <span class='ocrx_word' id='word_1_201' title='bbox 2965 1338 3287 1412; x_wconf 65' lang='lat' dir='ltr'>praecipuas</span> <span class='ocrx_word' id='word_1_202' title='bbox 3331 1339 3746 1399; x_wconf 88' lang='lat' dir='ltr'>modulationis</span> <span class='ocrx_word' id='word_1_203' title='bbox 3794 1341 3934 1398; x_wconf 88' lang='lat' dir='ltr'>har-</span> 
     </span>
    </p>
   </div>
   <div class='ocr_carea' id='block_1_29' title="bbox 2218 1423 3936 1498">
    <p class='ocr_par' dir='ltr' id='par_1_29' title="bbox 2218 1423 3936 1498">
     <span class='ocr_line' id='line_1_29' title="bbox 2218 1423 3936 1498; baseline 0.002 -19"><span class='ocrx_word' id='word_1_204' title='bbox 2218 1423 2464 1480; x_wconf 65' lang='lat' dir='ltr'>monicen</span> <span class='ocrx_word' id='word_1_205' title='bbox 2534 1424 2961 1491; x_wconf 88' lang='lat' dir='ltr'>consonantias,</span> <span class='ocrx_word' id='word_1_206' title='bbox 3035 1424 3313 1498; x_wconf 88' lang='lat' dir='ltr'>diapason</span> <span class='ocrx_word' id='word_1_207' title='bbox 3370 1425 3642 1484; x_wconf 80' lang='lat' dir='ltr'>videlicet</span> <span class='ocrx_word' id='word_1_208' title='bbox 3691 1431 3748 1484; x_wconf 90' lang='lat' dir='ltr'>et</span> <span class='ocrx_word' id='word_1_209' title='bbox 3804 1427 3936 1485; x_wconf 90' lang='lat' dir='ltr'>dia-</span> 
     </span>
    </p>
   </div>
   <div class='ocr_carea' id='block_1_30' title="bbox 2219 1513 3940 1590">
    <p class='ocr_par' dir='ltr' id='par_1_30' title="bbox 2219 1513 3940 1590">
     <span class='ocr_line' id='line_1_30' title="bbox 2219 1513 3940 1590; baseline 0.003 -20"><span class='ocrx_word' id='word_1_210' title='bbox 2219 1519 2385 1586; x_wconf 90' lang='lat' dir='ltr'>pente</span> <span class='ocrx_word' id='word_1_211' title='bbox 2435 1521 2606 1586; x_wconf 91' lang='lat' dir='ltr'>atque</span> <span class='ocrx_word' id='word_1_212' title='bbox 2645 1513 3000 1573; x_wconf 86' lang='lat' dir='ltr'>diatessaron</span> <span class='ocrx_word' id='word_1_213' title='bbox 3044 1513 3214 1585; x_wconf 72' lang='lat'>(“208),</span> <span class='ocrx_word' id='word_1_214' title='bbox 3249 1515 3466 1590; x_wconf 89' lang='lat' dir='ltr'>jugiter</span> <span class='ocrx_word' id='word_1_215' title='bbox 3511 1516 3573 1574; x_wconf 91' lang='lat' dir='ltr'>in</span> <span class='ocrx_word' id='word_1_216' title='bbox 3627 1532 3798 1576; x_wconf 88' lang='lat' dir='ltr'>aures</span> <span class='ocrx_word' id='word_1_217' title='bbox 3837 1517 3940 1575; x_wconf 93' lang='lat' dir='ltr'>in-</span> 
     </span>
    </p>
   </div>
   <div class='ocr_carea' id='block_1_31' title="bbox 2216 1600 3935 1679">
    <p class='ocr_par' dir='ltr' id='par_1_31' title="bbox 2216 1600 3935 1679">
     <span class='ocr_line' id='line_1_31' title="bbox 2216 1600 3935 1679; baseline 0.003 -21"><span class='ocrx_word' id='word_1_218' title='bbox 2216 1600 2638 1675; x_wconf 90' lang='lat' dir='ltr'>circumscripti</span> <span class='ocrx_word' id='word_1_219' title='bbox 2697 1603 2943 1661; x_wconf 89' lang='lat' dir='ltr'>luminis</span> <span class='ocrx_word' id='word_1_220' title='bbox 2988 1610 3341 1678; x_wconf 88' lang='lat' dir='ltr'>personaret.</span> <span class='ocrx_word' id='word_1_221' title='bbox 3393 1604 3669 1679; x_wconf 88' lang='lat' dir='ltr'>Jejunare</span> <span class='ocrx_word' id='word_1_222' title='bbox 3733 1611 3935 1665; x_wconf 91' lang='lat' dir='ltr'>autem</span> 
     </span>
    </p>
   </div>
   <div class='ocr_carea' id='block_1_32' title="bbox 2216 1691 3935 1769">
    <p class='ocr_par' dir='ltr' id='par_1_32' title="bbox 2216 1691 3935 1769">
     <span class='ocr_line' id='line_1_32' title="bbox 2216 1691 3935 1769; baseline 0.002 -21"><span class='ocrx_word' id='word_1_223' title='bbox 2216 1691 2478 1761; x_wconf 89' lang='lat' dir='ltr'>omnino,</span> <span class='ocrx_word' id='word_1_224' title='bbox 2521 1691 2629 1750; x_wconf 89' lang='lat' dir='ltr'>hoc</span> <span class='ocrx_word' id='word_1_225' title='bbox 2667 1699 2751 1750; x_wconf 89' lang='lat' dir='ltr'>est</span> <span class='ocrx_word' id='word_1_226' title='bbox 2795 1691 2949 1751; x_wconf 91' lang='lat' dir='ltr'>diem</span> <span class='ocrx_word' id='word_1_227' title='bbox 2983 1694 3204 1768; x_wconf 89' lang='lat' dir='ltr'>absque</span> <span class='ocrx_word' id='word_1_228' title='bbox 3254 1694 3376 1753; x_wconf 91' lang='lat' dir='ltr'>ullo</span> <span class='ocrx_word' id='word_1_229' title='bbox 3415 1695 3544 1753; x_wconf 92' lang='lat' dir='ltr'>cibo</span> <span class='ocrx_word' id='word_1_230' title='bbox 3589 1696 3935 1769; x_wconf 88' lang='lat' dir='ltr'>transigere,</span> 
     </span>
    </p>
   </div>
   <div class='ocr_carea' id='block_1_33' title="bbox 421 1778 3939 1865">
    <p class='ocr_par' dir='ltr' id='par_1_33' title="bbox 421 1778 3939 1865">
     <span class='ocr_line' id='line_1_33' title="bbox 421 1778 3939 1865; baseline -0.001 -18"><span class='ocrx_word' id='word_1_231' title='bbox 421 1788 636 1848; x_wconf 67' lang='lat' dir='ltr'>cordite</span> <span class='ocrx_word' id='word_1_232' title='bbox 664 1805 906 1848; x_wconf 91' lang='lat' dir='ltr'>manum</span> <span class='ocrx_word' id='word_1_233' title='bbox 945 1790 1202 1862; x_wconf 88' lang='lat' dir='ltr'>tetendit,</span> <span class='ocrx_word' id='word_1_234' title='bbox 1233 1798 1287 1850; x_wconf 91' lang='lat' dir='ltr'>et</span> <span class='ocrx_word' id='word_1_235' title='bbox 1318 1791 1390 1849; x_wconf 93' lang='lat' dir='ltr'>ad</span> <span class='ocrx_word' id='word_1_236' title='bbox 1420 1792 1817 1865; x_wconf 89' lang='lat' dir='ltr'>peragendum</span> <span class='ocrx_word' id='word_1_237' title='bbox 1846 1790 1994 1850; x_wconf 90' lang='lat' dir='ltr'>bene</span> <span class='ocrx_word' id='word_1_238' title='bbox 2040 1791 2131 1848; x_wconf 88' lang='lat' dir='ltr'>vi-</span> <span class='ocrx_word' id='word_1_239' title='bbox 2150 1778 2349 1859; x_wconf 77' lang='lat' dir='ltr'>Bllicet</span> <span class='ocrx_word' id='word_1_240' title='bbox 2402 1780 2524 1853; x_wconf 91' lang='lat' dir='ltr'>ipse</span> <span class='ocrx_word' id='word_1_241' title='bbox 2573 1781 2890 1854; x_wconf 63' lang='lat' dir='ltr'>saepissime</span> <span class='ocrx_word' id='word_1_242' title='bbox 2932 1783 3146 1855; x_wconf 89' lang='lat' dir='ltr'>fecerit,</span> <span class='ocrx_word' id='word_1_243' title='bbox 3186 1784 3317 1842; x_wconf 90' lang='lat' dir='ltr'>aliis</span> <span class='ocrx_word' id='word_1_244' title='bbox 3355 1783 3689 1843; x_wconf 91' lang='lat' dir='ltr'>omnimodo</span> <span class='ocrx_word' id='word_1_245' title='bbox 3734 1785 3939 1859; x_wconf 86' lang='lat' dir='ltr'>prohi-</span> 
     </span>
    </p>
   </div>
   <div class='ocr_carea' id='block_1_34' title="bbox 424 1879 2136 1954">
    <p class='ocr_par' dir='ltr' id='par_1_34' title="bbox 424 1879 2136 1954">
     <span class='ocr_line' id='line_1_34' title="bbox 424 1879 2136 1954; baseline 0.001 -18"><span class='ocrx_word' id='word_1_246' title='bbox 424 1879 599 1937; x_wconf 88' lang='lat' dir='ltr'>vendi</span> <span class='ocrx_word' id='word_1_247' title='bbox 653 1880 959 1954; x_wconf 70' lang='lat' dir='ltr'>iter&#39;quod</span> <span class='ocrx_word' id='word_1_248' title='bbox 1003 1889 1254 1954; x_wconf 69' lang='lat' dir='ltr'>coeperat</span> <span class='ocrx_word' id='word_1_249' title='bbox 1301 1881 1687 1939; x_wconf 86' lang='lat' dir='ltr'>conﬁrmavit.</span> <span class='ocrx_word' id='word_1_250' title='bbox 1745 1880 1920 1940; x_wconf 90' lang='lat' dir='ltr'>Hunc</span> <span class='ocrx_word' id='word_1_251' title='bbox 1980 1879 2136 1938; x_wconf 83' lang='lat' dir='ltr'>ﬁlius</span> 
     </span>
    </p>
   </div>
   <div class='ocr_carea' id='block_1_35' title="bbox 423 1965 2135 2043">
    <p class='ocr_par' dir='ltr' id='par_1_35' title="bbox 423 1965 2135 2043">
     <span class='ocr_line' id='line_1_35' title="bbox 423 1965 2135 2043; baseline 0 -18"><span class='ocrx_word' id='word_1_252' title='bbox 423 1967 549 2042; x_wconf 89' lang='lat' dir='ltr'>ejus</span> <span class='ocrx_word' id='word_1_253' title='bbox 577 1967 688 2026; x_wconf 91' lang='lat' dir='ltr'>sibi</span> <span class='ocrx_word' id='word_1_254' title='bbox 725 1969 1082 2043; x_wconf 67' lang='lat' dir='ltr'>aequivocus,</span> <span class='ocrx_word' id='word_1_255' title='bbox 1124 1972 1214 2027; x_wconf 86' lang='lat' dir='ltr'>vir</span> <span class='ocrx_word' id='word_1_256' title='bbox 1262 1970 1426 2028; x_wconf 90' lang='lat' dir='ltr'>valde</span> <span class='ocrx_word' id='word_1_257' title='bbox 1479 1969 1799 2029; x_wconf 88' lang='lat' dir='ltr'>secundum</span> <span class='ocrx_word' id='word_1_258' title='bbox 1854 1965 2135 2027; x_wconf 79' lang='lat' dir='ltr'>szeculum</span> 
     </span>
    </p>
   </div>
   <div class='ocr_carea' id='block_1_36' title="bbox 421 2057 2135 2131">
    <p class='ocr_par' dir='ltr' id='par_1_36' title="bbox 421 2057 2135 2131">
     <span class='ocr_line' id='line_1_36' title="bbox 421 2057 2135 2131; baseline 0 -17"><span class='ocrx_word' id='word_1_259' title='bbox 421 2057 699 2129; x_wconf 89' lang='lat' dir='ltr'>prudens,</span> <span class='ocrx_word' id='word_1_260' title='bbox 774 2057 1089 2131; x_wconf 86' lang='lat' dir='ltr'>aliquando</span> <span class='ocrx_word' id='word_1_261' title='bbox 1171 2057 1448 2116; x_wconf 89' lang='lat' dir='ltr'>visitavit.</span> <span class='ocrx_word' id='word_1_262' title='bbox 1517 2058 1625 2116; x_wconf 92' lang='lat' dir='ltr'>Cui</span> <span class='ocrx_word' id='word_1_263' title='bbox 1693 2058 1877 2128; x_wconf 90' lang='lat' dir='ltr'>Pater,</span> <span class='ocrx_word' id='word_1_264' title='bbox 1942 2057 2135 2115; x_wconf 90' lang='lat' dir='ltr'>nescio</span> 
     </span>
    </p>
   </div>
   <div class='ocr_carea' id='block_1_37' title="bbox 426 2145 2133 2219">
    <p class='ocr_par' dir='ltr' id='par_1_37' title="bbox 426 2145 2133 2219">
     <span class='ocr_line' id='line_1_37' title="bbox 426 2145 2133 2219; baseline -0.001 -15"><span class='ocrx_word' id='word_1_265' title='bbox 426 2150 624 2204; x_wconf 90' lang='lat' dir='ltr'>utrum</span> <span class='ocrx_word' id='word_1_266' title='bbox 683 2145 999 2218; x_wconf 61' lang='lat' dir='ltr'>prophetiae</span> <span class='ocrx_word' id='word_1_267' title='bbox 1055 2145 1261 2219; x_wconf 89' lang='lat' dir='ltr'>spiritu</span> <span class='ocrx_word' id='word_1_268' title='bbox 1321 2161 1424 2204; x_wconf 92' lang='lat' dir='ltr'>seu</span> <span class='ocrx_word' id='word_1_269' title='bbox 1490 2145 1842 2204; x_wconf 90' lang='lat' dir='ltr'>revelatione</span> <span class='ocrx_word' id='word_1_270' title='bbox 1915 2146 2133 2219; x_wconf 90' lang='lat' dir='ltr'>aliqua,</span> 
     </span>
    </p>
   </div>
   <div class='ocr_carea' id='block_1_38' title="bbox 424 2233 2133 2308">
    <p class='ocr_par' dir='ltr' id='par_1_38' title="bbox 424 2233 2133 2308">
     <span class='ocr_line' id='line_1_38' title="bbox 424 2233 2133 2308; baseline 0 -16"><span class='ocrx_word' id='word_1_271' title='bbox 424 2247 791 2307; x_wconf 72' lang='lat' dir='ltr'>quaecunque</span> <span class='ocrx_word' id='word_1_272' title='bbox 821 2233 932 2293; x_wconf 87' lang='lat' dir='ltr'>sibi</span> <span class='ocrx_word' id='word_1_273' title='bbox 962 2242 1154 2293; x_wconf 86' lang='lat' dir='ltr'>essent</span> <span class='ocrx_word' id='word_1_274' title='bbox 1183 2242 1462 2292; x_wconf 86' lang='lat' dir='ltr'>eventura</span> <span class='ocrx_word' id='word_1_275' title='bbox 1495 2235 1794 2308; x_wconf 68' lang='lat' dir='ltr'>praedixit.</span> <span class='ocrx_word' id='word_1_276' title='bbox 1828 2235 1998 2307; x_wconf 92' lang='lat' dir='ltr'>Novi,</span> <span class='ocrx_word' id='word_1_277' title='bbox 2041 2236 2133 2292; x_wconf 91' lang='lat' dir='ltr'>in-</span> 
     </span>
    </p>
   </div>
   <div class='ocr_carea' id='block_1_39' title="bbox 425 2321 2136 2396">
    <p class='ocr_par' dir='ltr' id='par_1_39' title="bbox 425 2321 2136 2396">
     <span class='ocr_line' id='line_1_39' title="bbox 425 2321 2136 2396; baseline -0.001 -14"><span class='ocrx_word' id='word_1_278' title='bbox 425 2323 570 2395; x_wconf 89' lang='lat' dir='ltr'>quit,</span> <span class='ocrx_word' id='word_1_279' title='bbox 614 2323 696 2381; x_wconf 89' lang='lat' dir='ltr'>iili</span> <span class='ocrx_word' id='word_1_280' title='bbox 739 2321 838 2389; x_wconf 91' lang='lat' dir='ltr'>mi,</span> <span class='ocrx_word' id='word_1_281' title='bbox 888 2323 1090 2396; x_wconf 88' lang='lat' dir='ltr'>procul</span> <span class='ocrx_word' id='word_1_282' title='bbox 1127 2323 1326 2394; x_wconf 90' lang='lat' dir='ltr'>dubio,</span> <span class='ocrx_word' id='word_1_283' title='bbox 1373 2325 1510 2396; x_wconf 87' lang='lat' dir='ltr'>quia</span> <span class='ocrx_word' id='word_1_284' title='bbox 1556 2325 1762 2382; x_wconf 90' lang='lat' dir='ltr'>ducem</span> <span class='ocrx_word' id='word_1_285' title='bbox 1817 2331 1867 2383; x_wconf 93' lang='lat' dir='ltr'>te</span> <span class='ocrx_word' id='word_1_286' title='bbox 1919 2323 2136 2382; x_wconf 89' lang='lat' dir='ltr'>consti-</span> 
     </span>
    </p>
   </div>
   <div class='ocr_carea' id='block_1_40' title="bbox 427 2396 2136 2484">
    <p class='ocr_par' dir='ltr' id='par_1_40' title="bbox 427 2396 2136 2484">
     <span class='ocr_line' id='line_1_40' title="bbox 427 2396 2136 2484; baseline 0.001 -18"><span class='ocrx_word' id='word_1_287' title='bbox 427 2396 590 2469; x_wconf 81' lang='lat' dir='ltr'>tuent</span> <span class='ocrx_word' id='word_1_288' title='bbox 616 2409 793 2483; x_wconf 74' lang='grc'>(204),</span> <span class='ocrx_word' id='word_1_289' title='bbox 822 2417 878 2468; x_wconf 89' lang='lat' dir='ltr'>et</span> <span class='ocrx_word' id='word_1_290' title='bbox 910 2409 1354 2482; x_wconf 90' lang='lat' dir='ltr'>prosperaberis.</span> <span class='ocrx_word' id='word_1_291' title='bbox 1395 2409 1486 2469; x_wconf 92' lang='lat' dir='ltr'>Tu</span> <span class='ocrx_word' id='word_1_292' title='bbox 1515 2411 1913 2468; x_wconf 89' lang='lat' dir='ltr'>tantummodo</span> <span class='ocrx_word' id='word_1_293' title='bbox 1945 2417 2136 2484; x_wconf 87' lang='lat' dir='ltr'>satage</span> 
     </span>
    </p>
   </div>
   <div class='ocr_carea' id='block_1_41' title="bbox 425 2498 2140 2573">
    <p class='ocr_par' dir='ltr' id='par_1_41' title="bbox 425 2498 2140 2573">
     <span class='ocr_line' id='line_1_41' title="bbox 425 2498 2140 2573; baseline 0.001 -15"><span class='ocrx_word' id='word_1_294' title='bbox 425 2505 493 2559; x_wconf 89' lang='lat' dir='ltr'>ut</span> <span class='ocrx_word' id='word_1_295' title='bbox 541 2507 597 2558; x_wconf 89' lang='lat' dir='ltr'>et</span> <span class='ocrx_word' id='word_1_296' title='bbox 642 2500 914 2558; x_wconf 85' lang='lat' dir='ltr'>Ecciesiis</span> <span class='ocrx_word' id='word_1_297' title='bbox 945 2498 1158 2557; x_wconf 81' lang='lat' dir='ltr'>Christi</span> <span class='ocrx_word' id='word_1_298' title='bbox 1207 2513 1316 2558; x_wconf 88' lang='lat' dir='ltr'>sua</span> <span class='ocrx_word' id='word_1_299' title='bbox 1347 2499 1480 2573; x_wconf 91' lang='lat' dir='ltr'>jura</span> <span class='ocrx_word' id='word_1_300' title='bbox 1526 2513 1853 2572; x_wconf 83' lang='lat' dir='ltr'>conserves,</span> <span class='ocrx_word' id='word_1_301' title='bbox 1902 2508 1958 2559; x_wconf 94' lang='lat' dir='ltr'>et</span> <span class='ocrx_word' id='word_1_302' title='bbox 2005 2518 2140 2573; x_wconf 88' lang='lat' dir='ltr'>erga</span> 
     </span>
    </p>
   </div>
   <div class='ocr_carea' id='block_1_42' title="bbox 425 2589 2134 2665">
    <p class='ocr_par' dir='ltr' id='par_1_42' title="bbox 425 2589 2134 2665">
     <span class='ocr_line' id='line_1_42' title="bbox 425 2589 2134 2665; baseline 0.001 -18"><span class='ocrx_word' id='word_1_303' title='bbox 425 2589 705 2665; x_wconf 88' lang='lat' dir='ltr'>subditos,</span> <span class='ocrx_word' id='word_1_304' title='bbox 735 2589 985 2664; x_wconf 89' lang='lat' dir='ltr'>alicujus</span> <span class='ocrx_word' id='word_1_305' title='bbox 1021 2603 1218 2648; x_wconf 89' lang='lat' dir='ltr'>amore</span> <span class='ocrx_word' id='word_1_306' title='bbox 1251 2589 1340 2647; x_wconf 90' lang='lat' dir='ltr'>vel</span> <span class='ocrx_word' id='word_1_307' title='bbox 1369 2590 1523 2664; x_wconf 89' lang='lat' dir='ltr'>odio,</span> <span class='ocrx_word' id='word_1_308' title='bbox 1554 2606 1588 2648; x_wconf 91' lang='lat' dir='ltr'>a</span> <span class='ocrx_word' id='word_1_309' title='bbox 1611 2589 1834 2660; x_wconf 88' lang='lat' dir='ltr'>justitia</span> <span class='ocrx_word' id='word_1_310' title='bbox 1875 2608 1995 2652; x_wconf 90' lang='lat' dir='ltr'>non</span> <span class='ocrx_word' id='word_1_311' title='bbox 2031 2593 2134 2650; x_wconf 85' lang='lat' dir='ltr'>de-</span> 
     </span>
    </p>
   </div>
   <div class='ocr_carea' id='block_1_43' title="bbox 427 2678 630 2740">
    <p class='ocr_par' dir='ltr' id='par_1_43' title="bbox 427 2678 630 2740">
     <span class='ocr_line' id='line_1_43' title="bbox 427 2678 630 2740; baseline 0.005 -3"><span class='ocrx_word' id='word_1_312' title='bbox 427 2678 630 2740; x_wconf 87' lang='lat' dir='ltr'>cliues.</span> 
     </span>
    </p>
   </div>
   <div class='ocr_carea' id='block_1_44' title="bbox 1090 2752 1471 2812">
    <p class='ocr_par' dir='ltr' id='par_1_44' title="bbox 1090 2752 1471 2812">
     <span class='ocr_line' id='line_1_44' title="bbox 1090 2752 1471 2812; baseline 0 0"><span class='ocrx_word' id='word_1_313' title='bbox 1090 2752 1336 2812; x_wconf 83' lang='lat' dir='ltr'>CAPUT</span> <span class='ocrx_word' id='word_1_314' title='bbox 1367 2753 1471 2812; x_wconf 83' lang='lat' dir='ltr'>IX.’</span> 
     </span>
    </p>
   </div>
   <div class='ocr_carea' id='block_1_45' title="bbox 786 2841 1780 2912">
    <p class='ocr_par' dir='ltr' id='par_1_45' title="bbox 786 2841 1780 2912">
     <span class='ocr_line' id='line_1_45' title="bbox 786 2841 1780 2912; baseline 0.007 -17"><span class='ocrx_word' id='word_1_315' title='bbox 786 2841 965 2896; x_wconf 81' lang='lat' dir='ltr'>Aliud</span> <span class='ocrx_word' id='word_1_316' title='bbox 998 2843 1221 2897; x_wconf 71' lang='lat' dir='ltr'>vivendi</span> <span class='ocrx_word' id='word_1_317' title='bbox 1261 2859 1430 2912; x_wconf 86' lang='lat' dir='ltr'>genus</span> <span class='ocrx_word' id='word_1_318' title='bbox 1465 2845 1780 2903; x_wconf 81' lang='lat' dir='ltr'>Romualdi.</span> 
     </span>
    </p>
   </div>
   <div class='ocr_carea' id='block_1_46' title="bbox 497 2944 2137 3025">
    <p class='ocr_par' dir='ltr' id='par_1_46' title="bbox 497 2944 2137 3025">
     <span class='ocr_line' id='line_1_46' title="bbox 497 2944 2137 3025; baseline 0.002 -21"><span class='ocrx_word' id='word_1_319' title='bbox 497 2944 633 3005; x_wconf 91' lang='lat' dir='ltr'>Post</span> <span class='ocrx_word' id='word_1_320' title='bbox 673 2945 798 3004; x_wconf 63' lang='lat' dir='ltr'>haec</span> <span class='ocrx_word' id='word_1_321' title='bbox 837 2953 1032 3005; x_wconf 90' lang='lat' dir='ltr'>autem</span> <span class='ocrx_word' id='word_1_322' title='bbox 1077 2947 1436 3008; x_wconf 83' lang='lat' dir='ltr'>Romualdus</span> <span class='ocrx_word' id='word_1_323' title='bbox 1485 2949 1700 3008; x_wconf 89' lang='lat' dir='ltr'>iterum</span> <span class='ocrx_word' id='word_1_324' title='bbox 1747 2949 1945 3025; x_wconf 89' lang='lat' dir='ltr'>legens</span> <span class='ocrx_word' id='word_1_325' title='bbox 1999 2952 2137 3024; x_wconf 87' lang='lat' dir='ltr'>quia</span> 
     </span>
    </p>
   </div>
   <div class='ocr_carea' id='block_1_47' title="bbox 427 3034 2135 3113">
    <p class='ocr_par' dir='ltr' id='par_1_47' title="bbox 427 3034 2135 3113">
     <span class='ocr_line' id='line_1_47' title="bbox 427 3034 2135 3113; baseline 0.005 -21"><span class='ocrx_word' id='word_1_326' title='bbox 427 3034 962 3094; x_wconf 86' lang='lat' dir='ltr'>sanctusSilvester</span> <span class='ocrx_word' id='word_1_327' title='bbox 989 3036 1149 3095; x_wconf 90' lang='lat' dir='ltr'>urbis</span> <span class='ocrx_word' id='word_1_328' title='bbox 1186 3037 1388 3097; x_wconf 60' lang='lat' dir='ltr'>Romae</span> <span class='ocrx_word' id='word_1_329' title='bbox 1425 3039 1722 3113; x_wconf 88' lang='lat' dir='ltr'>episcopus</span> <span class='ocrx_word' id='word_1_330' title='bbox 1751 3041 2135 3100; x_wconf 90' lang='lat' dir='ltr'>Sabbatorum</span> 
     </span>
    </p>
   </div>
   <div class='ocr_carea' id='block_1_48' title="bbox 2217 1868 3936 1946">
    <p class='ocr_par' dir='ltr' id='par_1_48' title="bbox 2217 1868 3936 1946">
     <span class='ocr_line' id='line_1_48' title="bbox 2217 1868 3936 1946; baseline 0.003 -20"><span class='ocrx_word' id='word_1_331' title='bbox 2217 1868 2403 1927; x_wconf 88' lang='lat' dir='ltr'>bebat.</span> <span class='ocrx_word' id='word_1_332' title='bbox 2457 1869 2691 1928; x_wconf 87' lang='lat' dir='ltr'>Dicebat</span> <span class='ocrx_word' id='word_1_333' title='bbox 2734 1871 2892 1930; x_wconf 89' lang='lat' dir='ltr'>enim</span> <span class='ocrx_word' id='word_1_334' title='bbox 2941 1873 3014 1930; x_wconf 89' lang='lat' dir='ltr'>ad</span> <span class='ocrx_word' id='word_1_335' title='bbox 3063 1874 3472 1946; x_wconf 84' lang='lat' dir='ltr'>perfectiOnem</span> <span class='ocrx_word' id='word_1_336' title='bbox 3518 1873 3773 1932; x_wconf 90' lang='lat' dir='ltr'>tendenti</span> <span class='ocrx_word' id='word_1_337' title='bbox 3823 1875 3936 1932; x_wconf 90' lang='lat' dir='ltr'>hoc</span> 
     </span>
    </p>
   </div>
   <div class='ocr_carea' id='block_1_49' title="bbox 2218 1961 3940 2037">
    <p class='ocr_par' dir='ltr' id='par_1_49' title="bbox 2218 1961 3940 2037">
     <span class='ocr_line' id='line_1_49' title="bbox 2218 1961 3940 2037; baseline 0.004 -22"><span class='ocrx_word' id='word_1_338' title='bbox 2218 1973 2447 2017; x_wconf 90' lang='lat' dir='ltr'>summe</span> <span class='ocrx_word' id='word_1_339' title='bbox 2479 1973 2814 2032; x_wconf 87' lang='lat' dir='ltr'>congruere,</span> <span class='ocrx_word' id='word_1_340' title='bbox 2871 1966 2938 2019; x_wconf 88' lang='lat' dir='ltr'>ut</span> <span class='ocrx_word' id='word_1_341' title='bbox 2977 1961 3237 2035; x_wconf 89' lang='lat' dir='ltr'>quotidie</span> <span class='ocrx_word' id='word_1_342' title='bbox 3286 1962 3544 2022; x_wconf 89' lang='lat' dir='ltr'>comedat</span> <span class='ocrx_word' id='word_1_343' title='bbox 3599 1969 3654 2021; x_wconf 90' lang='lat' dir='ltr'>et</span> <span class='ocrx_word' id='word_1_344' title='bbox 3705 1979 3940 2037; x_wconf 85' lang='lat' dir='ltr'>semper</span> 
     </span>
    </p>
   </div>
   <div class='ocr_carea' id='block_1_50' title="bbox 2218 2047 3939 2126">
    <p class='ocr_par' dir='ltr' id='par_1_50' title="bbox 2218 2047 3939 2126">
     <span class='ocr_line' id='line_1_50' title="bbox 2218 2047 3939 2126; baseline 0.004 -23"><span class='ocrx_word' id='word_1_345' title='bbox 2218 2047 2452 2117; x_wconf 88' lang='lat' dir='ltr'>esuriat,</span> <span class='ocrx_word' id='word_1_346' title='bbox 2489 2054 2778 2121; x_wconf 85' lang='lat' dir='ltr'>quatenus</span> <span class='ocrx_word' id='word_1_347' title='bbox 2827 2051 2931 2107; x_wconf 89' lang='lat' dir='ltr'>hoc</span> <span class='ocrx_word' id='word_1_348' title='bbox 2968 2065 3098 2109; x_wconf 89' lang='lat' dir='ltr'>caro</span> <span class='ocrx_word' id='word_1_349' title='bbox 3136 2065 3238 2126; x_wconf 89' lang='lat' dir='ltr'>per</span> <span class='ocrx_word' id='word_1_350' title='bbox 3276 2051 3755 2111; x_wconf 89' lang='lat' dir='ltr'>consuetudinem</span> <span class='ocrx_word' id='word_1_351' title='bbox 3789 2051 3939 2111; x_wconf 84' lang='lat' dir='ltr'>levi-</span> 
     </span>
    </p>
   </div>
   <div class='ocr_carea' id='block_1_51' title="bbox 2219 2134 3935 2216">
    <p class='ocr_par' dir='ltr' id='par_1_51' title="bbox 2219 2134 3935 2216">
     <span class='ocr_line' id='line_1_51' title="bbox 2219 2134 3935 2216; baseline 0.005 -25"><span class='ocrx_word' id='word_1_352' title='bbox 2219 2141 2331 2206; x_wconf 89' lang='lat' dir='ltr'>get,</span> <span class='ocrx_word' id='word_1_353' title='bbox 2363 2134 2516 2208; x_wconf 92' lang='lat' dir='ltr'>quod</span> <span class='ocrx_word' id='word_1_354' title='bbox 2543 2150 2716 2209; x_wconf 88' lang='lat' dir='ltr'>grave</span> <span class='ocrx_word' id='word_1_355' title='bbox 2757 2137 2996 2196; x_wconf 89' lang='lat' dir='ltr'>novitiis</span> <span class='ocrx_word' id='word_1_356' title='bbox 3024 2136 3195 2197; x_wconf 89' lang='lat' dir='ltr'>initio</span> <span class='ocrx_word' id='word_1_357' title='bbox 3231 2140 3628 2199; x_wconf 90' lang='lat' dir='ltr'>conversionis</span> <span class='ocrx_word' id='word_1_358' title='bbox 3673 2152 3935 2216; x_wconf 87' lang='lat' dir='ltr'>apparet.</span> 
     </span>
    </p>
   </div>
   <div class='ocr_carea' id='block_1_52' title="bbox 2222 2223 3940 2304">
    <p class='ocr_par' dir='ltr' id='par_1_52' title="bbox 2222 2223 3940 2304">
     <span class='ocr_line' id='line_1_52' title="bbox 2222 2223 3940 2304; baseline 0.006 -25"><span class='ocrx_word' id='word_1_359' title='bbox 2222 2223 2675 2296; x_wconf 88' lang='lat' dir='ltr'>Parvipendehat</span> <span class='ocrx_word' id='word_1_360' title='bbox 2721 2232 2914 2285; x_wconf 89' lang='lat' dir='ltr'>autem</span> <span class='ocrx_word' id='word_1_361' title='bbox 2968 2227 3018 2286; x_wconf 89' lang='lat' dir='ltr'>si</span> <span class='ocrx_word' id='word_1_362' title='bbox 3069 2229 3202 2302; x_wconf 90' lang='lat' dir='ltr'>quis</span> <span class='ocrx_word' id='word_1_363' title='bbox 3245 2229 3315 2287; x_wconf 89' lang='lat' dir='ltr'>ad</span> <span class='ocrx_word' id='word_1_364' title='bbox 3363 2237 3589 2304; x_wconf 89' lang='lat' dir='ltr'>tempus</span> <span class='ocrx_word' id='word_1_365' title='bbox 3653 2247 3940 2303; x_wconf 89' lang='lat' dir='ltr'>magnum</span> 
     </span>
    </p>
   </div>
   <div class='ocr_carea' id='block_1_53' title="bbox 2219 2311 3941 2394">
    <p class='ocr_par' dir='ltr' id='par_1_53' title="bbox 2219 2311 3941 2394">
     <span class='ocr_line' id='line_1_53' title="bbox 2219 2311 3941 2394; baseline 0.005 -24"><span class='ocrx_word' id='word_1_366' title='bbox 2219 2311 2360 2384; x_wconf 85' lang='lat' dir='ltr'>quid</span> <span class='ocrx_word' id='word_1_367' title='bbox 2417 2313 2712 2387; x_wconf 89' lang='lat' dir='ltr'>inciperet,</span> <span class='ocrx_word' id='word_1_368' title='bbox 2768 2315 2816 2374; x_wconf 91' lang='lat' dir='ltr'>si</span> <span class='ocrx_word' id='word_1_369' title='bbox 2872 2331 2988 2374; x_wconf 92' lang='lat' dir='ltr'>non</span> <span class='ocrx_word' id='word_1_370' title='bbox 3044 2315 3218 2375; x_wconf 89' lang='lat' dir='ltr'>etiam</span> <span class='ocrx_word' id='word_1_371' title='bbox 3273 2318 3334 2376; x_wconf 92' lang='lat' dir='ltr'>in</span> <span class='ocrx_word' id='word_1_372' title='bbox 3390 2335 3457 2378; x_wconf 92' lang='lat' dir='ltr'>eo</span> <span class='ocrx_word' id='word_1_373' title='bbox 3519 2319 3941 2394; x_wconf 86' lang='lat' dir='ltr'>longanimiter</span> 
     </span>
    </p>
   </div>
   <div class='ocr_carea' id='block_1_54' title="bbox 2222 2408 2628 2473">
    <p class='ocr_par' dir='ltr' id='par_1_54' title="bbox 2222 2408 2628 2473">
     <span class='ocr_line' id='line_1_54' title="bbox 2222 2408 2628 2473; baseline 0.012 -16"><span class='ocrx_word' id='word_1_374' title='bbox 2222 2415 2519 2473; x_wconf 86' lang='lat' dir='ltr'>persevera</span> <span class='ocrx_word' id='word_1_375' title='bbox 2529 2408 2628 2462; x_wconf 90' lang='lat' dir='ltr'>ret.</span> 
     </span>
    </p>
   </div>
   <div class='ocr_carea' id='block_1_55' title="bbox 2293 2491 3942 2574">
    <p class='ocr_par' dir='ltr' id='par_1_55' title="bbox 2293 2491 3942 2574">
     <span class='ocr_line' id='line_1_55' title="bbox 2293 2491 3942 2574; baseline 0.007 -25"><span class='ocrx_word' id='word_1_376' title='bbox 2293 2491 2535 2564; x_wconf 88' lang='lat' dir='ltr'>Vigilias</span> <span class='ocrx_word' id='word_1_377' title='bbox 2578 2511 2712 2554; x_wconf 92' lang='lat' dir='ltr'>vero</span> <span class='ocrx_word' id='word_1_378' title='bbox 2751 2501 3060 2570; x_wconf 88' lang='lat' dir='ltr'>temperate</span> <span class='ocrx_word' id='word_1_379' title='bbox 3091 2505 3145 2557; x_wconf 92' lang='lat' dir='ltr'>et</span> <span class='ocrx_word' id='word_1_380' title='bbox 3174 2515 3307 2557; x_wconf 91' lang='lat' dir='ltr'>cum</span> <span class='ocrx_word' id='word_1_381' title='bbox 3343 2516 3550 2574; x_wconf 90' lang='lat' dir='ltr'>magna</span> <span class='ocrx_word' id='word_1_382' title='bbox 3587 2501 3942 2562; x_wconf 88' lang='lat' dir='ltr'>discretione</span> 
     </span>
    </p>
   </div>
   <div class='ocr_carea' id='block_1_56' title="bbox 2225 2582 3942 2659">
    <p class='ocr_par' dir='ltr' id='par_1_56' title="bbox 2225 2582 3942 2659">
     <span class='ocr_line' id='line_1_56' title="bbox 2225 2582 3942 2659; baseline 0.007 -20"><span class='ocrx_word' id='word_1_383' title='bbox 2225 2582 2514 2642; x_wconf 82' lang='lat' dir='ltr'>faciendas</span> <span class='ocrx_word' id='word_1_384' title='bbox 2564 2587 2820 2644; x_wconf 83' lang='lat' dir='ltr'>maxime</span> <span class='ocrx_word' id='word_1_385' title='bbox 2849 2587 3146 2659; x_wconf 90' lang='lat' dir='ltr'>suadebat,</span> <span class='ocrx_word' id='word_1_386' title='bbox 3184 2605 3258 2647; x_wconf 90' lang='lat' dir='ltr'>ne</span> <span class='ocrx_word' id='word_1_387' title='bbox 3293 2590 3388 2649; x_wconf 92' lang='lat' dir='ltr'>cui</span> <span class='ocrx_word' id='word_1_388' title='bbox 3429 2591 3669 2650; x_wconf 87' lang='lat' dir='ltr'>fortasse</span> <span class='ocrx_word' id='word_1_389' title='bbox 3705 2593 3942 2651; x_wconf 88' lang='lat' dir='ltr'>contin-</span> 
     </span>
    </p>
   </div>
   <div class='ocr_carea' id='block_1_57' title="bbox 2223 2677 3942 2752">
    <p class='ocr_par' dir='ltr' id='par_1_57' title="bbox 2223 2677 3942 2752">
     <span class='ocr_line' id='line_1_57' title="bbox 2223 2677 3942 2752; baseline 0.007 -23"><span class='ocrx_word' id='word_1_390' title='bbox 2223 2680 2380 2746; x_wconf 87' lang='lat' dir='ltr'>geret</span> <span class='ocrx_word' id='word_1_391' title='bbox 2416 2681 2481 2732; x_wconf 89' lang='lat' dir='ltr'>ut</span> <span class='ocrx_word' id='word_1_392' title='bbox 2519 2677 2729 2749; x_wconf 90' lang='lat' dir='ltr'>sopori,</span> <span class='ocrx_word' id='word_1_393' title='bbox 2778 2679 3024 2752; x_wconf 85' lang='lat' dir='ltr'>peractis</span> <span class='ocrx_word' id='word_1_394' title='bbox 3061 2681 3364 2738; x_wconf 90' lang='lat' dir='ltr'>nocturnis</span> <span class='ocrx_word' id='word_1_395' title='bbox 3410 2679 3638 2752; x_wconf 80' lang='lat' dir='ltr'>ofﬁciis,</span> <span class='ocrx_word' id='word_1_396' title='bbox 3687 2697 3942 2741; x_wconf 91' lang='lat' dir='ltr'>consen-</span> 
     </span>
    </p>
   </div>
   <div class='ocr_carea' id='block_1_58' title="bbox 2224 2760 3944 2840">
    <p class='ocr_par' dir='ltr' id='par_1_58' title="bbox 2224 2760 3944 2840">
     <span class='ocr_line' id='line_1_58' title="bbox 2224 2760 3944 2840; baseline 0.007 -22"><span class='ocrx_word' id='word_1_397' title='bbox 2224 2760 2372 2818; x_wconf 90' lang='lat' dir='ltr'>tiret.</span> <span class='ocrx_word' id='word_1_398' title='bbox 2415 2761 2564 2822; x_wconf 86' lang='lat' dir='ltr'>Sane</span> <span class='ocrx_word' id='word_1_399' title='bbox 2611 2765 2948 2840; x_wconf 91' lang='lat' dir='ltr'>hujusmodi</span> <span class='ocrx_word' id='word_1_400' title='bbox 2981 2783 3254 2825; x_wconf 89' lang='lat' dir='ltr'>somnum</span> <span class='ocrx_word' id='word_1_401' title='bbox 3305 2769 3400 2826; x_wconf 92' lang='lat' dir='ltr'>vir</span> <span class='ocrx_word' id='word_1_402' title='bbox 3438 2777 3671 2828; x_wconf 88' lang='lat' dir='ltr'>sanctus</span> <span class='ocrx_word' id='word_1_403' title='bbox 3708 2772 3770 2828; x_wconf 90' lang='lat' dir='ltr'>in</span> <span class='ocrx_word' id='word_1_404' title='bbox 3820 2778 3944 2830; x_wconf 81' lang='lat' dir='ltr'>tan-</span> 
     </span>
    </p>
   </div>
   <div class='ocr_carea' id='block_1_59' title="bbox 2227 2852 3946 2936">
    <p class='ocr_par' dir='ltr' id='par_1_59' title="bbox 2227 2852 3946 2936">
     <span class='ocr_line' id='line_1_59' title="bbox 2227 2852 3946 2936; baseline 0.006 -27"><span class='ocrx_word' id='word_1_405' title='bbox 2227 2857 2346 2910; x_wconf 90' lang='lat' dir='ltr'>tum</span> <span class='ocrx_word' id='word_1_406' title='bbox 2381 2852 2626 2911; x_wconf 88' lang='lat' dir='ltr'>habebat</span> <span class='ocrx_word' id='word_1_407' title='bbox 2654 2867 2918 2925; x_wconf 89' lang='lat' dir='ltr'>exosum,</span> <span class='ocrx_word' id='word_1_408' title='bbox 2953 2862 3019 2915; x_wconf 88' lang='lat' dir='ltr'>ut</span> <span class='ocrx_word' id='word_1_409' title='bbox 3049 2857 3100 2914; x_wconf 90' lang='lat' dir='ltr'>si</span> <span class='ocrx_word' id='word_1_410' title='bbox 3133 2858 3265 2930; x_wconf 87' lang='lat' dir='ltr'>quis</span> <span class='ocrx_word' id='word_1_411' title='bbox 3304 2858 3357 2916; x_wconf 93' lang='lat' dir='ltr'>ei</span> <span class='ocrx_word' id='word_1_412' title='bbox 3387 2860 3780 2936; x_wconf 84' lang='lat' dir='ltr'>conﬁteretur,</span> <span class='ocrx_word' id='word_1_413' title='bbox 3811 2871 3946 2936; x_wconf 89' lang='lat' dir='ltr'>post</span> 
     </span>
    </p>
   </div>
   <div class='ocr_carea' id='block_1_60' title="bbox 2223 2942 3946 3021">
    <p class='ocr_par' dir='ltr' id='par_1_60' title="bbox 2223 2942 3946 3021">
     <span class='ocr_line' id='line_1_60' title="bbox 2223 2942 3946 3021; baseline 0.006 -22"><span class='ocrx_word' id='word_1_414' title='bbox 2223 2942 2527 3000; x_wconf 89' lang='lat' dir='ltr'>duodecim</span> <span class='ocrx_word' id='word_1_415' title='bbox 2585 2944 2941 3016; x_wconf 89' lang='lat' dir='ltr'>psalmorum</span> <span class='ocrx_word' id='word_1_416' title='bbox 3018 2947 3269 3021; x_wconf 87' lang='lat' dir='ltr'>vigilias,</span> <span class='ocrx_word' id='word_1_417' title='bbox 3328 2948 3416 3007; x_wconf 92' lang='lat' dir='ltr'>vel</span> <span class='ocrx_word' id='word_1_418' title='bbox 3473 2950 3732 3009; x_wconf 90' lang='lat' dir='ltr'>maxime</span> <span class='ocrx_word' id='word_1_419' title='bbox 3785 2951 3946 3009; x_wconf 89' lang='lat' dir='ltr'>circa</span> 
     </span>
    </p>
   </div>
   <div class='ocr_carea' id='block_1_61' title="bbox 2223 3029 3945 3112">
    <p class='ocr_par' dir='ltr' id='par_1_61' title="bbox 2223 3029 3945 3112">
     <span class='ocr_line' id='line_1_61' title="bbox 2223 3029 3945 3112; baseline 0.008 -26"><span class='ocrx_word' id='word_1_420' title='bbox 2223 3029 2554 3088; x_wconf 91' lang='lat' dir='ltr'>diluculum</span> <span class='ocrx_word' id='word_1_421' title='bbox 2604 3031 2981 3104; x_wconf 89' lang='lat' dir='ltr'>obdormisse,</span> <span class='ocrx_word' id='word_1_422' title='bbox 3037 3050 3413 3109; x_wconf 87' lang='lat' dir='ltr'>nequaquam</span> <span class='ocrx_word' id='word_1_423' title='bbox 3474 3046 3668 3112; x_wconf 88' lang='lat' dir='ltr'>posset</span> <span class='ocrx_word' id='word_1_424' title='bbox 3723 3057 3790 3098; x_wconf 92' lang='lat' dir='ltr'>eo</span> <span class='ocrx_word' id='word_1_425' title='bbox 3843 3041 3945 3099; x_wconf 91' lang='lat' dir='ltr'>die</span> 
     </span>
    </p>
   </div>
   <div class='ocr_carea' id='block_1_62' title="bbox 425 3117 3943 3218">
    <p class='ocr_par' dir='ltr' id='par_1_62' title="bbox 425 3117 3943 3218">
     <span class='ocr_line' id='line_1_62' title="bbox 425 3117 3943 3218; baseline 0.002 -38"><span class='ocrx_word' id='word_1_426' title='bbox 425 3122 583 3181; x_wconf 89' lang='lat' dir='ltr'>diem</span> <span class='ocrx_word' id='word_1_427' title='bbox 624 3122 1010 3197; x_wconf 90' lang='lat' dir='ltr'>jej-unandum</span> <span class='ocrx_word' id='word_1_428' title='bbox 1054 3139 1197 3195; x_wconf 90' lang='lat' dir='ltr'>esse,</span> <span class='ocrx_word' id='word_1_429' title='bbox 1254 3138 1316 3184; x_wconf 93' lang='lat' dir='ltr'>ut</span> <span class='ocrx_word' id='word_1_430' title='bbox 1364 3129 1787 3186; x_wconf 76' lang='lat' dir='ltr'>revera‘sancti</span> <span class='ocrx_word' id='word_1_431' title='bbox 1847 3127 2136 3185; x_wconf 87' lang='lat' dir='ltr'>Paschatis</span> <span class='ocrx_word' id='word_1_432' title='bbox 2154 3117 2772 3218; x_wconf 12' lang='lat' dir='ltr'>apumgcjus&#39;licentia</span> <span class='ocrx_word' id='word_1_433' title='bbox 2804 3129 2964 3218; x_wconf 63' lang='lat' dir='ltr'>Sacra</span> <span class='ocrx_word' id='word_1_434' title='bbox 3005 3122 3316 3182; x_wconf 74' lang='lat' dir='ltr'>missarum</span> <span class='ocrx_word' id='word_1_435' title='bbox 3356 3125 3637 3185; x_wconf 83' lang='lat' dir='ltr'>solemnia</span> <span class='ocrx_word' id='word_1_436' title='bbox 3679 3127 3943 3187; x_wconf 89' lang='lat' dir='ltr'>celebra-</span> 
     </span>
    </p>
   </div>
   <div class='ocr_carea' id='block_1_63' title="bbox 425 3210 2135 3284">
    <p class='ocr_par' dir='ltr' id='par_1_63' title="bbox 425 3210 2135 3284">
     <span class='ocr_line' id='line_1_63' title="bbox 425 3210 2135 3284; baseline 0.002 -16"><span class='ocrx_word' id='word_1_437' title='bbox 425 3210 678 3284; x_wconf 88' lang='lat' dir='ltr'>vigilias,</span> <span class='ocrx_word' id='word_1_438' title='bbox 717 3212 1032 3271; x_wconf 86' lang='lat' dir='ltr'>instituerit</span> <span class='ocrx_word' id='word_1_439' title='bbox 1062 3213 1233 3284; x_wconf 80' lang='lat'>(205),</span> <span class='ocrx_word' id='word_1_440' title='bbox 1274 3229 1412 3272; x_wconf 92' lang='lat' dir='ltr'>mox</span> <span class='ocrx_word' id='word_1_441' title='bbox 1453 3215 1852 3274; x_wconf 89' lang='lat' dir='ltr'>remissionem</span> <span class='ocrx_word' id='word_1_442' title='bbox 1903 3215 2135 3274; x_wconf 89' lang='lat' dir='ltr'>Sabbati</span> 
     </span>
    </p>
   </div>
   <div class='ocr_carea' id='block_1_64' title="bbox 425 3299 2134 3376">
    <p class='ocr_par' dir='ltr' id='par_1_64' title="bbox 425 3299 2134 3376">
     <span class='ocr_line' id='line_1_64' title="bbox 425 3299 2134 3376; baseline 0.002 -18"><span class='ocrx_word' id='word_1_443' title='bbox 425 3299 489 3358; x_wconf 89' lang='lat' dir='ltr'>in</span> <span class='ocrx_word' id='word_1_444' title='bbox 517 3300 781 3374; x_wconf 90' lang='lat' dir='ltr'>quintam</span> <span class='ocrx_word' id='word_1_445' title='bbox 821 3302 1024 3361; x_wconf 84' lang='lat' dir='ltr'>feriam</span> <span class='ocrx_word' id='word_1_446' title='bbox 1063 3303 1460 3376; x_wconf 89' lang='lat' dir='ltr'>commutavit,</span> <span class='ocrx_word' id='word_1_447' title='bbox 1520 3312 1576 3363; x_wconf 89' lang='lat' dir='ltr'>et</span> <span class='ocrx_word' id='word_1_448' title='bbox 1625 3306 1726 3376; x_wconf 91' lang='lat' dir='ltr'>sic,</span> <span class='ocrx_word' id='word_1_449' title='bbox 1764 3304 2134 3364; x_wconf 80' lang='lat' dir='ltr'>inﬁrmorum</span> 
     </span>
    </p>
   </div>
   <div class='ocr_carea' id='block_1_65' title="bbox 425 3389 2136 3470">
    <p class='ocr_par' dir='ltr' id='par_1_65' title="bbox 425 3389 2136 3470">
     <span class='ocr_line' id='line_1_65' title="bbox 425 3389 2136 3470; baseline 0.004 -24"><span class='ocrx_word' id='word_1_450' title='bbox 425 3389 804 3450; x_wconf 78' lang='lat' dir='ltr'>imbecillitati</span> <span class='ocrx_word' id='word_1_451' title='bbox 835 3392 1160 3465; x_wconf 90' lang='lat' dir='ltr'>consulens,</span> <span class='ocrx_word' id='word_1_452' title='bbox 1194 3395 1434 3467; x_wconf 90' lang='lat' dir='ltr'>longum</span> <span class='ocrx_word' id='word_1_453' title='bbox 1461 3395 1756 3470; x_wconf 90' lang='lat' dir='ltr'>jejunium</span> <span class='ocrx_word' id='word_1_454' title='bbox 1791 3394 2136 3454; x_wconf 87' lang='lat' dir='ltr'>discretione</span> 
     </span>
    </p>
   </div>
   <div class='ocr_carea' id='block_1_66' title="bbox 425 3477 2136 3542">
    <p class='ocr_par' dir='ltr' id='par_1_66' title="bbox 425 3477 2136 3542">
     <span class='ocr_line' id='line_1_66' title="bbox 425 3477 2136 3542; baseline 0.003 -5"><span class='ocrx_word' id='word_1_455' title='bbox 425 3477 621 3538; x_wconf 85' lang='lat' dir='ltr'>habita</span> <span class='ocrx_word' id='word_1_456' title='bbox 654 3479 881 3540; x_wconf 90' lang='lat' dir='ltr'>facilius</span> <span class='ocrx_word' id='word_1_457' title='bbox 919 3480 1187 3541; x_wconf 88' lang='lat' dir='ltr'>reddidit.</span> <span class='ocrx_word' id='word_1_458' title='bbox 1236 3483 1402 3541; x_wconf 83' lang='lat' dir='ltr'>Hanc</span> <span class='ocrx_word' id='word_1_459' title='bbox 1437 3484 1722 3542; x_wconf 91' lang='lat' dir='ltr'>nimirum</span> <span class='ocrx_word' id='word_1_460' title='bbox 1763 3482 1997 3542; x_wconf 89' lang='lat' dir='ltr'>vivendi</span> <span class='ocrx_word' id='word_1_461' title='bbox 2043 3501 2136 3542; x_wconf 83' lang='lat' dir='ltr'>re—</span> 
     </span>
    </p>
   </div>
   <div class='ocr_carea' id='block_1_67' title="bbox 488 3706 2128 3770">
    <p class='ocr_par' dir='ltr' id='par_1_67' title="bbox 488 3706 2128 3770">
     <span class='ocr_line' id='line_1_67' title="bbox 488 3706 2128 3770; baseline 0.002 -12"><span class='ocrx_word' id='word_1_462' title='bbox 488 3706 624 3770; x_wconf 81' lang='grc'>(201)</span> <span class='ocrx_word' id='word_1_463' title='bbox 646 3707 758 3762; x_wconf 84' lang='lat' dir='ltr'>Hoc</span> <span class='ocrx_word' id='word_1_464' title='bbox 778 3708 1057 3762; x_wconf 83' lang='lat' dir='ltr'>indubiam</span> <span class='ocrx_word' id='word_1_465' title='bbox 1091 3710 1483 3766; x_wconf 65' lang='lat' dir='ltr'>monimentum</span> <span class='ocrx_word' id='word_1_466' title='bbox 1520 3713 1602 3764; x_wconf 85' lang='lat' dir='ltr'>est</span> <span class='ocrx_word' id='word_1_467' title='bbox 1635 3712 1684 3763; x_wconf 89' lang='lat' dir='ltr'>S.</span> <span class='ocrx_word' id='word_1_468' title='bbox 1723 3711 1999 3764; x_wconf 84' lang='lat' dir='ltr'>Romualdi</span> <span class='ocrx_word' id='word_1_469' title='bbox 2027 3712 2128 3764; x_wconf 92' lang='lat' dir='ltr'>dis-</span> 
     </span>
    </p>
   </div>
   <div class='ocr_carea' id='block_1_68' title="bbox 423 3778 2142 3848">
    <p class='ocr_par' dir='ltr' id='par_1_68' title="bbox 423 3778 2142 3848">
     <span class='ocr_line' id='line_1_68' title="bbox 423 3778 2142 3848; baseline 0.002 -19"><span class='ocrx_word' id='word_1_470' title='bbox 423 3778 662 3843; x_wconf 88' lang='lat' dir='ltr'>cipulum</span> <span class='ocrx_word' id='word_1_471' title='bbox 682 3781 914 3846; x_wconf 81' lang='lat' dir='ltr'>ejusque</span> <span class='ocrx_word' id='word_1_472' title='bbox 937 3782 1289 3844; x_wconf 47' lang='lat' dir='ltr'>spiritualem‘</span> <span class='ocrx_word' id='word_1_473' title='bbox 1307 3782 1684 3848; x_wconf 59' lang='lat' dir='ltr'>ﬂliumzfuisse</span> <span class='ocrx_word' id='word_1_474' title='bbox 1702 3783 1888 3838; x_wconf 83' lang='lat' dir='ltr'>divum</span> <span class='ocrx_word' id='word_1_475' title='bbox 1919 3784 2142 3836; x_wconf 63' lang='lat' dir='ltr'>Petrum:</span> 
     </span>
    </p>
   </div>
   <div class='ocr_carea' id='block_1_69' title="bbox 423 3848 2126 3920">
    <p class='ocr_par' dir='ltr' id='par_1_69' title="bbox 423 3848 2126 3920">
     <span class='ocr_line' id='line_1_69' title="bbox 423 3848 2126 3920; baseline 0.004 -20"><span class='ocrx_word' id='word_1_476' title='bbox 423 3848 720 3912; x_wconf 87' lang='lat' dir='ltr'>Urseolum,</span> <span class='ocrx_word' id='word_1_477' title='bbox 757 3852 959 3916; x_wconf 88' lang='lat' dir='ltr'>quippe</span> <span class='ocrx_word' id='word_1_478' title='bbox 993 3855 1084 3916; x_wconf 89' lang='lat' dir='ltr'>qui</span> <span class='ocrx_word' id='word_1_479' title='bbox 1113 3854 1240 3908; x_wconf 83' lang='lat' dir='ltr'>ante</span> <span class='ocrx_word' id='word_1_480' title='bbox 1267 3854 1390 3916; x_wconf 83' lang='lat' dir='ltr'>ejus</span> <span class='ocrx_word' id='word_1_481' title='bbox 1422 3854 1716 3920; x_wconf 84' lang='lat' dir='ltr'>pedes,.uti</span> <span class='ocrx_word' id='word_1_482' title='bbox 1749 3854 1992 3918; x_wconf 81' lang='lat' dir='ltr'>magistri</span> <span class='ocrx_word' id='word_1_483' title='bbox 2022 3855 2126 3913; x_wconf 87' lang='lat' dir='ltr'>sui,</span> 
     </span>
    </p>
   </div>
   <div class='ocr_carea' id='block_1_70' title="bbox 423 3921 1378 3989">
    <p class='ocr_par' dir='ltr' id='par_1_70' title="bbox 423 3921 1378 3989">
     <span class='ocr_line' id='line_1_70' title="bbox 423 3921 1378 3989; baseline 0.004 -17"><span class='ocrx_word' id='word_1_484' title='bbox 423 3921 699 3975; x_wconf 86' lang='lat' dir='ltr'>humiliter</span> <span class='ocrx_word' id='word_1_485' title='bbox 735 3933 937 3986; x_wconf 85' lang='lat' dir='ltr'>rogans</span> <span class='ocrx_word' id='word_1_486' title='bbox 969 3935 1030 3976; x_wconf 89' lang='lat' dir='ltr'>se</span> <span class='ocrx_word' id='word_1_487' title='bbox 1060 3927 1378 3989; x_wconf 76' lang='lat' dir='ltr'>prosternit;</span> 
     </span>
    </p>
   </div>
   <div class='ocr_carea' id='block_1_71' title="bbox 483 3991 2128 4057">
    <p class='ocr_par' dir='ltr' id='par_1_71' title="bbox 483 3991 2128 4057">
     <span class='ocr_line' id='line_1_71' title="bbox 483 3991 2128 4057; baseline 0.003 -13"><span class='ocrx_word' id='word_1_488' title='bbox 483 3991 620 4057; x_wconf 74' lang='grc' dir='ltr'>(ἳοῖ)</span> <span class='ocrx_word' id='word_1_489' title='bbox 679 3993 737 4044; x_wconf 85' lang='lat' dir='ltr'>in</span> <span class='ocrx_word' id='word_1_490' title='bbox 803 3993 1004 4057; x_wconf 74' lang='lat' dir='ltr'>[tegula</span> <span class='ocrx_word' id='word_1_491' title='bbox 1066 3995 1346 4047; x_wconf 75' lang='lat' dir='ltr'>eramittea</span> <span class='ocrx_word' id='word_1_492' title='bbox 1399 4009 1430 4047; x_wconf 85' lang='lat' dir='ltr'>a</span> <span class='ocrx_word' id='word_1_493' title='bbox 1459 4011 1463 4020; x_wconf 67' lang='grc' dir='ltr'>ι</span> <span class='ocrx_word' id='word_1_494' title='bbox 1496 3995 1550 4049; x_wconf 89' lang='grc' dir='ltr'>Β.</span> <span class='ocrx_word' id='word_1_495' title='bbox 1605 3995 1778 4049; x_wconf 68' lang='lat' dir='ltr'>Paulo‘</span> <span class='ocrx_word' id='word_1_496' title='bbox 1829 3993 2128 4049; x_wconf 76' lang='lat' dir='ltr'>Iustiniano</span> 
     </span>
    </p>
   </div>
   <div class='ocr_carea' id='block_1_72' title="bbox 420 4065 2152 4134">
    <p class='ocr_par' dir='ltr' id='par_1_72' title="bbox 420 4065 2152 4134">
     <span class='ocr_line' id='line_1_72' title="bbox 420 4065 2152 4134; baseline -0.008 -2"><span class='ocrx_word' id='word_1_497' title='bbox 420 4065 595 4120; x_wconf 54' lang='lat' dir='ltr'>ed38-</span> <span class='ocrx_word' id='word_1_498' title='bbox 655 4065 821 4127; x_wconf 54' lang='grc' dir='ltr'>ιδῖωνκ</span> <span class='ocrx_word' id='word_1_499' title='bbox 859 4066 916 4117; x_wconf 73' lang='lat' dir='ltr'>in</span> <span class='ocrx_word' id='word_1_500' title='bbox 989 4067 1320 4118; x_wconf 73' lang='lat' dir='ltr'>monasterio</span> <span class='ocrx_word' id='word_1_501' title='bbox 1403 4067 1736 4120; x_wconf 57' lang='lat' dir='ltr'>ii‘ontisboui‘I</span> <span class='ocrx_word' id='word_1_502' title='bbox 1784 4073 1974 4134; x_wconf 71' lang='lat' dir='ltr'>prope&#39;</span> <span class='ocrx_word' id='word_1_503' title='bbox 2031 4071 2152 4121; x_wconf 46' lang='lat' dir='ltr'>Cas&quot;</span> 
     </span>
    </p>
   </div>
   <div class='ocr_carea' id='block_1_73' title="bbox 422 4134 2137 4202">
    <p class='ocr_par' dir='ltr' id='par_1_73' title="bbox 422 4134 2137 4202">
     <span class='ocr_line' id='line_1_73' title="bbox 422 4134 2137 4202; baseline 0.002 -16"><span class='ocrx_word' id='word_1_504' title='bbox 422 4134 742 4198; x_wconf 87' lang='lat' dir='ltr'>maldulum,</span> <span class='ocrx_word' id='word_1_505' title='bbox 801 4148 920 4201; x_wconf 78' lang='lat' dir='ltr'>cap.</span> <span class='ocrx_word' id='word_1_506' title='bbox 978 4138 1060 4198; x_wconf 82' lang='lat'>28,</span> <span class='ocrx_word' id='word_1_507' title='bbox 1127 4138 1429 4191; x_wconf 85' lang='lat' dir='ltr'>scribitur:</span> <span class='ocrx_word' id='word_1_508' title='bbox 1471 4139 1599 4192; x_wconf 85' lang='lat' dir='ltr'>Erat</span> <span class='ocrx_word' id='word_1_509' title='bbox 1665 4141 1774 4190; x_wconf 66' lang='lat' dir='ltr'>tua</span> <span class='ocrx_word' id='word_1_510' title='bbox 1837 4141 2137 4202; x_wconf 70' lang='lat' dir='ltr'>quotidiani;</span> 
     </span>
    </p>
   </div>
   <div class='ocr_carea' id='block_1_74' title="bbox 423 4205 2130 4275">
    <p class='ocr_par' dir='ltr' id='par_1_74' title="bbox 423 4205 2130 4275">
     <span class='ocr_line' id='line_1_74' title="bbox 423 4205 2130 4275; baseline 0.005 -21"><span class='ocrx_word' id='word_1_511' title='bbox 423 4205 528 4255; x_wconf 87' lang='lat' dir='ltr'>cibi</span> <span class='ocrx_word' id='word_1_512' title='bbox 579 4219 821 4257; x_wconf 75' lang='lat' dir='ltr'>mensura</span> <span class='ocrx_word' id='word_1_513' title='bbox 869 4221 962 4271; x_wconf 82' lang='lat' dir='ltr'>per</span> <span class='ocrx_word' id='word_1_514' title='bbox 1007 4209 1236 4271; x_wconf 81' lang='lat' dir='ltr'>singulos</span> <span class='ocrx_word' id='word_1_515' title='bbox 1296 4224 1421 4275; x_wconf 85' lang='lat' dir='ltr'>pars</span> <span class='ocrx_word' id='word_1_516' title='bbox 1472 4212 1693 4262; x_wconf 86' lang='lat' dir='ltr'>dimidia</span> <span class='ocrx_word' id='word_1_517' title='bbox 1736 4213 2028 4274; x_wconf 70' lang='lat' dir='ltr'>paximatii,</span> <span class='ocrx_word' id='word_1_518' title='bbox 2076 4213 2130 4262; x_wconf 87' lang='lat' dir='ltr'>id</span> 
     </span>
    </p>
   </div>
   <div class='ocr_carea' id='block_1_75' title="bbox 424 4277 2125 4346">
    <p class='ocr_par' dir='ltr' id='par_1_75' title="bbox 424 4277 2125 4346">
     <span class='ocr_line' id='line_1_75' title="bbox 424 4277 2125 4346; baseline 0.005 -20"><span class='ocrx_word' id='word_1_519' title='bbox 424 4277 815 4337; x_wconf 56' lang='lat' dir='ltr'>est&#39;siccig&#39;aut</span> <span class='ocrx_word' id='word_1_520' title='bbox 867 4278 1072 4328; x_wconf 83' lang='lat' dir='ltr'>biscocti</span> <span class='ocrx_word' id='word_1_521' title='bbox 1119 4281 1277 4342; x_wconf 80' lang='lat' dir='ltr'>panis</span> <span class='ocrx_word' id='word_1_522' title='bbox 1333 4281 1622 4331; x_wconf 85' lang='lat' dir='ltr'>dimidium.</span> <span class='ocrx_word' id='word_1_523' title='bbox 1683 4281 1833 4346; x_wconf 81' lang='lat' dir='ltr'>Apud</span> <span class='ocrx_word' id='word_1_524' title='bbox 1890 4285 2125 4335; x_wconf 84' lang='lat' dir='ltr'>nonnul-</span> 
     </span>
    </p>
   </div>
   <div class='ocr_carea' id='block_1_76' title="bbox 422 4347 2103 4470">
    <p class='ocr_par' dir='ltr' id='par_1_76' title="bbox 422 4347 2103 4470">
     <span class='ocr_line' id='line_1_76' title="bbox 422 4347 2103 4470; baseline 0.003 -71"><span class='ocrx_word' id='word_1_525' title='bbox 422 4347 508 4470; x_wconf 52' lang='lat' dir='ltr'>llos</span> <span class='ocrx_word' id='word_1_526' title='bbox 568 4348 912 4412; x_wconf 71' lang='lat' dir='ltr'>paaimatium</span> <span class='ocrx_word' id='word_1_527' title='bbox 978 4354 1059 4403; x_wconf 88' lang='lat' dir='ltr'>est</span> <span class='ocrx_word' id='word_1_528' title='bbox 1120 4351 1277 4412; x_wconf 87' lang='lat' dir='ltr'>panis</span> <span class='ocrx_word' id='word_1_529' title='bbox 1347 4353 1761 4412; x_wconf 87' lang='lat' dir='ltr'>subcinericius,</span> <span class='ocrx_word' id='word_1_530' title='bbox 1836 4355 1924 4407; x_wconf 90' lang='lat' dir='ltr'>vel</span> <span class='ocrx_word' id='word_1_531' title='bbox 1997 4355 2103 4408; x_wconf 89' lang='lat' dir='ltr'>hor</span> 
     </span>
     <span class='ocr_line' id='line_1_77' title="bbox 462 4427 678 4470; baseline 0 0"><span class='ocrx_word' id='word_1_532' title='bbox 462 4427 678 4470; x_wconf 88' lang='lat' dir='ltr'>eaceus.</span> 
     </span>
    </p>
   </div>
   <div class='ocr_carea' id='block_1_77' title="bbox 462 4427 678 4471">
    <p class='ocr_par' dir='ltr' id='par_1_77' title="bbox 462 4427 678 4471">
     <span class='ocr_line' id='line_1_78' title="bbox 462 4427 678 4471; baseline -0.009 0"><span class='ocrx_word' id='word_1_533' title='bbox 462 4427 678 4471; x_wconf 70' lang='lat'>8808118.</span> 
     </span>
    </p>
   </div>
   <div class='ocr_carea' id='block_1_78' title="bbox 485 4489 2082 4558">
    <p class='ocr_par' dir='ltr' id='par_1_78' title="bbox 485 4489 2082 4558">
     <span class='ocr_line' id='line_1_79' title="bbox 485 4489 2082 4558; baseline 0.003 -16"><span class='ocrx_word' id='word_1_534' title='bbox 485 4489 630 4556; x_wconf 72' lang='lat'>(203)</span> <span class='ocrx_word' id='word_1_535' title='bbox 681 4490 734 4543; x_wconf 83' lang='grc' dir='ltr'>Β.</span> <span class='ocrx_word' id='word_1_536' title='bbox 790 4490 982 4545; x_wconf 86' lang='lat' dir='ltr'>Paulus</span> <span class='ocrx_word' id='word_1_537' title='bbox 1057 4493 1249 4544; x_wconf 84' lang='lat' dir='ltr'>lustln.</span> <span class='ocrx_word' id='word_1_538' title='bbox 1326 4493 1382 4545; x_wconf 92' lang='lat' dir='ltr'>in</span> <span class='ocrx_word' id='word_1_539' title='bbox 1446 4495 1673 4548; x_wconf 69' lang='lat' dir='ltr'>laudata”</span> <span class='ocrx_word' id='word_1_540' title='bbox 1735 4496 1936 4558; x_wconf 80' lang='lat' dir='ltr'>Regula</span> <span class='ocrx_word' id='word_1_541' title='bbox 1991 4509 2082 4547; x_wconf 87' lang='lat' dir='ltr'>ere</span> 
     </span>
    </p>
   </div>
   <div class='ocr_carea' id='block_1_79' title="bbox 423 4563 2116 4633">
    <p class='ocr_par' dir='ltr' id='par_1_79' title="bbox 423 4563 2116 4633">
     <span class='ocr_line' id='line_1_80' title="bbox 423 4563 2116 4633; baseline 0.001 -17"><span class='ocrx_word' id='word_1_542' title='bbox 423 4563 603 4616; x_wconf 87' lang='lat' dir='ltr'>mitica</span> <span class='ocrx_word' id='word_1_543' title='bbox 656 4565 779 4615; x_wconf 79' lang='lat' dir='ltr'>ait:</span> <span class='ocrx_word' id='word_1_544' title='bbox 814 4563 870 4613; x_wconf 81' lang='lat' dir='ltr'>id</span> <span class='ocrx_word' id='word_1_545' title='bbox 925 4571 1020 4626; x_wconf 81' lang='lat' dir='ltr'>est,</span> <span class='ocrx_word' id='word_1_546' title='bbox 1079 4569 1317 4627; x_wconf 76' lang='lat' dir='ltr'>quartam</span> <span class='ocrx_word' id='word_1_547' title='bbox 1369 4573 1565 4630; x_wconf 82' lang='lat' dir='ltr'>partem</span> <span class='ocrx_word' id='word_1_548' title='bbox 1609 4567 1900 4630; x_wconf 82' lang='lat' dir='ltr'>hujusmodi</span> <span class='ocrx_word' id='word_1_549' title='bbox 1939 4563 2116 4633; x_wconf 80' lang='lat' dir='ltr'>panis.</span> 
     </span>
    </p>
   </div>
   <div class='ocr_carea' id='block_1_80' title="bbox 485 4633 2125 4704">
    <p class='ocr_par' dir='ltr' id='par_1_80' title="bbox 485 4633 2125 4704">
     <span class='ocr_line' id='line_1_81' title="bbox 485 4633 2125 4704; baseline 0.004 -20"><span class='ocrx_word' id='word_1_550' title='bbox 485 4633 936 4700; x_wconf 77' lang='lat' dir='ltr'>(204)1mpletum</span> <span class='ocrx_word' id='word_1_551' title='bbox 979 4639 1064 4688; x_wconf 88' lang='lat' dir='ltr'>est</span> <span class='ocrx_word' id='word_1_552' title='bbox 1102 4638 1206 4688; x_wconf 89' lang='lat' dir='ltr'>hoc</span> <span class='ocrx_word' id='word_1_553' title='bbox 1254 4637 1566 4689; x_wconf 85' lang='lat' dir='ltr'>vaticinium</span> <span class='ocrx_word' id='word_1_554' title='bbox 1613 4643 1734 4704; x_wconf 91' lang='lat' dir='ltr'>post</span> <span class='ocrx_word' id='word_1_555' title='bbox 1783 4638 1965 4692; x_wconf 82' lang='lat' dir='ltr'>Vitatis</span> <span class='ocrx_word' id='word_1_556' title='bbox 2002 4641 2125 4691; x_wconf 84' lang='lat' dir='ltr'>Can-</span> 
     </span>
    </p>
   </div>
   <div class='ocr_carea' id='block_1_81' title="bbox 424 4704 2126 4774">
    <p class='ocr_par' dir='ltr' id='par_1_81' title="bbox 424 4704 2126 4774">
     <span class='ocr_line' id='line_1_82' title="bbox 424 4704 2126 4774; baseline 0.002 -17"><span class='ocrx_word' id='word_1_557' title='bbox 424 4704 570 4757; x_wconf 86' lang='lat' dir='ltr'>diani</span> <span class='ocrx_word' id='word_1_558' title='bbox 605 4707 658 4756; x_wconf 85' lang='lat' dir='ltr'>et</span> <span class='ocrx_word' id='word_1_559' title='bbox 698 4704 1154 4759; x_wconf 46' lang='lat' dir='ltr'>Tribuni‘liiemmt</span> <span class='ocrx_word' id='word_1_560' title='bbox 1199 4706 1469 4768; x_wconf 88' lang='lat' dir='ltr'>ducatum,</span> <span class='ocrx_word' id='word_1_561' title='bbox 1511 4720 1631 4760; x_wconf 89' lang='lat' dir='ltr'>cum</span> <span class='ocrx_word' id='word_1_562' title='bbox 1660 4723 1801 4761; x_wconf 89' lang='lat' dir='ltr'>anno</span> <span class='ocrx_word' id='word_1_563' title='bbox 1833 4711 1945 4773; x_wconf 83' lang='lat'>991,</span> <span class='ocrx_word' id='word_1_564' title='bbox 1975 4712 2126 4774; x_wconf 71' lang='lat' dir='ltr'>juxta</span> 
     </span>
    </p>
   </div>
   <div class='ocr_carea' id='block_1_82' title="bbox 421 4776 2129 4841">
    <p class='ocr_par' dir='ltr' id='par_1_82' title="bbox 421 4776 2129 4841">
     <span class='ocr_line' id='line_1_83' title="bbox 421 4776 2129 4841; baseline 0.004 -16"><span class='ocrx_word' id='word_1_565' title='bbox 421 4776 744 4841; x_wconf 77' lang='lat' dir='ltr'>prophetiam</span> <span class='ocrx_word' id='word_1_566' title='bbox 781 4779 946 4829; x_wconf 82' lang='lat' dir='ltr'>sancti</span> <span class='ocrx_word' id='word_1_567' title='bbox 974 4778 1230 4841; x_wconf 77' lang='lat' dir='ltr'>genitoris</span> <span class='ocrx_word' id='word_1_568' title='bbox 1265 4780 1347 4828; x_wconf 78' lang='lat' dir='ltr'>sui</span> <span class='ocrx_word' id='word_1_569' title='bbox 1371 4781 1625 4830; x_wconf 85' lang='lat' dir='ltr'>tricesimo</span> <span class='ocrx_word' id='word_1_570' title='bbox 1659 4783 1822 4832; x_wconf 68' lang='lat' dir='ltr'>astatis</span> <span class='ocrx_word' id='word_1_571' title='bbox 1855 4798 1997 4832; x_wconf 82' lang='lat' dir='ltr'>anno</span> <span class='ocrx_word' id='word_1_572' title='bbox 2025 4785 2129 4832; x_wconf 77' lang='lat' dir='ltr'>dua:</span> 
     </span>
    </p>
   </div>
   <div class='ocr_carea' id='block_1_83' title="bbox 422 4849 2126 4970">
    <p class='ocr_par' dir='ltr' id='par_1_83' title="bbox 422 4849 2126 4970">
     <span class='ocr_line' id='line_1_84' title="bbox 422 4849 2126 4970; baseline 0.005 -73"><span class='ocrx_word' id='word_1_573' title='bbox 654 4849 752 4970; x_wconf 58' lang='lat' dir='ltr'>iniit</span> <span class='ocrx_word' id='word_1_574' title='bbox 784 4850 971 4904; x_wconf 89' lang='lat' dir='ltr'>Petrus</span> <span class='ocrx_word' id='word_1_575' title='bbox 1018 4851 1276 4904; x_wconf 80' lang='lat' dir='ltr'>Urseolus</span> <span class='ocrx_word' id='word_1_576' title='bbox 1312 4852 1378 4915; x_wconf 92' lang='lat' dir='ltr'>ll,</span> <span class='ocrx_word' id='word_1_577' title='bbox 1419 4853 1558 4905; x_wconf 89' lang='lat' dir='ltr'>sicut</span> <span class='ocrx_word' id='word_1_578' title='bbox 1601 4853 1792 4905; x_wconf 86' lang='lat' dir='ltr'>scribit</span> <span class='ocrx_word' id='word_1_579' title='bbox 1834 4854 2126 4914; x_wconf 87' lang='lat' dir='ltr'>Dandulus,</span> 
     </span>
     <span class='ocr_line' id='line_1_85' title="bbox 501 4932 767 4970; baseline 0 0"><span class='ocrx_word' id='word_1_580' title='bbox 501 4957 516 4970; x_wconf 92' lang='lat'>.</span> <span class='ocrx_word' id='word_1_581' title='bbox 542 4932 621 4970; x_wconf 79' lang='lat' dir='ltr'>ix.</span> <span class='ocrx_word' id='word_1_582' title='bbox 647 4933 694 4970; x_wconf 90' lang='lat' dir='ltr'>c.</span> <span class='ocrx_word' id='word_1_583' title='bbox 755 4960 767 4970; x_wconf 94' lang='lat'>.</span> 
     </span>
    </p>
   </div>
   <div class='ocr_carea' id='block_1_84' title="bbox 447 4919 767 4983">
    <p class='ocr_par' dir='ltr' id='par_1_84' title="bbox 447 4919 767 4983">
     <span class='ocr_line' id='line_1_86' title="bbox 447 4919 767 4983; baseline 0.006 -12"><span class='ocrx_word' id='word_1_584' title='bbox 447 4919 516 4972; x_wconf 90' lang='lat' dir='ltr'>ib.</span> <span class='ocrx_word' id='word_1_585' title='bbox 542 4932 621 4983; x_wconf 80' lang='lat' dir='ltr'>ix,</span> <span class='ocrx_word' id='word_1_586' title='bbox 647 4933 694 4972; x_wconf 90' lang='lat' dir='ltr'>c.</span> <span class='ocrx_word' id='word_1_587' title='bbox 725 4924 767 4973; x_wconf 90' lang='lat' dir='ltr'>l.</span> 
     </span>
    </p>
   </div>
   <div class='ocr_carea' id='block_1_85' title="bbox 483 4990 2124 5060">
    <p class='ocr_par' dir='ltr' id='par_1_85' title="bbox 483 4990 2124 5060">
     <span class='ocr_line' id='line_1_87' title="bbox 483 4990 2124 5060; baseline 0.004 -20"><span class='ocrx_word' id='word_1_588' title='bbox 483 4990 620 5056; x_wconf 80' lang='lat'>(205)</span> <span class='ocrx_word' id='word_1_589' title='bbox 674 4992 802 5045; x_wconf 86' lang='lat' dir='ltr'>Vide</span> <span class='ocrx_word' id='word_1_590' title='bbox 865 4995 1146 5060; x_wconf 86' lang='lat' dir='ltr'>epistolam</span> <span class='ocrx_word' id='word_1_591' title='bbox 1213 4993 1353 5046; x_wconf 88' lang='lat' dir='ltr'>Petri</span> <span class='ocrx_word' id='word_1_592' title='bbox 1396 4993 1638 5048; x_wconf 80' lang='lat' dir='ltr'>Damia&#39;ni</span> <span class='ocrx_word' id='word_1_593' title='bbox 1689 4993 1766 5046; x_wconf 62' lang='lat' dir='ltr'>&quot;ad</span> <span class='ocrx_word' id='word_1_594' title='bbox 1824 5007 1941 5046; x_wconf 67' lang='lat' dir='ltr'>suae</span> <span class='ocrx_word' id='word_1_595' title='bbox 1989 5007 2124 5047; x_wconf 90' lang='lat' dir='ltr'>con-</span> 
     </span>
    </p>
   </div>
   <div class='ocr_carea' id='block_1_86' title="bbox 421 5062 2126 5131">
    <p class='ocr_par' dir='ltr' id='par_1_86' title="bbox 421 5062 2126 5131">
     <span class='ocr_line' id='line_1_88' title="bbox 421 5062 2126 5131; baseline 0.004 -19"><span class='ocrx_word' id='word_1_596' title='bbox 421 5062 756 5126; x_wconf 80' lang='lat' dir='ltr'>gregationis</span> <span class='ocrx_word' id='word_1_597' title='bbox 809 5067 1084 5127; x_wconf 87' lang='lat' dir='ltr'>eremltas,</span> <span class='ocrx_word' id='word_1_598' title='bbox 1141 5068 1178 5118; x_wconf 90' lang='lat' dir='ltr'>t.</span> <span class='ocrx_word' id='word_1_599' title='bbox 1241 5065 1281 5128; x_wconf 85' lang='grc' dir='ltr'>Ι,</span> <span class='ocrx_word' id='word_1_600' title='bbox 1313 5065 1433 5118; x_wconf 78' lang='lat' dir='ltr'>&#39;lib.</span> <span class='ocrx_word' id='word_1_601' title='bbox 1491 5081 1569 5126; x_wconf 74' lang='lat' dir='ltr'>vr,</span> <span class='ocrx_word' id='word_1_602' title='bbox 1628 5079 1714 5131; x_wconf 89' lang='lat' dir='ltr'>ep.</span> <span class='ocrx_word' id='word_1_603' title='bbox 1780 5066 1857 5124; x_wconf 81' lang='lat'>35,</span> <span class='ocrx_word' id='word_1_604' title='bbox 1907 5065 2000 5117; x_wconf 89' lang='lat' dir='ltr'>ubi</span> <span class='ocrx_word' id='word_1_605' title='bbox 2057 5065 2126 5119; x_wconf 90' lang='lat' dir='ltr'>de</span> 
     </span>
    </p>
   </div>
   <div class='ocr_carea' id='block_1_87' title="bbox 422 5131 2125 5203">
    <p class='ocr_par' dir='ltr' id='par_1_87' title="bbox 422 5131 2125 5203">
     <span class='ocr_line' id='line_1_89' title="bbox 422 5131 2125 5203; baseline 0 -19"><span class='ocrx_word' id='word_1_606' title='bbox 422 5131 526 5185; x_wconf 86' lang='lat' dir='ltr'>hac</span> <span class='ocrx_word' id='word_1_607' title='bbox 581 5132 634 5184; x_wconf 91' lang='lat' dir='ltr'>B.</span> <span class='ocrx_word' id='word_1_608' title='bbox 701 5135 940 5189; x_wconf 84' lang='lat' dir='ltr'>Silvestri</span> <span class='ocrx_word' id='word_1_609' title='bbox 1000 5135 1372 5191; x_wconf 74' lang='lat' dir='ltr'>sententiain</span> <span class='ocrx_word' id='word_1_610' title='bbox 1427 5133 1652 5192; x_wconf 68' lang='lat' dir='ltr'>Sabbato</span> <span class='ocrx_word' id='word_1_611' title='bbox 1695 5138 1974 5203; x_wconf 74' lang='lat' dir='ltr'>jejunandi</span> <span class='ocrx_word' id='word_1_612' title='bbox 2022 5138 2125 5190; x_wconf 46' lang='lat' dir='ltr'>dis,</span> 
     </span>
    </p>
   </div>
   <div class='ocr_carea' id='block_1_88' title="bbox 421 5205 654 5257">
    <p class='ocr_par' dir='ltr' id='par_1_88' title="bbox 421 5205 654 5257">
     <span class='ocr_line' id='line_1_90' title="bbox 421 5205 654 5257; baseline -0.013 0"><span class='ocrx_word' id='word_1_613' title='bbox 421 5205 654 5257; x_wconf 82' lang='lat' dir='ltr'>seritur.~</span> 
     </span>
    </p>
   </div>
   <div class='ocr_carea' id='block_1_89' title="bbox 485 5275 2124 5349">
    <p class='ocr_par' dir='ltr' id='par_1_89' title="bbox 485 5275 2124 5349">
     <span class='ocr_line' id='line_1_91' title="bbox 485 5275 2124 5349; baseline 0.001 -20"><span class='ocrx_word' id='word_1_614' title='bbox 485 5275 929 5349; x_wconf 59' lang='lat' dir='ltr'>(Mf-Treq&#39;uens</span> <span class='ocrx_word' id='word_1_615' title='bbox 970 5278 1162 5331; x_wconf 87' lang='lat' dir='ltr'>barum</span> <span class='ocrx_word' id='word_1_616' title='bbox 1198 5279 1397 5331; x_wconf 86' lang='lat' dir='ltr'>vocum</span> <span class='ocrx_word' id='word_1_617' title='bbox 1429 5291 1601 5330; x_wconf 90' lang='lat' dir='ltr'>unum</span> <span class='ocrx_word' id='word_1_618' title='bbox 1637 5277 1693 5332; x_wconf 90' lang='lat' dir='ltr'>in</span> <span class='ocrx_word' id='word_1_619' title='bbox 1726 5277 1954 5349; x_wconf 81' lang='lat' dir='ltr'>vetustis</span> <span class='ocrx_word' id='word_1_620' title='bbox 1989 5291 2124 5349; x_wconf 84' lang='lat' dir='ltr'>con-</span> 
     </span>
    </p>
   </div>
   <div class='ocr_carea' id='block_1_90' title="bbox 423 5347 2125 5418">
    <p class='ocr_par' dir='ltr' id='par_1_90' title="bbox 423 5347 2125 5418">
     <span class='ocr_line' id='line_1_92' title="bbox 423 5347 2125 5418; baseline 0.001 -19"><span class='ocrx_word' id='word_1_621' title='bbox 423 5347 807 5418; x_wconf 72' lang='lat' dir='ltr'>stitutionibus,</span> <span class='ocrx_word' id='word_1_622' title='bbox 834 5350 912 5418; x_wconf 2' lang='lat' dir='ltr'>(de</span> <span class='ocrx_word' id='word_1_623' title='bbox 933 5362 1162 5418; x_wconf 81' lang='lat' dir='ltr'>quarum</span> <span class='ocrx_word' id='word_1_624' title='bbox 1187 5349 1586 5416; x_wconf 72' lang='lat' dir='ltr'>signiﬁcatione</span> <span class='ocrx_word' id='word_1_625' title='bbox 1605 5351 1658 5402; x_wconf 88' lang='lat' dir='ltr'>et</span> <span class='ocrx_word' id='word_1_626' title='bbox 1681 5363 1782 5404; x_wconf 89' lang='lat' dir='ltr'>usu</span> <span class='ocrx_word' id='word_1_627' title='bbox 1809 5347 1929 5406; x_wconf 38' lang='lat' dir='ltr'>late:</span> <span class='ocrx_word' id='word_1_628' title='bbox 1945 5347 2125 5418; x_wconf 55' lang='lat' dir='ltr'>dissit-</span> 
     </span>
    </p>
   </div>
   <div class='ocr_carea' id='block_1_91' title="bbox 421 5411 2124 5486">
    <p class='ocr_par' dir='ltr' id='par_1_91' title="bbox 421 5411 2124 5486">
     <span class='ocr_line' id='line_1_93' title="bbox 421 5411 2124 5486; baseline 0.004 -20"><span class='ocrx_word' id='word_1_629' title='bbox 421 5417 492 5468; x_wconf 86' lang='lat' dir='ltr'>rit</span> <span class='ocrx_word' id='word_1_630' title='bbox 512 5417 681 5472; x_wconf 77' lang='lat' dir='ltr'>Lucas</span> <span class='ocrx_word' id='word_1_631' title='bbox 706 5411 1194 5486; x_wconf 59' lang='lat' dir='ltr'>Bai’chi&#39;noheusis,</span> <span class='ocrx_word' id='word_1_632' title='bbox 1215 5411 1348 5474; x_wconf 70' lang='lat' dir='ltr'>alias</span> <span class='ocrx_word' id='word_1_633' title='bbox 1381 5419 1652 5485; x_wconf 85' lang='lat' dir='ltr'>Hispanus</span> <span class='ocrx_word' id='word_1_634' title='bbox 1681 5419 1874 5484; x_wconf 76' lang='lat' dir='ltr'>dictus,</span> <span class='ocrx_word' id='word_1_635' title='bbox 1912 5422 1968 5473; x_wconf 88' lang='lat' dir='ltr'>in</span> <span class='ocrx_word' id='word_1_636' title='bbox 1991 5416 2124 5474; x_wconf 79' lang='lat' dir='ltr'>Hist.</span> 
     </span>
    </p>
   </div>
   <div class='ocr_carea' id='block_1_92' title="bbox 422 5487 2122 5560">
    <p class='ocr_par' dir='ltr' id='par_1_92' title="bbox 422 5487 2122 5560">
     <span class='ocr_line' id='line_1_94' title="bbox 422 5487 2122 5560; baseline 0.003 -24"><span class='ocrx_word' id='word_1_637' title='bbox 422 5487 769 5560; x_wconf 70' lang='lat' dir='ltr'>Romualdina</span> <span class='ocrx_word' id='word_1_638' title='bbox 819 5492 858 5544; x_wconf 86' lang='grc' dir='ltr'>ι.</span> <span class='ocrx_word' id='word_1_639' title='bbox 909 5502 962 5560; x_wconf 83' lang='lat' dir='ltr'>v,</span> <span class='ocrx_word' id='word_1_640' title='bbox 1013 5504 1063 5547; x_wconf 89' lang='lat' dir='ltr'>c.</span> <span class='ocrx_word' id='word_1_641' title='bbox 1120 5494 1194 5546; x_wconf 71' lang='lat'>3.‘</span> <span class='ocrx_word' id='word_1_642' title='bbox 1225 5493 1468 5544; x_wconf 72' lang='lat' dir='ltr'>Bidu&#39;ana</span> <span class='ocrx_word' id='word_1_643' title='bbox 1520 5497 1702 5548; x_wconf 81' lang='lat' dir='ltr'>autem</span> <span class='ocrx_word' id='word_1_644' title='bbox 1760 5497 1815 5548; x_wconf 89' lang='lat' dir='ltr'>et</span> <span class='ocrx_word' id='word_1_645' title='bbox 1858 5494 2122 5552; x_wconf 74' lang='lat' dir='ltr'>triduana,</span> 
     </span>
    </p>
   </div>
   <div class='ocr_carea' id='block_1_93' title="bbox 421 5559 2122 5629">
    <p class='ocr_par' dir='ltr' id='par_1_93' title="bbox 421 5559 2122 5629">
     <span class='ocr_line' id='line_1_95' title="bbox 421 5559 2122 5629; baseline 0.006 -22"><span class='ocrx_word' id='word_1_646' title='bbox 421 5559 1042 5629; x_wconf 70' lang='lat' dir='ltr'>vocabanthr&#39;1ejunia’</span> <span class='ocrx_word' id='word_1_647' title='bbox 1081 5564 1302 5629; x_wconf 81' lang='lat' dir='ltr'>antiquo</span> <span class='ocrx_word' id='word_1_648' title='bbox 1363 5565 1625 5628; x_wconf 88' lang='lat' dir='ltr'>tempore,</span> <span class='ocrx_word' id='word_1_649' title='bbox 1693 5577 1820 5617; x_wconf 91' lang='lat' dir='ltr'>cum</span> <span class='ocrx_word' id='word_1_650' title='bbox 1871 5564 2034 5620; x_wconf 83' lang='lat' dir='ltr'>feria.</span> <span class='ocrx_word' id='word_1_651' title='bbox 2064 5575 2122 5624; x_wconf 81' lang='lat' dir='ltr'>it,</span> 
     </span>
    </p>
   </div>
   <div class='ocr_carea' id='block_1_94' title="bbox 423 5628 2124 5701">
    <p class='ocr_par' dir='ltr' id='par_1_94' title="bbox 423 5628 2124 5701">
     <span class='ocr_line' id='line_1_96' title="bbox 423 5628 2124 5701; baseline 0.002 -19"><span class='ocrx_word' id='word_1_652' title='bbox 423 5628 478 5682; x_wconf 87' lang='lat' dir='ltr'>et</span> <span class='ocrx_word' id='word_1_653' title='bbox 525 5642 603 5692; x_wconf 84' lang='grc' dir='ltr'>ιιι,</span> <span class='ocrx_word' id='word_1_654' title='bbox 655 5634 708 5686; x_wconf 88' lang='lat' dir='ltr'>et</span> <span class='ocrx_word' id='word_1_655' title='bbox 751 5645 837 5692; x_wconf 81' lang='lat' dir='ltr'>tv;</span> <span class='ocrx_word' id='word_1_656' title='bbox 861 5628 938 5690; x_wconf 15' lang='lat' dir='ltr'>iet</span> <span class='ocrx_word' id='word_1_657' title='bbox 987 5638 1172 5701; x_wconf 86' lang='lat' dir='ltr'>postea</span> <span class='ocrx_word' id='word_1_658' title='bbox 1213 5628 1287 5700; x_wconf 78' lang='lat' dir='ltr'>vi,</span> <span class='ocrx_word' id='word_1_659' title='bbox 1345 5636 1481 5690; x_wconf 76' lang='lat' dir='ltr'>feria</span> <span class='ocrx_word' id='word_1_660' title='bbox 1513 5641 1566 5692; x_wconf 92' lang='lat' dir='ltr'>et</span> <span class='ocrx_word' id='word_1_661' title='bbox 1608 5635 1834 5690; x_wconf 86' lang='lat' dir='ltr'>Sabbato</span> <span class='ocrx_word' id='word_1_662' title='bbox 1882 5637 1937 5688; x_wconf 89' lang='lat' dir='ltr'>in</span> <span class='ocrx_word' id='word_1_663' title='bbox 1983 5647 2124 5700; x_wconf 81' lang='lat' dir='ltr'>pane</span> 
     </span>
    </p>
   </div>
   <div class='ocr_carea' id='block_1_95' title="bbox 2223 3207 3945 3288">
    <p class='ocr_par' dir='ltr' id='par_1_95' title="bbox 2223 3207 3945 3288">
     <span class='ocr_line' id='line_1_97' title="bbox 2223 3207 3945 3288; baseline 0.008 -25"><span class='ocrx_word' id='word_1_664' title='bbox 2223 3221 2302 3264; x_wconf 90' lang='lat' dir='ltr'>re.</span> <span class='ocrx_word' id='word_1_665' title='bbox 2351 3207 2585 3265; x_wconf 89' lang='lat' dir='ltr'>Dicebat</span> <span class='ocrx_word' id='word_1_666' title='bbox 2613 3209 2787 3267; x_wconf 91' lang='lat' dir='ltr'>etiam</span> <span class='ocrx_word' id='word_1_667' title='bbox 2820 3211 3030 3270; x_wconf 92' lang='lat' dir='ltr'>melius</span> <span class='ocrx_word' id='word_1_668' title='bbox 3062 3228 3201 3280; x_wconf 84' lang='lat' dir='ltr'>esse,</span> <span class='ocrx_word' id='word_1_669' title='bbox 3239 3214 3288 3271; x_wconf 82' lang='lat' dir='ltr'>si</span> <span class='ocrx_word' id='word_1_670' title='bbox 3313 3215 3587 3288; x_wconf 89' lang='lat' dir='ltr'>possibile</span> <span class='ocrx_word' id='word_1_671' title='bbox 3620 3217 3712 3287; x_wconf 89' lang='lat' dir='ltr'>sit,</span> <span class='ocrx_word' id='word_1_672' title='bbox 3745 3233 3945 3276; x_wconf 89' lang='lat' dir='ltr'>unum</span> 
     </span>
    </p>
   </div>
   <div class='ocr_carea' id='block_1_96' title="bbox 2219 3297 3943 3382">
    <p class='ocr_par' dir='ltr' id='par_1_96' title="bbox 2219 3297 3943 3382">
     <span class='ocr_line' id='line_1_98' title="bbox 2219 3297 3943 3382; baseline 0.008 -28"><span class='ocrx_word' id='word_1_673' title='bbox 2219 3297 2510 3372; x_wconf 90' lang='lat' dir='ltr'>psalmum</span> <span class='ocrx_word' id='word_1_674' title='bbox 2531 3315 2606 3358; x_wconf 87' lang='lat' dir='ltr'>ex</span> <span class='ocrx_word' id='word_1_675' title='bbox 2625 3301 2794 3359; x_wconf 92' lang='lat' dir='ltr'>corde</span> <span class='ocrx_word' id='word_1_676' title='bbox 2814 3308 2868 3360; x_wconf 90' lang='lat' dir='ltr'>et</span> <span class='ocrx_word' id='word_1_677' title='bbox 2885 3319 3021 3361; x_wconf 91' lang='lat' dir='ltr'>cum</span> <span class='ocrx_word' id='word_1_678' title='bbox 3041 3306 3487 3378; x_wconf 88' lang='lat' dir='ltr'>compunctione</span> <span class='ocrx_word' id='word_1_679' title='bbox 3502 3313 3732 3366; x_wconf 89' lang='lat' dir='ltr'>cantare</span> <span class='ocrx_word' id='word_1_680' title='bbox 3753 3323 3943 3382; x_wconf 87' lang='lat' dir='ltr'>quam</span> 
     </span>
    </p>
   </div>
   <div class='ocr_carea' id='block_1_97' title="bbox 2219 3393 3943 3470">
    <p class='ocr_par' dir='ltr' id='par_1_97' title="bbox 2219 3393 3943 3470">
     <span class='ocr_line' id='line_1_99' title="bbox 2219 3393 3943 3470; baseline 0.008 -25"><span class='ocrx_word' id='word_1_681' title='bbox 2219 3394 2455 3447; x_wconf 91' lang='lat' dir='ltr'>centum</span> <span class='ocrx_word' id='word_1_682' title='bbox 2515 3405 2647 3449; x_wconf 90' lang='lat' dir='ltr'>cum</span> <span class='ocrx_word' id='word_1_683' title='bbox 2704 3394 2916 3451; x_wconf 89' lang='lat' dir='ltr'>mentis</span> <span class='ocrx_word' id='word_1_684' title='bbox 2973 3393 3329 3454; x_wconf 90' lang='lat' dir='ltr'>fabulatione</span> <span class='ocrx_word' id='word_1_685' title='bbox 3402 3413 3751 3470; x_wconf 89' lang='lat' dir='ltr'>percurrere.</span> <span class='ocrx_word' id='word_1_686' title='bbox 3823 3398 3943 3459; x_wconf 86' lang='lat' dir='ltr'>Cui</span> 
     </span>
    </p>
   </div>
   <div class='ocr_carea' id='block_1_98' title="bbox 2219 3477 3938 3560">
    <p class='ocr_par' dir='ltr' id='par_1_98' title="bbox 2219 3477 3938 3560">
     <span class='ocr_line' id='line_1_100' title="bbox 2219 3477 3938 3560; baseline 0.008 -26"><span class='ocrx_word' id='word_1_687' title='bbox 2219 3482 2415 3536; x_wconf 88' lang='lat' dir='ltr'>autem</span> <span class='ocrx_word' id='word_1_688' title='bbox 2469 3477 2595 3536; x_wconf 61' lang='lat' dir='ltr'>base</span> <span class='ocrx_word' id='word_1_689' title='bbox 2633 3480 2815 3553; x_wconf 88' lang='lat' dir='ltr'>gratia</span> <span class='ocrx_word' id='word_1_690' title='bbox 2851 3481 3099 3556; x_wconf 76' lang='lat' dir='ltr'>perfecte</span> <span class='ocrx_word' id='word_1_691' title='bbox 3148 3483 3280 3543; x_wconf 90' lang='lat' dir='ltr'>data</span> <span class='ocrx_word' id='word_1_692' title='bbox 3327 3501 3446 3545; x_wconf 92' lang='lat' dir='ltr'>non</span> <span class='ocrx_word' id='word_1_693' title='bbox 3501 3494 3668 3560; x_wconf 86' lang='lat' dir='ltr'>esset,</span> <span class='ocrx_word' id='word_1_694' title='bbox 3730 3487 3938 3547; x_wconf 87' lang='lat' dir='ltr'>horta-</span> 
     </span>
    </p>
   </div>
   <div class='ocr_carea' id='block_1_99' title="bbox 2229 3703 3945 3772">
    <p class='ocr_par' dir='ltr' id='par_1_99' title="bbox 2229 3703 3945 3772">
     <span class='ocr_line' id='line_1_101' title="bbox 2229 3703 3945 3772; baseline 0.008 -19"><span class='ocrx_word' id='word_1_695' title='bbox 2229 3703 2283 3772; x_wconf 81' lang='lat' dir='ltr'>et</span> <span class='ocrx_word' id='word_1_696' title='bbox 2349 3713 2490 3766; x_wconf 82' lang='lat' dir='ltr'>aqua</span> <span class='ocrx_word' id='word_1_697' title='bbox 2551 3704 2918 3768; x_wconf 75' lang='lat' dir='ltr'>jejunabatur;</span> <span class='ocrx_word' id='word_1_698' title='bbox 3011 3709 3072 3759; x_wconf 86' lang='lat' dir='ltr'>ut</span> <span class='ocrx_word' id='word_1_699' title='bbox 3129 3709 3392 3772; x_wconf 78' lang='lat' dir='ltr'>priorum</span> <span class='ocrx_word' id='word_1_700' title='bbox 3487 3710 3710 3764; x_wconf 80' lang='lat' dir='ltr'>scilicet</span> <span class='ocrx_word' id='word_1_701' title='bbox 3771 3713 3945 3766; x_wconf 90' lang='lat' dir='ltr'>trium</span> 
     </span>
    </p>
   </div>
   <div class='ocr_carea' id='block_1_100' title="bbox 2227 3771 3950 3840">
    <p class='ocr_par' dir='ltr' id='par_1_100' title="bbox 2227 3771 3950 3840">
     <span class='ocr_line' id='line_1_102' title="bbox 2227 3771 3950 3840; baseline 0.006 -17"><span class='ocrx_word' id='word_1_702' title='bbox 2227 3771 2440 3824; x_wconf 88' lang='lat' dir='ltr'>dierum</span> <span class='ocrx_word' id='word_1_703' title='bbox 2495 3774 2772 3836; x_wconf 80' lang='lat' dir='ltr'>triduana,</span> <span class='ocrx_word' id='word_1_704' title='bbox 2839 3771 3178 3840; x_wconf 82' lang='lat' dir='ltr'>sequentium</span> <span class='ocrx_word' id='word_1_705' title='bbox 3237 3791 3370 3832; x_wconf 85' lang='lat' dir='ltr'>vero</span> <span class='ocrx_word' id='word_1_706' title='bbox 3432 3781 3662 3834; x_wconf 83' lang='lat' dir='ltr'>duorum</span> <span class='ocrx_word' id='word_1_707' title='bbox 3706 3781 3950 3834; x_wconf 69' lang='lat' dir='ltr'>biduanas</span> 
     </span>
    </p>
   </div>
   <div class='ocr_carea' id='block_1_101' title="bbox 2229 3844 3948 3922">
    <p class='ocr_par' dir='ltr' id='par_1_101' title="bbox 2229 3844 3948 3922">
     <span class='ocr_line' id='line_1_103' title="bbox 2229 3844 3948 3922; baseline 0.009 -28"><span class='ocrx_word' id='word_1_708' title='bbox 2229 3844 2505 3922; x_wconf 65' lang='lat' dir='ltr'>diceretur</span> <span class='ocrx_word' id='word_1_709' title='bbox 2580 3845 2932 3922; x_wconf 81' lang='lat' dir='ltr'>abstinentia;</span> <span class='ocrx_word' id='word_1_710' title='bbox 2995 3853 3156 3922; x_wconf 71' lang='lat' dir='ltr'>prout</span> <span class='ocrx_word' id='word_1_711' title='bbox 3233 3849 3284 3901; x_wconf 90' lang='lat' dir='ltr'>B.</span> <span class='ocrx_word' id='word_1_712' title='bbox 3358 3848 3548 3922; x_wconf 82' lang='lat' dir='ltr'>Paulus</span> <span class='ocrx_word' id='word_1_713' title='bbox 3599 3852 3948 3922; x_wconf 82' lang='lat' dir='ltr'>Justipianus</span> 
     </span>
    </p>
   </div>
   <div class='ocr_carea' id='block_1_102' title="bbox 2227 3914 3946 3988">
    <p class='ocr_par' dir='ltr' id='par_1_102' title="bbox 2227 3914 3946 3988">
     <span class='ocr_line' id='line_1_104' title="bbox 2227 3914 3946 3988; baseline 0.009 -23"><span class='ocrx_word' id='word_1_714' title='bbox 2227 3915 2289 3988; x_wconf 85' lang='lat' dir='ltr'>in</span> <span class='ocrx_word' id='word_1_715' title='bbox 2327 3914 2482 3988; x_wconf 73' lang='lat' dir='ltr'>&#39;iteg.’</span> <span class='ocrx_word' id='word_1_716' title='bbox 2520 3918 2797 3969; x_wconf 81' lang='lat' dir='ltr'>eremltica&#39;</span> <span class='ocrx_word' id='word_1_717' title='bbox 2846 3930 2966 3984; x_wconf 89' lang='lat' dir='ltr'>cap.</span> <span class='ocrx_word' id='word_1_718' title='bbox 3023 3919 3105 3982; x_wconf 77' lang='lat'>27,</span> <span class='ocrx_word' id='word_1_719' title='bbox 3179 3923 3450 3984; x_wconf 84' lang='lat' dir='ltr'>exposuit.</span> <span class='ocrx_word' id='word_1_720' title='bbox 3516 3921 3588 3974; x_wconf 89' lang='lat' dir='ltr'>De</span> <span class='ocrx_word' id='word_1_721' title='bbox 3648 3914 3798 3976; x_wconf 83' lang='lat' dir='ltr'>hisce</span> <span class='ocrx_word' id='word_1_722' title='bbox 3847 3925 3946 3988; x_wconf 83' lang='lat' dir='ltr'>ie—</span> 
     </span>
    </p>
   </div>
   <div class='ocr_carea' id='block_1_103' title="bbox 2223 3986 3944 4056">
    <p class='ocr_par' dir='ltr' id='par_1_103' title="bbox 2223 3986 3944 4056">
     <span class='ocr_line' id='line_1_105' title="bbox 2223 3986 3944 4056; baseline 0.006 -19"><span class='ocrx_word' id='word_1_723' title='bbox 2223 3986 2394 4050; x_wconf 83' lang='lat' dir='ltr'>juniis</span> <span class='ocrx_word' id='word_1_724' title='bbox 2444 3987 2667 4051; x_wconf 68' lang='lat' dir='ltr'>tegatur</span> <span class='ocrx_word' id='word_1_725' title='bbox 2699 3990 2863 4041; x_wconf 85' lang='lat' dir='ltr'>etiam</span> <span class='ocrx_word' id='word_1_726' title='bbox 2910 3991 3105 4044; x_wconf 72' lang='lat' dir='ltr'>noster</span> <span class='ocrx_word' id='word_1_727' title='bbox 3160 3991 3348 4045; x_wconf 83' lang='lat' dir='ltr'>Petrus</span> <span class='ocrx_word' id='word_1_728' title='bbox 3392 3993 3546 4045; x_wconf 87' lang='lat' dir='ltr'>Dam.’</span> <span class='ocrx_word' id='word_1_729' title='bbox 3601 3995 3788 4056; x_wconf 87' lang='lat' dir='ltr'>opusc.</span> <span class='ocrx_word' id='word_1_730' title='bbox 3840 3986 3944 4056; x_wconf 73' lang='lat' dir='ltr'>xv,</span> 
     </span>
    </p>
   </div>
   <div class='ocr_carea' id='block_1_104' title="bbox 2227 4061 3947 4130">
    <p class='ocr_par' dir='ltr' id='par_1_104' title="bbox 2227 4061 3947 4130">
     <span class='ocr_line' id='line_1_106' title="bbox 2227 4061 3947 4130; baseline 0.006 -20"><span class='ocrx_word' id='word_1_731' title='bbox 2227 4070 2274 4110; x_wconf 88' lang='lat' dir='ltr'>c.</span> <span class='ocrx_word' id='word_1_732' title='bbox 2336 4061 2387 4130; x_wconf 68' lang='lat' dir='ltr'>ti,</span> <span class='ocrx_word' id='word_1_733' title='bbox 2452 4062 2740 4124; x_wconf 55' lang='lat' dir='ltr'>et&#39;opuse&#39;.</span> <span class='ocrx_word' id='word_1_734' title='bbox 2804 4075 2926 4121; x_wconf 75' lang='lat' dir='ltr'>xw,</span> <span class='ocrx_word' id='word_1_735' title='bbox 2989 4065 3045 4114; x_wconf 88' lang='lat' dir='ltr'>in</span> <span class='ocrx_word' id='word_1_736' title='bbox 3101 4063 3296 4128; x_wconf 83' lang='lat' dir='ltr'>quibus</span> <span class='ocrx_word' id='word_1_737' title='bbox 3358 4065 3454 4116; x_wconf 74' lang='lat' dir='ltr'>ait</span> <span class='ocrx_word' id='word_1_738' title='bbox 3495 4066 3564 4119; x_wconf 87' lang='lat' dir='ltr'>de</span> <span class='ocrx_word' id='word_1_739' title='bbox 3609 4066 3807 4130; x_wconf 77' lang='lat' dir='ltr'>jejunii</span> <span class='ocrx_word' id='word_1_740' title='bbox 3872 4069 3947 4120; x_wconf 86' lang='lat' dir='ltr'>si-</span> 
     </span>
    </p>
   </div>
   <div class='ocr_carea' id='block_1_105' title="bbox 2227 4129 3946 4203">
    <p class='ocr_par' dir='ltr' id='par_1_105' title="bbox 2227 4129 3946 4203">
     <span class='ocr_line' id='line_1_107' title="bbox 2227 4129 3946 4203; baseline 0.005 -23"><span class='ocrx_word' id='word_1_741' title='bbox 2227 4129 2573 4192; x_wconf 80' lang='lat' dir='ltr'>gniﬁcatione</span> <span class='ocrx_word' id='word_1_742' title='bbox 2621 4147 2634 4184; x_wconf 89' lang='lat'><strong>:</strong></span> <span class='ocrx_word' id='word_1_743' title='bbox 2679 4133 2925 4194; x_wconf 82' lang='lat' dir='ltr'>Jejuuare</span> <span class='ocrx_word' id='word_1_744' title='bbox 2975 4141 3146 4185; x_wconf 70' lang='lat' dir='ltr'>autem</span> <span class='ocrx_word' id='word_1_745' title='bbox 3204 4135 3328 4185; x_wconf 73' lang='lat' dir='ltr'>idos</span> <span class='ocrx_word' id='word_1_746' title='bbox 3401 4129 3621 4188; x_wconf 80' lang='lat' dir='ltr'>dicimus</span> <span class='ocrx_word' id='word_1_747' title='bbox 3668 4139 3761 4200; x_wconf 80' lang='lat' dir='ltr'>qui</span> <span class='ocrx_word' id='word_1_748' title='bbox 3831 4153 3946 4203; x_wconf 83' lang='lat' dir='ltr'>pa-</span> 
     </span>
    </p>
   </div>
   <div class='ocr_carea' id='block_1_106' title="bbox 2226 4203 3949 4280">
    <p class='ocr_par' dir='ltr' id='par_1_106' title="bbox 2226 4203 3949 4280">
     <span class='ocr_line' id='line_1_108' title="bbox 2226 4203 3949 4280; baseline 0.008 -31"><span class='ocrx_word' id='word_1_749' title='bbox 2226 4215 2344 4280; x_wconf 72' lang='lat' dir='ltr'>nem</span> <span class='ocrx_word' id='word_1_750' title='bbox 2399 4203 2686 4280; x_wconf 41' lang='lat' dir='ltr'>cumanis</span> <span class='ocrx_word' id='word_1_751' title='bbox 2721 4213 2776 4280; x_wconf 71' lang='lat' dir='ltr'>et</span> <span class='ocrx_word' id='word_1_752' title='bbox 2799 4219 3001 4280; x_wconf 56' lang='lat' dir='ltr'>aqua</span> <span class='ocrx_word' id='word_1_753' title='bbox 3023 4206 3345 4280; x_wconf 82' lang='lat' dir='ltr'>percipiunt,</span> <span class='ocrx_word' id='word_1_754' title='bbox 3405 4217 3463 4260; x_wconf 83' lang='lat' dir='ltr'>ut</span> <span class='ocrx_word' id='word_1_755' title='bbox 3523 4217 3692 4260; x_wconf 84' lang='lat' dir='ltr'>autem</span> <span class='ocrx_word' id='word_1_756' title='bbox 3752 4219 3949 4276; x_wconf 67' lang='lat' dir='ltr'>praeter</span> 
     </span>
    </p>
   </div>
   <div class='ocr_carea' id='block_1_107' title="bbox 2231 4271 3948 4345">
    <p class='ocr_par' dir='ltr' id='par_1_107' title="bbox 2231 4271 3948 4345">
     <span class='ocr_line' id='line_1_109' title="bbox 2231 4271 3948 4345; baseline 0.006 -23"><span class='ocrx_word' id='word_1_757' title='bbox 2231 4271 2333 4322; x_wconf 54' lang='lat' dir='ltr'>hac</span> <span class='ocrx_word' id='word_1_758' title='bbox 2371 4274 2544 4324; x_wconf 81' lang='lat' dir='ltr'>aliud</span> <span class='ocrx_word' id='word_1_759' title='bbox 2611 4276 2814 4340; x_wconf 74' lang='lat' dir='ltr'>aliquid</span> <span class='ocrx_word' id='word_1_760' title='bbox 2857 4271 3104 4341; x_wconf 71' lang='lat' dir='ltr'>additur,</span> <span class='ocrx_word' id='word_1_761' title='bbox 3166 4271 3447 4344; x_wconf 59' lang='lat' dir='ltr'>perfectum</span> <span class='ocrx_word' id='word_1_762' title='bbox 3508 4271 3770 4345; x_wconf 74' lang='lat' dir='ltr'>jejunium</span> <span class='ocrx_word' id='word_1_763' title='bbox 3828 4297 3948 4332; x_wconf 85' lang='lat' dir='ltr'>non</span> 
     </span>
    </p>
   </div>
   <div class='ocr_carea' id='block_1_108' title="bbox 2232 4352 2448 4394">
    <p class='ocr_par' dir='ltr' id='par_1_108' title="bbox 2232 4352 2448 4394">
     <span class='ocr_line' id='line_1_110' title="bbox 2232 4352 2448 4394; baseline 0.014 -2"><span class='ocrx_word' id='word_1_764' title='bbox 2232 4352 2448 4394; x_wconf 74' lang='lat' dir='ltr'>voratur</span> 
     </span>
    </p>
   </div>
   <div class='ocr_carea' id='block_1_109' title="bbox 2298 4414 3941 4488">
    <p class='ocr_par' dir='ltr' id='par_1_109' title="bbox 2298 4414 3941 4488">
     <span class='ocr_line' id='line_1_111' title="bbox 2298 4414 3941 4488; baseline 0.008 -23"><span class='ocrx_word' id='word_1_765' title='bbox 2298 4414 2430 4486; x_wconf 70' lang='lat'>(207)</span> <span class='ocrx_word' id='word_1_766' title='bbox 2461 4421 2800 4484; x_wconf 78' lang='lat' dir='ltr'>Quodcunque</span> <span class='ocrx_word' id='word_1_767' title='bbox 2851 4420 3084 4486; x_wconf 78' lang='lat' dir='ltr'>legumen</span> <span class='ocrx_word' id='word_1_768' title='bbox 3131 4421 3262 4488; x_wconf 79' lang='lat' dir='ltr'>legit</span> <span class='ocrx_word' id='word_1_769' title='bbox 3303 4423 3356 4474; x_wconf 91' lang='lat' dir='ltr'>B.</span> <span class='ocrx_word' id='word_1_770' title='bbox 3419 4425 3609 4478; x_wconf 79' lang='lat' dir='ltr'>Paulus</span> <span class='ocrx_word' id='word_1_771' title='bbox 3641 4424 3834 4478; x_wconf 80' lang='lat' dir='ltr'>Justin.</span> <span class='ocrx_word' id='word_1_772' title='bbox 3881 4427 3941 4477; x_wconf 88' lang='lat' dir='ltr'>In</span> 
     </span>
    </p>
   </div>
   <div class='ocr_carea' id='block_1_110' title="bbox 2223 4489 3148 4554">
    <p class='ocr_par' dir='ltr' id='par_1_110' title="bbox 2223 4489 3148 4554">
     <span class='ocr_line' id='line_1_112' title="bbox 2223 4489 3148 4554; baseline 0.017 -16"><span class='ocrx_word' id='word_1_773' title='bbox 2223 4489 2362 4553; x_wconf 74' lang='lat' dir='ltr'>.Rrg.</span> <span class='ocrx_word' id='word_1_774' title='bbox 2393 4493 2672 4544; x_wconf 81' lang='lat' dir='ltr'>eremitica.</span> <span class='ocrx_word' id='word_1_775' title='bbox 3145 4549 3148 4554; x_wconf 94' lang='lat'>.</span> 
     </span>
    </p>
   </div>
   <div class='ocr_carea' id='block_1_111' title="bbox 2295 4561 3947 4632">
    <p class='ocr_par' dir='ltr' id='par_1_111' title="bbox 2295 4561 3947 4632">
     <span class='ocr_line' id='line_1_113' title="bbox 2295 4561 3947 4632; baseline 0.005 -18"><span class='ocrx_word' id='word_1_776' title='bbox 2295 4563 2429 4628; x_wconf 80' lang='lat'>(208)</span> <span class='ocrx_word' id='word_1_777' title='bbox 2474 4563 2568 4616; x_wconf 71' lang='lat' dir='ltr'>Hae</span> <span class='ocrx_word' id='word_1_778' title='bbox 2600 4574 2764 4616; x_wconf 84' lang='lat' dir='ltr'>voces</span> <span class='ocrx_word' id='word_1_779' title='bbox 2803 4577 2835 4616; x_wconf 87' lang='lat' dir='ltr'>a</span> <span class='ocrx_word' id='word_1_780' title='bbox 2867 4561 3089 4618; x_wconf 85' lang='lat' dir='ltr'>musicis</span> <span class='ocrx_word' id='word_1_781' title='bbox 3119 4565 3185 4616; x_wconf 84' lang='lat' dir='ltr'>ad</span> <span class='ocrx_word' id='word_1_782' title='bbox 3215 4565 3606 4628; x_wconf 66' lang='lat' dir='ltr'>significanda</span> <span class='ocrx_word' id='word_1_783' title='bbox 3638 4569 3947 4632; x_wconf 77' lang='lat' dir='ltr'>praecipuas</span> 
     </span>
    </p>
   </div>
   <div class='ocr_carea' id='block_1_112' title="bbox 2230 4634 3945 4699">
    <p class='ocr_par' dir='ltr' id='par_1_112' title="bbox 2230 4634 3945 4699">
     <span class='ocr_line' id='line_1_114' title="bbox 2230 4634 3945 4699; baseline 0.002 -11"><span class='ocrx_word' id='word_1_784' title='bbox 2230 4648 2333 4688; x_wconf 87' lang='lat' dir='ltr'>seu</span> <span class='ocrx_word' id='word_1_785' title='bbox 2391 4635 2684 4699; x_wconf 84' lang='lat' dir='ltr'>perfectas,</span> <span class='ocrx_word' id='word_1_786' title='bbox 2752 4639 2811 4686; x_wconf 91' lang='lat' dir='ltr'>ut</span> <span class='ocrx_word' id='word_1_787' title='bbox 2872 4639 3088 4695; x_wconf 86' lang='lat' dir='ltr'>vocant,</span> <span class='ocrx_word' id='word_1_788' title='bbox 3155 4634 3483 4688; x_wconf 68' lang='lat' dir='ltr'>harmonicen</span> <span class='ocrx_word' id='word_1_789' title='bbox 3551 4638 3945 4692; x_wconf 72' lang='lat' dir='ltr'>modulationis</span> 
     </span>
    </p>
   </div>
   <div class='ocr_carea' id='block_1_113' title="bbox 2206 4705 3944 4774">
    <p class='ocr_par' dir='ltr' id='par_1_113' title="bbox 2206 4705 3944 4774">
     <span class='ocr_line' id='line_1_115' title="bbox 2206 4705 3944 4774; baseline 0.006 -22"><span class='ocrx_word' id='word_1_790' title='bbox 2206 4705 2616 4758; x_wconf 54' lang='lat' dir='ltr'>iconsonautias</span> <span class='ocrx_word' id='word_1_791' title='bbox 2688 4709 2958 4767; x_wconf 80' lang='lat' dir='ltr'>usurpatae</span> <span class='ocrx_word' id='word_1_792' title='bbox 3025 4708 3186 4765; x_wconf 89' lang='lat' dir='ltr'>sunt;</span> <span class='ocrx_word' id='word_1_793' title='bbox 3244 4719 3370 4759; x_wconf 86' lang='lat' dir='ltr'>nam</span> <span class='ocrx_word' id='word_1_794' title='bbox 3431 4709 3686 4774; x_wconf 77' lang='lat' dir='ltr'>diapason</span> <span class='ocrx_word' id='word_1_795' title='bbox 3745 4713 3944 4762; x_wconf 81' lang='lat' dir='ltr'>octava</span> 
     </span>
    </p>
   </div>
   <div class='ocr_carea' id='block_1_114' title="bbox 2230 4776 3944 4842">
    <p class='ocr_par' dir='ltr' id='par_1_114' title="bbox 2230 4776 3944 4842">
     <span class='ocr_line' id='line_1_116' title="bbox 2230 4776 3944 4842; baseline 0.001 -13"><span class='ocrx_word' id='word_1_796' title='bbox 2230 4779 2331 4840; x_wconf 86' lang='lat' dir='ltr'>est,</span> <span class='ocrx_word' id='word_1_797' title='bbox 2430 4776 2670 4838; x_wconf 81' lang='lat' dir='ltr'>diapente</span> <span class='ocrx_word' id='word_1_798' title='bbox 2781 4776 3050 4839; x_wconf 80' lang='lat' dir='ltr'>signiﬁcat</span> <span class='ocrx_word' id='word_1_799' title='bbox 3130 4779 3389 4842; x_wconf 82' lang='lat' dir='ltr'>quintam,</span> <span class='ocrx_word' id='word_1_800' title='bbox 3475 4788 3530 4834; x_wconf 91' lang='lat' dir='ltr'>et</span> <span class='ocrx_word' id='word_1_801' title='bbox 3619 4783 3944 4831; x_wconf 81' lang='lat' dir='ltr'>diatessaron</span> 
     </span>
    </p>
   </div>
   <div class='ocr_carea' id='block_1_115' title="bbox 2230 4845 3943 4915">
    <p class='ocr_par' dir='ltr' id='par_1_115' title="bbox 2230 4845 3943 4915">
     <span class='ocr_line' id='line_1_117' title="bbox 2230 4845 3943 4915; baseline 0.004 -17"><span class='ocrx_word' id='word_1_802' title='bbox 2230 4849 2492 4911; x_wconf 87' lang='lat' dir='ltr'>quartam.</span> <span class='ocrx_word' id='word_1_803' title='bbox 2549 4845 2680 4898; x_wconf 90' lang='lat' dir='ltr'>Cum</span> <span class='ocrx_word' id='word_1_804' title='bbox 2733 4859 2865 4912; x_wconf 77' lang='lat' dir='ltr'>ergo</span> <span class='ocrx_word' id='word_1_805' title='bbox 2908 4848 2964 4900; x_wconf 90' lang='lat' dir='ltr'>in</span> <span class='ocrx_word' id='word_1_806' title='bbox 3007 4850 3444 4915; x_wconf 80' lang='lat' dir='ltr'>quadragesimis</span> <span class='ocrx_word' id='word_1_807' title='bbox 3499 4853 3550 4905; x_wconf 92' lang='lat' dir='ltr'>B.</span> <span class='ocrx_word' id='word_1_808' title='bbox 3619 4851 3943 4906; x_wconf 79' lang='lat' dir='ltr'>Romualdus</span> 
     </span>
    </p>
   </div>
   <div class='ocr_carea' id='block_1_116' title="bbox 2230 4917 3940 4982">
    <p class='ocr_par' dir='ltr' id='par_1_116' title="bbox 2230 4917 3940 4982">
     <span class='ocr_line' id='line_1_118' title="bbox 2230 4917 3940 4982; baseline 0.004 -13"><span class='ocrx_word' id='word_1_809' title='bbox 2230 4921 2460 4981; x_wconf 87' lang='lat' dir='ltr'>ejusque</span> <span class='ocrx_word' id='word_1_810' title='bbox 2528 4917 2778 4982; x_wconf 87' lang='lat' dir='ltr'>discipuli</span> <span class='ocrx_word' id='word_1_811' title='bbox 2842 4932 2875 4972; x_wconf 86' lang='lat' dir='ltr'>a</span> <span class='ocrx_word' id='word_1_812' title='bbox 2936 4921 3211 4974; x_wconf 83' lang='lat' dir='ltr'>Dominica</span> <span class='ocrx_word' id='word_1_813' title='bbox 3277 4924 3332 4975; x_wconf 91' lang='lat' dir='ltr'>in</span> <span class='ocrx_word' id='word_1_814' title='bbox 3397 4924 3723 4977; x_wconf 87' lang='lat' dir='ltr'>Dominieam</span> <span class='ocrx_word' id='word_1_815' title='bbox 3785 4925 3940 4976; x_wconf 84' lang='lat' dir='ltr'>refe-</span> 
     </span>
    </p>
   </div>
   <div class='ocr_carea' id='block_1_117' title="bbox 2229 4989 3940 5058">
    <p class='ocr_par' dir='ltr' id='par_1_117' title="bbox 2229 4989 3940 5058">
     <span class='ocr_line' id='line_1_119' title="bbox 2229 4989 3940 5058; baseline 0.004 -18"><span class='ocrx_word' id='word_1_816' title='bbox 2229 4989 2460 5041; x_wconf 88' lang='lat' dir='ltr'>ctionem</span> <span class='ocrx_word' id='word_1_817' title='bbox 2512 5001 2668 5042; x_wconf 88' lang='lat' dir='ltr'>suam</span> <span class='ocrx_word' id='word_1_818' title='bbox 2717 4990 3012 5052; x_wconf 81' lang='lat' dir='ltr'>differrent,</span> <span class='ocrx_word' id='word_1_819' title='bbox 3068 4997 3216 5048; x_wconf 89' lang='lat' dir='ltr'>recte</span> <span class='ocrx_word' id='word_1_820' title='bbox 3263 5007 3363 5058; x_wconf 90' lang='lat' dir='ltr'>per</span> <span class='ocrx_word' id='word_1_821' title='bbox 3417 4999 3622 5048; x_wconf 66' lang='lat' dir='ltr'>octava</span> <span class='ocrx_word' id='word_1_822' title='bbox 3671 4995 3940 5054; x_wconf 82' lang='lat' dir='ltr'>interval-</span> 
     </span>
    </p>
   </div>
   <div class='ocr_carea' id='block_1_118' title="bbox 2228 5059 3941 5130">
    <p class='ocr_par' dir='ltr' id='par_1_118' title="bbox 2228 5059 3941 5130">
     <span class='ocr_line' id='line_1_120' title="bbox 2228 5059 3941 5130; baseline 0.005 -19"><span class='ocrx_word' id='word_1_823' title='bbox 2228 5059 2341 5112; x_wconf 89' lang='lat' dir='ltr'>lum</span> <span class='ocrx_word' id='word_1_824' title='bbox 2389 5061 2644 5126; x_wconf 76' lang='lat' dir='ltr'>diapason</span> <span class='ocrx_word' id='word_1_825' title='bbox 2701 5062 3070 5116; x_wconf 80' lang='lat' dir='ltr'>harmonicam</span> <span class='ocrx_word' id='word_1_826' title='bbox 3106 5067 3162 5117; x_wconf 91' lang='lat' dir='ltr'>in</span> <span class='ocrx_word' id='word_1_827' title='bbox 3211 5067 3409 5119; x_wconf 83' lang='lat' dir='ltr'>divinis</span> <span class='ocrx_word' id='word_1_828' title='bbox 3473 5066 3698 5120; x_wconf 81' lang='lat' dir='ltr'>auribus</span> <span class='ocrx_word' id='word_1_829' title='bbox 3748 5078 3941 5130; x_wconf 84' lang='lat' dir='ltr'>perso-</span> 
     </span>
    </p>
   </div>
   <div class='ocr_carea' id='block_1_119' title="bbox 2228 5131 3940 5201">
    <p class='ocr_par' dir='ltr' id='par_1_119' title="bbox 2228 5131 3940 5201">
     <span class='ocr_line' id='line_1_121' title="bbox 2228 5131 3940 5201; baseline 0.003 -17"><span class='ocrx_word' id='word_1_830' title='bbox 2228 5131 2446 5185; x_wconf 77' lang='lat' dir='ltr'>nabant.</span> <span class='ocrx_word' id='word_1_831' title='bbox 2485 5132 2724 5198; x_wconf 88' lang='lat' dir='ltr'>Dumque</span> <span class='ocrx_word' id='word_1_832' title='bbox 2765 5134 2892 5188; x_wconf 83' lang='lat' dir='ltr'>aliis</span> <span class='ocrx_word' id='word_1_833' title='bbox 2922 5135 3261 5200; x_wconf 86' lang='lat' dir='ltr'>temporibus</span> <span class='ocrx_word' id='word_1_834' title='bbox 3291 5137 3638 5190; x_wconf 82' lang='lat' dir='ltr'>hebdomadas</span> <span class='ocrx_word' id='word_1_835' title='bbox 3663 5138 3940 5201; x_wconf 82' lang='lat' dir='ltr'>jejunium</span> 
     </span>
    </p>
   </div>
   <div class='ocr_carea' id='block_1_120' title="bbox 2230 5203 3938 5274">
    <p class='ocr_par' dir='ltr' id='par_1_120' title="bbox 2230 5203 3938 5274">
     <span class='ocr_line' id='line_1_122' title="bbox 2230 5203 3938 5274; baseline 0.005 -20"><span class='ocrx_word' id='word_1_836' title='bbox 2230 5204 2288 5255; x_wconf 91' lang='lat' dir='ltr'>in</span> <span class='ocrx_word' id='word_1_837' title='bbox 2348 5203 2486 5257; x_wconf 78' lang='lat' dir='ltr'>feria</span> <span class='ocrx_word' id='word_1_838' title='bbox 2536 5207 2724 5268; x_wconf 85' lang='lat' dir='ltr'>quinta</span> <span class='ocrx_word' id='word_1_839' title='bbox 2769 5205 3105 5271; x_wconf 81' lang='lat' dir='ltr'>relaxabant,</span> <span class='ocrx_word' id='word_1_840' title='bbox 3145 5210 3345 5272; x_wconf 74' lang='lat' dir='ltr'>ipsam</span> <span class='ocrx_word' id='word_1_841' title='bbox 3395 5209 3652 5274; x_wconf 78' lang='lat' dir='ltr'>diapason</span> <span class='ocrx_word' id='word_1_842' title='bbox 3701 5210 3776 5260; x_wconf 84' lang='lat' dir='ltr'>iu.</span> <span class='ocrx_word' id='word_1_843' title='bbox 3805 5220 3938 5272; x_wconf 77' lang='lat' dir='ltr'>gra-</span> 
     </span>
    </p>
   </div>
   <div class='ocr_carea' id='block_1_121' title="bbox 2227 5275 3940 5345">
    <p class='ocr_par' dir='ltr' id='par_1_121' title="bbox 2227 5275 3940 5345">
     <span class='ocr_line' id='line_1_123' title="bbox 2227 5275 3940 5345; baseline 0.003 -17"><span class='ocrx_word' id='word_1_844' title='bbox 2227 5275 2438 5342; x_wconf 83' lang='lat' dir='ltr'>viorem</span> <span class='ocrx_word' id='word_1_845' title='bbox 2519 5278 2774 5342; x_wconf 79' lang='lat' dir='ltr'>diapente,</span> <span class='ocrx_word' id='word_1_846' title='bbox 2839 5291 2961 5343; x_wconf 69' lang='lat' dir='ltr'>qum</span> <span class='ocrx_word' id='word_1_847' title='bbox 3033 5284 3118 5333; x_wconf 88' lang='lat' dir='ltr'>est</span> <span class='ocrx_word' id='word_1_848' title='bbox 3185 5293 3218 5332; x_wconf 83' lang='lat' dir='ltr'>a</span> <span class='ocrx_word' id='word_1_849' title='bbox 3252 5281 3461 5345; x_wconf 67' lang='lat' dir='ltr'>.prima</span> <span class='ocrx_word' id='word_1_850' title='bbox 3527 5280 3800 5334; x_wconf 78' lang='lat' dir='ltr'>Domlntca</span> <span class='ocrx_word' id='word_1_851' title='bbox 3880 5281 3940 5333; x_wconf 88' lang='lat' dir='ltr'>in</span> 
     </span>
    </p>
   </div>
   <div class='ocr_carea' id='block_1_122' title="bbox 2227 5347 3941 5414">
    <p class='ocr_par' dir='ltr' id='par_1_122' title="bbox 2227 5347 3941 5414">
     <span class='ocr_line' id='line_1_124' title="bbox 2227 5347 3941 5414; baseline 0.003 -14"><span class='ocrx_word' id='word_1_852' title='bbox 2227 5347 2468 5412; x_wconf 80' lang='lat' dir='ltr'>quintam</span> <span class='ocrx_word' id='word_1_853' title='bbox 2551 5347 2762 5412; x_wconf 84' lang='lat' dir='ltr'>feriam,</span> <span class='ocrx_word' id='word_1_854' title='bbox 2843 5353 2897 5404; x_wconf 91' lang='lat' dir='ltr'>et</span> <span class='ocrx_word' id='word_1_855' title='bbox 2963 5351 3264 5402; x_wconf 81' lang='lat' dir='ltr'>acutiorem</span> <span class='ocrx_word' id='word_1_856' title='bbox 3320 5352 3656 5414; x_wconf 75' lang='lat' dir='ltr'>diatessaron,</span> <span class='ocrx_word' id='word_1_857' title='bbox 3708 5362 3831 5414; x_wconf 67' lang='lat' dir='ltr'>qua</span> <span class='ocrx_word' id='word_1_858' title='bbox 3903 5364 3941 5405; x_wconf 83' lang='lat' dir='ltr'>a</span> 
     </span>
    </p>
   </div>
   <div class='ocr_carea' id='block_1_123' title="bbox 2227 5419 3940 5488">
    <p class='ocr_par' dir='ltr' id='par_1_123' title="bbox 2227 5419 3940 5488">
     <span class='ocr_line' id='line_1_125' title="bbox 2227 5419 3940 5488; baseline 0.002 -17"><span class='ocrx_word' id='word_1_859' title='bbox 2227 5420 2416 5488; x_wconf 79' lang='lat' dir='ltr'>quinta</span> <span class='ocrx_word' id='word_1_860' title='bbox 2462 5419 2720 5488; x_wconf 52' lang='lat' dir='ltr'>ferienti</span> <span class='ocrx_word' id='word_1_861' title='bbox 2765 5422 3076 5486; x_wconf 68' lang='lat' dir='ltr'>proximum</span> <span class='ocrx_word' id='word_1_862' title='bbox 3129 5419 3465 5480; x_wconf 81' lang='lat' dir='ltr'>Dominicum</span> <span class='ocrx_word' id='word_1_863' title='bbox 3521 5423 3666 5477; x_wconf 89' lang='lat' dir='ltr'>diem</span> <span class='ocrx_word' id='word_1_864' title='bbox 3694 5423 3940 5488; x_wconf 64' lang='lat' dir='ltr'>iresldua</span> 
     </span>
    </p>
   </div>
   <div class='ocr_carea' id='block_1_124' title="bbox 2226 5490 3964 5558">
    <p class='ocr_par' dir='ltr' id='par_1_124' title="bbox 2226 5490 3964 5558">
     <span class='ocr_line' id='line_1_126' title="bbox 2226 5490 3964 5558; baseline 0.002 -15"><span class='ocrx_word' id='word_1_865' title='bbox 2226 5493 2325 5554; x_wconf 81' lang='lat' dir='ltr'>est,</span> <span class='ocrx_word' id='word_1_866' title='bbox 2389 5490 2720 5556; x_wconf 79' lang='lat' dir='ltr'>dividebant,</span> <span class='ocrx_word' id='word_1_867' title='bbox 2765 5493 2952 5558; x_wconf 85' lang='lat' dir='ltr'>sicque</span> <span class='ocrx_word' id='word_1_868' title='bbox 3005 5493 3292 5557; x_wconf 72' lang='lat' dir='ltr'>praecipuis</span> <span class='ocrx_word' id='word_1_869' title='bbox 3332 5493 3964 5548; x_wconf 69' lang='lat' dir='ltr'>edomandis-eorum.</span> 
     </span>
    </p>
   </div>
   <div class='ocr_carea' id='block_1_125' title="bbox 2221 5561 3935 5688">
    <p class='ocr_par' dir='ltr' id='par_1_125' title="bbox 2221 5561 3935 5688">
     <span class='ocr_line' id='line_1_127' title="bbox 2221 5561 3935 5688; baseline 0.002 -72"><span class='ocrx_word' id='word_1_870' title='bbox 2221 5563 2458 5688; x_wconf 46' lang='grc' dir='ltr'>ξιῃιιὲιιῗ,</span> <span class='ocrx_word' id='word_1_871' title='bbox 2489 5575 2627 5626; x_wconf 55' lang='grc' dir='ltr'>,βω-η</span> <span class='ocrx_word' id='word_1_872' title='bbox 2688 5563 2976 5628; x_wconf 71' lang='lat' dir='ltr'>mysticam</span> <span class='ocrx_word' id='word_1_873' title='bbox 3048 5561 3371 5620; x_wconf 67' lang='lat' dir='ltr'>melodiam~</span> <span class='ocrx_word' id='word_1_874' title='bbox 3407 5565 3666 5620; x_wconf 70' lang='lat' dir='ltr'>distincta</span> <span class='ocrx_word' id='word_1_875' title='bbox 3729 5575 3935 5619; x_wconf 60' lang='lat' dir='ltr'>noscev</span> 
     </span>
     <span class='ocr_line' id='line_1_128' title="bbox 2359 5648 2443 5688; baseline -0.024 0"><span class='ocrx_word' id='word_1_876' title='bbox 2359 5648 2394 5688; x_wconf 91' lang='lat' dir='ltr'>u</span> <span class='ocrx_word' id='word_1_877' title='bbox 2430 5669 2443 5686; x_wconf 94' lang='lat'>.</span> 
     </span>
    </p>
   </div>
   <div class='ocr_carea' id='block_1_126' title="bbox 2225 5636 2443 5688">
    <p class='ocr_par' dir='ltr' id='par_1_126' title="bbox 2225 5636 2443 5688">
     <span class='ocr_line' id='line_1_129' title="bbox 2225 5636 2443 5688; baseline 0 -2"><span class='ocrx_word' id='word_1_878' title='bbox 2225 5636 2443 5688; x_wconf 81' lang='lat' dir='ltr'>bantur.</span> 
     </span>
    </p>
   </div>
  </div>
