4118 6478
403 346 510 407 967
871 347 929 406 S.
977 345 1197 405 PETRI
1236 343 1558 404 DAMIANI
1598 340 1755 402 OPP.
1801 340 1988 401 PARS
2031 337 2172 400 SEU
2211 337 2462 399 TOMUS
2501 337 2576 398 II.
2619 371 2686 384 —
2729 337 3185 400 SANCTOBUM
3229 337 3449 397 VITE.
3817 340 3927 400 968

402 470 494 530 rei
536 470 978 529 exsecutoribus
1022 467 1246 527 cellula:
1296 467 1421 540 ejus
1468 469 1590 542 jam
1644 462 2372 540 appropinquan-ARecte
2404 463 2580 537 igitur
2605 440 3201 538 Sergius,‘postquam
3249 471 3525 523 aeternam
3553 465 3756 537 vitam,
3787 482 3927 541 quas

408 561 588 631 tibus,
617 561 804 635 primo
834 559 953 618 fere
1001 557 1261 616 diluculo
1295 557 1597 615 comedere
1634 556 1799 629 quasi
1849 570 1950 630 per
1991 554 2116 611 avi-
2200 557 2354 614 Deus
2420 563 2523 629 est,
2575 572 2811 615 cernere
2863 556 3097 627 meruit,
3157 571 3189 613 a
3249 556 3551 631 temporali
3609 573 3745 617 mox
3804 558 3928 617 vita

402 648 641 708 ditatem
667 646 840 720 coepit
884 646 1052 717 (214).
1086 646 1182 704 Illi
1210 652 1406 704 autem
1447 647 1554 703 hoc
1601 645 1861 703 videntes
1885 643 2117 701 demen-

403 739 545 797 tiam
575 736 888 807 credidere,
931 742 1005 807 et,
1046 737 1394 794 arbitrantes
1436 741 1687 793 mentem
1734 733 1932 792 laesam
1968 749 2112 805 esse,

402 842 611 902 corpus
680 825 888 884 laedere
954 825 1244 899 dedignati
1316 830 1472 882 sunt.
1528 822 1622 883 Sic
1697 821 1977 891 videlicet,
2032 822 2116 879 sic

400 918 653 994 prudens
705 914 1021 990 spiritualis
1059 915 1242 974 David
1279 913 1502 973 insania
1541 911 1772 971 stultam
1811 911 2116 970 carnaliter

404 1006 757 1081 sapientium
797 1004 1091 1077 superavit
1127 1003 1397 1062 astutiam
1437 1004 1486 1073 (Ι
1527 1007 1657 1071 Reg.
1702 1001 1847 1069 XXI).
1887 1000 2029 1060 Nam
2059 1006 2114 1058 et

400 1093 659 1153 volentes
705 1107 940 1167 peccare
976 1091 1250 1159 cohibuit,
1293 1098 1350 1147 et
1383 1090 1451 1147 ad
1487 1090 1823 1146 meritorum
1869 1103 2113 1147 suorum

397 1176 703 1243 cumulum
751 1182 878 1241 sine
929 1182 1129 1240 mortis
1177 1179 1488 1238 formidine
1536 1179 1737 1237 mortis
1788 1178 2110 1252 periculum

397 1272 730 1332 declinavit.
760 1271 981 1329 Deinde
1003 1271 1125 1345 jam
1156 1270 1332 1329 libera
1362 1272 1447 1328 uti
1476 1269 1740 1328 facultate
1773 1268 2107 1343 permissus,

397 1376 513 1420 non
543 1375 693 1434 equo
724 1360 928 1430 fultus,
958 1374 1073 1417 non
1102 1358 1373 1416 vehiculo
1398 1358 1748 1432 deportatus,
1790 1357 1887 1415 sed
1918 1358 2110 1415 solum

396 1449 462 1508 in
511 1463 691 1507 manu
731 1449 926 1506 ferens
974 1446 1266 1516 baculum,
1311 1445 1487 1504 nudis
1515 1445 1747 1519 plantis,
1779 1460 1854 1502 ex
1888 1445 2110 1502 intimis

398 1536 720 1598 Galliarum
759 1538 977 1596 finibus
1007 1537 1350 1596 Ravennam
1384 1551 1569 1611 usque
1592 1535 1871 1609 pervenit,
1911 1534 2110 1609 ibique

396 1633 619 1698 patrem
663 1626 736 1684 ad
774 1626 1060 1685 saeculum
1098 1626 1308 1684 reverti
1360 1624 1652 1683 volentem
1699 1624 2012 1696 reperiens,
2045 1623 2103 1681 in

396 1714 559 1789 ligno
605 1717 779 1789 pedes
835 1718 961 1789 ejus
1024 1714 1245 1774 fortiter
1317 1714 1570 1784 strinxit,
1625 1712 1903 1786 gravibus
1971 1728 2107 1771 eum

2199 643 2425 703 defecit.

2765 724 2907 780 441
2946 724 3191 784 CAPUT
3231 725 3354 784 XV.

2346 821 2423 873 De
2448 834 2603 873 crure
2628 821 2857 875 Joannis
2879 824 3108 890 prepter
3139 819 3560 874 inobedientiam
3582 821 3782 886 fracto.

2268 910 2549 972 Olibanus
2587 914 2725 986 (?16)
2788 921 2980 972 autem
3022 930 3234 985 comes,
3276 930 3380 973 sua
3420 913 3756 988 relinquens
3797 915 3922 972 tilio

2197 1016 2334 1058 cum
2390 1002 2574 1061 multa
2631 1003 2969 1061 divitiarum
3042 1004 3221 1077 copia,
3287 1003 3622 1078 quindecim
3701 1002 3922 1061 scilicet

2198 1090 2423 1147 onustis
2463 1091 2732 1149 thesauro
2769 1092 3070 1166 sagmariis
3109 1088 3288 1160 (217),
3331 1090 3740 1149 comitantibus
3777 1105 3914 1149 eum

2198 1177 2455 1236 Guarino
2482 1185 2538 1237 et
2569 1180 2807 1249 Joanne,
2840 1180 2966 1255 ipso
2992 1196 3223 1255 quoque
3258 1180 3500 1250 Marino,
3533 1179 3605 1237 ad
3636 1178 3699 1237 B.
3735 1179 3919 1238 Bene-

2198 1270 2333 1328 dicti
2394 1286 2455 1328 se
2507 1272 2924 1331 monasterium
2972 1271 3240 1344 contulit,
3290 1278 3345 1330 et
3401 1270 3527 1328 vale
3577 1270 3776 1329 dicens
3823 1271 3919 1328 his

2197 1361 2298 1434 qui
2334 1376 2529 1419 secum
2559 1368 2855 1432 venerant,
2893 1361 2974 1418 nil
3010 1361 3118 1418 tale
3144 1361 3215 1419 de
3244 1377 3310 1419 eo
3338 1376 3524 1433 usque
3555 1367 3692 1418 tunc
3720 1361 3918 1435 suspi-

2196 1456 2408 1517 cantes,
2460 1451 2661 1508 multis
2704 1451 3019 1525 gemitibus
3059 1460 3114 1507 et
3150 1452 3365 1509 amaris
3398 1465 3458 1507 se
3488 1448 3718 1509 ﬂetibus
3763 1449 3915 1508 afﬂi-

2196 1545 2392 1612 gentes
2451 1539 2519 1596 ad
2575 1540 2801 1613 pr0pria
2851 1556 3105 1600 remeare
3156 1541 3358 1614 coegit.
3411 1540 3675 1599 Marinus
3715 1546 3911 1597 autem

2195 1630 2366 1702 paulo
2399 1636 2521 1702 post
2559 1629 2836 1703 Apuliam
2865 1646 3069 1690 versus
3104 1631 3266 1700 abiit,
3298 1631 3497 1706 ibique
3544 1630 3910 1705 postmodum

2196 1718 2255 1775 in
2305 1716 2616 1776 solitudine
2667 1719 2936 1777 habitans
2971 1720 3043 1778 ab
3096 1720 3377 1794 Agarenis
3422 1727 3507 1779 est
3561 1718 3915 1780 latrunculis

399 1803 652 1864 vinculis
692 1804 968 1877 alligavit,
1010 1803 1344 1863 verberibus
1401 1802 1564 1860 duris
1616 1801 1843 1871 afflixit,
1876 1807 1932 1859 et
1980 1810 2108 1858 tan—
2132 1806 2530 1876 Binterfectus
2579 1807 2744 1878 (218).
2787 1807 2959 1867 Brevi
2994 1816 3119 1883 post
3159 1815 3413 1884 tempore
3451 1810 3744 1870 Guarinus
3780 1824 3913 1867 ora-

404 1892 509 1952 diu
566 1908 773 1966 corpus
822 1893 947 1967 ejus
1002 1893 1095 1966 pia
1165 1892 1465 1951 severitate
1532 1891 1876 1964 perdomuit,
1933 1892 2116 1950 donec

397 1983 527 2057 ejus
578 1988 835 2042 mentem
887 1983 959 2041 ad
1004 1982 1209 2041 salutis
1250 1988 1468 2041 statum
1512 1979 1628 2039 Deo
1675 1981 1957 2051 medente,
2023 1996 2115 2039 re-

397 2070 594 2132 dux“.

1035 2140 1280 2199 CAPUT
1319 2141 1471 2199 XIV.

604 2233 876 2300 Quomodo
904 2233 1131 2299 Sergius
1158 2231 1304 2285 vidit
1327 2233 1600 2302 Spiritum
1630 2235 1895 2287 sanctum.

472 2336 710 2413 Sergius
759 2337 941 2412 igitur
988 2336 1216 2395 tandem
1275 2353 1432 2395 sanae
1472 2338 1679 2396 mentis
1716 2343 1938 2410 recepto
1973 2352 2112 2394 con-

398 2428 554 2498 silio,
588 2427 882 2503 quidquid
922 2427 1083 2500 prius
1139 2427 1466 2500 retrograda
1501 2428 1799 2487 voluntate
1850 2427 2111 2501 deliquit,

400 2516 805 2591 multipliciter
856 2514 1223 2590 postmodum
1295 2517 1465 2574 rectis
1521 2523 1735 2574 sanctae
1807 2530 2112 2573 conversa-

397 2604 574 2664 tionis
622 2604 918 2677 gressibus
966 2602 1313 2661 emendavit.
1364 2603 1623 2663 Habebat
1669 2604 1924 2679 denique
1962 2603 2114 2661 inter

398 2699 604 2752 caetera
673 2691 1148 2752 consuetudinem
1219 2701 1352 2750 ante
1423 2694 1733 2767 quamdam
1803 2693 2114 2752 Salvatoris

396 2782 714 2858 imaginem
780 2785 1113 2857 frequenter
1162 2783 1449 2853 assistere,
1511 2784 1710 2857 ibique
1761 2782 2112 2857 peculiarius

396 2888 589 2945 orans,
641 2871 922 2931 uberibus
966 2872 1236 2947 lacrymis
1289 2881 1345 2931 et
1386 2874 1571 2933 multa
1620 2889 1680 2932 se
1728 2875 1918 2933 cordis
1971 2890 2110 2933 cou-

397 2962 630 3022 tritione
668 2970 941 3021 mactare.
978 2961 1240 3034 Quadam
1271 2963 1449 3038 igitur
1476 2965 1588 3038 die,
1620 2966 1759 3024 dum
1799 2966 1881 3024 ibi
1925 2973 2110 3026 atten-

397 3052 513 3111 tius
549 3051 612 3109 in
644 3052 900 3110 oratione
926 3053 1250 3125 persisteret
1284 3055 1451 3125 (nova
1481 3070 1589 3123 res,
1632 3062 1689 3114 et
1716 3057 1928 3114 nostris
1963 3064 2109 3114 tem-

2199 1895 2369 1953 tionis
2405 1911 2578 1954 causa
2620 1897 2940 1955 discurrere
2979 1897 3204 1967 solitus,
3246 1897 3503 1956 Joannes
3538 1912 3678 1955 vero
3719 1897 3915 1955 fratris

2195 1983 2462 2056 exemplo
2520 1983 2590 2040 ad
2638 1984 2795 2042 idem
2868 1984 3163 2058 religionis
3230 1985 3489 2044 ofﬁcium
3544 1990 3911 2059 provocatus,

2196 2070 2659 2146 Hierosolymam
2697 2089 3019 2133 commeare
3064 2076 3186 2148 pari
3221 2075 3462 2136 consilio
3504 2077 3910 2135 decreverunt.

2196 2160 2318 2219 Hoc
2362 2161 2540 2234 igitur
2587 2160 2865 2221 Olibanus
2915 2165 3164 2237 cognito,
3205 2164 3383 2223 tristis
3437 2173 3492 2223 et
3542 2165 3688 2224 ﬂens
3741 2164 3913 2222 obse-

2196 2264 2353 2307 crare
2394 2249 2767 2309 devotissime
2815 2252 2985 2325 cmpit
3026 2268 3099 2311 ne
3144 2270 3204 2311 se
3254 2254 3464 2312 violata
3516 2252 3630 2312 ﬁde
3679 2253 3916 2311 desere-

2197 2345 2342 2408 rent,
2407 2338 2526 2411 sed,
2574 2339 2722 2398 sicut
2761 2339 2824 2397 B.
2877 2340 3239 2401 Bomualdus
3282 2348 3651 2415 praeceperat,
3707 2340 3770 2398 in
3809 2340 3915 2398 Dei

2195 2429 2362 2487 illum
2401 2431 2637 2490 servitio
2675 2432 3052 2505 custodirent,
3092 2434 3308 2492 addens
3348 2434 3565 2492 etiam:
3622 2432 3916 2491 Memento

2197 2524 2258 2576 tu
2297 2517 2520 2591 saltem,
2580 2521 2854 2592 Joannes,
2900 2523 3038 2595 quia
3077 2522 3350 2595 magister
3391 2529 3531 2581 tuus
3570 2523 3631 2580 in
3672 2529 3768 2580 tua
3821 2537 3917 2580 me

2195 2609 2539 2683 propensius
2573 2608 2691 2668 ﬁde
2727 2610 3036 2682 commisit,
3068 2619 3122 2670 et
3153 2611 3389 2669 titulum
3426 2611 3533 2669 tibi
3573 2610 3914 2669 inobedien-

2196 2698 2310 2769 tite,
2360 2700 2407 2757 si
2457 2698 2724 2769 discedis,
2774 2699 3058 2772 opposuit.
3095 2699 3190 2758 Illi
3240 2710 3435 2758 autem
3478 2699 3767 2758 obstinata
3816 2701 3912 2758 in-

2193 2786 2450 2844 tentione
2509 2786 2571 2844 in
2616 2788 2906 2860 proposito
2960 2787 3347 2861 persistentes,
3408 2787 3608 2845 relicto
3674 2787 3914 2847 tandem

2193 2872 2452 2944 Olibano,
2486 2875 2965 2949 peregrinationis
2999 2876 3109 2933 iter
3144 2876 3452 2949 arripiunt.
3489 2876 3759 2952 Cumque
3804 2879 3909 2936 de-

2193 2967 2528 3025 scendentes
2569 2966 2640 3023 de
2693 2972 2886 3024 monte
2936 2966 3057 3040 jam
3115 2965 3177 3023 in
3229 2964 3567 3040 campestria
3624 2966 3912 3027 declinas-

2192 3061 2338 3127 sent,
2392 3054 2632 3128 ﬁgentes
2681 3071 2742 3114 se
2779 3056 2904 3113 loco
2949 3055 3338 3115 necessarium
3384 3054 3607 3130 aliquid
3660 3056 3814 3115 inter
3851 3073 3914 3117 se

403 3139 644 3238 poribus
689 3140 1021 3213 inaudita!)
1074 3148 1306 3238 repente
1351 3142 1464 3238 sibi
1517 3146 1709 3203 nescio
1757 3160 1870 3221 qua
1924 3146 2437 3238 speciectractare
2468 3151 2785 3238 creperum.
2830 3146 2919 3217 Et,
2954 3146 3107 3204 inter
3129 3145 3438 3219 agendum,
3471 3144 3660 3204 subito
3699 3146 3912 3205 Guari-

406 3228 658 3304 Spiritus
718 3235 952 3287 sanctus
1006 3230 1290 3304 apparuit.
1343 3231 1453 3301 Qui
1506 3233 1774 3306 protinus
1826 3249 1860 3291 a
1913 3228 2258 3309 Sergio“ni
2287 3246 2474 3307 equus
2500 3231 2725 3290 furioso
2753 3239 2971 3291 rotatus
3006 3234 3226 3306 impetu
3259 3236 3317 3292 in
3350 3233 3524 3291 aliam
3566 3239 3786 3309 partem
3813 3233 3913 3291 iu-

397 3318 532 3393 quis
580 3325 728 3377 esset
780 3318 1179 3391 interrogatus,
1236 3320 1538 3380 manifeste
1591 3321 1731 3395 quia
1781 3321 1905 3396 ipse
1962 3327 2111 3381 esset

401 3407 650 3485 Spiritus
687 3416 921 3469 sanctus
954 3410 1220 3481 asseruit,
1269 3400 1324 3469 el
1365 3411 1556 3470 subito
1600 3412 1766 3486 quasi
1814 3419 2109 3486 pertrans-

393 3501 517 3558 iens
564 3500 638 3558 ab
688 3498 872 3559 oculis
924 3514 985 3557 se
1037 3499 1366 3573 aspicientis
1411 3501 1610 3559 evasit.
1652 3502 1855 3560 Statim
1903 3501 2004 3561 ille
2045 3501 2108 3560 in

390 3589 669 3647 exstasim
712 3594 930 3662 raptus,
974 3595 1146 3663 atque
1176 3590 1302 3663 ejus
1333 3603 1508 3662 quem
1549 3589 1770 3648 viderat
1810 3590 1947 3663 igne
1975 3605 2109 3647 suc-

387 3693 619 3750 census,
659 3678 832 3753 coepit
879 3693 982 3753 per
1027 3676 1345 3737 claustrum
1405 3679 1740 3737 monasterii
1795 3682 1921 3751 post
1971 3694 2108 3737 eum

390 3765 665 3826 velociter
709 3782 960 3837 currere,
1013 3767 1332 3841 fratresque
1373 3766 1479 3839 qui
1528 3767 1649 3826 illic
1694 3767 1949 3838 aderant,
1981 3785 2108 3827 ma-

392 3870 507 3929 gno
552 3855 795 3914 fervoris
844 3855 1085 3929 impetu,
1131 3870 1247 3929 quo
1303 3854 1555 3928 Spiritus
1603 3861 1834 3915 sanctus
1875 3855 2104 3930 abisset,

386 3942 761 4018 interrogare.
815 3942 941 4002 Illis
978 3950 1172 4002 autem
1216 3942 1301 4013 in_
1324 3943 1612 4003 insaniam
1655 3959 1791 4004 eum
1835 3945 2108 4005 cecidisse

387 4032 731 4107 putantibus
779 4038 955 4107 atque
1004 4033 1177 4093 illum
1228 4034 1375 4094 dure
1431 4031 1899 4107 corripientibus,
1957 4050 2107 4094 asse-

386 4122 547 4181 rebat
576 4122 812 4197 Sergius
849 4139 909 4183 se
950 4122 1233 4198 Spiritum
1266 4129 1529 4183 sanctum
1565 4123 1781 4199 absque
1827 4123 1950 4183 ulla
1992 4124 2103 4183 du-

387 4209 595 4268 bietate
634 4211 869 4281 vidisse,
904 4217 960 4270 et
987 4216 1122 4271 ante
1173 4226 1346 4271 suum
1386 4219 1754 4286 conspectum
1797 4213 2105 4272 visibiliter

388 4300 789 4371 pertransisse.
848 4296 958 4365 Qui
1007 4299 1199 4355 statim
1275 4299 1553 4372 languore
1601 4306 1895 4373 correptus
1958 4299 2103 4359 lecto

387 4382 689 4454 decubuit,
716 4390 775 4443 et
812 4384 968 4442 intra
1006 4399 1216 4456 paucos
1251 4384 1377 4443 dies
1406 4385 1560 4444 felici
1597 4387 2101 4447 consummatione

392 4473 605 4534 finivit.
657 4474 811 4534 Hinc
868 4489 1007 4534 sane
1058 4474 1333 4548 probatur
1383 4477 1539 4549 quod
1590 4477 1791 4537 divina
1840 4494 1976 4540 voce
2027 4481 2101 4539 ad

392 4563 630 4639 Moysen
686 4564 943 4625 dicitur:
974 4568 1097 4625 Non
1145 4568 1289 4621 enim
1336 4567 1546 4623 videbit
1583 4582 1668 4623 me
1717 4569 1871 4625 homo
1920 4575 1973 4626 et
2022 4573 2101 4625 vi-

385 4659 477 4710 vet
502 4655 703 4724 (Exod.
736 4659 983 4724 XXXIII).
1016 4653 1168 4712 Hinc
1209 4653 1407 4713 Daniel
1439 4670 1573 4713 cum
1600 4671 1717 4714 non
1747 4656 1955 4728 Deum,
2000 4657 2099 4718 sed

385 4744 671 4804 visionem
701 4744 801 4804 Dei
843 4760 906 4803 se
941 4736 1311 4817 conspexisse
1341 4743 1573 4817 diceret,
1607 4744 1766 4803 addit
1805 4765 1818 4804 :
1855 4749 2101 4817 Elangui
2144 4780 2149 4785 -

389 4842 442 4894 et
494 4839 759 4907 aegrotavi
820 4853 924 4909 per
989 4837 1106 4892 dies
1170 4838 1441 4909 plurimos
1508 4837 1647 4911 (215)
1721 4841 1884 4907 (Dan.
1942 4842 2088 4908 VIII).

461 5030 591 5093 (ω)
654 5028 805 5082 Haud
863 5028 1126 5084 dissimile
1181 5030 1495 5093 exemplum
1547 5029 1604 5079 tu
1646 5026 1786 5079 libro
1842 5028 2099 5080 Doctrina:

400 5096 636 5145 Patrum.
669 5106 722 5144 n.
747 5093 793 5143 3.

446 5102 728 5161 “qlfmrnn:
747 5102 820 5161 3'-
1025 5158 1034 5161 _
1075 5155 1089 5161 -
1217 5155 1252 5161 _.
1297 5155 1328 5161 __
1510 5150 1524 5161 .
1601 5150 1612 5161 .

485 5158 577 5209 ⁸215
619 5150 860 5220 ’γυιεοίι
892 5158 1040 5208 caret
1075 5155 1177 5209 hac
1203 5155 1437 5206 dictione
1466 5150 1735 5214 plurimos.

463 5159 601 5291 δαδὶ
629 5218 752 5289 Nam
761 5229 826 5291 ps
860 5218 1015 5291 οιίξω
1042 5231 1136 5273 seu
1172 5217 1343 5291 οιίυεοε
1376 5213 1529 5291 sua!
1542 5213 1847 5291 recessi
1863 5216 2099 5291 J9me}!

401 5272 556 5348 [n‘iis
580 5272 915 5348 regionibus
935 5278 1011 5348 fre
1022 5285 1219 5348 quens)
1254 5272 1421 5348 qq'i‘e't
1449 5277 1565 5348 ipse
1585 5272 1885 5348 monachus
1908 5274 2096 5348 factus,

406 5337 741 5406 Cuxanen'éis
770 5344 826 5392 et
864 5337 1445 5406 Rivipiiilensjaabbas
1471 5337 1739 5397 adiectus,
1773 5339 1899 5392 inde
1929 5337 2098 5390 Ausa-'-

410 5405 601 5468 nepsis
632 5405 923 5468 episcopus
946 5401 1160 5468 cieatus
1181 5401 1294 5468 fuit.

475 5465 612 5532 (217)
632 5462 761 5532 liqui
800 5462 1036 5532 operarii
1067 5474 1167 5517 seu
1191 5465 1432 5532 jumenta
1457 5462 1807 5532 explicantur
1832 5463 2096 5532 stigmarit,

426 5524 541 5578 tuin
593 5524 627 5578 'a
685 5524 860 5580 Leone
888 5527 1155 5581 .Ostiense
1192 5524 1564 5588 'haecheadern
1630 5524 1919 5588 referente,
1988 5531 2100 5577 tum

417 5588 677 5703 3mm?
720 5589 892 5643 .Petro
957 5589 1195 5644 [laniant
1242 5589 1298 5640 in
1345 5586 1452 5638 Vita
1502 5586 1866 5650 sanationis,
1904 5586 1972 5640 'et
2042 5589 2099 5640 in

2196 3320 2315 3378 vito
2364 3335 2583 3378 sessore
2614 3320 2869 3392 divertit,
2901 3327 2957 3380 et
2992 3321 3235 3380 Joannis
3270 3322 3470 3380 tibiam
3505 3322 3710 3381 ferrato
3753 3323 3912 3382 calce

2195 3410 2523 3483 percutiens
2568 3409 2757 3484 fregit.
2799 3409 2909 3480 Qui
2939 3411 3095 3469 illico
3123 3410 3193 3469 ad
3231 3416 3439 3469 terram
3477 3410 3662 3470 nimio
3710 3412 3911 3471 dolore

2196 3504 2530 3572 prostratus,
2579 3500 2702 3572 jam
2753 3514 2880 3558 sero
2924 3514 3166 3571 memor,
3201 3499 3458 3573 magistri
3504 3504 3787 3575 praecepta
3833 3500 3909 3559 ad

2196 3593 2451 3644 mentem
2498 3594 2745 3660 revocat,
2789 3595 2844 3645 et
2899 3603 2961 3645 se
3015 3588 3322 3661 perﬁdum,
3377 3604 3436 3648 se
3494 3588 3913 3650 inobedientiae

2194 3690 2362 3733 reum
2401 3675 2591 3734 verbis
2631 3676 2882 3750 publicae
2919 3676 3298 3736 confessionis
3341 3684 3585 3736 accusat.
3618 3678 3686 3736 In
3731 3678 3913 3736 fracto

2193 3779 2446 3838 namque
2481 3780 2648 3823 crure
2701 3765 2902 3824 didicit
2937 3766 3074 3839 quia
3100 3765 3276 3824 ﬁdem
3309 3766 3575 3840 frangere
3610 3774 3911 3841 peccatum

2195 3850 2325 3910 fuit.
2359 3851 2450 3921 Et,
2481 3852 2619 3924 quia
2642 3853 2762 3927 ipse
2791 3854 3032 3913 rationis
3055 3870 3236 3929 capax
3269 3854 3542 3927 magistro
3569 3854 3913 3914 inobediens

2193 3942 2435 4011 exstitit,
2478 3940 2550 3999 ad
2588 3941 3004 4003 incolumitatis
3046 3959 3169 4002 suae
3207 3942 3526 4003 custodiam
3576 3943 3912 4004 irrationale

2192 4030 2412 4089 animal
2459 4031 2668 4089 sessori
2706 4030 2939 4089 obedire
2972 4031 3233 4091 nescivit.
3295 4031 3526 4104 Deinde,
3557 4031 3699 4091 illuc
3748 4033 3912 4093 unde

2193 4119 2392 4177 venire
2429 4126 2681 4193 coeperat
2730 4121 2980 4189 rediens,
3029 4121 3234 4180 cellam
3263 4121 3375 4180 sibi
3419 4121 3693 4179 aedificari
3729 4136 3912 4196 prope

2194 4207 2610 4266 monasterium
2664 4208 2848 4282 petiit,
2889 4209 3091 4283 ibique
3124 4224 3225 4284 per
3274 4209 3509 4282 triginta
3545 4211 3664 4268 fere
3696 4225 3906 4282 annos,

2190 4298 2452 4372 quandiu
2479 4298 2649 4368 vixit,
2675 4302 2870 4355 sancta
2898 4297 3334 4356 conversatione
3356 4299 3691 4372 permansit.
3721 4298 3906 4356 Multa

2189 4384 2335 4442 442
2391 4387 2454 4446 in
2510 4402 2601 4447 ~eo
2651 4388 2918 4457 Charitas,
2975 4388 3122 4446 mira
3190 4388 3507 4457 humilitas,
3553 4386 3906 4447 abstinentia

2189 4490 2326 4535 vero
2363 4475 2618 4533 districta
2661 4476 2839 4533 nimis
2870 4480 2927 4533 et
2956 4484 3144 4545 cauta,
3174 4475 3254 4532 ita
3299 4482 3363 4533 ut
3392 4490 3499 4531 nec
3545 4474 3698 4533 intra
3735 4475 3900 4533 clau-

2120 4538 2369 4624 Dstrum
2412 4564 2754 4622 monasterii
2800 4565 3110 4637 quisquam
3133 4538 3320 4620 'sciret
3356 4563 3497 4633 (219)
3538 4562 3629 4620 vir
3665 4570 3901 4623 sanctus

2183 4655 2430 4729 qualiter
2478 4654 2786 4726 jejunaret.
2850 4652 3008 4708 Inter
3062 4651 3285 4726 reliqua
3338 4658 3531 4709 autem
3609 4652 3898 4713 virtutum

2184 4744 2352 4811 dona,
2378 4741 2456 4798 ita
2484 4755 2732 4798 exosum
2769 4739 3011 4798 habebat
3046 4740 3410 4799 detractionis
3446 4741 3661 4800 vitium
3692 4749 3897 4817 quate-

2182 4846 2317 4902 nus,
2354 4844 2489 4887 mox
2519 4834 2584 4886 ut
2610 4828 2742 4901 quis
2767 4828 2839 4886 ad
2877 4828 3297 4889 detrahendum
3339 4846 3405 4889 os
3434 4830 3700 4905 aperiret,
3735 4830 3899 4891 velut

2258 5024 2392 5090 (218)
2417 5024 2480 5090 In
2499 5023 2687 5076 codice
2716 5037 2813 5076 ms.
2841 5025 2964 5076 Vitas
2990 5023 3041 5076 Β.
3075 5025 3257 5090 Marini
3288 5025 3522 5090 legitur:
3553 5026 3618 5076 ab
3642 5028 3898 5089 Agarenis

2199 5087 2520 5161 latrunculis,
2572 5100 2788 5161 quorum
2827 5090 2956 5161 vitia
2988 5089 3174 5161 acriter
3206 5087 3527 5161 corripiebat,
3570 5103 3665 5161 pro
3691 5087 3898 5141 Christi

2195 5151 2408 5201 nomine
2442 5152 2553 5215 ipse
2572 5160 2830 5215 correptus
2868 5160 2911 5201 et
2932 5151 3089 5215 impie
3101 5151 3370 5213 jugulatns
3391 5151 3632 5215 martyrii
3652 5166 3893 5201 coronam

2195 5215 2396 5276 meruit,
2428 5214 2667 5263 obtinere.
2712 5214 2939 5276 ligarem
2989 5214 3132 5264 eirea
3185 5226 3387 5263 annum
3430 5214 3772 5265 millesimum
3834 5218 3891 5266 in

2196 5277 2351 5345 apice
2373 5275 2601 5338 Gargani
2621 5275 2836 5335 montis,
2861 5276 2952 5345 ubi
2980 5287 3222 5345 ergmum
3246 5275 3298 5327 B.
3327 5276 3562 5345 Marinus
3584 5275 3684 5345 sibi
3707 5276 3889 5327 condi

2194 5336 2366 5395 derat,
2410 5336 2587 5389 castra
2621 5346 2888 5389 metantes
2921 5336 3072 5389 ferali
3108 5348 3343 5388 excursu
3378 5337 3579 5388 italiam
3606 5341 3789 5395 totam,
3824 5351 3893 5391 ac

2196 5399 2789 5477 galliasjispaniteque
2830 5401 3011 5453 littora
3053 5398 3123 5451 ad
3155 5399 3425 5451 Oceanum
3463 5411 3633 5465 usque
3676 5401 3891 5462 rapinis

2196 5465 2580 5526 pervagati-unt.

2204 5524 2409 5603 .-3312)
2430 5525 2531 5603 PP.
2538 5522 3289 5603 9J9???€§I§PI“E?_§‘§E
3302 5523 3573 5603 959911.“!!!
3583 5534 3886 5603 59.93995?
3936 5596 3943 5603 κ

2204 5584 2403 5638 unum
2430 5584 2744 5639 hubemusa
2767 5586 3024 5650 religioso
3055 5586 3175 5637 viro
3202 5586 3433 5639 Amedeo
3464 5585 3612 5637 Lutto
3638 5584 3883 5640 Iinorita

2196 5647 2391 5702 Veneto
2413 5653 2793 5713 conscriptum.
