4118 6452
335 369 441 426 969
508 421 512 424 .

1643 363 1806 418 VITA
1847 362 1907 417 s.
1939 339 2316 416 nonnum.

3509 360 3614 417 970

336 487 533 560 sagitta
562 485 747 556 vigore
769 481 965 554 lapidis
992 493 1312 551 repercussa
1343 479 1396 533 in
1426 478 1748 549 dirigentem
1800 491 1932 547 pro-
1963 479 2007 536 Λ
2037 474 2287 529 studebat
2309 473 2549 544 quotidie
2577 446 2654 558 ad.
2909 474 3194 546 prolicere,
3237 476 3302 534 de
3341 450 3548 534 viribus
3573 479 3628 534 in

339 582 485 634 tinus
531 577 882 639 redundaret,
907 575 978 628 ita
1010 574 1076 628 ab
1116 588 1182 628 eo
1227 572 1369 627 illius
1396 573 1723 628 obtrectatio
1753 570 1929 640 repri-

2037 566 2177 621 vires
2205 580 2475 631 crescere,
2499 577 2573 642 et,
2628 581 2842 638 semper
2867 568 3156 637 semetipso
3193 570 3418 634 fortior,
3451 570 3629 626 nullas

337 681 581 727 meretur
609 670 780 741 (220).
828 668 954 722 Post
1002 667 1121 737 ejus
1151 680 1278 720 vero
1303 659 1508 719 obitum
1550 663 1808 720 nonnulla
1836 678 1932 733 per
2027 660 2140 730 jam
2168 669 2381 738 poterat
2404 661 2648 737 enervati
2673 661 2846 741 hostis
2870 661 3095 717 insidias
3125 659 3633 733 for,midare.,Szepc

337 777 462 817 eum
487 759 751 816 miracula
783 757 1045 813 divinitus
1071 756 1211 811 facta
1238 753 1380 810 sunt.

939 833 1171 901 CAPUT
1210 843 1348 899 xvr.

560 940 635 994 De
685 938 981 994 Romualdo
1021 955 1052 992 a
1080 937 1406 992 daemonibus
1455 951 1719 1006 percusso.

419 1032 755 1089 Romnaldus
784 1039 985 1092 autem,
1039 1039 1162 1099 post
1186 1029 1361 1099 patris
1414 1028 1839 1098 correptionem,
1883 1028 1935 1108 in

346 1127 538 1196 palude
579 1124 781 1179 Classis
827 1121 1077 1178 cellulam
1133 1120 1334 1193 ﬁgens,
1392 1119 1446 1174 in
1505 1120 1625 1175 loco
1654 1120 1745 1189 qui
1795 1118 1938 1174 Pons

347 1216 495 1270 I‘etri
550 1216 750 1270 dicitur
777 1214 1061 1269 habitavit.
1092 1210 1444 1268 Postmodum
1475 1225 1625 1276 vero,
1680 1226 1788 1266 non
1817 1225 1940 1265 cor-

348 1306 495 1375 poris
549 1303 922 1381 aegritudinem
969 1312 1246 1366 metuens,
1283 1316 1388 1356 non
1442 1299 1630 1355 fetoris
1680 1314 1940 1355 nauseam

350 1399 792 1467 perhorrescens,
822 1395 914 1450 sed
951 1411 1018 1449 ne
1047 1393 1435 1449 imbecillitatis
1457 1392 1747 1448 occasione
1763 1395 1940 1461 quan-

353 1490 602 1544 tumlibet
645 1503 704 1543 se
750 1488 820 1542 ab
869 1487 1211 1559 abstinentiae
1256 1487 1435 1557 rigore
1473 1485 1816 1548 remitteret,
1876 1481 1944 1536 ad

350 1581 554 1644 Classis
583 1571 768 1636 itidem
802 1580 1091 1650 praedium,
1131 1579 1220 1633 ubi
1255 1589 1338 1634 est
1361 1578 1587 1632 ecclesia
1641 1577 1699 1630 Β.
1727 1573 1944 1629 Martini

353 1687 473 1740 qua:
515 1671 713 1724 dicitur
747 1669 800 1723 in
851 1667 1010 1740 Sylva
1044 1665 1215 1738 (221),
1247 1658 1519 1736 migravit.
1553 1663 1627 1720 Ibi
1656 1681 1784 1719 vero
1813 1679 1947 1733 qua-

354 1763 480 1817 dam
527 1761 652 1827 die,
701 1761 828 1816 dum
884 1759 1297 1829 completorium
1343 1757 1494 1830 (222)
1526 1765 1781 1821 caneret,
1821 1755 1946 1825 quia

2035 754 2179 810 enim
2208 745 2310 808 sibi
2341 753 2393 808 in
2426 748 2562 808 cella
2588 738 2869 819 residenti,
2903 753 3046 830 velut
3077 755 3337 824 teterrimi
3366 756 3515 816 corvi
3547 756 3634 810 vel

2035 846 2280 902 vultures
2303 886 2320 911 ,
2379 838 2568 918 iniqui"
2601 845 2824 914 spiritus
2860 845 3181 921 videbantur
3206 845 3481 915 assistere
3505 887 3521 912 ,
3580 858 3635 902 et

2036 936 2192 1006 quasi
2248 936 2317 991 ad
2370 936 2703 1018 custoditum
2754 937 3006 1018 animalis
3053 937 3320 1010 cadaver,
3353 938 3479 1008 quia
3527 954 3632 1008 non

2040 1028 2313 1084 audebant
2357 1016 2659 1106 accedere,
2696 1016 3284 1105 cogebanturieminus
3329 1042 3614 1102 aspectare

2041 1119 2197 1190 Saepe
2222 1135 2282 1176 se
2321 1121 2373 1175 in
2406 1121 2592 1190 ﬁguris
2615 1120 2973 1192 Ethiopum,
3007 1136 3150 1192 sazpe
3178 1137 3238 1178 se
3263 1137 3360 1192 per
3389 1124 3607 1179 diverso

2043 1227 2162 1266 rum
2194 1211 2507 1295 animalium
2555 1213 2765 1286 species
2793 1201 3174 1278 ostendebant.
3211 1211 3418 1280 Quibus
3459 1214 3640 1271 clarus

2042 1290 2248 1359 Christi
2275 1287 2640 1381 triumphator
2662 1305 2972 1379 insultabat,
3003 1305 3225 1361 dicens:
3247 1298 3390 1363 EcCe
3414 1318 3638 1377 paratus

2045 1418 2186 1466 sum,
2225 1400 2436 1472 venite;
2476 1408 2532 1454 et
2569 1400 2613 1454 si
2661 1414 2782 1468 qua:
2834 1400 2886 1454 in
2927 1399 3078 1463 vobis
3116 1408 3204 1456 est
3250 1401 3399 1470 (224)
3443 1403 3638 1464 virtus.

2045 1491 2334 1546 ostendite.
2387 1477 2797 1562 Nunquid‘jam
2831 1489 3052 1552 omnino
3105 1489 3376 1558 deﬁcitis‘i
3401 1494 3640 1563 nunquid

2041 1587 2154 1656 jam
2186 1585 2315 1640 victi
2347 1584 2506 1647 estis,
2531 1592 2588 1639 et
2613 1583 2831 1652 aliquas
2858 1592 3048 1638 contra
3088 1584 3182 1638 Dei
3218 1585 3489 1640 servulum
3522 1601 3645 1640 cer-

2051 1657 2198 1728 laudi
2229 1673 2512 1750 machinas
2548 1688 2650 1742 nou
2685 1672 2934 1726 habetis?
2984 1672 3079 1728 llis
3114 1673 3347 1744 denique
3376 1683 3432 1728 et
3461 1675 3648 1743 hujus-

2053 1766 2195 1820 modi
2228 1747 2413 1840 verbis
2436 1747 3024 1840 confundens[iniquos
3052 1764 3308 1835 spiritus,
3352 1767 3644 1824 confestim

357 1853 640 1942 ειηιίίιιψηι
685 1850 794 1942 “lic
817 1851 1194 1942 Ϋωεηθιςνίυιη
1246 1847 1531 1942 (“crinem
1553 1861 1713 1942 Δεξὲρθ
1738 1846 1830 1910 ﬁt»
1862 1861 1947 1900 δυ’
1983 1829 2024 1886 Β
2053 1878 2166 1942 eos,
2195 1837 2340 1918 velut
2367 1849 2548 1939 missis
2578 1829 2809 1918 totidem.
2842 1829 3398 1934 jaculiS,-ell'ugabat.
3449 1864 3649 1920 Vidcus

358 1941 472 1995 bito
512 1940 586 1995 illi
627 1955 692 1994 ex
747 1939 1051 2007 hnjusmodi
1097 1937 1417 2007 recogitatio
1463 1922 1681 2012 incidit,
1715 1949 1949 2012 moxque

359 2033 476 2100 ejus
517 2032 757 2085 animum
796 2045 1023 2101 magnus
1054 2029 1411 2100 phantasticze
1447 2008 1714 2083 illusiouis
1755 2009 1952 2080 horror

360 2123 576 2178 invasit.
605 2120 849 2193 Cmuque
878 2125 979 2178 hoc
1005 2122 1253 2178 crebrius
1297 2123 1349 2176 in
1383 2113 1564 2176 mente
1614 2119 1914 2175 revolveret
1935 2159 1949 2183 ,

360 2231 490 2272 ecce
533 2216 751 2286 maligni
784 2217 1007 2285 spiritus
1037 2216 1317 2286 repentino
1347 2215 1548 2284 impetu
1596 2211 1787 2267 cellam
1834 2201 1964 2280 ejus

363 2309 591 2382 ingressi
621 2309 870 2378 protinus
897 2308 1048 2363 illum
1080 2308 1134 2363 in
1168 2317 1366 2362 terram
1401 2313 1686 2370 sternunt,
1728 2303 1950 2357 immani

354 2415 480 2456 eum
542 2399 686 2453 mede
734 2400 1052 2463 conficiunt,
1105 2407 1160 2453 et
1208 2397 1489 2453 exhaustis
1547 2395 1707 2465 longo
1745 2392 1954 2462 jejunio

366 2492 624 2547 membris
684 2492 988 2547 dirissimos
1035 2491 1185 2562 (225)
1239 2490 1378 2544 ictus
1429 2489 1661 2543 illidunt.
1712 2485 1952 2541 Tandem

369 2581 719 2648 Iioiiiualdus,
775 2581 918 2636 inter
947 2583 1063 2651 ipsa
1133 2580 1542 2648 percussionum
1591 2577 1819 2632 verbera
1869 2590 1954 2630 re-

365 2683 552 2744 spectu
584 2673 780 2728 divinae
823 2674 1010 2744 gratia:
1041 2673 1316 2737 visitatus,
1344 2671 1396 2725 in
1440 2671 1581 2725 hanc
1608 2683 1797 2724 vocem
1826 2683 1954 2722 eru-

368 2765 678 2834 pitz'Chare
707 2763 854 2830 Jesu,
884 2765 1078 2820 dilecte
1099 2765 1248 2828 Jesu,
1276 2779 1444 2834 quare
1469 2778 1555 2819 mc
1583 2751 1957 2830 dereliquisti'?

368 2859 623 2928 Nunquid
645 2859 868 2913 omnino
893 2873 977 2913 me
1001 2859 1344 2912 inimicorum
1377 2856 1623 2912 manibus
1654 2853 1956 2908 tradidisti?

367 2949 450 3004 Ad
485 2951 826 3005 hrcc'omnes
869 2950 1038 3018 iniqui
1079 2949 1299 3017 spiritus
1337 2943 1515 3001 divina
1544 2947 1744 3000 virtute
1785 2929 1954 3015 fugati

371 3045 517 3096 sunt.
559 3039 627 3094 Et
677 3039 934 3094 continuo
967 3047 1110 3092 tanta
1149 3037 1316 3091 divini
1365 3035 1569 3090 amoris
1610 3033 1958 3104 compunctio

373 3131 651 3185 Ro‘mualdi
695 3138 885 3199 pectus
915 3130 1184 3194 accendit,
1211 3137 1267 3182 ut
1293 3137 1461 3182 totum
1507 3142 1605 3182 cor
1636 3125 1753 3197 ejus
1795 3125 1852 3182 in
1879 3123 1962 3182 la-

371 3239 585 3296 crymas
613 3222 764 3292 quasi
791 3237 918 3277 cera
950 3221 1304 3290 quuesceret,
1333 3231 1386 3296 et
1416 3203 1482 3273 de
1512 3228 1590 3274 tot
1621 3201 1962 3296 allisidnibus

372 3318 597 3375 sanciati
634 3317 877 3386 corporis
917 3315 990 3370 nil
1020 3316 1269 3371 sentiret.
1329 3295 1450 3368 Mox
1477 3327 1642 3367 sanus
1669 3320 1727 3367 et
1755 3297 1962 3366 validus

372 3414 439 3468 de
471 3410 895 3475 terra'surrexit,
911 3416 982 3472 et,
999 3407 1466 3476 licetimpedientc
1479 3406 1655 3460 adhuc
1676 3403 1959 3472 sanguine,

376 3506 442 3559 ad
472 3504 722 3559 eumdem
771 3501 965 3572 psalmi
997 3514 1213 3555 versum
1243 3515 1403 3567 quem
1453 3495 1749 3567 reliquerat
1780 3494 1958 3549 rediit.

377 3595 432 3649 In
485 3595 731 3663 ingressu
780 3593 978 3662 quippe
1018 3591 1321 3646 dauuonum
1367 3587 1604 3644 fenestra
1650 3587 1860 3642 cellulze
1910 3587 1960 3641 in

377 3687 608 3741 frontem
637 3685 781 3739 illius
810 3681 1061 3754 impegit,
1286 3681 1338 3734 in
1363 3696 1468 3752 qua
1502 3678 1791 3734 manifesta
1819 3665 1965 3747 post.

377 3781 594 3835 modqu
644 3776 872 3833 cicatrix
931 3771 1210 3840 occ-alluit,
1276 3790 1397 3844 quae
1446 3773 1668 3829 evidens
1726 3772 1966 3827 vulneris

377 3871 671 3938 indicium,
713 3863 952 3942 quaudiu
997 3863 1338 3925 vir'sanctus
1381 3847 1844 3935 vixitmstendit."

972 3981 1201 4038 CAPUT
1232 3981 1397 4037 XVII.

381 4079 458 4134 De
487 4077 678 4148 iniquis
700 4074 965 4145 spiritibus
991 4115 1005 4136 ,
1037 4075 1126 4141 qui
1153 4073 1250 4195 sbibi
1287 4072 1421 4127 velut
1451 4074 1582 4126 dira:
1615 4071 1844 4126 volucres
1875 4089 1966 4140 np-

1037 4159 1160 4195 Dlﬂ'e
1197 4158 1307 4195 (ΠΗ.

1036 4158 1307 4213 parebant.

451 4236 570 4292 Jam
603 4237 766 4306 igitur
798 4233 950 4288 miles
979 4233 1205 4300 Christi,
1246 4237 1465 4288 assueto
1506 4233 1644 4289 bello
1675 4227 1966 4299 robustioi',

454 4395 831 4469 (2‘20)__Desu_nt
878 4395 929 4448 in
975 4393 1237 4469 Vaticano
1275 4374 1460 4450 codice
1495 4395 1610 4448 haec
1649 4395 1847 4462 verba,
1893 4397 1969 4450 ita

381 4485 446 4523 an
464 4465 527 4521 eo
557 4467 702 4520 illius
727 4465 1030 4519 obtrectatio
1059 4465 1461 4531 reprimeretur,

454 4538 603 4609 (221)
639 4537 970 4609 Iiecensctur
1005 4535 1300 4588 etiamnum
1349 4533 1487 4609 inter
1527 4533 1738 4609 Classis
1761 4537 1968 4606 praedia
2002 4541 2048 4598 D

381 4604 487 4663 non
519 4604 766 4677 ignobilis
794 4605 894 4660 iste
919 4604 1090 4670 locus,
1127 4605 1480 4677 vetustums.
1527 4604 1971 4677 Martiuicogno-

384 4673 626 4734 mentum
655 4673 907 4739 servans;
945 4677 1092 4730 nulla
1125 4687 1304 4730 tamen
1337 4673 1407 4728 ibi
1453 4676 1687 4744 antiqua:
1713 4673 1969 4733 Ecclesiae

386 4755 666 4804 remanent
691 4747 930 4810 vestigia.
1662 4753 1670 4760 ·

458 4817 606 4888 (222)
637 4815 932 4888 Inter»;dia_
941 4817 1338 4888 quamplurima
1377 4814 1666 4888 laudabilia
1724 4819 1968 4885 instituta

386 4885 505 4954 qua:
531 4885 851 4958 universalis
895 4885 1133 4942 Ecclesia
1178 4904 1208 4942 a
1257 4887 1798 4958 monachisaccepit,
1831 4891 1970 4945 hanc

359 4967 600 5029 'qnoque
622 4957 786 5011 divini
814 4959 994 5024 operis
1021 4967 1230 5024 partem
1251 4998 1266 5022 ,
1295 4958 1457 5029 veluti
1499 4957 1816 5014 diurnorum
1862 4961 1970 5015 lau-

388 5027 525 5085 dum
542 5029 817 5097 epilogum,
839 5039 892 5080 et
914 5029 1324 5096 compendium,
1356 5043 1384 5080 a
1425 5027 1790 5086 Iienedictinis
1829 5048 1970 5085 sum-

389 5102 564 5170 psisse
579 5096 822 5170 nonnulli
849 5097 1239 5170 scripsereJIc
1263 5107 1441 5152 tamen
1463 5113 1594 5170 vera
1622 5102 1681 5156 S.
1706 5100 1769 5154 P.
1803 5101 1973 5156 Bene-

389 5167 564 5242 dictus
595 5168 806 5242 nonnisi
837 5167 1159 5242 conip'letorii
1198 5183 1390 5242 nomen
1426 5168 1474 5222 ci
1501 5170 1667 5242 dedit,
1700 5188 1822 5228 nam
1847 5182 1974 5226 ante

389 5238 505 5309 ejus
529 5247 744 5294 :etatem
771 5238 1040 5309 haechora
1066 5239 1322 5293 canonica
1357 5239 1409 5291 in
1438 5255 1534 5292 usu
1572 5241 1682 5309 jam
1711 5251 1847 5296 erat.
1885 5241 1975 5296 Vi-

391 5308 532 5366 desis
564 5309 804 5381 Martene
825 5316 879 5362 et
920 5308 1147 5381 Calmet,
1184 5325 1304 5381 cap.
1352 5324 1493 5373 xvn;
1527 5311 1700 5380 Mege,
1729 5327 1848 5381 cap.
1885 5329 1972 5368 xvt

391 5379 762 5438 commentarii
795 5378 847 5432 in
872 5393 982 5448 reg.
1008 5379 1063 5433 S.
1100 5378 1393 5434 Benedicti.

459 5450 607 5520 (225)
634 5450 768 5520 Vat.
787 5450 931 5512 cod.,
961 5450 1288 5503 durissimos.

465 5518 613 5590 (224)
642 5519 697 5573 In
729 5518 994 5574 Vaticano
1022 5521 1141 5574 cod.
1173 5520 1368 5589 legitur
1392 5523 1479 5573 sit.

465 5589 613 5646 ¹22Ξ))
645 5589 900 5643 Balneum
923 5591 1178 5658 oppidum
1202 5599 1285 5644 est
1313 5592 1365 5646 in
1392 5592 1744 5648 Romandiola
1775 5591 1880 5650 sub
1901 5597 1980 5650 di-

396 5664 543 5716 tione
574 5675 851 5734 temporali
883 5660 1058 5734 Magni
1105 5661 1335 5734 Etruriae
1379 5663 1533 5718 ducis
1561 5705 1574 5727 ,
1607 5666 1872 5734 spirituali
1906 5677 1981 5721 ta-

1604 5735 1653 5788 ui
1705 5737 1994 5790 abbatiam’

396 5745 520 5785 men
559 5733 943 5785 monachorum
992 5731 1479 5787 Camaldulensium
1510 5773 1524 5798 ,

327 5797 352 5816 ⁸
389 5799 471 5858 ibi
503 5801 563 5856 Β.
596 5802 772 5856 alariae
805 5798 1008 5881 Virgini
1053 5817 1265 5855 sacram
1290 5803 1550 5860 incolunt.
1584 5797 1756 5876 Vulgo
1795 5806 1978 5877 Baguo

829 5898 1101 5960 PA'rnOL.
1153 5892 1423 5952 CXLIV.
1461 5929 1466 5937 -

2054 1970 2185 2024 ergo
2207 1953 2452 2020 diabolus
2472 1953 2598 2023 quia
2631 1969 2727 2023 per
2751 1953 3101 2025 semetipsum
3129 1965 3318 2010 contra
3351 1957 3444 2012 Dei
3476 1957 3648 2011 famu-

2054 2045 2164 2100 lum
2213 2045 2510 2115 praevalere
2564 2059 2670 2100 non
2720 2055 2933 2115 posset,
2987 2048 3053 2101 ad
3103 2048 3292 2103 caliida
3325 2059 3648 2121 argumenta

2054 2151 2370 2200 conversus,
2396 2151 2718 2208 quocunque
2741 2136 2826 2191 vir
2851 2145 3080 2201 sanctus.
3103 2138 3237 2202 ibat,
3262 2139 3646 2210 discipulorum

2054 2224 2172 2294 ejus
2200 2226 2412 2281 animos
2436 2227 2698 2298 adversus
2720 2241 2844 2281 eum
2870 2227 2924 2280 in
2956 2227 3537 2298 malitiamlexcitabat,
3566 2242 3646 2293 ιιι,
3691 2217 3698 2225 ’

2057 2316 2187 2387 quia
2232 2317 2491 2371 retentari
2529 2331 2659 2392 eum
2691 2316 2760 2371 ab
2798 2331 3032 2373 accenso
3061 2319 3143 2372 sui
3191 2320 3418 2375 fervoris
3447 2321 3648 2391 impetu

2060 2407 2392 2478 impossibile
2440 2406 2650 2472 funerat,
2697 2407 2890 2470 saltem
2941 2410 3008 2463 ab
3053 2410 3244 2465 alienae
3285 2410 3475 2466 salutis
3522 2427 3650 2467 cura

2057 2507 2450 2569 compesceret,
2483 2507 2567 2563 et,
2589 2499 2714 2569 quia
2749 2499 2861 2569 ipse
2885 2500 2954 2553 ab
2973 2501 3128 2555 hoste
3158 2503 3400 2572 superari
3432 2502 3654 2558 minime

2060 2600 2260 2660 posset,
2288 2591 2375 2646 vel
2403 2605 2467 2646 ex
2501 2591 2623 2646 aliis
2649 2593 2934 2646 victoriam
2965 2609 3069 2646 non
3104 2585 3344 2664 negaret.

2640 2699 2867 2760 CAPUT
2909 2703 3090 2760 XVIII.

2060 2793 2138 2848 De
2172 2794 2440 2849 monachis
2468 2785 2822 2848 Romuaidum
2853 2779 3270 2879 verberantibus,
3296 2805 3345 2851 et
3373 2797 3551 2853 divina
3570 2799 3654 2854 ira
3738 2861 3746 2873 ,

2725 2882 3006 2934 percussis.
3235 2879 3242 2886 ‘

2131 2956 2437 3026 Aliquando
2475 2965 2712 3028 namque
2751 2957 2817 3011 ad
2857 2957 3033 3013 locum
3067 2955 3156 3028 qui
3194 2960 3453 3015 Balneum
3502 2961 3652 3033 (223i)

2063 3047 2282 3113 dicitur,
2297 3048 2388 3118 qui
2409 3047 2658 3104 videlicet
2682 3049 2734 3102 in
2761 3048 3019 3105 Saxenati
3040 3049 3367 3128 constitutus
3389 3060 3473 3107 cst
3495 3055 3656 3108 tciri-

1988 3181 2037 3248 c
2064 3142 2227 3208 torio,
2265 3141 2511 3206 transiit;
2539 3142 2628 3197 ubi
2659 3142 2822 3195 etiam
2871 3157 2975 3196 non
3023 3157 3198 3211 pauco
3230 3155 3472 3213 tempore
3499 3162 3656 3200 cont;-

2067 3248 2312 3298 morans,
2349 3233 2740 3290 monasterium
2787 3231 2955 3305 ﬁ.“
2989 3237 3055 3288 ad
3098 3233 3156 3287 Β.
3182 3234 3507 3307 Archangeli
3554 3235 3654 3290 Mi-

2068 3326 2271 3381 chaelis
2300 3325 2558 3379 honorem
2583 3325 2886 3380 construxit
2905 3365 2920 3389 ,
2951 3341 2982 3380 a
3010 3342 3117 3395 quo
3146 3342 3249 3381 non
3281 3327 3436 3397 longe
3463 3331 3654 3385 cc-‘lam

2067 3418 2119 3472 in
2135 3432 2198 3472 ea
2217 3415 2788 3471 nabitaturusintravit
2806 3415 2976 3487 (226).
2997 3417 3121 3473 Illuc
3142 3427 3319 3473 autem
3338 3419 3656 3490 11ιεεο(22’7)

2067 3507 2309 3563 marchio
2337 3515 2542 3576 septem
2578 3506 2679 3562 sibi
2717 3522 2814 3576 pro
2840 3507 3164 3564 necesSitate
3191 3509 3336 3564 misit
3363 3512 3655 3568 numisma-

2068 3608 2180 3652 tum
2209 3597 2410 3662 libras;
2435 3612 2573 3667 quas
2597 3597 2720 3663 ille,
2749 3606 2810 3652 ut
2839 3597 2979 3654 bene
3004 3599 3261 3669 prodigus
3295 3601 3658 3657 misericordi-

2069 3697 2150 3744 ter
2191 3688 2553 3758 dispensaret,
2583 3687 2813 3756 accepit.
2847 3687 3044 3744 Audito
3073 3689 3254 3760 itaque
3281 3692 3422 3760 quod
3471 3708 3660 3748 mona-

2069 3779 2299 3834 sterium
2344 3778 2594 3834 Palatioli
2649 3777 2798 3848 (228)
2831 3777 3026 3834 fuisset
3073 3779 3200 3852 igne
3241 3778 3656 3854 consumptum,

2069 3870 2351 3944 sexaginta
2391 3870 2604 3932 solidos,
2637 3869 2703 3925 de
2739 3871 2994 3938 praedicta
3028 3870 3257 3941 pecunia
3299 3874 3557 3932 fratribus
3605 3877 3658 3933 in

2070 3961 2399 4031 adjutorium
2423 3961 2647 4026 direxit,
2682 3960 2883 4030 reliqua
2915 3972 3120 4028 autem,
3153 3973 3211 4018 ut
3242 3965 3292 4018 in
3322 3965 3500 4021 simile
3525 3983 3661 4038 opus

2070 4052 2421 4120 expenderet,
2455 4049 2770 4105 reservavit.
2792 4049 3021 4118 Cognito
3053 4051 3177 4116 hoc,
3209 4055 3458 4125 monachi
3489 4056 3544 4112 S.
3564 4057 3663 4112 Mi-

2072 4142 2278 4198 chaelis
2319 4141 2559 4196 belluino
2607 4150 2794 4195 contra
2832 4127 2957 4195 eum
3003 4131 3190 4222 furore
3213 4148 3466 4204 commoti
3509 4161 3658 4218 sunt,

2075 4247 2186 4312 tum
2215 4233 2340 4304 quia
2374 4233 2556 4303 pravis
2582 4231 2770 4289 eorum
2822 4232 3064 4289 moribus
3107 4238 3415 4310 contrarius
3447 4239 3563 4309 jam
3605 4243 3659 4297 in

2073 4408 2711 4480 appellaturLsitumque
2757 4406 2944 4480 estin
2982 4405 3298 4480 Apennino,
3325 4421 3509 4468 monte
3555 4431 3660 4470 non

2073 4477 2262 4548 procul
2288 4479 2356 4534 ab
2387 4479 2581 4533 Eremo
2600 4477 3016 4548 Camalduh‘nsi,
3045 4479 3398 4548 in_territorio
3422 4481 3662 4541 Sat-siuas

2076 4546 2256 4614 urbis,
2300 4555 2423 4619 qtue
2467 4548 2766 4620 antiquitus
2799 4547 3035 4612 Saxena,
3084 4546 3289 4604 Sassina
3335 4561 3390 4606 et
3435 4552 3661 4610 Sassina

2078 4621 2516 4689 nuncupabatur.

2147 4709 2295 4781 (226)
2340 4710 2399 4764 Β.
2436 4709 2657 4766 Hieron.
2708 4711 2994 4780 Pragensis
3031 4710 3106 4764 ait
3137 4728 3150 4764 :
3184 4710 3561 4767 .llonasterium
3608 4715 3662 4770 in

2077 4779 2138 4835 S.
2158 4779 2449 4852 Michaelis
2475 4782 2672 4835 honore
2697 4779 3020 4843 construxit,
3051 4783 3105 4834 in
3126 4797 3227 4852 quo
3257 4783 3514 4838 ordinatis
3547 4802 3663 4841 mo-

2076 4851 2256 4921 nachis
2285 4859 2331 4904 et
2363 4850 2568 4914 abbate,
2620 4852 2726 4919 ipse
2758 4867 2862 4921 non
2895 4852 3045 4921 longe
3071 4868 3102 4904 α
3133 4850 3304 4921 austro
3344 4852 3663 4921 Vergarrtho

2077 4919 2416 4993 reclusionem
2463 4922 2518 4973 in
2555 4937 2726 4993 ραι-υς
2763 4920 2953 4993 cellula
2999 4922 3230 4977 intravit.
3272 4919 3663 4993 Verg/téretum,

2077 5006 2170 5045 seu
2210 4989 2656 5061 Yergaretum_,ct
2688 4989 3015 5061 Yergbereta,
3037 5002 3116 5047 est
3137 4989 3404 5061 Apennini
3425 4989 3666 5058 castrum

2080 5076 2186 5116 non
2217 5058 2373 5130 longe
2400 5078 2428 5113 a
2467 5058 2665 5114 Baluco
2686 5058 2841 5128 juxta
2888 5061 3047 5134 Sapis
3078 5058 3257 5134 (vulgo
3289 5064 3468 5135 Savia)
3501 5064 3669 5121 lltllui-

2080 5132 2164 5184 nis
2193 5129 2388 5184 fontes.

2080 5138 2164 5186 nis
2193 5138 2388 5185 fontes.

2083 5222 2304 5365 (ἓξὲξ)
2327 5221 2540 5346 [giltgc
2562 5223 2796 5293 ,Hugoue
2823 5227 3055 5282 Etruria:
3082 5198 3324 5299 principe
3348 5231 3468 5286 vide
3502 5205 3668 5303 supra

2156 5385 2304 5457 (228)
2330 5385 2489 5450 Plura
2522 5385 3010 5457 luijusceiion'iinis
3042 5388 3158 5444 loca
3198 5391 3249 5445 in
3287 5390 3460 5448 Italia.
3493 5393 3670 5450 Unnm

2086 5455 2225 5511 inter
2247 5455 2490 5532 Bedesim
2519 5455 3174 5532 et__Ca_ndiauum_lluviu_m
3199 5459 3360 5532 supra
3388 5464 3675 5522 Classensc

2086 5529 2504 5590 monasterium;
2538 5527 2683 5580 aliud
2719 5529 2768 5581 in
2797 5527 3081 5595 paludibus
3111 5527 3421 5586 Ravennam
3459 5535 3600 5592 inter
3620 5549 3677 5592 et

2084 5597 2215 5670 I’adi
2243 5597 2408 5662 ostia,
2446 5598 2512 5651 de
2537 5613 2647 5666 quo
2676 5605 2804 5667 puto
2845 5597 2943 5670 hic
2976 5613 3282 5670 sermonem
3334 5617 3478 5670 esse,
3529 5608 3684 5668 et,B.,

2085 5667 2283 5739 ΜεῃπὶωΔ
2308 5676 2426 5739 erat
2452 5679 2834 5739 mjucupatum.
2863 5667 3022 5739 Aliud
3053 5669 3104 5722 in
3137 5667 3501 5739 Monteviridi,
3533 5667 3678 5734 dim-4

2085 5735 2564 5815 ce_S_i_s_Populon_i_te
2589 5735 2930 5815 in'_l:_3truria_;
2976 5738 3119 5794 aliud
3146 5740 3197 5794 in
3240 5739 3415 5810 Latio,
3444 5735 3680 5815 quatuor

2088 5807 2326 5864 millibus
2355 5809 2605 5878 passibus
2632 5810 2840 5866 Albano
2867 5810 3096 5868 distans.

3045 5903 3118 5962 31

2995 6094 3022 6102 ς
