4118 6438
302 493 412 550 975

564 648 589 675 /
890 612 1119 670 CAPUT
1155 614 1320 672 XXII.

381 705 457 762 De
492 700 631 777 Rege
667 705 870 775 hospite
917 704 1233 830 Romualdot";
1273 716 1321 761 et
1375 722 1500 778 qum
1547 674 1857 762 Abbauhm‘

983 792 1186 830 suscepi
1214 815 1230 830 .

983 792 1230 846 suscepit.

365 862 581 922 Eodem
620 881 751 921 vero
778 873 1019 936 tempore
1038 866 1224 937 junior
1251 865 1402 939 (241)
1429 866 1555 923 Otto
1575 867 1897 938 Imperator,

300 953 394 1028 Cia
404 970 645 1012 ssensem
673 955 945 1011 abbatiam
968 956 1223 1011 ordinare
1258 957 1597 1024 desiderans,
1619 957 1895 1028 optionem

297 1049 567 1103 fratribus
604 1047 774 1112 dedit,
827 1057 887 1102 ut
914 1063 1077 1117 quem
1133 1047 1236 1117 ipsi
1275 1039 1494 1115 vellent,
1519 1048 1895 1105 indubitanter

297 1135 588 1207 eligerent.
622 1138 695 1193 At
719 1137 795 1192 illi
833 1139 1095 1194 continuo
1138 1137 1470 1193 unanimiter
1494 1147 1754 1210 expetunt
1780 1137 1896 1194 Ro-

300 1229 602 1285 mualdum.
634 1212 932 1301 Imperator
964 1238 1171 1296 autem,
1200 1230 1446 1295 ditlidens
1466 1231 1685 1286 beatum
1714 1232 1895 1287 virum

295 1321 363 1376 ad
390 1320 601 1393 regiam
625 1319 803 1375 aulam
830 1323 1047 1377 evocari
1076 1338 1235 1392 posse
1267 1338 1367 1394 per
1396 1324 1666 1392 nuntium,
1696 1325 1775 1380 ire
1821 1328 1894 1383 ad

295 1423 421 1465 eum
468 1425 566 1479 per
592 1410 943 1481 semetipsum
968 1411 1158 1478 voluit,
1186 1421 1243 1467 et
1278 1413 1347 1468 ad
1383 1413 1575 1468 cellam
1606 1412 1725 1483 ejus
1777 1416 1893 1471 sole

289 1496 401 1570 jam
447 1498 727 1554 occidente
771 1500 1036 1570 pervenit.
1072 1500 1169 1557 Cui
1213 1498 1569 1570 Romualdus,
1614 1504 1741 1574 quia
1775 1521 1890 1561 ma:-

292 1604 466 1659 guum
493 1589 755 1659 hospitem
794 1590 849 1645 in
886 1605 1050 1660 parva
1077 1590 1239 1647 domo
1262 1604 1600 1664 susceperat,
1630 1594 1887 1651 lectulum

299 1694 458 1734 suum
504 1680 574 1735 ad
603 1681 986 1751 quiescendum
1015 1682 1146 1740 dare
1173 1685 1427 1757 dignatus
1460 1695 1563 1741 est.
1588 1687 1883 1758 Cooperto-

252 1794 261 1801 ’
299 1773 440 1828 rium
466 1782 646 1831 tamen
692 1790 788 1831 rex
830 1775 1024 1842 noluit,
1052 1778 1179 1848 quia
1208 1779 1564 1847 asperrimum
1602 1779 1885 1851 judicavit.

296 1862 455 1920 Mane
479 1876 663 1920 autem
689 1865 850 1930 facto,
882 1882 978 1922 rex
1020 1882 1144 1922 eum
1177 1882 1362 1922 secum
1398 1869 1464 1924 ad
1495 1869 1753 1940 palatium
1788 1873 1888 1927 dn-

295 1956 403 2022 xit,
429 1957 756 2027 tandemque
783 1957 886 2013 sibi
918 1958 1145 2025 instare,
1177 1968 1236 2014 ut
1256 1959 1530 2015 abbatiam
1556 1963 1879 2033 susciperet,
1913 1981 1960 2041 Β

294 2047 481 2104 multis
531 2050 782 2119 precibus
832 2050 1017 2119 erepit.
1081 2049 1184 2119 Qui
1229 2066 1352 2106 cum
1409 2051 1788 2119 reluctaretur,
1828 2065 1885 2111 et

293 2140 458 2210 regia:
502 2141 749 2211 petitioni
800 2157 1082 2198 assensum
1149 2143 1367 2212 penitus
1421 2144 1737 2215 denegaret,
1789 2161 1884 2200 rex

292 2239 476 2285 autem
505 2246 536 2286 e
561 2232 841 2287 contrario
862 2234 1480 2289 excommunicationcm
1516 2243 1572 2290 et
1593 2237 1901 2309 anathema

293 2321 361 2376 ab
401 2321 654 2378 omnibus
686 2322 976 2393 episcopis,
1008 2324 1458 2395 archiepiscopis,
1498 2333 1554 2381 et
1584 2334 1699 2381 toto
1720 2342 1883 2398 syno-

291 2414 397 2471 dali
426 2416 657 2477 concilio
691 2417 1008 2481 minaretur,
1061 2417 1276 2471 tandem
1311 2403 1625 2474 imminente
1655 2420 1882 2475 necessi-

292 2515 402 2563 tate
432 2507 740 2572 succubuit,
770 2516 826 2562 et
853 2506 1163 2561 animarum
1194 2509 1436 2579 regimen
1466 2518 1690 2566 coactus
1719 2526 1876 2567 acce-

289 2598 390 2668 pit.
418 2597 709 2654 Referebat
733 2597 887 2670 (242)
918 2608 1045 2654 tunc
1079 2600 1182 2654 hoc
1201 2599 1304 2654 sibi
1334 2615 1676 2671 nequaquam
1706 2603 1878 2664 videri

289 2703 510 2753 novum,
564 2688 660 2743 sed
710 2699 837 2744 ante
861 2687 1292 2758 quinquennium
1327 2689 1430 2745 sibi
1480 2688 1649 2747 fuisse
1677 2693 1877 2749 divini-

289 2787 378 2835 tus
433 2779 756 2834 revelatum.
788 2778 1033 2851 Regebat
1062 2781 1247 2851 itaque
1299 2782 1594 2839 monachos
1642 2784 1744 2841 sub
1783 2785 1877 2840 ‘di-
1912 2830 1915 2833 .

287 2871 476 2926 stricta
500 2870 720 2951 ~regulae
765 2870 1074 2941 disciplina,
1122 2886 1298 2941 neque
1325 2872 1483 2927 alicui
1515 2873 1582 2927 ab
1611 2875 1873 2930 ea.decli-

289 2971 420 3011 nare
480 2955 697 3026 impune
753 2955 987 3022 licebat;
1044 2973 1150 3011 nou
1201 2958 1433 3027 denique
1484 2958 1718 3024 nobilis,
1767 2976 1872 3018 non

286 3047 484 3103 litteris
553 3047 802 3103 eruditus
876 3062 974 3118 per
1019 3058 1174 3103 actus
1228 3047 1449 3104 illicitos
1513 3050 1567 3104 in
1624 3051 1871 3107 dextram

287 3139 583 3209 laevamque
615 3148 823 3207 partem
859 3135 1166 3204 deﬂectere,
1222 3138 1307 3193 vel
1340 3155 1368 3193 a
1394 3149 1557 3196 rectze
1582 3156 1873 3199 conversa-

289 3229 448 3283 tionis
499 3229 731 3282 andebat
780 3228 1109 3284 rectitudine
1164 3231 1403 3287 deviare.
1469 3229 1567 3285 Vir
1637 3233 1872 3304 denique

287 3327 508 3375 sanctus
535 3318 715 3374 cordis
748 3320 935 3374 oculos
966 3319 1019 3373 in
1057 3319 1254 3374 ccelnm
1305 3320 1496 3392 ﬁgens,
1547 3330 1608 3376 ut
1660 3324 1770 3378 Deo
1816 3326 1870 3378 in
1899 3325 1944 3388 C

283 3406 535 3465 omnibus
556 3408 978 3481 obtemperaret,
1008 3425 1114 3464 non
1139 3409 1361 3470 timebat
1377 3413 1683 3468 hominibus
1702 3412 1867 3486 447

285 3500 590 3571 displicere.
645 3499 761 3555 Hoc
809 3509 990 3554 autem
1021 3499 1172 3570 (245)
1210 3499 1409 3556 fratres
1433 3502 1863 3567 considerantes,

282 3590 606 3661 semetipsos
656 3589 805 3660 prius
860 3598 1120 3644 accusant
1191 3590 1319 3659 quia
1361 3591 1521 3647 hunc
1572 3592 1674 3667 sibi
1728 3609 1869 3663 pra:-

282 3695 404 3736 esse
451 3676 843 3751 poposcerant;
874 3679 1067 3735 deinde
1099 3679 1282 3734 multis
1310 3695 1434 3735 eum
1462 3681 1864 3739 detractioutnn

283 3772 748 3828 susurrationibus
798 3770 1081 3837 lacerant,
1137 3781 1192 3826 et
1258 3772 1410 3828 duris
1485 3774 1865 3831 scandalorum

282 3860 486 3918 aculeis
536 3871 758 3917 vexant.

847 3950 1078 4008 CAPUT
1118 3952 1303 4008 XXIII.

353 4041 432 4113 De
473 4041 686 4097 abbatia
739 4040 1003 4117 dimissa;
1041 4052 1088 4098 et
1139 4060 1267 4117 pace
1315 4044 1453 4115 inter
1505 4062 1677 4117 regem
1743 4058 1794 4103 et

849 4111 1090 4168 Tiburtes
1126 4111 1292 4183 facta.

352 4226 680 4282 Romualdns
718 4226 900 4295 itaque
947 4227 1135 4283 videns
1189 4236 1246 4283 et
1296 4244 1450 4284 suam
1480 4230 1862 4300 perfectionem

280 4318 624 4390 aliquatenus
653 4317 842 4381 minui,
872 4325 929 4371 et
978 4316 1192 4372 illorum
1238 4335 1416 4375 mores
1469 4323 1760 4391 proclivius
1808 4325 1862 4379 in

270 4405 549 4461 deteriora
576 4405 841 4472 converti,
883 4421 1064 4477 regem
1096 4407 1323 4479 impiger
1350 4409 1504 4477 adiit,
1538 4419 1613 4478 et,
1649 4427 1715 4467 eo
1754 4430 1862 4469 non

276 4499 469 4555 leviter
519 4498 862 4558 reluctante.
913 4515 1021 4555 una
1068 4515 1192 4556 cum
1248 4502 1656 4576 archiepiscopo
1711 4505 1860 4576 (244)

278 4592 607 4657 Ravennate,
648 4593 703 4648 in
733 4593 1012 4664 utriusque
1041 4604 1332 4664 conspectu
1370 4594 1573 4669 virgam
1612 4596 1858 4668 projecit,

1598 494 1754 552 VITA
1799 496 1856 550 S.
1900 495 2279 554 IIOMUAIMI.

1887 4682 1936 4742 Ι)

3484 510 3590 565 974

1931 624 1983 680 Α
2009 624 2066 670 et
2087 614 2475 670 monasterium
2511 614 2746 670 demisit.
2777 615 2947 673 Porro
2988 602 3170 674 autem
3198 636 3308 679 rex
3348 623 3593 681 Tiburti-

2003 721 2130 761 nam
2162 715 2290 764 tunc
2328 705 2606 761 civitatem
2631 706 2932 762 obsidebat.
2973 708 3133 765 Cives
3154 710 3299 766 enim
3330 713 3590 786 inclytum

1998 797 2118 868 ejus
2144 797 2337 853 ducem
2350 796 2525 867 (245),
2552 797 2875 853 Mazolinum
2891 800 3143 867 nomine,
3175 801 3587 872 interfecerant,

1999 888 2176 960 ipsum
2205 904 2420 960 quoque
2445 905 2625 961 regem
2663 891 2929 962 correptis
2976 893 3143 948 armis
3189 893 3342 967 (246)
3396 911 3428 951 a
3473 899 3592 956 suis

1999 979 2275 1034 mtenibus
2324 979 2702 1037 exturbarant.
2755 980 2910 1037 Unde
2961 998 3067 1037 non
3112 983 3335 1041 dubium
3389 994 3475 1043 est
3522 990 3612 1044 B-

2003 1066 2369 1124 Romnaldum
2420 1068 2550 1125 illnc
2605 1085 2676 1126 ex
2730 1071 2912 1126 divina
2949 1073 3290 1141 providentia
3334 1076 3585 1145 missum,

1996 1158 2091 1228 qui
2141 1157 2430 1215 imminens
2472 1168 2554 1216 tot
2597 1162 2901 1217 animarum
2956 1164 3256 1234 periculum
3302 1179 3612 1239 sequestra-
3660 1164 3668 1171 ’

1995 1266 2131 1321 pace
2181 1251 2379 1306 delevit
2429 1252 2602 1324 (247).
2654 1252 2767 1309 Hoc
2818 1257 3019 1311 etenim
3071 1258 3227 1313 inter
3253 1274 3349 1316 eos
3395 1270 3592 1330 pactus

1995 1350 2099 1403 est,
2135 1351 2196 1396 ut
2217 1340 2471 1398 Tiburtes
2501 1344 2568 1398 ad
2592 1344 2857 1400 honorem
2885 1348 3028 1418 regis
3062 1364 3342 1405 murorum
3372 1363 3583 1423 partem

1995 1433 2293 1495 diruerent,
2332 1433 2550 1489 obsides
2577 1434 2796 1499 darent,
2824 1436 2977 1493 ducis
3004 1454 3133 1495 vero
3177 1441 3583 1500 interfectorem

1993 1528 2062 1580 ad
2099 1523 2219 1597 ejus
2249 1533 2478 1582 matrem
2529 1535 2836 1583 catenatum
2887 1530 3204 1601 dirigerent.
3245 1533 3377 1601 Quae
3406 1537 3585 1593 sancti

1990 1618 2096 1673 viri
2135 1619 2270 1675 fusis
2319 1621 2389 1675 ad
2433 1621 2602 1677 Deum
2659 1622 2912 1691 precibus
2972 1625 3241 1697 mitigata,
3285 1628 3582 1683 crudeliter

1989 1707 2521 1775 oﬂ'ensa,.etcrimen
2555 1711 2798 1779 indulsit,
2828 1723 2883 1768 et
2914 1714 3239 1771 incolumem
3268 1716 3337 1772 ad
3359 1718 3576 1788 propria

1993 1801 2174 1856 redire
2207 1802 2482 1871 permisit.

2554 1892 2783 1950 CAPUT
2814 1894 3001 1949 XXIV.

2391 1984 2469 2039 De
2523 1983 2675 2056 (248)
2718 1995 2901 2039 sancto
2949 1983 3187 2041 Venerio.

2057 2073 2207 2130 Fecit
2243 2090 2458 2147 quoque
2506 2076 2834 2131 venerabilis
2882 2077 2966 2131 vir
3016 2078 3159 2146 apud
3207 2077 3377 2135 Tibur
3405 2079 3573 2137 alium

1987 2167 2111 2221 boui
2157 2169 2338 2238 operis
2385 2168 2642 2232 fructum,
2696 2183 2858 2238 quem
2886 2168 3103 2224 silentio
3137 2173 3573 2240 praetereundum

1983 2272 2103 2312 esse
2150 2273 2259 2313 non
2299 2259 2559 2314 arbitror.
2608 2259 2837 2326 Quidam
2867 2256 3100 2330 namque
3125 2260 3314 2317 beatus
3340 2264 3446 2329 vir,
3468 2262 3576 2320 Ve-

1990 2348 2176 2402 nerius
2224 2350 2443 2409 nomine
2471 2391 2486 2416 ,
2549 2350 2797 2406 habitare
2849 2351 3100 2420 primitus
3141 2352 3195 2406 in
3244 2356 3575 2410 monasterio

1983 2441 2149 2510 coepit
2204 2457 2326 2496 cum
2407 2449 2558 2496 tanta
2628 2442 2933 2498 humilitate
2981 2451 3038 2497 et
3088 2443 3455 2514 simplicitate,
3506 2457 3570 2501 ut

1981 2546 2173 2588 omnes
2228 2532 2375 2587 illum
2424 2532 2618 2590 fratres
2662 2535 3043 2590 subsannando
3080 2536 3458 2606 despicerent,
3516 2551 3573 2594 et

1980 2620 2212 2676 delirum
2251 2635 2378 2675 eum
2422 2632 2586 2692 atque
2636 2624 2942 2679 dementem
2989 2639 3109 2682 e.-se
3152 2636 3429 2696 putarent.
3467 2628 3570 2684 Alii
3638 2688 3649 2693 ,

1979 2728 2216 2784 namque
2249 2698 2397 2768 illum
2452 2729 2594 2785 saepe
2622 2714 2989 2785 colaphizare,
3022 2716 3109 2772 alii
3164 2720 3405 2786 sordida,
3457 2738 3563 2792 qua

1976 2802 2180 2860 lebetes
2208 2804 2361 2877 (249)
2392 2805 2733 2870 lavabantur,
2767 2823 2905 2878 aqua
2946 2807 3308 2879 perfundere;
3352 2811 3442 2866 alii
3478 2813 3565 2868 di-

1978 2897 2151 2952 versis
2195 2896 2346 2952 illum
2390 2899 2636 2955 solebant
2663 2902 3034 2957 conviciorum
3069 2901 3266 2974 jurgiis
3303 2905 3564 2963 lacerare.

1978 2987 2225 3057 Cumque
2255 2988 2345 3044 ille
2373 3004 2433 3046 se
2454 2984 2814 3061 perpenderet
2841 2992 2983 3048 inter
3030 3002 3108 3048 tot
3135 2996 3361 3051 adversa
3417 3006 3566 3053 tran-

1975 3078 2201 3149 quillum
2256 3095 2370 3136 suae
2415 3082 2614 3138 mentis
2662 3093 2861 3139 statum
2924 3100 3147 3141 servare
3198 3104 3303 3141 non
3360 3104 3557 3159 posse,

1974 3169 2313 3225 consortium
2341 3171 2622 3238 deserens,
2669 3174 2722 3228 in
2753 3173 3097 3230 solitudinem
3128 3174 3338 3248 fugiens
3370 3195 3565 3250 prope-

1977 3262 2136 3316 ravit.
2187 3261 2293 3317 Ubi
2337 3277 2435 3332 per
2476 3280 2573 3320 sex
2625 3279 2821 3329 annos,
2870 3267 3079 3336 absque
3129 3269 3255 3323 vino
3306 3273 3564 3340 omnique

1973 3350 2275 3426 pulmento,
2314 3352 2416 3406 sub
2456 3352 2636 3408 nimiae
2683 3354 3043 3411 districtionis
3099 3355 3267 3429 m
3309 3359 3563 3419 ariditate

1973 3441 2293 3510 permansit.
2345 3441 2498 3496 Hunc
2543 3440 2692 3514 (250)
2741 3441 2928 3512 itaque
2973 3443 3327 3512 Romualdus,
3378 3450 3562 3503 audita

1971 3528 2089 3599 cjus
2150 3528 2291 3585 fama
2324 3571 2343 3596 ,
2396 3531 2635 3587 visitare
2674 3532 2906 3613 curavit.
2974 3532 3146 3600 Quem
3216 3535 3558 3608 interrogans

1970 3620 2072 3675 sub
2094 3618 2250 3689 cujus
2296 3619 2562 3691 regimine
2607 3621 2848 3693 degeret,
2898 3623 3121 3694 cujusve
3168 3625 3394 3682 arbitrio
3444 3644 3559 3684 suae

1970 3713 2397 3769 conversationis
2438 3713 2804 3770 obedientiam
2871 3716 3190 3785 exhiberet;
3271 3723 3553 3790 respondit

1970 3817 2062 3865 se,
2114 3788 2293 3858 alieno
2343 3802 2579 3860 solutum
2632 3804 2878 3875 imperio,
2920 3807 3024 3862 hoc
3064 3809 3214 3879 sequi
3251 3788 3394 3880 quod
3449 3813 3553 3871 sibi

1969 3892 2154 3947 utilius
2193 3892 2488 3949 videretur.
2541 3892 2639 3950 Cui
2690 3894 3022 3954 Iiomualdns
3064 3900 3190 3953 ait:
3224 3900 3279 3955 Si
3329 3916 3548 3959 crucem

1966 3980 2168 4037 Christi
2192 3992 2398 4053 portas,
2427 3997 2674 4053 superest
2710 3994 2769 4042 ut
2795 3985 3002 4042 Christi
3027 3989 3391 4046 obedientiam
3438 4009 3544 4048 non

1970 4073 2263 4146 relinquas.
2301 4075 2448 4131 Vade
2470 4076 2659 4148 igitur,
2685 4084 2741 4132 et
2765 4092 3029 4134 consensu
3054 4096 3087 4135 a
3111 4083 3329 4152 proprio
3354 4083 3551 4140 abbate

1966 4173 2238 4233 suscepto,
2289 4172 2586 4229 revertere,
2615 4173 2671 4220 et
2711 4166 2813 4222 sub
2853 4167 2970 4237 ejus
3005 4168 3245 4223 dominio
3273 4170 3550 4229 humiliter

1964 4254 2125 4333 vive;
2157 4264 2427 4323 quatenus
2458 4253 2603 4309 sacri
2648 4255 2830 4325 operis
2872 4257 3180 4324 aedificium,
3223 4262 3367 4330 quod
3408 4265 3546 4319 bona

1968 4346 2215 4403 voluntas
2242 4346 2497 4412 aedificat,
2526 4345 2801 4403 humilitas
2823 4347 2971 4420 (251)
2998 4349 3181 4421 erigit,
3225 4352 3547 4410 obedientize

1965 4438 2138 4492 virtus
2162 4436 2406 4492 extollat.

2035 4528 2185 4594 Haec,
2211 4535 2268 4582 et
2300 4527 2472 4584 multa
2492 4527 2597 4584 alia
2621 4527 2994 4586 aedilicatiOnis
3013 4530 3214 4586 monita
3236 4532 3540 4601 proferens,

1962 4619 2149 4675 docuit
2182 4632 2307 4674 eum
2358 4618 2593 4690 qualiter
2640 4620 3061 4691 cogitationibus
3108 4623 3221 4678 suis
3262 4623 3544 4704 resistere,

532 4768 659 4857 Qtto
703 4784 897 4857 nempe
934 4768 1166 4857 hujusce
1222 4771 1456 4857 nominis
1497 4772 1715 4857 tertius,
1761 4772 1855 4844 qui
1902 4833 1908 4838 ,
1963 4775 2026 4830 D.
2064 4775 2363 4857 Romualdo
2407 4777 2607 4844 collati,
2650 4780 2725 4835 uti
2769 4789 3054 4851 patronum
3083 4781 3378 4839 etiamnum
3411 4800 3529 4840 eum
3588 4762 3593 4773 ³

275 4839 419 4913 anno
446 4839 655 4913 Christi
703 4839 808 4913 996
834 4839 909 4899 in
934 4839 1142 4913 Italiam
1169 4843 1316 4896 venit
1342 4844 1459 4898 sedi
1486 4839 1797 4913 apostolicai
1821 4858 1857 4898 a

275 4909 577 4983 _Crescegtii
625 4910 780 4983 ducis
812 4910 1123 4982 :tyrannide
1166 4920 1374 4967 vexatae
1394 4909 1553 4983 opem
1594 4913 1805 4968 laturus
1833 4955 1848 4980 ,
1914 4936 1921 4939 λ

1920 4995 2315 5061 ,ςρεῃξ-ειωθιι
2348 4996 2577 5042 careant
2632 4988 2782 5061 _boc_
2802 4989 2962 5061 titulo
3020 5005 3175 5061 capp.
3228 4992 3277 5048 Χ

267 4977 423 5049 juxta
475 4978 817 5049 Beronium,'

365 5049 494 5116 242)
534 5047 656 5104 Vat.
685 5050 806 5105 cod.
862 5058 1060 5106 tamen.
1270 5110 1277 5116 ,

365 5052 474 5103 242
535 5052 656 5104 Vat.
685 5052 806 5105 cod.
862 5058 1060 5106 tamen.
1270 5110 1277 5116 ,

364 5052 494 5190 245)
531 5120 585 5173 ln
616 5120 806 5173 eodem
847 5120 1035 5187 codice
1083 5117 1323 5188 legitur:
1374 5120 1492 5177 Hoc
1522 5134 1699 5178 autem
1726 5141 1849 5180 sus-

273 5189 630 5261 ceptifratres
658 5205 774 5261 sero
804 5189 1219 5261 considerantes,
1248 5199 1354 5261 etc.

344 5259 494 5331 (244)
547 5258 879 5323 Gerbertus,
932 5259 1023 5329 qui
1074 5260 1416 5330 posunodum
1459 5259 1720 5319 Silvester
1766 5265 1849 5333 ll,

345 5338 420 5381 nl.
454 5345 598 5381 max.
649 5327 769 5381 fuit.

345 5338 420 5385 ut.
454 5345 598 5384 max.
649 5337 769 5381 fuit.

270 5343 420 5400 pout.
454 5345 598 5384 max.
649 5343 769 5381 run.

341 5400 491 5469 (245)
534 5398 856 5469 Mazofinum
887 5399 1050 5453 habet
1096 5408 1162 5469 e_t_
1202 5397 1494 5456 Vaticanus
1522 5402 1712 5458 codex.
1742 5404 1847 5459 Su-

274 5469 386 5544 rius
439 5465 568 5544 vero
647 5465 1030 5544 Matholimtm;
1106 5467 1850 5544 Masclinum__Hieronytnus

272 5539 594 5610 Pragensis;
636 5547 689 5592 et
739 5535 1087 5610 Mamolinum
1132 5540 1355 5610 antiqua
1383 5541 1571 5595 editio.

342 5607 491 5681 (246)
528 5610 650 5681 _Vat.
679 5607 797 5681 cod.
853 5610 918 5681 de
943 5611 1077 5681 suis,
1118 5619 1222 5662 etc.
1264 5607 1282 5610 “
1388 5680 1395 5681 γ
1426 5680 1431 5681 γ
1464 5680 1469 5681 γ
1524 5620 1529 5623 “

341 5676 492 5749 (247)
527 5676 1118 5749 ΙιυεεζηὼρΑΒποιιὶιιε
1158 5682 1223 5733 ad
1252 5695 1343 5734 an.
1373 5680 1501 5745 996,
1534 5697 1588 5737 η.
1645 5683 1733 5746 77,
1781 5682 1851 5740 de

272 5746 552 5823 obsidione
580 5746 740 5823 hujus
760 5746 1057 5823 Tiburtina:
1075 5748 1316 5823 civitatis
1344 5748 1526 5822 (vulgo
1566 5751 1752 5823 Tieoli)
1779 5756 1847 5809 ab

274 5820 408 5889 urbe
455 5817 628 5873 Roma
670 5816 892 5872 circiter
918 5817 986 5874 18
1016 5816 1253 5874 millibus
1283 5816 1538 5889 passuum
1575 5816 1845 5879 distantis.

271 5885 527 5945 Tiburtes
579 5895 781 5955 autem,
835 5901 1105 5943 memores
1147 5885 1300 5945 tanti'
1329 5891 1575 5971 benefit-ii
1630 5892 1761 5963 ipsis
1813 5910 1844 5948 a

1962 4854 2311 4902 venerantur.

2032 4914 2178 4988 (248)
2221 4916 2396 4971 Etiam
2448 4917 2743 4973 Vaticanus
2769 4918 2938 4974 codex
2984 4931 3224 4977 sanctum
3272 4939 3339 4977 at
3378 4924 3534 4992 ellat,
3584 4956 3589 4959 ι

2032 5002 2083 5041 ιιι
2137 4995 2315 5042 tamen
2348 4996 2577 5042 careant
2647 4988 2748 5044 hoc
2802 4989 2962 5043 titulo
3020 5005 3175 5049 cauo.
3228 4939 3418 5049 Χέθη
3475 5009 3533 5049 et

3475 5009 3533 5052 et

1958 5055 2173 5128 XXVlII
2220 5072 2343 5128 qua;
2394 5065 2520 5111 sunt
2566 5074 2579 5110 :
2623 5056 2699 5111 De
2744 5058 3022 5127 Bonifacio
3076 5055 3326 5128 martyre,
3374 5075 3429 5119 et
3469 5068 3535 5121 de

1961 5080 2173 5112 AAVlu
2220 5080 2343 5128 qua:
2394 5080 2520 5111 sunt
2566 5080 2579 5110 :
2623 5080 2699 5111 ue
2744 5080 3022 5127 Domlacw
3076 5080 3214 5116 mar:
3253 5081 3326 5127 re,
3374 5080 3429 5119 et
3469 5080 3528 5121 ae

1955 5125 2163 5181 Joanne
2206 5137 2253 5182 et
2311 5126 2591 5182 Benedicto
2639 5129 2979 5195 martyribus,
3027 5131 3118 5196 qui
3184 5080 3252 5188 ab
3292 5131 3528 5190 Ecclesia

1953 5207 2262 5275 sanctorum
2293 5196 2415 5275 albo
2466 5206 2594 5251 sunt
2634 5197 2873 5268 ascrip.i.
2930 5197 3012 5253 Ex
3039 5215 3146 5269 quo
3170 5206 3322 5274 argui
3353 5214 3529 5275 potest

1961 5263 2168 5329 Venerii
2199 5268 2479 5322 sanctitas.

2024 5335 2172 5406 (249)
2210 5334 2373 5408 Lebes
2396 5337 2785 5408 monachorum
2815 5337 3096 5407 antiquum
3128 5338 3526 5408 indumentum,

1953 5404 2096 5475 quad
2127 5404 2180 5461 et
2208 5405 2465 5460 colobium
2504 5404 2804 5472 dicebatur,
2857 5404 2975 5463 sine
3022 5412 3270 5476 manicis,
3321 5427 3377 5468 et
3425 5404 3529 5468 ali;

1955 5476 2098 5546 quod
2140 5476 2334 5546 capitis
2393 5478 2787 5546 operimentum
2839 5477 3073 5543 habens;
3149 5483 3290 5535 unde
3354 5484 3420 5538 de
3467 5483 3526 5538 S.

1953 5544 2115 5600 Petro
2144 5544 2366 5601 Urseolo
2388 5544 2688 5616 anonymus
2722 5544 3101 5623 Rivipullensis
3123 5551 3358 5619 scripsit,
3383 5554 3526 5623 quod

1948 5628 2190 5684 posuerat
2237 5633 2393 5680 super
2422 5614 2576 5683 caput
2628 5632 2780 5669 suum
2803 5614 3034 5669 Ie’betem.

2023 5684 2171 5755 (250)
2213 5686 2597 5755 Desiderantur
2637 5688 2689 5740 in
2733 5686 2993 5740 Vaticano
3028 5688 3212 5743 codice
3251 5691 3362 5745 hac
3403 5708 3527 5747 ver-

1948 5751 2077 5831 ba:
2120 5751 2276 5808 Hune
2316 5757 2500 5831 itaque
2524 5754 2869 5821 Romualdus,
2901 5756 3085 5811 audita
3109 5756 3222 5829 ejus
3246 5758 3427 5831 fama,
3453 5762 3528 5818 uio

1951 5824 2114 5878 citare
2146 5826 2369 5879 curavit.

2021 5892 2171 5963 (251)
2215 5893 2334 5951 Vat.
2375 5894 2545 5951 codex
2576 5895 2738 5951 habet
2760 5896 2945 5966 erigat.
