  <div class='ocr_page' id='page_1' title='image "/cluster/home/n/w/nwhite01/storage/ocr_20150623/144/umn.31951002477437p/529.png"; bbox 0 0 4118 6444; ppageno 0'>
   <div class='ocr_carea' id='block_1_1' title="bbox 491 435 595 486">
    <p class='ocr_par' dir='ltr' id='par_1_1' title="bbox 491 435 595 486">
     <span class='ocr_line' id='line_1_1' title="bbox 491 435 595 486; baseline 0 0"><span class='ocrx_word' id='word_1_1' title='bbox 491 435 595 486; x_wconf 78' lang='lat'><strong>975</strong></span> 
     </span>
    </p>
   </div>
   <div class='ocr_carea' id='block_1_2' title="bbox 985 399 3304 488">
    <p class='ocr_par' dir='ltr' id='par_1_2' title="bbox 985 399 3304 488">
     <span class='ocr_line' id='line_1_2' title="bbox 985 399 3304 488; baseline 0.002 -5"><span class='ocrx_word' id='word_1_2' title='bbox 985 427 1042 483; x_wconf 88' lang='lat' dir='ltr'><strong>S.</strong></span> <span class='ocrx_word' id='word_1_3' title='bbox 1085 427 1288 484; x_wconf 76' lang='lat' dir='ltr'><strong>PETRI</strong></span> <span class='ocrx_word' id='word_1_4' title='bbox 1321 427 1601 484; x_wconf 78' lang='lat' dir='ltr'><strong>DAMIANI</strong></span> <span class='ocrx_word' id='word_1_5' title='bbox 1642 428 1792 484; x_wconf 83' lang='lat' dir='ltr'><strong>OPP.</strong></span> <span class='ocrx_word' id='word_1_6' title='bbox 1823 428 2000 484; x_wconf 75' lang='lat' dir='ltr'><strong>PARS</strong></span> <span class='ocrx_word' id='word_1_7' title='bbox 2028 427 2158 485; x_wconf 86' lang='lat' dir='ltr'><strong>SEU</strong></span> <span class='ocrx_word' id='word_1_8' title='bbox 2179 399 2433 484; x_wconf 12' lang='lat' dir='ltr'><strong>I&#39;I&#39;OMUS</strong></span> <span class='ocrx_word' id='word_1_9' title='bbox 2462 429 2523 482; x_wconf 92' lang='lat' dir='ltr'><strong>II.</strong></span> <span class='ocrx_word' id='word_1_10' title='bbox 2547 459 2616 469; x_wconf 92' lang='lat'><strong><em>—</em></strong></span> <span class='ocrx_word' id='word_1_11' title='bbox 2651 428 3068 486; x_wconf 80' lang='lat' dir='ltr'><strong>SANCTORUM</strong></span> <span class='ocrx_word' id='word_1_12' title='bbox 3103 430 3212 486; x_wconf 79' lang='lat' dir='ltr'><strong>VIT</strong></span> <span class='ocrx_word' id='word_1_13' title='bbox 3217 432 3304 488; x_wconf 58' lang='lat' dir='ltr'><strong>1E.</strong></span> 
     </span>
    </p>
   </div>
   <div class='ocr_carea' id='block_1_3' title="bbox 3621 436 3726 491">
    <p class='ocr_par' dir='ltr' id='par_1_3' title="bbox 3621 436 3726 491">
     <span class='ocr_line' id='line_1_3' title="bbox 3621 436 3726 491; baseline 0.019 -2"><span class='ocrx_word' id='word_1_14' title='bbox 3621 436 3726 491; x_wconf 85' lang='lat'><strong>976</strong></span> 
     </span>
    </p>
   </div>
   <div class='ocr_carea' id='block_1_4' title="bbox 491 537 3736 614">
    <p class='ocr_par' dir='ltr' id='par_1_4' title="bbox 491 537 3736 614">
     <span class='ocr_line' id='line_1_4' title="bbox 491 537 3736 614; baseline 0.001 -17"><span class='ocrx_word' id='word_1_15' title='bbox 491 545 725 614; x_wconf 82' lang='lat' dir='ltr'><strong>qualiter</strong></span> <span class='ocrx_word' id='word_1_16' title='bbox 745 550 919 612; x_wconf 89' lang='lat' dir='ltr'><strong>posset</strong></span> <span class='ocrx_word' id='word_1_17' title='bbox 952 541 1260 610; x_wconf 90' lang='lat' dir='ltr'><strong>iniquorum</strong></span> <span class='ocrx_word' id='word_1_18' title='bbox 1291 539 1574 610; x_wconf 73' lang='lat' dir='ltr'><strong>spirituum</strong></span> <span class='ocrx_word' id='word_1_19' title='bbox 1624 537 2060 594; x_wconf 74' lang='lat' dir='ltr'><strong>infestationibus</strong></span> <span class='ocrx_word' id='word_1_20' title='bbox 2087 545 2134 603; x_wconf 84' lang='grc' dir='ltr'>Α</span> <span class='ocrx_word' id='word_1_21' title='bbox 2161 553 2253 594; x_wconf 89' lang='lat' dir='ltr'><strong>sus</strong></span> <span class='ocrx_word' id='word_1_22' title='bbox 2281 545 2363 592; x_wconf 90' lang='lat' dir='ltr'><strong>est</strong></span> <span class='ocrx_word' id='word_1_23' title='bbox 2390 537 2691 608; x_wconf 85' lang='lat' dir='ltr'><strong>relinquere</strong></span> <span class='ocrx_word' id='word_1_24' title='bbox 2715 538 2986 594; x_wconf 64' lang='lat' dir='ltr'><strong>saeculum.</strong></span> <span class='ocrx_word' id='word_1_25' title='bbox 3041 538 3142 605; x_wconf 87' lang='lat' dir='ltr'><strong>Qui</strong></span> <span class='ocrx_word' id='word_1_26' title='bbox 3188 555 3311 596; x_wconf 89' lang='lat' dir='ltr'><strong>mox</strong></span> <span class='ocrx_word' id='word_1_27' title='bbox 3341 555 3372 596; x_wconf 83' lang='lat' dir='ltr'><strong>a</strong></span> <span class='ocrx_word' id='word_1_28' title='bbox 3403 557 3529 612; x_wconf 80' lang='lat' dir='ltr'><strong>rege</strong></span> <span class='ocrx_word' id='word_1_29' title='bbox 3569 543 3736 599; x_wconf 87' lang='lat' dir='ltr'><strong>licen-</strong></span> 
     </span>
    </p>
   </div>
   <div class='ocr_carea' id='block_1_5' title="bbox 493 629 2060 702">
    <p class='ocr_par' dir='ltr' id='par_1_5' title="bbox 493 629 2060 702">
     <span class='ocr_line' id='line_1_5' title="bbox 493 629 2060 702; baseline -0.004 -14"><span class='ocrx_word' id='word_1_30' title='bbox 493 644 816 702; x_wconf 84' lang='lat' dir='ltr'><strong>repuguare,</strong></span> <span class='ocrx_word' id='word_1_31' title='bbox 874 638 928 684; x_wconf 90' lang='lat' dir='ltr'><strong>et</strong></span> <span class='ocrx_word' id='word_1_32' title='bbox 970 629 1042 683; x_wconf 88' lang='lat' dir='ltr'><strong>ita</strong></span> <span class='ocrx_word' id='word_1_33' title='bbox 1102 630 1478 684; x_wconf 82' lang='lat' dir='ltr'><strong>confirmatum</strong></span> <span class='ocrx_word' id='word_1_34' title='bbox 1530 637 1582 682; x_wconf 87' lang='lat' dir='ltr'><strong>et</strong></span> <span class='ocrx_word' id='word_1_35' title='bbox 1633 629 1952 683; x_wconf 89' lang='lat' dir='ltr'><strong>instructum</strong></span> <span class='ocrx_word' id='word_1_36' title='bbox 2006 629 2060 682; x_wconf 92' lang='lat' dir='ltr'><strong>in</strong></span> 
     </span>
    </p>
   </div>
   <div class='ocr_carea' id='block_1_6' title="bbox 491 715 2058 787">
    <p class='ocr_par' dir='ltr' id='par_1_6' title="bbox 491 715 2058 787">
     <span class='ocr_line' id='line_1_6' title="bbox 491 715 2058 787; baseline -0.004 -10"><span class='ocrx_word' id='word_1_37' title='bbox 491 720 658 777; x_wconf 88' lang='lat' dir='ltr'><strong>multa</strong></span> <span class='ocrx_word' id='word_1_38' title='bbox 691 734 812 785; x_wconf 80' lang='lat' dir='ltr'><strong>eum</strong></span> <span class='ocrx_word' id='word_1_39' title='bbox 835 717 1125 774; x_wconf 78' lang='lat' dir='ltr'><strong>alacritate</strong></span> <span class='ocrx_word' id='word_1_40' title='bbox 1145 717 1382 787; x_wconf 84' lang='lat' dir='ltr'><strong>reliquit.</strong></span> <span class='ocrx_word' id='word_1_41' title='bbox 1421 715 1514 771; x_wconf 91' lang='lat' dir='ltr'><strong>Ille</strong></span> <span class='ocrx_word' id='word_1_42' title='bbox 1545 717 1728 787; x_wconf 80' lang='lat' dir='ltr'><strong>igitur,</strong></span> <span class='ocrx_word' id='word_1_43' title='bbox 1755 716 1925 772; x_wconf 79' lang='lat' dir='ltr'><strong>sancti</strong></span> <span class='ocrx_word' id='word_1_44' title='bbox 1958 716 2058 771; x_wconf 89' lang='lat' dir='ltr'><strong>viri</strong></span> 
     </span>
    </p>
   </div>
   <div class='ocr_carea' id='block_1_7' title="bbox 491 805 2062 880">
    <p class='ocr_par' dir='ltr' id='par_1_7' title="bbox 491 805 2062 880">
     <span class='ocr_line' id='line_1_7' title="bbox 491 805 2062 880; baseline -0.005 -14"><span class='ocrx_word' id='word_1_45' title='bbox 491 812 810 866; x_wconf 74' lang='lat' dir='ltr'><strong>(locumenta</strong></span> <span class='ocrx_word' id='word_1_46' title='bbox 856 809 1156 880; x_wconf 75' lang='lat' dir='ltr'><strong>&quot;gratanter</strong></span> <span class='ocrx_word' id='word_1_47' title='bbox 1202 806 1550 876; x_wconf 86' lang='lat' dir='ltr'><strong>amplectens,</strong></span> <span class='ocrx_word' id='word_1_48' title='bbox 1582 805 1851 861; x_wconf 80' lang='lat' dir='ltr'><strong>abbatem</strong></span> <span class='ocrx_word' id='word_1_49' title='bbox 1904 819 2062 859; x_wconf 84' lang='lat' dir='ltr'><strong>suum</strong></span> 
     </span>
    </p>
   </div>
   <div class='ocr_carea' id='block_1_8' title="bbox 486 898 2060 975">
    <p class='ocr_par' dir='ltr' id='par_1_8' title="bbox 486 898 2060 975">
     <span class='ocr_line' id='line_1_8' title="bbox 486 898 2060 975; baseline -0.004 -16"><span class='ocrx_word' id='word_1_50' title='bbox 486 903 736 975; x_wconf 81' lang='lat' dir='ltr'><strong>protinus</strong></span> <span class='ocrx_word' id='word_1_51' title='bbox 765 902 918 968; x_wconf 87' lang='lat' dir='ltr'><strong>adiit,</strong></span> <span class='ocrx_word' id='word_1_52' title='bbox 947 915 1268 956; x_wconf 86' lang='lat' dir='ltr'><strong>consensum</strong></span> <span class='ocrx_word' id='word_1_53' title='bbox 1320 899 1546 968; x_wconf 88' lang='lat' dir='ltr'><strong>accepit,</strong></span> <span class='ocrx_word' id='word_1_54' title='bbox 1588 907 1652 952; x_wconf 90' lang='lat' dir='ltr'><strong>&#39;et-</strong></span> <span class='ocrx_word' id='word_1_55' title='bbox 1695 899 1764 953; x_wconf 81' lang='lat' dir='ltr'><strong>ad</strong></span> <span class='ocrx_word' id='word_1_56' title='bbox 1811 898 2060 952; x_wconf 85' lang='lat' dir='ltr'><strong>dilectam</strong></span> 
     </span>
    </p>
   </div>
   <div class='ocr_carea' id='block_1_9' title="bbox 488 985 2059 1060">
    <p class='ocr_par' dir='ltr' id='par_1_9' title="bbox 488 985 2059 1060">
     <span class='ocr_line' id='line_1_9' title="bbox 488 985 2059 1060; baseline -0.004 -15"><span class='ocrx_word' id='word_1_57' title='bbox 488 991 838 1047; x_wconf 88' lang='lat' dir='ltr'><strong>solitudinem</strong></span> <span class='ocrx_word' id='word_1_58' title='bbox 859 989 1182 1060; x_wconf 85' lang='lat' dir='ltr'><strong>quantocius</strong></span> <span class='ocrx_word' id='word_1_59' title='bbox 1210 986 1492 1042; x_wconf 86' lang='lat' dir='ltr'><strong>remeavit.</strong></span> <span class='ocrx_word' id='word_1_60' title='bbox 1530 985 1724 1040; x_wconf 88' lang='lat' dir='ltr'><strong>Volens</strong></span> <span class='ocrx_word' id='word_1_61' title='bbox 1764 993 1944 1038; x_wconf 82' lang='lat' dir='ltr'><strong>autem</strong></span> <span class='ocrx_word' id='word_1_62' title='bbox 2005 985 2059 1039; x_wconf 91' lang='lat' dir='ltr'><strong>in</strong></span> 
     </span>
    </p>
   </div>
   <div class='ocr_carea' id='block_1_10' title="bbox 488 1073 2086 1150">
    <p class='ocr_par' dir='ltr' id='par_1_10' title="bbox 488 1073 2086 1150">
     <span class='ocr_line' id='line_1_10' title="bbox 488 1073 2086 1150; baseline -0.005 -16"><span class='ocrx_word' id='word_1_63' title='bbox 488 1081 834 1150; x_wconf 80' lang='lat' dir='ltr'><strong>possessione</strong></span> <span class='ocrx_word' id='word_1_64' title='bbox 880 1078 962 1134; x_wconf 89' lang='lat' dir='ltr'><strong>sui</strong></span> <span class='ocrx_word' id='word_1_65' title='bbox 1017 1075 1330 1135; x_wconf 81' lang='lat' dir='ltr'><strong>monasterii</strong></span> <span class='ocrx_word' id='word_1_66' title='bbox 1384 1075 1627 1130; x_wconf 83' lang='lat' dir='ltr'><strong>habitare</strong></span> <span class='ocrx_word' id='word_1_67' title='bbox 1651 1114 1666 1138; x_wconf 87' lang='lat'><strong>,</strong></span> <span class='ocrx_word' id='word_1_68' title='bbox 1716 1074 1958 1129; x_wconf 86' lang='lat' dir='ltr'><strong>ascendit</strong></span> <span class='ocrx_word' id='word_1_69' title='bbox 2006 1073 2086 1128; x_wconf 68' lang='lat' dir='ltr'><strong>in‘</strong></span> 
     </span>
    </p>
   </div>
   <div class='ocr_carea' id='block_1_11' title="bbox 489 1164 2059 1240">
    <p class='ocr_par' dir='ltr' id='par_1_11' title="bbox 489 1164 2059 1240">
     <span class='ocr_line' id='line_1_11' title="bbox 489 1164 2059 1240; baseline -0.005 -17"><span class='ocrx_word' id='word_1_70' title='bbox 489 1172 756 1240; x_wconf 81' lang='lat' dir='ltr'><strong>quoddam</strong></span> <span class='ocrx_word' id='word_1_71' title='bbox 781 1184 972 1225; x_wconf 90' lang='lat' dir='ltr'><strong>saxum</strong></span> <span class='ocrx_word' id='word_1_72' title='bbox 1012 1167 1175 1222; x_wconf 86' lang='lat' dir='ltr'><strong>nullis</strong></span> <span class='ocrx_word' id='word_1_73' title='bbox 1198 1165 1477 1220; x_wconf 87' lang='lat' dir='ltr'><strong>hominum</strong></span> <span class='ocrx_word' id='word_1_74' title='bbox 1522 1164 1770 1234; x_wconf 77' lang='lat' dir='ltr'><strong>vestigiis</strong></span> <span class='ocrx_word' id='word_1_75' title='bbox 1793 1164 2059 1233; x_wconf 88' lang='lat' dir='ltr'><strong>pervium,</strong></span> 
     </span>
    </p>
   </div>
   <div class='ocr_carea' id='block_1_12' title="bbox 486 1251 2060 1327">
    <p class='ocr_par' dir='ltr' id='par_1_12' title="bbox 486 1251 2060 1327">
     <span class='ocr_line' id='line_1_12' title="bbox 486 1251 2060 1327; baseline -0.006 -14"><span class='ocrx_word' id='word_1_76' title='bbox 486 1268 540 1313; x_wconf 89' lang='lat' dir='ltr'><strong>et</strong></span> <span class='ocrx_word' id='word_1_77' title='bbox 564 1255 638 1314; x_wconf 85' lang='lat' dir='ltr'><strong>ab.</strong></span> <span class='ocrx_word' id='word_1_78' title='bbox 659 1257 892 1327; x_wconf 79' lang='lat' dir='ltr'><strong>humana</strong></span> <span class='ocrx_word' id='word_1_79' title='bbox 922 1257 1135 1326; x_wconf 87' lang='lat' dir='ltr'><strong>penitus</strong></span> <span class='ocrx_word' id='word_1_80' title='bbox 1176 1255 1592 1309; x_wconf 80' lang='lat' dir='ltr'><strong>conversatione</strong></span> <span class='ocrx_word' id='word_1_81' title='bbox 1637 1262 1924 1317; x_wconf 89' lang='lat' dir='ltr'><strong>remotum,</strong></span> <span class='ocrx_word' id='word_1_82' title='bbox 1959 1251 2060 1304; x_wconf 89' lang='lat' dir='ltr'><strong>ibi-</strong></span> 
     </span>
    </p>
   </div>
   <div class='ocr_carea' id='block_1_13' title="bbox 485 1339 2064 1419">
    <p class='ocr_par' dir='ltr' id='par_1_13' title="bbox 485 1339 2064 1419">
     <span class='ocr_line' id='line_1_13' title="bbox 485 1339 2064 1419; baseline -0.004 -20"><span class='ocrx_word' id='word_1_83' title='bbox 485 1364 592 1418; x_wconf 87' lang='lat' dir='ltr'><strong>que</strong></span> <span class='ocrx_word' id='word_1_84' title='bbox 620 1363 717 1419; x_wconf 85' lang='lat' dir='ltr'><strong>per</strong></span> <span class='ocrx_word' id='word_1_85' title='bbox 745 1357 978 1402; x_wconf 68' lang='lat' dir='ltr'><strong>quatuor</strong></span> <span class='ocrx_word' id='word_1_86' title='bbox 1005 1360 1174 1400; x_wconf 86' lang='lat' dir='ltr'><strong>annos</strong></span> <span class='ocrx_word' id='word_1_87' title='bbox 1200 1345 1350 1399; x_wconf 91' lang='lat' dir='ltr'><strong>omni</strong></span> <span class='ocrx_word' id='word_1_88' title='bbox 1407 1343 1646 1397; x_wconf 89' lang='lat' dir='ltr'><strong>humano</strong></span> <span class='ocrx_word' id='word_1_89' title='bbox 1678 1340 1875 1396; x_wconf 90' lang='lat' dir='ltr'><strong>solatio</strong></span> <span class='ocrx_word' id='word_1_90' title='bbox 1902 1339 2064 1394; x_wconf 86' lang='lat' dir='ltr'><strong>desti-</strong></span> 
     </span>
    </p>
   </div>
   <div class='ocr_carea' id='block_1_14' title="bbox 491 1427 2066 1506">
    <p class='ocr_par' dir='ltr' id='par_1_14' title="bbox 491 1427 2066 1506">
     <span class='ocr_line' id='line_1_14' title="bbox 491 1427 2066 1506; baseline -0.006 -15"><span class='ocrx_word' id='word_1_91' title='bbox 491 1447 660 1499; x_wconf 62' lang='lat' dir='ltr'><strong>tutus,</strong></span> <span class='ocrx_word' id='word_1_92' title='bbox 693 1435 1040 1506; x_wconf 75' lang='lat' dir='ltr'><strong>singulariter</strong></span> <span class='ocrx_word' id='word_1_93' title='bbox 1069 1433 1338 1496; x_wconf 85' lang='lat' dir='ltr'><strong>habitans,</strong></span> <span class='ocrx_word' id='word_1_94' title='bbox 1389 1430 1631 1500; x_wconf 82' lang='lat' dir='ltr'><strong>exceptis</strong></span> <span class='ocrx_word' id='word_1_95' title='bbox 1661 1428 1830 1484; x_wconf 86' lang='lat' dir='ltr'><strong>tribus</strong></span> <span class='ocrx_word' id='word_1_96' title='bbox 1853 1427 2066 1483; x_wconf 89' lang='lat' dir='ltr'><strong>buccel-</strong></span> 
     </span>
    </p>
   </div>
   <div class='ocr_carea' id='block_1_15' title="bbox 487 1519 2062 1596">
    <p class='ocr_par' dir='ltr' id='par_1_15' title="bbox 487 1519 2062 1596">
     <span class='ocr_line' id='line_1_15' title="bbox 487 1519 2062 1596; baseline -0.004 -19"><span class='ocrx_word' id='word_1_97' title='bbox 487 1521 555 1589; x_wconf 88' lang='lat' dir='ltr'><strong>lis</strong></span> <span class='ocrx_word' id='word_1_98' title='bbox 583 1539 718 1593; x_wconf 83' lang='lat' dir='ltr'><strong>quas</strong></span> <span class='ocrx_word' id='word_1_99' title='bbox 737 1524 824 1596; x_wconf 14' lang='lat' dir='ltr'><strong>de.</strong></span> <span class='ocrx_word' id='word_1_100' title='bbox 843 1521 1169 1582; x_wconf 80' lang='lat' dir='ltr'><strong>monasterio</strong></span> <span class='ocrx_word' id='word_1_101' title='bbox 1191 1535 1372 1575; x_wconf 84' lang='lat' dir='ltr'><strong>secum</strong></span> <span class='ocrx_word' id='word_1_102' title='bbox 1398 1519 1683 1585; x_wconf 88' lang='lat' dir='ltr'><strong>detulerat,</strong></span> <span class='ocrx_word' id='word_1_103' title='bbox 1734 1532 1846 1573; x_wconf 83' lang='lat' dir='ltr'><strong>non</strong></span> <span class='ocrx_word' id='word_1_104' title='bbox 1871 1532 2062 1587; x_wconf 87' lang='lat' dir='ltr'><strong>panem</strong></span> 
     </span>
    </p>
   </div>
   <div class='ocr_carea' id='block_1_16' title="bbox 489 1606 2063 1677">
    <p class='ocr_par' dir='ltr' id='par_1_16' title="bbox 489 1606 2063 1677">
     <span class='ocr_line' id='line_1_16' title="bbox 489 1606 2063 1677; baseline -0.004 -10"><span class='ocrx_word' id='word_1_105' title='bbox 489 1613 768 1677; x_wconf 89' lang='lat' dir='ltr'><strong>comedit,</strong></span> <span class='ocrx_word' id='word_1_106' title='bbox 815 1626 922 1666; x_wconf 90' lang='lat' dir='ltr'><strong>non</strong></span> <span class='ocrx_word' id='word_1_107' title='bbox 957 1611 1150 1665; x_wconf 87' lang='lat' dir='ltr'><strong>.viuum</strong></span> <span class='ocrx_word' id='word_1_108' title='bbox 1200 1609 1371 1673; x_wconf 89' lang='lat' dir='ltr'><strong>bibit,</strong></span> <span class='ocrx_word' id='word_1_109' title='bbox 1427 1623 1533 1664; x_wconf 93' lang='lat' dir='ltr'><strong>non</strong></span> <span class='ocrx_word' id='word_1_110' title='bbox 1596 1616 1808 1663; x_wconf 84' lang='lat' dir='ltr'><strong>coctum</strong></span> <span class='ocrx_word' id='word_1_111' title='bbox 1863 1606 2063 1676; x_wconf 90' lang='lat' dir='ltr'><strong>aliquid</strong></span> 
     </span>
    </p>
   </div>
   <div class='ocr_carea' id='block_1_17' title="bbox 490 1693 2066 1768">
    <p class='ocr_par' dir='ltr' id='par_1_17' title="bbox 490 1693 2066 1768">
     <span class='ocr_line' id='line_1_17' title="bbox 490 1693 2066 1768; baseline -0.006 -14"><span class='ocrx_word' id='word_1_112' title='bbox 490 1697 1000 1768; x_wconf 78' lang='lat' dir='ltr'><strong>omuiuogustavit,</strong></span> <span class='ocrx_word' id='word_1_113' title='bbox 1029 1697 1121 1750; x_wconf 87' lang='lat' dir='ltr'><strong>sed</strong></span> <span class='ocrx_word' id='word_1_114' title='bbox 1148 1696 1276 1750; x_wconf 84' lang='lat' dir='ltr'><strong>solis</strong></span> <span class='ocrx_word' id='word_1_115' title='bbox 1312 1695 1564 1750; x_wconf 88' lang='lat' dir='ltr'><strong>arborum</strong></span> <span class='ocrx_word' id='word_1_116' title='bbox 1607 1693 1783 1763; x_wconf 88' lang='lat' dir='ltr'><strong>pomis</strong></span> <span class='ocrx_word' id='word_1_117' title='bbox 1840 1701 1896 1747; x_wconf 92' lang='lat' dir='ltr'><strong>ct</strong></span> <span class='ocrx_word' id='word_1_118' title='bbox 1942 1693 2066 1747; x_wconf 87' lang='lat' dir='ltr'><strong>her-</strong></span> 
     </span>
    </p>
   </div>
   <div class='ocr_carea' id='block_1_18' title="bbox 486 1783 2067 1844">
    <p class='ocr_par' dir='ltr' id='par_1_18' title="bbox 486 1783 2067 1844">
     <span class='ocr_line' id='line_1_18' title="bbox 486 1783 2067 1844; baseline -0.004 -1"><span class='ocrx_word' id='word_1_119' title='bbox 486 1791 678 1844; x_wconf 90' lang='lat' dir='ltr'><strong>barum</strong></span> <span class='ocrx_word' id='word_1_120' title='bbox 731 1787 1000 1841; x_wconf 87' lang='lat' dir='ltr'><strong>radicibus</strong></span> <span class='ocrx_word' id='word_1_121' title='bbox 1053 1787 1203 1838; x_wconf 75' lang='lat' dir='ltr'><strong>vixit.</strong></span> <span class='ocrx_word' id='word_1_122' title='bbox 1251 1785 1378 1838; x_wconf 84' lang='lat' dir='ltr'><strong>Erat</strong></span> <span class='ocrx_word' id='word_1_123' title='bbox 1421 1791 1600 1838; x_wconf 90' lang='lat' dir='ltr'><strong>autem</strong></span> <span class='ocrx_word' id='word_1_124' title='bbox 1632 1784 1686 1838; x_wconf 90' lang='lat' dir='ltr'><strong>in</strong></span> <span class='ocrx_word' id='word_1_125' title='bbox 1719 1783 1904 1838; x_wconf 90' lang='lat' dir='ltr'><strong>eodem</strong></span> <span class='ocrx_word' id='word_1_126' title='bbox 1933 1797 2067 1837; x_wconf 87' lang='lat' dir='ltr'><strong>saxo</strong></span> 
     </span>
    </p>
   </div>
   <div class='ocr_carea' id='block_1_19' title="bbox 2165 624 3736 701">
    <p class='ocr_par' dir='ltr' id='par_1_19' title="bbox 2165 624 3736 701">
     <span class='ocr_line' id='line_1_19' title="bbox 2165 624 3736 701; baseline 0.004 -19"><span class='ocrx_word' id='word_1_127' title='bbox 2165 629 2294 682; x_wconf 87' lang='lat' dir='ltr'><strong>tiam</strong></span> <span class='ocrx_word' id='word_1_128' title='bbox 2322 637 2601 696; x_wconf 88' lang='lat' dir='ltr'><strong>expetens,</strong></span> <span class='ocrx_word' id='word_1_129' title='bbox 2634 644 2738 683; x_wconf 91' lang='lat' dir='ltr'><strong>non</strong></span> <span class='ocrx_word' id='word_1_130' title='bbox 2789 629 2948 683; x_wconf 90' lang='lat' dir='ltr'><strong>modo</strong></span> <span class='ocrx_word' id='word_1_131' title='bbox 2994 624 3207 684; x_wconf 81' lang='lat' dir='ltr'><strong>facilem</strong></span> <span class='ocrx_word' id='word_1_132' title='bbox 3253 633 3469 701; x_wconf 82' lang='lat' dir='ltr'><strong>reperit,</strong></span> <span class='ocrx_word' id='word_1_133' title='bbox 3521 635 3615 689; x_wconf 82' lang='lat' dir='ltr'><strong>sed</strong></span> <span class='ocrx_word' id='word_1_134' title='bbox 3653 635 3736 688; x_wconf 88' lang='lat' dir='ltr'><strong>ni-</strong></span> 
     </span>
    </p>
   </div>
   <div class='ocr_carea' id='block_1_20' title="bbox 2163 717 3734 791">
    <p class='ocr_par' dir='ltr' id='par_1_20' title="bbox 2163 717 3734 791">
     <span class='ocr_line' id='line_1_20' title="bbox 2163 717 3734 791; baseline 0.004 -21"><span class='ocrx_word' id='word_1_135' title='bbox 2163 718 2330 772; x_wconf 86' lang='lat' dir='ltr'><strong>mium</strong></span> <span class='ocrx_word' id='word_1_136' title='bbox 2358 718 2522 771; x_wconf 90' lang='lat' dir='ltr'><strong>etiam</strong></span> <span class='ocrx_word' id='word_1_137' title='bbox 2547 718 2786 772; x_wconf 86' lang='lat' dir='ltr'><strong>alacrem</strong></span> <span class='ocrx_word' id='word_1_138' title='bbox 2815 717 2962 773; x_wconf 85' lang='lat' dir='ltr'><strong>fecit.</strong></span> <span class='ocrx_word' id='word_1_139' title='bbox 2995 717 3126 773; x_wconf 81' lang='lat' dir='ltr'><strong>Erat</strong></span> <span class='ocrx_word' id='word_1_140' title='bbox 3153 721 3296 774; x_wconf 89' lang='lat' dir='ltr'><strong>enim</strong></span> <span class='ocrx_word' id='word_1_141' title='bbox 3324 723 3612 791; x_wconf 72' lang='lat' dir='ltr'><strong>prmdictus</strong></span> <span class='ocrx_word' id='word_1_142' title='bbox 3636 725 3734 778; x_wconf 78' lang='lat' dir='ltr'><strong>inr-</strong></span> 
     </span>
    </p>
   </div>
   <div class='ocr_carea' id='block_1_21' title="bbox 2163 807 3734 877">
    <p class='ocr_par' dir='ltr' id='par_1_21' title="bbox 2163 807 3734 877">
     <span class='ocr_line' id='line_1_21' title="bbox 2163 807 3734 877; baseline 0.004 -16"><span class='ocrx_word' id='word_1_143' title='bbox 2163 815 2384 877; x_wconf 85' lang='lat' dir='ltr'><strong>perator</strong></span> <span class='ocrx_word' id='word_1_144' title='bbox 2411 809 2710 862; x_wconf 80' lang='lat' dir='ltr'><strong>monaStico</strong></span> <span class='ocrx_word' id='word_1_145' title='bbox 2739 807 2914 862; x_wconf 92' lang='lat' dir='ltr'><strong>ordini</strong></span> <span class='ocrx_word' id='word_1_146' title='bbox 2946 808 3117 863; x_wconf 84' lang='lat' dir='ltr'><strong>valde</strong></span> <span class='ocrx_word' id='word_1_147' title='bbox 3143 810 3454 877; x_wconf 89' lang='lat' dir='ltr'><strong>benevolus,</strong></span> <span class='ocrx_word' id='word_1_148' title='bbox 3483 821 3538 867; x_wconf 89' lang='lat' dir='ltr'><strong>et</strong></span> <span class='ocrx_word' id='word_1_149' title='bbox 3568 813 3734 867; x_wconf 88' lang='lat' dir='ltr'><strong>nimia</strong></span> 
     </span>
    </p>
   </div>
   <div class='ocr_carea' id='block_1_22' title="bbox 2163 897 3275 956">
    <p class='ocr_par' dir='ltr' id='par_1_22' title="bbox 2163 897 3275 956">
     <span class='ocr_line' id='line_1_22' title="bbox 2163 897 3275 956; baseline 0.002 -3"><span class='ocrx_word' id='word_1_150' title='bbox 2163 899 2306 953; x_wconf 85' lang='lat' dir='ltr'><strong>circa</strong></span> <span class='ocrx_word' id='word_1_151' title='bbox 2338 899 2430 954; x_wconf 88' lang='lat' dir='ltr'><strong>Dei</strong></span> <span class='ocrx_word' id='word_1_152' title='bbox 2466 898 2698 955; x_wconf 87' lang='lat' dir='ltr'><strong>famulos</strong></span> <span class='ocrx_word' id='word_1_153' title='bbox 2723 897 3005 955; x_wconf 69' lang='lat' dir='ltr'><strong>affectione</strong></span> <span class='ocrx_word' id='word_1_154' title='bbox 3035 902 3275 956; x_wconf 85' lang='lat' dir='ltr'><strong>devotus.</strong></span> 
     </span>
    </p>
   </div>
   <div class='ocr_carea' id='block_1_23' title="bbox 2215 988 3739 1059">
    <p class='ocr_par' dir='ltr' id='par_1_23' title="bbox 2215 988 3739 1059">
     <span class='ocr_line' id='line_1_23' title="bbox 2215 988 3739 1059; baseline 0.005 -16"><span class='ocrx_word' id='word_1_155' title='bbox 2215 988 2349 1059; x_wconf 85' lang='lat' dir='ltr'><strong>&#39;lpse</strong></span> <span class='ocrx_word' id='word_1_156' title='bbox 2369 999 2545 1044; x_wconf 89' lang='lat' dir='ltr'><strong>autem</strong></span> <span class='ocrx_word' id='word_1_157' title='bbox 2573 1005 2689 1055; x_wconf 86' lang='lat' dir='ltr'><strong>rex,</strong></span> <span class='ocrx_word' id='word_1_158' title='bbox 2721 1006 2786 1046; x_wconf 87' lang='lat' dir='ltr'><strong>ex</strong></span> <span class='ocrx_word' id='word_1_159' title='bbox 2807 991 2996 1046; x_wconf 88' lang='lat' dir='ltr'><strong>eodem</strong></span> <span class='ocrx_word' id='word_1_160' title='bbox 3026 991 3258 1047; x_wconf 87' lang='lat' dir='ltr'><strong>crimine</strong></span> <span class='ocrx_word' id='word_1_161' title='bbox 3282 993 3440 1048; x_wconf 88' lang='lat' dir='ltr'><strong>beato</strong></span> <span class='ocrx_word' id='word_1_162' title='bbox 3468 993 3586 1049; x_wconf 89' lang='lat' dir='ltr'><strong>viro</strong></span> <span class='ocrx_word' id='word_1_163' title='bbox 3608 1010 3739 1052; x_wconf 81' lang='lat' dir='ltr'><strong>cou-</strong></span> 
     </span>
    </p>
   </div>
   <div class='ocr_carea' id='block_1_24' title="bbox 2163 1076 3737 1152">
    <p class='ocr_par' dir='ltr' id='par_1_24' title="bbox 2163 1076 3737 1152">
     <span class='ocr_line' id='line_1_24' title="bbox 2163 1076 3737 1152; baseline 0.006 -21"><span class='ocrx_word' id='word_1_164' title='bbox 2163 1076 2360 1145; x_wconf 88' lang='lat' dir='ltr'><strong>fessus,</strong></span> <span class='ocrx_word' id='word_1_165' title='bbox 2387 1080 2720 1148; x_wconf 62' lang='lat' dir='ltr'><strong>paenitentiae</strong></span> <span class='ocrx_word' id='word_1_166' title='bbox 2762 1095 2924 1135; x_wconf 90' lang='lat' dir='ltr'><strong>causa</strong></span> <span class='ocrx_word' id='word_1_167' title='bbox 2946 1081 3105 1138; x_wconf 89' lang='lat' dir='ltr'><strong>nudis</strong></span> <span class='ocrx_word' id='word_1_168' title='bbox 3141 1082 3364 1152; x_wconf 85' lang='lat' dir='ltr'><strong>pedibus</strong></span> <span class='ocrx_word' id='word_1_169' title='bbox 3392 1085 3458 1138; x_wconf 90' lang='lat' dir='ltr'><strong>de</strong></span> <span class='ocrx_word' id='word_1_170' title='bbox 3491 1083 3737 1141; x_wconf 82' lang='lat' dir='ltr'><strong>Romana</strong></span> 
     </span>
    </p>
   </div>
   <div class='ocr_carea' id='block_1_25' title="bbox 2165 1168 3736 1248">
    <p class='ocr_par' dir='ltr' id='par_1_25' title="bbox 2165 1168 3736 1248">
     <span class='ocr_line' id='line_1_25' title="bbox 2165 1168 3736 1248; baseline 0.006 -27"><span class='ocrx_word' id='word_1_171' title='bbox 2165 1168 2299 1222; x_wconf 89' lang='lat' dir='ltr'><strong>urbe</strong></span> <span class='ocrx_word' id='word_1_172' title='bbox 2360 1169 2732 1240; x_wconf 82' lang='lat' dir='ltr'><strong>progrediens,</strong></span> <span class='ocrx_word' id='word_1_173' title='bbox 2778 1170 2855 1225; x_wconf 93' lang='lat' dir='ltr'><strong>sic</strong></span> <span class='ocrx_word' id='word_1_174' title='bbox 2902 1185 3070 1240; x_wconf 92' lang='lat' dir='ltr'><strong>usque</strong></span> <span class='ocrx_word' id='word_1_175' title='bbox 3113 1171 3166 1225; x_wconf 91' lang='lat' dir='ltr'><strong>in</strong></span> <span class='ocrx_word' id='word_1_176' title='bbox 3210 1169 3519 1241; x_wconf 83' lang='lat' dir='ltr'><strong>Garganum</strong></span> <span class='ocrx_word' id='word_1_177' title='bbox 3586 1175 3736 1248; x_wconf 86' lang='grc'><strong>(255)</strong></span> 
     </span>
    </p>
   </div>
   <div class='ocr_carea' id='block_1_26' title="bbox 2166 1259 3740 1331">
    <p class='ocr_par' dir='ltr' id='par_1_26' title="bbox 2166 1259 3740 1331">
     <span class='ocr_line' id='line_1_26' title="bbox 2166 1259 3740 1331; baseline 0.008 -21"><span class='ocrx_word' id='word_1_178' title='bbox 2166 1267 2402 1313; x_wconf 83' lang='lat' dir='ltr'><strong>montem</strong></span> <span class='ocrx_word' id='word_1_179' title='bbox 2434 1260 2500 1312; x_wconf 89' lang='lat' dir='ltr'><strong>ad</strong></span> <span class='ocrx_word' id='word_1_180' title='bbox 2541 1259 2597 1314; x_wconf 93' lang='lat' dir='ltr'><strong>S.</strong></span> <span class='ocrx_word' id='word_1_181' title='bbox 2629 1259 2901 1316; x_wconf 83' lang='lat' dir='ltr'><strong>Michaelis</strong></span> <span class='ocrx_word' id='word_1_182' title='bbox 2926 1262 3164 1331; x_wconf 80' lang='lat' dir='ltr'><strong>perrexit</strong></span> <span class='ocrx_word' id='word_1_183' title='bbox 3189 1263 3490 1320; x_wconf 83' lang='lat' dir='ltr'><strong>ecclesiam.</strong></span> <span class='ocrx_word' id='word_1_184' title='bbox 3525 1264 3629 1320; x_wconf 90' lang='lat' dir='ltr'><strong>Per</strong></span> <span class='ocrx_word' id='word_1_185' title='bbox 3660 1263 3740 1321; x_wconf 80' lang='lat' dir='ltr'><strong>t0-</strong></span> 
     </span>
    </p>
   </div>
   <div class='ocr_carea' id='block_1_27' title="bbox 2167 1348 3738 1421">
    <p class='ocr_par' dir='ltr' id='par_1_27' title="bbox 2167 1348 3738 1421">
     <span class='ocr_line' id='line_1_27' title="bbox 2167 1348 3738 1421; baseline 0.008 -20"><span class='ocrx_word' id='word_1_186' title='bbox 2167 1357 2279 1402; x_wconf 82' lang='lat' dir='ltr'><strong>tam&#39;</strong></span> <span class='ocrx_word' id='word_1_187' title='bbox 2302 1348 2463 1404; x_wconf 85' lang='lat' dir='ltr'><strong>etiam</strong></span> <span class='ocrx_word' id='word_1_188' title='bbox 2494 1349 2970 1421; x_wconf 86' lang='lat' dir='ltr'><strong>Quadragesimam</strong></span> <span class='ocrx_word' id='word_1_189' title='bbox 3000 1353 3053 1406; x_wconf 91' lang='lat' dir='ltr'><strong>in</strong></span> <span class='ocrx_word' id='word_1_190' title='bbox 3093 1352 3360 1409; x_wconf 81' lang='lat' dir='ltr'><strong>Classensi</strong></span> <span class='ocrx_word' id='word_1_191' title='bbox 3408 1361 3738 1413; x_wconf 83' lang='lat' dir='ltr'><strong>monasterio</strong></span> 
     </span>
    </p>
   </div>
   <div class='ocr_carea' id='block_1_28' title="bbox 2164 1435 3771 1519">
    <p class='ocr_par' dir='ltr' id='par_1_28' title="bbox 2164 1435 3771 1519">
     <span class='ocr_line' id='line_1_28' title="bbox 2164 1435 3771 1519; baseline 0.007 -29"><span class='ocrx_word' id='word_1_192' title='bbox 2164 1435 2224 1490; x_wconf 92' lang='lat' dir='ltr'><strong>B.</strong></span> <span class='ocrx_word' id='word_1_193' title='bbox 2271 1437 2616 1508; x_wconf 83' lang='lat' dir='ltr'><strong>Apollinaris,</strong></span> <span class='ocrx_word' id='word_1_194' title='bbox 2658 1441 2843 1510; x_wconf 85' lang='lat' dir='ltr'><strong>paucis</strong></span> <span class='ocrx_word' id='word_1_195' title='bbox 2895 1441 2994 1519; x_wconf 85' lang='lat' dir='ltr'><strong>sibi</strong></span> <span class='ocrx_word' id='word_1_196' title='bbox 3046 1441 3463 1508; x_wconf 62' lang='lat' dir='ltr'><strong>adhaerentibus,</strong></span> <span class='ocrx_word' id='word_1_197' title='bbox 3517 1441 3771 1503; x_wconf 46' lang='lat' dir='ltr'><strong>mansit.</strong></span> 
     </span>
    </p>
   </div>
   <div class='ocr_carea' id='block_1_29' title="bbox 2167 1527 3738 1603">
    <p class='ocr_par' dir='ltr' id='par_1_29' title="bbox 2167 1527 3738 1603">
     <span class='ocr_line' id='line_1_29' title="bbox 2167 1527 3738 1603; baseline 0.007 -21"><span class='ocrx_word' id='word_1_198' title='bbox 2167 1527 2266 1583; x_wconf 87' lang='lat' dir='ltr'><strong>Ubi</strong></span> <span class='ocrx_word' id='word_1_199' title='bbox 2290 1527 2496 1598; x_wconf 85' lang='lat' dir='ltr'><strong>jejunio</strong></span> <span class='ocrx_word' id='word_1_200' title='bbox 2517 1536 2570 1584; x_wconf 88' lang='lat' dir='ltr'><strong>et</strong></span> <span class='ocrx_word' id='word_1_201' title='bbox 2593 1531 2924 1599; x_wconf 65' lang='lat' dir='ltr'><strong>psalmodiaz,</strong></span> <span class='ocrx_word' id='word_1_202' title='bbox 2953 1540 3112 1600; x_wconf 91' lang='lat' dir='ltr'><strong>prout</strong></span> <span class='ocrx_word' id='word_1_203' title='bbox 3139 1533 3371 1600; x_wconf 89' lang='lat' dir='ltr'><strong>valebat,</strong></span> <span class='ocrx_word' id='word_1_204' title='bbox 3397 1535 3738 1603; x_wconf 82' lang='lat' dir='ltr'><strong>intentus,ct-</strong></span> 
     </span>
    </p>
   </div>
   <div class='ocr_carea' id='block_1_30' title="bbox 2164 1616 3738 1696">
    <p class='ocr_par' dir='ltr' id='par_1_30' title="bbox 2164 1616 3738 1696">
     <span class='ocr_line' id='line_1_30' title="bbox 2164 1616 3738 1696; baseline 0.007 -24"><span class='ocrx_word' id='word_1_205' title='bbox 2164 1616 2288 1674; x_wconf 75' lang='lat' dir='ltr'><strong>IiCio</strong></span> <span class='ocrx_word' id='word_1_206' title='bbox 2313 1620 2380 1674; x_wconf 90' lang='lat' dir='ltr'><strong>ad</strong></span> <span class='ocrx_word' id='word_1_207' title='bbox 2401 1635 2619 1675; x_wconf 89' lang='lat' dir='ltr'><strong>carnem</strong></span> <span class='ocrx_word' id='word_1_208' title='bbox 2641 1620 2881 1686; x_wconf 85' lang='lat' dir='ltr'><strong>indutus,</strong></span> <span class='ocrx_word' id='word_1_209' title='bbox 2911 1631 3099 1677; x_wconf 85' lang='lat' dir='ltr'><strong>aurata</strong></span> <span class='ocrx_word' id='word_1_210' title='bbox 3126 1623 3359 1694; x_wconf 87' lang='lat' dir='ltr'><strong>desuper</strong></span> <span class='ocrx_word' id='word_1_211' title='bbox 3384 1641 3616 1696; x_wconf 89' lang='lat' dir='ltr'><strong>purpura</strong></span> <span class='ocrx_word' id='word_1_212' title='bbox 3664 1639 3738 1684; x_wconf 90' lang='lat' dir='ltr'><strong>te-</strong></span> 
     </span>
    </p>
   </div>
   <div class='ocr_carea' id='block_1_31' title="bbox 2167 1709 3740 1786">
    <p class='ocr_par' dir='ltr' id='par_1_31' title="bbox 2167 1709 3740 1786">
     <span class='ocr_line' id='line_1_31' title="bbox 2167 1709 3740 1786; baseline 0.003 -21"><span class='ocrx_word' id='word_1_213' title='bbox 2167 1710 2411 1779; x_wconf 82' lang='lat' dir='ltr'><strong>gebatur.</strong></span> <span class='ocrx_word' id='word_1_214' title='bbox 2454 1709 2616 1766; x_wconf 86' lang='lat' dir='ltr'><strong>Lecto</strong></span> <span class='ocrx_word' id='word_1_215' title='bbox 2642 1711 2802 1766; x_wconf 88' lang='lat' dir='ltr'><strong>etiam</strong></span> <span class='ocrx_word' id='word_1_216' title='bbox 2819 1710 3147 1782; x_wconf 78' lang='lat' dir='ltr'><strong>fulgentibus</strong></span> <span class='ocrx_word' id='word_1_217' title='bbox 3184 1714 3362 1779; x_wconf 83' lang='lat' dir='ltr'><strong>palliis</strong></span> <span class='ocrx_word' id='word_1_218' title='bbox 3389 1726 3580 1780; x_wconf 84' lang='lat' dir='ltr'><strong>strato,</strong></span> <span class='ocrx_word' id='word_1_219' title='bbox 3624 1717 3740 1786; x_wconf 71' lang='lat' dir='ltr'><strong>ipse</strong></span> 
     </span>
    </p>
   </div>
   <div class='ocr_carea' id='block_1_32' title="bbox 2167 1800 3739 1875">
    <p class='ocr_par' dir='ltr' id='par_1_32' title="bbox 2167 1800 3739 1875">
     <span class='ocr_line' id='line_1_32' title="bbox 2167 1800 3739 1875; baseline 0.004 -22"><span class='ocrx_word' id='word_1_220' title='bbox 2167 1800 2424 1855; x_wconf 78' lang='lat' dir='ltr'><strong>in-storea</strong></span> <span class='ocrx_word' id='word_1_221' title='bbox 2452 1801 2516 1854; x_wconf 90' lang='lat' dir='ltr'><strong>de</strong></span> <span class='ocrx_word' id='word_1_222' title='bbox 2550 1800 2774 1870; x_wconf 86' lang='lat' dir='ltr'><strong>papiriis</strong></span> <span class='ocrx_word' id='word_1_223' title='bbox 2804 1800 3047 1856; x_wconf 86' lang='lat' dir='ltr'><strong>confecta</strong></span> <span class='ocrx_word' id='word_1_224' title='bbox 3079 1813 3262 1857; x_wconf 89' lang='lat' dir='ltr'><strong>tenera</strong></span> <span class='ocrx_word' id='word_1_225' title='bbox 3292 1804 3506 1858; x_wconf 83' lang='lat' dir='ltr'><strong>delicati</strong></span> <span class='ocrx_word' id='word_1_226' title='bbox 3551 1811 3739 1875; x_wconf 77' lang='lat' dir='ltr'><strong>corpo-&#39;</strong></span> 
     </span>
    </p>
   </div>
   <div class='ocr_carea' id='block_1_33' title="bbox 487 1872 2071 1963">
    <p class='ocr_par' dir='ltr' id='par_1_33' title="bbox 487 1872 2060 1950">
     <span class='ocr_line' id='line_1_33' title="bbox 487 1872 2060 1950; baseline -0.004 -18"><span class='ocrx_word' id='word_1_227' title='bbox 487 1878 732 1950; x_wconf 75' lang='lat' dir='ltr'><strong>qumdam</strong></span> <span class='ocrx_word' id='word_1_228' title='bbox 764 1877 1092 1941; x_wconf 88' lang='lat' dir='ltr'><strong>concavitas,</strong></span> <span class='ocrx_word' id='word_1_229' title='bbox 1110 1874 1210 1944; x_wconf 92' lang='lat' dir='ltr'><strong>_ubi</strong></span> <span class='ocrx_word' id='word_1_230' title='bbox 1241 1875 1594 1944; x_wconf 86' lang='lat' dir='ltr'><strong>colligebatur</strong></span> <span class='ocrx_word' id='word_1_231' title='bbox 1621 1887 1758 1943; x_wconf 90' lang='lat' dir='ltr'><strong>aqua</strong></span> <span class='ocrx_word' id='word_1_232' title='bbox 1785 1873 1838 1927; x_wconf 95' lang='lat' dir='ltr'><strong>in</strong></span> <span class='ocrx_word' id='word_1_233' title='bbox 1863 1872 2060 1935; x_wconf 90' lang='lat' dir='ltr'><strong>hieme,</strong></span> 
     </span>
    </p>
   </div>
   <div class='ocr_carea' id='block_1_34' title="bbox 2173 1872 3738 1963">
    <p class='ocr_par' dir='ltr' id='par_1_34' title="bbox 2173 1872 3738 1963">
     <span class='ocr_line' id='line_1_34' title="bbox 2173 1872 3738 1963; baseline 0.006 -19"><span class='ocrx_word' id='word_1_234' title='bbox 2173 1892 2242 1946; x_wconf 87' lang='lat' dir='ltr'><strong>ris</strong></span> <span class='ocrx_word' id='word_1_235' title='bbox 2280 1892 2522 1946; x_wconf 87' lang='lat' dir='ltr'><strong>membra</strong></span> <span class='ocrx_word' id='word_1_236' title='bbox 2567 1893 2793 1946; x_wconf 86' lang='lat' dir='ltr'><strong>terebat.</strong></span> <span class='ocrx_word' id='word_1_237' title='bbox 2824 1891 3077 1947; x_wconf 89' lang='lat' dir='ltr'><strong>Promisit</strong></span> <span class='ocrx_word' id='word_1_238' title='bbox 3110 1894 3290 1963; x_wconf 84' lang='lat' dir='ltr'><strong>itaque</strong></span> <span class='ocrx_word' id='word_1_239' title='bbox 3320 1895 3377 1948; x_wconf 88' lang='grc' dir='ltr'><strong>Β.</strong></span> <span class='ocrx_word' id='word_1_240' title='bbox 3433 1872 3738 1953; x_wconf 81' lang='lat' dir='ltr'><strong>Romualdo</strong></span> 
     </span>
    </p>
   </div>
   <div class='ocr_carea' id='block_1_35' title="bbox 489 1959 2060 2036">
    <p class='ocr_par' dir='ltr' id='par_1_35' title="bbox 489 1959 2060 2036">
     <span class='ocr_line' id='line_1_35' title="bbox 489 1959 2060 2036; baseline -0.006 -14"><span class='ocrx_word' id='word_1_241' title='bbox 489 1984 557 2022; x_wconf 87' lang='lat' dir='ltr'><strong>ex</strong></span> <span class='ocrx_word' id='word_1_242' title='bbox 621 1982 728 2036; x_wconf 87' lang='lat' dir='ltr'><strong>qua</strong></span> <span class='ocrx_word' id='word_1_243' title='bbox 754 1965 837 2019; x_wconf 85' lang='lat' dir='ltr'><strong>vir</strong></span> <span class='ocrx_word' id='word_1_244' title='bbox 884 1973 1106 2020; x_wconf 86' lang='lat' dir='ltr'><strong>sanctus</strong></span> <span class='ocrx_word' id='word_1_245' title='bbox 1147 1973 1252 2018; x_wconf 87' lang='lat' dir='ltr'><strong>tota</strong></span> <span class='ocrx_word' id='word_1_246' title='bbox 1301 1962 1522 2036; x_wconf 83' lang='lat' dir='ltr'><strong>bibebat</strong></span> <span class='ocrx_word' id='word_1_247' title='bbox 1566 1969 1774 2015; x_wconf 63' lang='lat' dir='ltr'><strong>aestate.</strong></span> <span class='ocrx_word' id='word_1_248' title='bbox 1824 1959 2060 2014; x_wconf 88' lang='lat' dir='ltr'><strong>Tandem</strong></span> 
     </span>
    </p>
   </div>
   <div class='ocr_carea' id='block_1_36' title="bbox 490 2052 2065 2129">
    <p class='ocr_par' dir='ltr' id='par_1_36' title="bbox 490 2052 2065 2129">
     <span class='ocr_line' id='line_1_36' title="bbox 490 2052 2065 2129; baseline -0.006 -17"><span class='ocrx_word' id='word_1_249' title='bbox 490 2074 623 2115; x_wconf 88' lang='lat' dir='ltr'><strong>vero</strong></span> <span class='ocrx_word' id='word_1_250' title='bbox 651 2056 870 2129; x_wconf 88' lang='lat' dir='ltr'><strong>cognito</strong></span> <span class='ocrx_word' id='word_1_251' title='bbox 902 2057 1044 2126; x_wconf 86' lang='lat' dir='ltr'><strong>quod</strong></span> <span class='ocrx_word' id='word_1_252' title='bbox 1080 2055 1152 2108; x_wconf 89' lang='lat' dir='ltr'><strong>ibi</strong></span> <span class='ocrx_word' id='word_1_253' title='bbox 1198 2068 1390 2109; x_wconf 91' lang='lat' dir='ltr'><strong>servus</strong></span> <span class='ocrx_word' id='word_1_254' title='bbox 1434 2052 1527 2106; x_wconf 89' lang='lat' dir='ltr'><strong>Dei</strong></span> <span class='ocrx_word' id='word_1_255' title='bbox 1578 2058 1902 2116; x_wconf 88' lang='lat' dir='ltr'><strong>moraretur,</strong></span> <span class='ocrx_word' id='word_1_256' title='bbox 1952 2063 2065 2104; x_wconf 69' lang='lat' dir='ltr'><strong>ca:-</strong></span> 
     </span>
    </p>
   </div>
   <div class='ocr_carea' id='block_1_37' title="bbox 487 2142 2062 2223">
    <p class='ocr_par' dir='ltr' id='par_1_37' title="bbox 487 2142 2062 2223">
     <span class='ocr_line' id='line_1_37' title="bbox 487 2142 2062 2223; baseline -0.008 -16"><span class='ocrx_word' id='word_1_257' title='bbox 487 2160 684 2223; x_wconf 86' lang='lat' dir='ltr'><strong>pcruut</strong></span> <span class='ocrx_word' id='word_1_258' title='bbox 729 2151 796 2206; x_wconf 87' lang='lat' dir='ltr'><strong>ad</strong></span> <span class='ocrx_word' id='word_1_259' title='bbox 820 2164 942 2204; x_wconf 89' lang='lat' dir='ltr'><strong>eum</strong></span> <span class='ocrx_word' id='word_1_260' title='bbox 972 2147 1125 2202; x_wconf 91' lang='lat' dir='ltr'><strong>multi</strong></span> <span class='ocrx_word' id='word_1_261' title='bbox 1176 2145 1470 2210; x_wconf 76' lang='lat' dir='ltr'><strong>confluere,</strong></span> <span class='ocrx_word' id='word_1_262' title='bbox 1517 2144 1761 2198; x_wconf 91' lang='lat' dir='ltr'><strong>ciborum</strong></span> <span class='ocrx_word' id='word_1_263' title='bbox 1808 2142 2062 2196; x_wconf 87' lang='lat' dir='ltr'><strong>alimenta</strong></span> 
     </span>
    </p>
   </div>
   <div class='ocr_carea' id='block_1_38' title="bbox 489 2232 2062 2309">
    <p class='ocr_par' dir='ltr' id='par_1_38' title="bbox 489 2232 2062 2309">
     <span class='ocr_line' id='line_1_38' title="bbox 489 2232 2062 2309; baseline -0.008 -13"><span class='ocrx_word' id='word_1_264' title='bbox 489 2242 723 2306; x_wconf 82' lang='lat' dir='ltr'><strong>deferre,</strong></span> <span class='ocrx_word' id='word_1_265' title='bbox 755 2251 807 2296; x_wconf 85' lang='lat' dir='ltr'><strong>et</strong></span> <span class='ocrx_word' id='word_1_266' title='bbox 835 2253 1060 2309; x_wconf 70' lang='lat' dir='ltr'><strong>qumque</strong></span> <span class='ocrx_word' id='word_1_267' title='bbox 1085 2238 1186 2292; x_wconf 87' lang='lat' dir='ltr'><strong>sibi</strong></span> <span class='ocrx_word' id='word_1_268' title='bbox 1214 2237 1370 2307; x_wconf 81' lang='lat' dir='ltr'><strong>quasi</strong></span> <span class='ocrx_word' id='word_1_269' title='bbox 1399 2235 1704 2291; x_wconf 87' lang='lat' dir='ltr'><strong>necessaria</strong></span> <span class='ocrx_word' id='word_1_270' title='bbox 1730 2232 2062 2287; x_wconf 86' lang='lat' dir='ltr'><strong>ministrare.</strong></span> 
     </span>
    </p>
   </div>
   <div class='ocr_carea' id='block_1_39' title="bbox 490 2323 2066 2400">
    <p class='ocr_par' dir='ltr' id='par_1_39' title="bbox 490 2323 2066 2400">
     <span class='ocr_line' id='line_1_39' title="bbox 490 2323 2066 2400; baseline -0.006 -12"><span class='ocrx_word' id='word_1_271' title='bbox 490 2333 730 2400; x_wconf 87' lang='lat' dir='ltr'><strong>Quorttm</strong></span> <span class='ocrx_word' id='word_1_272' title='bbox 757 2332 845 2386; x_wconf 90' lang='lat' dir='ltr'><strong>ille</strong></span> <span class='ocrx_word' id='word_1_273' title='bbox 889 2330 1087 2384; x_wconf 89' lang='lat' dir='ltr'><strong>nullius</strong></span> <span class='ocrx_word' id='word_1_274' title='bbox 1121 2328 1391 2398; x_wconf 89' lang='lat' dir='ltr'><strong>indigens,</strong></span> <span class='ocrx_word' id='word_1_275' title='bbox 1422 2336 1614 2382; x_wconf 89' lang='lat' dir='ltr'><strong>cuncta</strong></span> <span class='ocrx_word' id='word_1_276' title='bbox 1639 2323 1945 2396; x_wconf 87' lang='lat' dir='ltr'><strong>pastoribus</strong></span> <span class='ocrx_word' id='word_1_277' title='bbox 1972 2337 2066 2394; x_wconf 80' lang='lat' dir='ltr'><strong>pe-</strong></span> 
     </span>
    </p>
   </div>
   <div class='ocr_carea' id='block_1_40' title="bbox 492 2415 2068 2489">
    <p class='ocr_par' dir='ltr' id='par_1_40' title="bbox 492 2415 2068 2489">
     <span class='ocr_line' id='line_1_40' title="bbox 492 2415 2068 2489; baseline -0.007 -10"><span class='ocrx_word' id='word_1_278' title='bbox 492 2439 680 2479; x_wconf 87' lang='lat' dir='ltr'><strong>corum</strong></span> <span class='ocrx_word' id='word_1_279' title='bbox 737 2431 793 2478; x_wconf 90' lang='lat' dir='ltr'><strong>ct</strong></span> <span class='ocrx_word' id='word_1_280' title='bbox 831 2421 952 2476; x_wconf 88' lang='lat' dir='ltr'><strong>aliis</strong></span> <span class='ocrx_word' id='word_1_281' title='bbox 993 2419 1356 2489; x_wconf 88' lang='lat' dir='ltr'><strong>indigentibus</strong></span> <span class='ocrx_word' id='word_1_282' title='bbox 1400 2417 1705 2473; x_wconf 81' lang='lat' dir='ltr'><strong>exhibebat.</strong></span> <span class='ocrx_word' id='word_1_283' title='bbox 1734 2415 2068 2470; x_wconf 77' lang='lat' dir='ltr'><strong>Exhortante</strong></span> 
     </span>
    </p>
   </div>
   <div class='ocr_carea' id='block_1_41' title="bbox 491 2497 2069 2584">
    <p class='ocr_par' dir='ltr' id='par_1_41' title="bbox 491 2497 2069 2584">
     <span class='ocr_line' id='line_1_41' title="bbox 491 2497 2069 2584; baseline -0.007 -14"><span class='ocrx_word' id='word_1_284' title='bbox 491 2497 670 2572; x_wconf 86' lang='lat' dir='ltr'><strong>autem</strong></span> <span class='ocrx_word' id='word_1_285' title='bbox 712 2515 812 2570; x_wconf 89' lang='lat' dir='ltr'><strong>loci</strong></span> <span class='ocrx_word' id='word_1_286' title='bbox 849 2515 1140 2584; x_wconf 81' lang='lat' dir='ltr'><strong>episcopo,</strong></span> <span class='ocrx_word' id='word_1_287' title='bbox 1197 2511 1480 2566; x_wconf 90' lang='lat' dir='ltr'><strong>basilicam</strong></span> <span class='ocrx_word' id='word_1_288' title='bbox 1530 2510 1632 2564; x_wconf 90' lang='lat' dir='ltr'><strong>sibi</strong></span> <span class='ocrx_word' id='word_1_289' title='bbox 1683 2507 1798 2563; x_wconf 82' lang='lat' dir='ltr'><strong>fieri</strong></span> <span class='ocrx_word' id='word_1_290' title='bbox 1847 2516 1902 2562; x_wconf 89' lang='lat' dir='ltr'><strong>ct</strong></span> <span class='ocrx_word' id='word_1_291' title='bbox 1941 2521 2069 2562; x_wconf 87' lang='lat' dir='ltr'><strong>con-</strong></span> 
     </span>
    </p>
   </div>
   <div class='ocr_carea' id='block_1_42' title="bbox 491 2598 2059 2676">
    <p class='ocr_par' dir='ltr' id='par_1_42' title="bbox 491 2598 2059 2676">
     <span class='ocr_line' id='line_1_42' title="bbox 491 2598 2059 2676; baseline -0.006 -14"><span class='ocrx_word' id='word_1_292' title='bbox 491 2608 696 2662; x_wconf 87' lang='lat' dir='ltr'><strong>secrari</strong></span> <span class='ocrx_word' id='word_1_293' title='bbox 739 2606 1004 2676; x_wconf 86' lang='lat' dir='ltr'><strong>permisit.</strong></span> <span class='ocrx_word' id='word_1_294' title='bbox 1058 2603 1114 2657; x_wconf 90' lang='lat' dir='ltr'><strong>In</strong></span> <span class='ocrx_word' id='word_1_295' title='bbox 1161 2618 1267 2673; x_wconf 89' lang='lat' dir='ltr'><strong>qua</strong></span> <span class='ocrx_word' id='word_1_296' title='bbox 1317 2603 1431 2672; x_wconf 91' lang='lat' dir='ltr'><strong>ipse</strong></span> <span class='ocrx_word' id='word_1_297' title='bbox 1479 2600 1755 2670; x_wconf 88' lang='lat' dir='ltr'><strong>aliquanto</strong></span> <span class='ocrx_word' id='word_1_298' title='bbox 1803 2605 1926 2668; x_wconf 89' lang='lat' dir='ltr'><strong>post</strong></span> <span class='ocrx_word' id='word_1_299' title='bbox 1975 2598 2059 2652; x_wconf 63' lang='lat' dir='ltr'><strong>deo</strong></span> 
     </span>
    </p>
   </div>
   <div class='ocr_carea' id='block_1_43' title="bbox 489 2689 2066 2763">
    <p class='ocr_par' dir='ltr' id='par_1_43' title="bbox 489 2689 2066 2763">
     <span class='ocr_line' id='line_1_43' title="bbox 489 2689 2066 2763; baseline -0.006 -13"><span class='ocrx_word' id='word_1_300' title='bbox 489 2697 706 2750; x_wconf 66' lang='lat' dir='ltr'><strong>‘unctus</strong></span> <span class='ocrx_word' id='word_1_301' title='bbox 732 2703 836 2760; x_wconf 89' lang='lat' dir='ltr'><strong>est,</strong></span> <span class='ocrx_word' id='word_1_302' title='bbox 871 2704 926 2750; x_wconf 90' lang='lat' dir='ltr'><strong>et</strong></span> <span class='ocrx_word' id='word_1_303' title='bbox 953 2709 982 2748; x_wconf 85' lang='lat' dir='ltr'><strong>a</strong></span> <span class='ocrx_word' id='word_1_304' title='bbox 1017 2693 1336 2763; x_wconf 84' lang='lat' dir='ltr'><strong>quibusdam</strong></span> <span class='ocrx_word' id='word_1_305' title='bbox 1365 2706 1425 2747; x_wconf 90' lang='lat' dir='ltr'><strong>se</strong></span> <span class='ocrx_word' id='word_1_306' title='bbox 1469 2690 1838 2761; x_wconf 63' lang='lat' dir='ltr'><strong>quaerentibus</strong></span> <span class='ocrx_word' id='word_1_307' title='bbox 1879 2689 2066 2741; x_wconf 89' lang='lat' dir='ltr'><strong>inven-</strong></span> 
     </span>
    </p>
   </div>
   <div class='ocr_carea' id='block_1_44' title="bbox 497 2777 2068 2850">
    <p class='ocr_par' dir='ltr' id='par_1_44' title="bbox 497 2777 2068 2850">
     <span class='ocr_line' id='line_1_44' title="bbox 497 2777 2068 2850; baseline -0.006 -11"><span class='ocrx_word' id='word_1_308' title='bbox 497 2798 582 2840; x_wconf 81' lang='lat' dir='ltr'><strong>tus</strong></span> <span class='ocrx_word' id='word_1_309' title='bbox 624 2793 707 2840; x_wconf 92' lang='lat' dir='ltr'><strong>est</strong></span> <span class='ocrx_word' id='word_1_310' title='bbox 755 2782 974 2837; x_wconf 78' lang='lat' dir='ltr'><strong>acclivis</strong></span> <span class='ocrx_word' id='word_1_311' title='bbox 1024 2790 1151 2836; x_wconf 82' lang='lat' dir='ltr'><strong>ante</strong></span> <span class='ocrx_word' id='word_1_312' title='bbox 1180 2781 1368 2844; x_wconf 86' lang='lat' dir='ltr'><strong>altare,</strong></span> <span class='ocrx_word' id='word_1_313' title='bbox 1407 2780 1558 2850; x_wconf 82' lang='lat' dir='ltr'><strong>quasi</strong></span> <span class='ocrx_word' id='word_1_314' title='bbox 1601 2793 1760 2833; x_wconf 88' lang='lat' dir='ltr'><strong>causa</strong></span> <span class='ocrx_word' id='word_1_315' title='bbox 1807 2777 2068 2832; x_wconf 88' lang='lat' dir='ltr'><strong>orationis</strong></span> 
     </span>
    </p>
   </div>
   <div class='ocr_carea' id='block_1_45' title="bbox 499 2867 2068 2942">
    <p class='ocr_par' dir='ltr' id='par_1_45' title="bbox 499 2867 2068 2942">
     <span class='ocr_line' id='line_1_45' title="bbox 499 2867 2068 2942; baseline -0.006 -14"><span class='ocrx_word' id='word_1_316' title='bbox 499 2877 552 2929; x_wconf 92' lang='lat' dir='ltr'><strong>iu</strong></span> <span class='ocrx_word' id='word_1_317' title='bbox 586 2874 782 2930; x_wconf 76' lang='lat' dir='ltr'><strong>cubitis</strong></span> <span class='ocrx_word' id='word_1_318' title='bbox 806 2882 864 2927; x_wconf 88' lang='lat' dir='ltr'><strong>et</strong></span> <span class='ocrx_word' id='word_1_319' title='bbox 902 2873 1128 2942; x_wconf 88' lang='lat' dir='ltr'><strong>genibus</strong></span> <span class='ocrx_word' id='word_1_320' title='bbox 1148 2872 1358 2942; x_wconf 76' lang='lat' dir='ltr'><strong>iacens.</strong></span> <span class='ocrx_word' id='word_1_321' title='bbox 1411 2869 1510 2926; x_wconf 89' lang='lat' dir='ltr'><strong>Ubi</strong></span> <span class='ocrx_word' id='word_1_322' title='bbox 1543 2867 1796 2924; x_wconf 85' lang='lat' dir='ltr'><strong>nonnulla</strong></span> <span class='ocrx_word' id='word_1_323' title='bbox 1830 2884 1924 2937; x_wconf 87' lang='lat' dir='ltr'><strong>per</strong></span> <span class='ocrx_word' id='word_1_324' title='bbox 1946 2874 2068 2921; x_wconf 82' lang='lat' dir='ltr'><strong>eum</strong></span> 
     </span>
    </p>
   </div>
   <div class='ocr_carea' id='block_1_46' title="bbox 493 2960 2067 3030">
    <p class='ocr_par' dir='ltr' id='par_1_46' title="bbox 493 2960 2067 3030">
     <span class='ocr_line' id='line_1_46' title="bbox 493 2960 2067 3030; baseline -0.004 -13"><span class='ocrx_word' id='word_1_325' title='bbox 493 2963 752 3017; x_wconf 84' lang='lat' dir='ltr'><strong>Dominus</strong></span> <span class='ocrx_word' id='word_1_326' title='bbox 812 2962 1194 3016; x_wconf 90' lang='lat' dir='ltr'><strong>miraculorum</strong></span> <span class='ocrx_word' id='word_1_327' title='bbox 1235 2961 1388 3027; x_wconf 81' lang='lat' dir='ltr'><strong>signa</strong></span> <span class='ocrx_word' id='word_1_328' title='bbox 1427 2961 1641 3030; x_wconf 88' lang='lat' dir='ltr'><strong>operari</strong></span> <span class='ocrx_word' id='word_1_329' title='bbox 1674 2960 1924 3028; x_wconf 86' lang='lat' dir='ltr'><strong>dignatus</strong></span> <span class='ocrx_word' id='word_1_330' title='bbox 1967 2967 2067 3011; x_wconf 89' lang='lat' dir='ltr'><strong>cst.</strong></span> 
     </span>
    </p>
   </div>
   <div class='ocr_carea' id='block_1_47' title="bbox 494 3047 2070 3123">
    <p class='ocr_par' dir='ltr' id='par_1_47' title="bbox 494 3047 2070 3123">
     <span class='ocr_line' id='line_1_47' title="bbox 494 3047 2070 3123; baseline -0.007 -13"><span class='ocrx_word' id='word_1_331' title='bbox 494 3056 587 3110; x_wconf 90' lang='lat' dir='ltr'><strong>Sic</strong></span> <span class='ocrx_word' id='word_1_332' title='bbox 617 3056 867 3123; x_wconf 90' lang='lat' dir='ltr'><strong>denique,</strong></span> <span class='ocrx_word' id='word_1_333' title='bbox 898 3055 976 3108; x_wconf 89' lang='lat' dir='ltr'><strong>sic</strong></span> <span class='ocrx_word' id='word_1_334' title='bbox 1005 3054 1144 3107; x_wconf 88' lang='lat' dir='ltr'><strong>bona</strong></span> <span class='ocrx_word' id='word_1_335' title='bbox 1172 3061 1318 3107; x_wconf 90' lang='lat' dir='ltr'><strong>terra</strong></span> <span class='ocrx_word' id='word_1_336' title='bbox 1346 3052 1541 3106; x_wconf 90' lang='lat' dir='ltr'><strong>uberes</strong></span> <span class='ocrx_word' id='word_1_337' title='bbox 1582 3050 1788 3104; x_wconf 86' lang='lat' dir='ltr'><strong>fructus</strong></span> <span class='ocrx_word' id='word_1_338' title='bbox 1819 3047 2070 3112; x_wconf 88' lang='lat' dir='ltr'><strong>reddidit,</strong></span> 
     </span>
    </p>
   </div>
   <div class='ocr_carea' id='block_1_48' title="bbox 502 3137 2070 3214">
    <p class='ocr_par' dir='ltr' id='par_1_48' title="bbox 502 3137 2070 3214">
     <span class='ocr_line' id='line_1_48' title="bbox 502 3137 2070 3214; baseline -0.006 -16"><span class='ocrx_word' id='word_1_339' title='bbox 502 3161 616 3214; x_wconf 69' lang='lat' dir='ltr'><strong>qua:</strong></span> <span class='ocrx_word' id='word_1_340' title='bbox 657 3143 805 3197; x_wconf 87' lang='lat' dir='ltr'><strong>verbi</strong></span> <span class='ocrx_word' id='word_1_341' title='bbox 853 3157 1035 3197; x_wconf 87' lang='lat' dir='ltr'><strong>semen</strong></span> <span class='ocrx_word' id='word_1_342' title='bbox 1080 3157 1148 3195; x_wconf 84' lang='lat' dir='ltr'><strong>ex</strong></span> <span class='ocrx_word' id='word_1_343' title='bbox 1195 3153 1290 3196; x_wconf 87' lang='lat' dir='ltr'><strong>ore</strong></span> <span class='ocrx_word' id='word_1_344' title='bbox 1335 3139 1618 3194; x_wconf 83' lang='lat' dir='ltr'><strong>Romualdi</strong></span> <span class='ocrx_word' id='word_1_345' title='bbox 1663 3137 2070 3208; x_wconf 86' lang='lat' dir='ltr'><strong>multiplicatum</strong></span> 
     </span>
    </p>
   </div>
   <div class='ocr_carea' id='block_1_49' title="bbox 503 3219 978 3304">
    <p class='ocr_par' dir='ltr' id='par_1_49' title="bbox 503 3219 978 3304">
     <span class='ocr_line' id='line_1_49' title="bbox 503 3219 978 3304; baseline 0.002 -15"><span class='ocrx_word' id='word_1_346' title='bbox 503 3233 754 3304; x_wconf 76' lang='lat' dir='ltr'><strong>suscepit.</strong></span> <span class='ocrx_word' id='word_1_347' title='bbox 794 3219 801 3291; x_wconf 62' lang='grc' dir='ltr'>ί</span> <span class='ocrx_word' id='word_1_348' title='bbox 973 3285 978 3290; x_wconf 93' lang='grc'>.</span> 
     </span>
    </p>
   </div>
   <div class='ocr_carea' id='block_1_50' title="bbox 948 3317 1605 3393">
    <p class='ocr_par' dir='ltr' id='par_1_50' title="bbox 948 3317 1605 3393">
     <span class='ocr_line' id='line_1_50' title="bbox 948 3317 1605 3393; baseline -0.006 -17"><span class='ocrx_word' id='word_1_349' title='bbox 948 3319 1114 3393; x_wconf 68' lang='grc' dir='ltr'><strong>[ιω</strong></span> <span class='ocrx_word' id='word_1_350' title='bbox 1165 3318 1392 3376; x_wconf 85' lang='lat' dir='ltr'><strong>CAPUT</strong></span> <span class='ocrx_word' id='word_1_351' title='bbox 1439 3317 1605 3373; x_wconf 85' lang='lat' dir='ltr'><strong>xxv.</strong></span> 
     </span>
    </p>
   </div>
   <div class='ocr_carea' id='block_1_51' title="bbox 714 3430 1855 3504">
    <p class='ocr_par' dir='ltr' id='par_1_51' title="bbox 714 3430 1855 3504">
     <span class='ocr_line' id='line_1_51' title="bbox 714 3430 1855 3504; baseline -0.004 -15"><span class='ocrx_word' id='word_1_352' title='bbox 714 3435 792 3490; x_wconf 89' lang='lat' dir='ltr'><strong>De</strong></span> <span class='ocrx_word' id='word_1_353' title='bbox 835 3433 1071 3500; x_wconf 88' lang='lat' dir='ltr'><strong>Tammo,</strong></span> <span class='ocrx_word' id='word_1_354' title='bbox 1103 3443 1158 3489; x_wconf 73' lang='grc' dir='ltr'><strong>,ει</strong></span> <span class='ocrx_word' id='word_1_355' title='bbox 1185 3432 1430 3504; x_wconf 75' lang='lat' dir='ltr'><strong>religione</strong></span> <span class='ocrx_word' id='word_1_356' title='bbox 1468 3433 1600 3502; x_wconf 76' lang='lat' dir='ltr'><strong>regis</strong></span> <span class='ocrx_word' id='word_1_357' title='bbox 1633 3430 1855 3485; x_wconf 75' lang='lat' dir='ltr'><strong>Ottonis.</strong></span> 
     </span>
    </p>
   </div>
   <div class='ocr_carea' id='block_1_52' title="bbox 571 3539 2073 3615">
    <p class='ocr_par' dir='ltr' id='par_1_52' title="bbox 571 3539 2073 3615">
     <span class='ocr_line' id='line_1_52' title="bbox 571 3539 2073 3615; baseline -0.003 -15"><span class='ocrx_word' id='word_1_358' title='bbox 571 3544 725 3615; x_wconf 84' lang='lat' dir='ltr'><strong>Apud</strong></span> <span class='ocrx_word' id='word_1_359' title='bbox 757 3543 1067 3614; x_wconf 78' lang='lat' dir='ltr'><strong>praedictam</strong></span> <span class='ocrx_word' id='word_1_360' title='bbox 1094 3555 1308 3612; x_wconf 86' lang='lat' dir='ltr'><strong>quoque</strong></span> <span class='ocrx_word' id='word_1_361' title='bbox 1339 3542 1610 3597; x_wconf 86' lang='lat' dir='ltr'><strong>civitatem</strong></span> <span class='ocrx_word' id='word_1_362' title='bbox 1639 3541 1906 3596; x_wconf 86' lang='lat' dir='ltr'><strong>convertit</strong></span> <span class='ocrx_word' id='word_1_363' title='bbox 1943 3539 2073 3595; x_wconf 89' lang='lat' dir='ltr'><strong>bea-</strong></span> 
     </span>
    </p>
   </div>
   <div class='ocr_carea' id='block_1_53' title="bbox 503 3631 2071 3706">
    <p class='ocr_par' dir='ltr' id='par_1_53' title="bbox 503 3631 2071 3706">
     <span class='ocr_line' id='line_1_53' title="bbox 503 3631 2071 3706; baseline -0.005 -13"><span class='ocrx_word' id='word_1_364' title='bbox 503 3638 740 3693; x_wconf 88' lang='lat' dir='ltr'><strong>tissimus</strong></span> <span class='ocrx_word' id='word_1_365' title='bbox 768 3636 852 3690; x_wconf 89' lang='lat' dir='ltr'><strong>vir</strong></span> <span class='ocrx_word' id='word_1_366' title='bbox 875 3632 1247 3706; x_wconf 79' lang='lat' dir='ltr'><strong>(Romualdus)</strong></span> <span class='ocrx_word' id='word_1_367' title='bbox 1268 3633 1557 3687; x_wconf 77' lang='lat' dir='ltr'><strong>~Tammum</strong></span> <span class='ocrx_word' id='word_1_368' title='bbox 1590 3631 1739 3704; x_wconf 82' lang='grc'><strong>(252)</strong></span> <span class='ocrx_word' id='word_1_369' title='bbox 1788 3631 2071 3700; x_wconf 83' lang='lat' dir='ltr'><strong>quemdam</strong></span> 
     </span>
    </p>
   </div>
   <div class='ocr_carea' id='block_1_54' title="bbox 503 3723 2075 3799">
    <p class='ocr_par' dir='ltr' id='par_1_54' title="bbox 503 3723 2075 3799">
     <span class='ocr_line' id='line_1_54' title="bbox 503 3723 2075 3799; baseline -0.007 -11"><span class='ocrx_word' id='word_1_370' title='bbox 503 3731 880 3795; x_wconf 88' lang='lat' dir='ltr'><strong>Teutonicum,</strong></span> <span class='ocrx_word' id='word_1_371' title='bbox 913 3729 1028 3799; x_wconf 87' lang='lat' dir='ltr'><strong>qui,</strong></span> <span class='ocrx_word' id='word_1_372' title='bbox 1052 3728 1192 3783; x_wconf 92' lang='lat' dir='ltr'><strong>sicut</strong></span> <span class='ocrx_word' id='word_1_373' title='bbox 1211 3726 1432 3791; x_wconf 91' lang='lat' dir='ltr'><strong>dicitur,</strong></span> <span class='ocrx_word' id='word_1_374' title='bbox 1458 3726 1513 3779; x_wconf 88' lang='lat' dir='ltr'><strong>in</strong></span> <span class='ocrx_word' id='word_1_375' title='bbox 1538 3733 1743 3780; x_wconf 90' lang='lat' dir='ltr'><strong>tantum</strong></span> <span class='ocrx_word' id='word_1_376' title='bbox 1784 3725 1894 3795; x_wconf 90' lang='lat' dir='ltr'><strong>regi</strong></span> <span class='ocrx_word' id='word_1_377' title='bbox 1918 3723 2075 3778; x_wconf 86' lang='lat' dir='ltr'><strong>fami-</strong></span> 
     </span>
    </p>
   </div>
   <div class='ocr_carea' id='block_1_55' title="bbox 503 3807 2073 3883">
    <p class='ocr_par' dir='ltr' id='par_1_55' title="bbox 503 3807 2073 3883">
     <span class='ocr_line' id='line_1_55' title="bbox 503 3807 2073 3883; baseline -0.006 -7"><span class='ocrx_word' id='word_1_378' title='bbox 503 3823 655 3878; x_wconf 87' lang='lat' dir='ltr'><strong>liaris</strong></span> <span class='ocrx_word' id='word_1_379' title='bbox 703 3830 758 3876; x_wconf 88' lang='lat' dir='ltr'><strong>et</strong></span> <span class='ocrx_word' id='word_1_380' title='bbox 821 3820 1017 3875; x_wconf 89' lang='lat' dir='ltr'><strong>cbarus</strong></span> <span class='ocrx_word' id='word_1_381' title='bbox 1073 3817 1394 3882; x_wconf 78' lang='lat' dir='ltr'><strong>exstiterat,</strong></span> <span class='ocrx_word' id='word_1_382' title='bbox 1446 3825 1505 3870; x_wconf 94' lang='lat' dir='ltr'><strong>ut</strong></span> <span class='ocrx_word' id='word_1_383' title='bbox 1559 3807 1841 3883; x_wconf 85' lang='lat' dir='ltr'><strong>utriusque</strong></span> <span class='ocrx_word' id='word_1_384' title='bbox 1896 3821 2073 3868; x_wconf 89' lang='lat' dir='ltr'><strong>vestes</strong></span> 
     </span>
    </p>
   </div>
   <div class='ocr_carea' id='block_1_56' title="bbox 505 3904 2073 3980">
    <p class='ocr_par' dir='ltr' id='par_1_56' title="bbox 505 3904 2073 3980">
     <span class='ocr_line' id='line_1_56' title="bbox 505 3904 2073 3980; baseline -0.007 -15"><span class='ocrx_word' id='word_1_385' title='bbox 505 3920 793 3980; x_wconf 88' lang='lat' dir='ltr'><strong>utrumque</strong></span> <span class='ocrx_word' id='word_1_386' title='bbox 812 3915 1177 3978; x_wconf 85' lang='lat' dir='ltr'><strong>contegerent,</strong></span> <span class='ocrx_word' id='word_1_387' title='bbox 1219 3914 1275 3960; x_wconf 91' lang='lat' dir='ltr'><strong>et</strong></span> <span class='ocrx_word' id='word_1_388' title='bbox 1304 3904 1584 3960; x_wconf 89' lang='lat' dir='ltr'><strong>amborum</strong></span> <span class='ocrx_word' id='word_1_389' title='bbox 1621 3916 1814 3957; x_wconf 85' lang='lat' dir='ltr'><strong>manus</strong></span> <span class='ocrx_word' id='word_1_390' title='bbox 1841 3916 1948 3956; x_wconf 90' lang='lat' dir='ltr'><strong>una</strong></span> <span class='ocrx_word' id='word_1_391' title='bbox 1976 3915 2073 3970; x_wconf 85' lang='lat' dir='ltr'><strong>pa-</strong></span> 
     </span>
    </p>
   </div>
   <div class='ocr_carea' id='block_1_57' title="bbox 434 3990 2074 4072">
    <p class='ocr_par' dir='ltr' id='par_1_57' title="bbox 434 3990 2074 4072">
     <span class='ocr_line' id='line_1_57' title="bbox 434 3990 2074 4072; baseline -0.007 -15"><span class='ocrx_word' id='word_1_392' title='bbox 434 3993 438 3995; x_wconf 56' lang='grc'><em>’</em></span> <span class='ocrx_word' id='word_1_393' title='bbox 508 3999 996 4072; x_wconf 70' lang='grc' dir='ltr'><strong>ιορείε·οοιιιηιιιηί</strong></span> <span class='ocrx_word' id='word_1_394' title='bbox 1046 4011 1186 4068; x_wconf 62' lang='lat' dir='ltr'><strong>saepe</strong></span> <span class='ocrx_word' id='word_1_395' title='bbox 1215 3994 1462 4050; x_wconf 89' lang='lat' dir='ltr'><strong>convivio</strong></span> <span class='ocrx_word' id='word_1_396' title='bbox 1507 3995 1758 4050; x_wconf 87' lang='lat' dir='ltr'><strong>sociaret.</strong></span> <span class='ocrx_word' id='word_1_397' title='bbox 1814 3990 2074 4047; x_wconf 89' lang='lat' dir='ltr'><strong>Crescen-</strong></span> 
     </span>
    </p>
   </div>
   <div class='ocr_carea' id='block_1_58' title="bbox 511 4070 2079 4161">
    <p class='ocr_par' dir='ltr' id='par_1_58' title="bbox 511 4070 2079 4161">
     <span class='ocr_line' id='line_1_58' title="bbox 511 4070 2079 4161; baseline -0.005 -17"><span class='ocrx_word' id='word_1_398' title='bbox 511 4070 618 4145; x_wconf 78' lang='lat' dir='ltr'><strong>tius</strong></span> <span class='ocrx_word' id='word_1_399' title='bbox 644 4089 792 4161; x_wconf 75' lang='grc'><strong>(255)</strong></span> <span class='ocrx_word' id='word_1_400' title='bbox 834 4102 1065 4158; x_wconf 87' lang='lat' dir='ltr'><strong>namque</strong></span> <span class='ocrx_word' id='word_1_401' title='bbox 1100 4094 1332 4142; x_wconf 83' lang='lat' dir='ltr'><strong>senator</strong></span> <span class='ocrx_word' id='word_1_402' title='bbox 1351 4084 1625 4140; x_wconf 80' lang='lat' dir='ltr'><strong>Romanus</strong></span> <span class='ocrx_word' id='word_1_403' title='bbox 1658 4070 2079 4154; x_wconf 82' lang='lat' dir='ltr'><strong>indignationem</strong></span> 
     </span>
    </p>
   </div>
   <div class='ocr_carea' id='block_1_59' title="bbox 511 4173 2076 4252">
    <p class='ocr_par' dir='ltr' id='par_1_59' title="bbox 511 4173 2076 4252">
     <span class='ocr_line' id='line_1_59' title="bbox 511 4173 2076 4252; baseline -0.006 -15"><span class='ocrx_word' id='word_1_404' title='bbox 511 4184 654 4252; x_wconf 89' lang='lat' dir='ltr'><strong>regis</strong></span> <span class='ocrx_word' id='word_1_405' title='bbox 674 4181 1057 4245; x_wconf 72' lang='lat' dir='ltr'><strong>incurrens,&#39;in</strong></span> <span class='ocrx_word' id='word_1_406' title='bbox 1077 4186 1314 4235; x_wconf 89' lang='lat' dir='ltr'><strong>montem</strong></span> <span class='ocrx_word' id='word_1_407' title='bbox 1348 4179 1440 4247; x_wconf 90' lang='lat' dir='ltr'><strong>qui</strong></span> <span class='ocrx_word' id='word_1_408' title='bbox 1455 4176 1652 4232; x_wconf 89' lang='lat' dir='ltr'><strong>dicitur</strong></span> <span class='ocrx_word' id='word_1_409' title='bbox 1675 4176 1846 4231; x_wconf 88' lang='lat' dir='ltr'><strong>sancti</strong></span> <span class='ocrx_word' id='word_1_410' title='bbox 1869 4173 2076 4245; x_wconf 79' lang='lat' dir='ltr'><strong>Angeli,</strong></span> 
     </span>
    </p>
   </div>
   <div class='ocr_carea' id='block_1_60' title="bbox 513 4265 2079 4340">
    <p class='ocr_par' dir='ltr' id='par_1_60' title="bbox 513 4265 2079 4340">
     <span class='ocr_line' id='line_1_60' title="bbox 513 4265 2079 4340; baseline -0.003 -16"><span class='ocrx_word' id='word_1_411' title='bbox 513 4270 827 4339; x_wconf 86' lang='lat' dir='ltr'><strong>confugium</strong></span> <span class='ocrx_word' id='word_1_412' title='bbox 878 4270 1052 4340; x_wconf 90' lang='lat' dir='ltr'><strong>petiit,</strong></span> <span class='ocrx_word' id='word_1_413' title='bbox 1101 4278 1174 4332; x_wconf 90' lang='lat' dir='ltr'><strong>et,</strong></span> <span class='ocrx_word' id='word_1_414' title='bbox 1223 4268 1348 4337; x_wconf 84' lang='lat' dir='ltr'><strong>quia</strong></span> <span class='ocrx_word' id='word_1_415' title='bbox 1384 4267 1610 4321; x_wconf 75' lang='lat' dir='ltr'><strong>munitio</strong></span> <span class='ocrx_word' id='word_1_416' title='bbox 1653 4265 2079 4336; x_wconf 84' lang='lat' dir='ltr'><strong>inexpugnabilis</strong></span> 
     </span>
    </p>
   </div>
   <div class='ocr_carea' id='block_1_61' title="bbox 513 4355 2082 4430">
    <p class='ocr_par' dir='ltr' id='par_1_61' title="bbox 513 4355 2082 4430">
     <span class='ocr_line' id='line_1_61' title="bbox 513 4355 2082 4430; baseline -0.006 -13"><span class='ocrx_word' id='word_1_417' title='bbox 513 4372 620 4426; x_wconf 86' lang='lat' dir='ltr'><strong>est,</strong></span> <span class='ocrx_word' id='word_1_418' title='bbox 664 4362 945 4416; x_wconf 86' lang='lat' dir='ltr'><strong>obsidente</strong></span> <span class='ocrx_word' id='word_1_419' title='bbox 986 4374 1109 4430; x_wconf 86' lang='lat' dir='ltr'><strong>rege</strong></span> <span class='ocrx_word' id='word_1_420' title='bbox 1133 4359 1200 4412; x_wconf 87' lang='lat' dir='ltr'><strong>ad</strong></span> <span class='ocrx_word' id='word_1_421' title='bbox 1230 4357 1628 4412; x_wconf 81' lang='lat' dir='ltr'><strong>defendendum</strong></span> <span class='ocrx_word' id='word_1_422' title='bbox 1663 4355 2082 4410; x_wconf 84' lang='lat' dir='ltr'><strong>se-fiducialiter</strong></span> 
     </span>
    </p>
   </div>
   <div class='ocr_carea' id='block_1_62' title="bbox 514 4447 2078 4524">
    <p class='ocr_par' dir='ltr' id='par_1_62' title="bbox 514 4447 2078 4524">
     <span class='ocr_line' id='line_1_62' title="bbox 514 4447 2078 4524; baseline -0.003 -18"><span class='ocrx_word' id='word_1_423' title='bbox 514 4452 852 4524; x_wconf 67' lang='lat' dir='ltr'><strong>praeparavit.</strong></span> <span class='ocrx_word' id='word_1_424' title='bbox 884 4451 979 4506; x_wconf 90' lang='lat' dir='ltr'><strong>Cui</strong></span> <span class='ocrx_word' id='word_1_425' title='bbox 1019 4451 1272 4505; x_wconf 80' lang='lat' dir='ltr'><strong>Tantmus</strong></span> <span class='ocrx_word' id='word_1_426' title='bbox 1324 4465 1390 4504; x_wconf 86' lang='lat' dir='ltr'><strong>ex</strong></span> <span class='ocrx_word' id='word_1_427' title='bbox 1429 4458 1695 4520; x_wconf 62' lang='lat' dir='ltr'><strong>praecepto</strong></span> <span class='ocrx_word' id='word_1_428' title='bbox 1714 4448 1865 4519; x_wconf 81' lang='lat' dir='ltr'><strong>regis</strong></span> <span class='ocrx_word' id='word_1_429' title='bbox 1906 4447 2078 4518; x_wconf 86' lang='lat' dir='ltr'><strong>jusju-</strong></span> 
     </span>
    </p>
   </div>
   <div class='ocr_carea' id='block_1_63' title="bbox 2166 1981 3739 2058">
    <p class='ocr_par' dir='ltr' id='par_1_63' title="bbox 2166 1981 3739 2058">
     <span class='ocr_line' id='line_1_63' title="bbox 2166 1981 3739 2058; baseline 0.006 -24"><span class='ocrx_word' id='word_1_430' title='bbox 2166 1981 2326 2050; x_wconf 82' lang='lat' dir='ltr'><strong>quod,</strong></span> <span class='ocrx_word' id='word_1_431' title='bbox 2357 1981 2641 2049; x_wconf 89' lang='lat' dir='ltr'><strong>imperium</strong></span> <span class='ocrx_word' id='word_1_432' title='bbox 2674 1981 3004 2051; x_wconf 88' lang='lat' dir='ltr'><strong>relinquens,</strong></span> <span class='ocrx_word' id='word_1_433' title='bbox 3035 1984 3418 2040; x_wconf 86' lang='lat' dir='ltr'><strong>monachicum</strong></span> <span class='ocrx_word' id='word_1_434' title='bbox 3442 1988 3739 2058; x_wconf 79' lang='lat' dir='ltr'><strong>susciperet</strong></span> 
     </span>
    </p>
   </div>
   <div class='ocr_carea' id='block_1_64' title="bbox 2167 2071 3739 2146">
    <p class='ocr_par' dir='ltr' id='par_1_64' title="bbox 2167 2071 3739 2146">
     <span class='ocr_line' id='line_1_64' title="bbox 2167 2071 3739 2146; baseline 0.005 -21"><span class='ocrx_word' id='word_1_435' title='bbox 2167 2071 2407 2126; x_wconf 87' lang='lat' dir='ltr'><strong>habitum</strong></span> <span class='ocrx_word' id='word_1_436' title='bbox 2434 2087 2448 2138; x_wconf 86' lang='lat'><strong>;</strong></span> <span class='ocrx_word' id='word_1_437' title='bbox 2477 2079 2555 2138; x_wconf 90' lang='lat' dir='ltr'><strong>et,</strong></span> <span class='ocrx_word' id='word_1_438' title='bbox 2609 2071 2694 2126; x_wconf 92' lang='lat' dir='ltr'><strong>cui</strong></span> <span class='ocrx_word' id='word_1_439' title='bbox 2738 2072 3002 2126; x_wconf 90' lang='lat' dir='ltr'><strong>innumeri</strong></span> <span class='ocrx_word' id='word_1_440' title='bbox 3045 2073 3299 2130; x_wconf 89' lang='lat' dir='ltr'><strong>mortales</strong></span> <span class='ocrx_word' id='word_1_441' title='bbox 3323 2083 3478 2130; x_wconf 90' lang='lat' dir='ltr'><strong>erant</strong></span> <span class='ocrx_word' id='word_1_442' title='bbox 3498 2077 3739 2146; x_wconf 78' lang='lat' dir='ltr'><strong>obnoxii,</strong></span> 
     </span>
    </p>
   </div>
   <div class='ocr_carea' id='block_1_65' title="bbox 2158 2160 3742 2307">
    <p class='ocr_par' dir='ltr' id='par_1_65' title="bbox 2158 2160 3742 2307">
     <span class='ocr_line' id='line_1_65' title="bbox 2158 2160 3742 2307; baseline 0.007 -94"><span class='ocrx_word' id='word_1_443' title='bbox 2158 2160 2271 2307; x_wconf 57' lang='lat' dir='ltr'><strong>ja?</strong></span> <span class='ocrx_word' id='word_1_444' title='bbox 2317 2161 2432 2232; x_wconf 86' lang='lat' dir='ltr'><strong>ipse</strong></span> <span class='ocrx_word' id='word_1_445' title='bbox 2475 2161 2800 2231; x_wconf 90' lang='lat' dir='ltr'><strong>pauperculo</strong></span> <span class='ocrx_word' id='word_1_446' title='bbox 2836 2161 3108 2233; x_wconf 86' lang='lat' dir='ltr'><strong>subjectus</strong></span> <span class='ocrx_word' id='word_1_447' title='bbox 3143 2166 3310 2237; x_wconf 85' lang='lat' dir='ltr'><strong>coepit</strong></span> <span class='ocrx_word' id='word_1_448' title='bbox 3356 2180 3477 2223; x_wconf 91' lang='lat' dir='ltr'><strong>esse</strong></span> <span class='ocrx_word' id='word_1_449' title='bbox 3527 2169 3742 2224; x_wconf 87' lang='lat' dir='ltr'><strong>debitor</strong></span> 
     </span>
     <span class='ocr_line' id='line_1_66' title="bbox 2167 2267 2912 2307; baseline 0.007 0"><span class='ocrx_word' id='word_1_450' title='bbox 2167 2267 2229 2307; x_wconf 83' lang='lat' dir='ltr'><strong>su</strong></span> <span class='ocrx_word' id='word_1_451' title='bbox 2259 2291 2273 2307; x_wconf 94' lang='lat'><strong>.</strong></span> <span class='ocrx_word' id='word_1_452' title='bbox 2908 2271 2912 2276; x_wconf 93' lang='grc'><strong>·</strong></span> 
     </span>
    </p>
   </div>
   <div class='ocr_carea' id='block_1_66' title="bbox 2720 2343 3172 2434">
    <p class='ocr_par' dir='ltr' id='par_1_66' title="bbox 2720 2343 3172 2434">
     <span class='ocr_line' id='line_1_67' title="bbox 2720 2343 3172 2434; baseline 0 -34"><span class='ocrx_word' id='word_1_453' title='bbox 2720 2343 2948 2400; x_wconf 81' lang='lat' dir='ltr'><strong>CAPUT</strong></span> <span class='ocrx_word' id='word_1_454' title='bbox 2982 2344 3172 2434; x_wconf 81' lang='lat' dir='ltr'><strong>XXVI.</strong></span> 
     </span>
    </p>
   </div>
   <div class='ocr_carea' id='block_1_67' title="bbox 2171 2453 3743 2528">
    <p class='ocr_par' dir='ltr' id='par_1_67' title="bbox 2171 2453 3743 2528">
     <span class='ocr_line' id='line_1_68' title="bbox 2171 2453 3743 2528; baseline 0.004 -20"><span class='ocrx_word' id='word_1_455' title='bbox 2171 2453 2323 2521; x_wconf 84' lang='lat' dir='ltr'><strong>Quod</strong></span> <span class='ocrx_word' id='word_1_456' title='bbox 2354 2453 2682 2509; x_wconf 79' lang='lat' dir='ltr'><strong>Romualdus</strong></span> <span class='ocrx_word' id='word_1_457' title='bbox 2727 2456 2867 2528; x_wconf 62' lang='lat' dir='ltr'><strong>apud</strong></span> <span class='ocrx_word' id='word_1_458' title='bbox 2907 2456 3156 2511; x_wconf 81' lang='lat' dir='ltr'><strong>Casinum</strong></span> <span class='ocrx_word' id='word_1_459' title='bbox 3196 2461 3497 2528; x_wconf 69' lang='lat' dir='ltr'><strong>(egi-oravit,</strong></span> <span class='ocrx_word' id='word_1_460' title='bbox 3555 2459 3743 2514; x_wconf 75' lang='lat' dir='ltr'><strong>demde</strong></span> 
     </span>
    </p>
   </div>
   <div class='ocr_carea' id='block_1_68' title="bbox 2697 2523 3379 2581">
    <p class='ocr_par' dir='ltr' id='par_1_68' title="bbox 2697 2523 3379 2581">
     <span class='ocr_line' id='line_1_69' title="bbox 2697 2523 3379 2581; baseline 0.004 -2"><span class='ocrx_word' id='word_1_461' title='bbox 2697 2523 2766 2579; x_wconf 84' lang='lat' dir='ltr'><strong>ad</strong></span> <span class='ocrx_word' id='word_1_462' title='bbox 2799 2523 3020 2581; x_wconf 83' lang='lat' dir='ltr'><strong>Pereunt</strong></span> <span class='ocrx_word' id='word_1_463' title='bbox 3049 2530 3203 2581; x_wconf 81' lang='lat' dir='ltr'><strong>venit.</strong></span> <span class='ocrx_word' id='word_1_464' title='bbox 3243 2523 3261 2528; x_wconf 68' lang='grc'>⁷</span> <span class='ocrx_word' id='word_1_465' title='bbox 3373 2545 3379 2554; x_wconf 84' lang='lat'><strong><em>&#39;</em></strong></span> 
     </span>
    </p>
   </div>
   <div class='ocr_carea' id='block_1_69' title="bbox 2239 2655 3743 2727">
    <p class='ocr_par' dir='ltr' id='par_1_69' title="bbox 2239 2655 3743 2727">
     <span class='ocr_line' id='line_1_70' title="bbox 2239 2655 3743 2727; baseline 0.002 -17"><span class='ocrx_word' id='word_1_466' title='bbox 2239 2655 2568 2711; x_wconf 83' lang='lat' dir='ltr'><strong>Romualdus</strong></span> <span class='ocrx_word' id='word_1_467' title='bbox 2597 2655 2757 2724; x_wconf 81' lang='lat' dir='ltr'><strong>igitur</strong></span> <span class='ocrx_word' id='word_1_468' title='bbox 2777 2669 2896 2709; x_wconf 88' lang='lat' dir='ltr'><strong>cum</strong></span> <span class='ocrx_word' id='word_1_469' title='bbox 2920 2671 3003 2721; x_wconf 90' lang='lat' dir='ltr'><strong>eo,</strong></span> <span class='ocrx_word' id='word_1_470' title='bbox 3032 2671 3189 2725; x_wconf 90' lang='lat' dir='ltr'><strong>quem</strong></span> <span class='ocrx_word' id='word_1_471' title='bbox 3206 2659 3570 2727; x_wconf 75' lang='lat' dir='ltr'><strong>praediximus,</strong></span> <span class='ocrx_word' id='word_1_472' title='bbox 3590 2658 3743 2713; x_wconf 85' lang='lat' dir='ltr'><strong>Tam-</strong></span> 
     </span>
    </p>
   </div>
   <div class='ocr_carea' id='block_1_70' title="bbox 2169 2744 3742 2817">
    <p class='ocr_par' dir='ltr' id='par_1_70' title="bbox 2169 2744 3742 2817">
     <span class='ocr_line' id='line_1_71' title="bbox 2169 2744 3742 2817; baseline -0.002 -17"><span class='ocrx_word' id='word_1_473' title='bbox 2169 2761 2277 2810; x_wconf 92' lang='lat' dir='ltr'><strong>mo,</strong></span> <span class='ocrx_word' id='word_1_474' title='bbox 2319 2756 2372 2801; x_wconf 90' lang='lat' dir='ltr'><strong>et</strong></span> <span class='ocrx_word' id='word_1_475' title='bbox 2412 2762 2532 2800; x_wconf 89' lang='lat' dir='ltr'><strong>cum</strong></span> <span class='ocrx_word' id='word_1_476' title='bbox 2578 2744 2854 2800; x_wconf 89' lang='lat' dir='ltr'><strong>Bonifacio</strong></span> <span class='ocrx_word' id='word_1_477' title='bbox 2881 2747 2998 2801; x_wconf 88' lang='lat' dir='ltr'><strong>viro</strong></span> <span class='ocrx_word' id='word_1_478' title='bbox 3035 2746 3200 2817; x_wconf 68' lang='grc'><strong>450</strong></span> <span class='ocrx_word' id='word_1_479' title='bbox 3245 2748 3392 2816; x_wconf 82' lang='grc'><strong>(256)</strong></span> <span class='ocrx_word' id='word_1_480' title='bbox 3421 2748 3742 2815; x_wconf 73' lang='lat' dir='ltr'><strong>clarissium,</strong></span> 
     </span>
    </p>
   </div>
   <div class='ocr_carea' id='block_1_71' title="bbox 2169 2835 3744 2906">
    <p class='ocr_par' dir='ltr' id='par_1_71' title="bbox 2169 2835 3744 2906">
     <span class='ocr_line' id='line_1_72' title="bbox 2169 2835 3744 2906; baseline 0.001 -16"><span class='ocrx_word' id='word_1_481' title='bbox 2169 2852 2327 2906; x_wconf 89' lang='lat' dir='ltr'><strong>quem</strong></span> <span class='ocrx_word' id='word_1_482' title='bbox 2358 2852 2497 2891; x_wconf 89' lang='lat' dir='ltr'><strong>nunc</strong></span> <span class='ocrx_word' id='word_1_483' title='bbox 2541 2835 2910 2890; x_wconf 90' lang='lat' dir='ltr'><strong>felicissimum</strong></span> <span class='ocrx_word' id='word_1_484' title='bbox 2961 2846 3247 2905; x_wconf 82' lang='lat' dir='ltr'><strong>martyrem</strong></span> <span class='ocrx_word' id='word_1_485' title='bbox 3278 2852 3337 2892; x_wconf 92' lang='lat' dir='ltr'><strong>se</strong></span> <span class='ocrx_word' id='word_1_486' title='bbox 3362 2838 3561 2892; x_wconf 89' lang='lat' dir='ltr'><strong>habere</strong></span> <span class='ocrx_word' id='word_1_487' title='bbox 3603 2840 3744 2892; x_wconf 76' lang='lat' dir='ltr'><strong>Rus-</strong></span> 
     </span>
    </p>
   </div>
   <div class='ocr_carea' id='block_1_72' title="bbox 2171 2921 3745 2993">
    <p class='ocr_par' dir='ltr' id='par_1_72' title="bbox 2171 2921 3745 2993">
     <span class='ocr_line' id='line_1_73' title="bbox 2171 2921 3745 2993; baseline 0.003 -15"><span class='ocrx_word' id='word_1_488' title='bbox 2171 2925 2319 2979; x_wconf 88' lang='lat' dir='ltr'><strong>siana</strong></span> <span class='ocrx_word' id='word_1_489' title='bbox 2351 2923 2610 2993; x_wconf 86' lang='lat' dir='ltr'><strong>gloriatur</strong></span> <span class='ocrx_word' id='word_1_490' title='bbox 2631 2921 2892 2984; x_wconf 87' lang='lat' dir='ltr'><strong>Ecclesia,</strong></span> <span class='ocrx_word' id='word_1_491' title='bbox 2925 2931 3124 2977; x_wconf 80' lang='lat' dir='ltr'><strong>etcum</strong></span> <span class='ocrx_word' id='word_1_492' title='bbox 3154 2923 3275 2979; x_wconf 90' lang='lat' dir='ltr'><strong>aliis</strong></span> <span class='ocrx_word' id='word_1_493' title='bbox 3301 2929 3577 2982; x_wconf 83' lang='lat' dir='ltr'><strong>conversis</strong></span> <span class='ocrx_word' id='word_1_494' title='bbox 3600 2929 3745 2982; x_wconf 87' lang='lat' dir='ltr'><strong>Teu-</strong></span> 
     </span>
    </p>
   </div>
   <div class='ocr_carea' id='block_1_73' title="bbox 2173 3009 3744 3080">
    <p class='ocr_par' dir='ltr' id='par_1_73' title="bbox 2173 3009 3744 3080">
     <span class='ocr_line' id='line_1_74' title="bbox 2173 3009 3744 3080; baseline 0.004 -14"><span class='ocrx_word' id='word_1_495' title='bbox 2173 3011 2408 3077; x_wconf 87' lang='lat' dir='ltr'><strong>tonibus,</strong></span> <span class='ocrx_word' id='word_1_496' title='bbox 2434 3026 2465 3064; x_wconf 88' lang='lat' dir='ltr'><strong>a</strong></span> <span class='ocrx_word' id='word_1_497' title='bbox 2491 3009 2706 3066; x_wconf 89' lang='lat' dir='ltr'><strong>Tiburis</strong></span> <span class='ocrx_word' id='word_1_498' title='bbox 2732 3011 2928 3080; x_wconf 87' lang='lat' dir='ltr'><strong>oppido</strong></span> <span class='ocrx_word' id='word_1_499' title='bbox 2950 3011 3017 3065; x_wconf 92' lang='lat' dir='ltr'><strong>ad</strong></span> <span class='ocrx_word' id='word_1_500' title='bbox 3050 3015 3438 3069; x_wconf 88' lang='lat' dir='ltr'><strong>monasterium</strong></span> <span class='ocrx_word' id='word_1_501' title='bbox 3477 3015 3537 3068; x_wconf 85' lang='lat' dir='ltr'><strong>B.</strong></span> <span class='ocrx_word' id='word_1_502' title='bbox 3573 3017 3744 3072; x_wconf 80' lang='lat' dir='ltr'><strong>Bene-</strong></span> 
     </span>
    </p>
   </div>
   <div class='ocr_carea' id='block_1_74' title="bbox 2173 3101 3743 3171">
    <p class='ocr_par' dir='ltr' id='par_1_74' title="bbox 2173 3101 3743 3171">
     <span class='ocr_line' id='line_1_75' title="bbox 2173 3101 3743 3171; baseline 0.006 -16"><span class='ocrx_word' id='word_1_503' title='bbox 2173 3101 2320 3162; x_wconf 90' lang='lat' dir='ltr'><strong>dicti,</strong></span> <span class='ocrx_word' id='word_1_504' title='bbox 2359 3101 2501 3171; x_wconf 90' lang='lat' dir='ltr'><strong>quod</strong></span> <span class='ocrx_word' id='word_1_505' title='bbox 2531 3101 2586 3156; x_wconf 90' lang='lat' dir='ltr'><strong>in</strong></span> <span class='ocrx_word' id='word_1_506' title='bbox 2619 3101 2820 3157; x_wconf 81' lang='lat' dir='ltr'><strong>Casino</strong></span> <span class='ocrx_word' id='word_1_507' title='bbox 2861 3103 3210 3158; x_wconf 91' lang='lat' dir='ltr'><strong>constitutum</strong></span> <span class='ocrx_word' id='word_1_508' title='bbox 3239 3114 3341 3171; x_wconf 82' lang='lat' dir='ltr'><strong>est,</strong></span> <span class='ocrx_word' id='word_1_509' title='bbox 3379 3117 3560 3163; x_wconf 88' lang='lat' dir='ltr'><strong>monte</strong></span> <span class='ocrx_word' id='word_1_510' title='bbox 3585 3110 3743 3164; x_wconf 83' lang='lat' dir='ltr'><strong>devc-</strong></span> 
     </span>
    </p>
   </div>
   <div class='ocr_carea' id='block_1_75' title="bbox 1911 3191 3746 3281">
    <p class='ocr_par' dir='ltr' id='par_1_75' title="bbox 1911 3191 3746 3281">
     <span class='ocr_line' id='line_1_76' title="bbox 1911 3191 3746 3281; baseline 0.005 -36"><span class='ocrx_word' id='word_1_511' title='bbox 1911 3259 1916 3266; x_wconf 30' lang='lat'><em>‘</em></span> <span class='ocrx_word' id='word_1_512' title='bbox 2004 3269 2006 3272; x_wconf 14' lang='grc' dir='ltr'><strong><em>τ</em></strong></span> <span class='ocrx_word' id='word_1_513' title='bbox 2099 3219 2144 3281; x_wconf 77' lang='lat' dir='ltr'><strong>C</strong></span> <span class='ocrx_word' id='word_1_514' title='bbox 2177 3192 2278 3246; x_wconf 92' lang='lat' dir='ltr'><strong>nit.</strong></span> <span class='ocrx_word' id='word_1_515' title='bbox 2342 3191 2420 3248; x_wconf 92' lang='lat' dir='ltr'><strong>lbi</strong></span> <span class='ocrx_word' id='word_1_516' title='bbox 2475 3206 2667 3261; x_wconf 90' lang='lat' dir='ltr'><strong>nempe</strong></span> <span class='ocrx_word' id='word_1_517' title='bbox 2706 3192 2941 3262; x_wconf 80' lang='lat' dir='ltr'><strong>graviter</strong></span> <span class='ocrx_word' id='word_1_518' title='bbox 2995 3193 3299 3250; x_wconf 83' lang='lat' dir='ltr'><strong>infirmatus</strong></span> <span class='ocrx_word' id='word_1_519' title='bbox 3355 3207 3455 3263; x_wconf 88' lang='lat' dir='ltr'><strong>cst,</strong></span> <span class='ocrx_word' id='word_1_520' title='bbox 3508 3199 3599 3254; x_wconf 88' lang='lat' dir='ltr'><strong>seJ</strong></span> <span class='ocrx_word' id='word_1_521' title='bbox 3638 3200 3746 3254; x_wconf 71' lang='lat' dir='ltr'><strong>cito</strong></span> 
     </span>
    </p>
   </div>
   <div class='ocr_carea' id='block_1_76' title="bbox 2171 3281 3745 3343">
    <p class='ocr_par' dir='ltr' id='par_1_76' title="bbox 2171 3281 3745 3343">
     <span class='ocr_line' id='line_1_77' title="bbox 2171 3281 3745 3343; baseline 0.004 -7"><span class='ocrx_word' id='word_1_522' title='bbox 2171 3296 2236 3336; x_wconf 83' lang='lat' dir='ltr'><strong>ex</strong></span> <span class='ocrx_word' id='word_1_523' title='bbox 2271 3281 2448 3336; x_wconf 83' lang='lat' dir='ltr'><strong>divina</strong></span> <span class='ocrx_word' id='word_1_524' title='bbox 2509 3281 2878 3342; x_wconf 90' lang='lat' dir='ltr'><strong>misericordia</strong></span> <span class='ocrx_word' id='word_1_525' title='bbox 2927 3284 3217 3339; x_wconf 85' lang='lat' dir='ltr'><strong>convaluit.</strong></span> <span class='ocrx_word' id='word_1_526' title='bbox 3271 3285 3512 3341; x_wconf 78' lang='lat' dir='ltr'><strong>Habebat</strong></span> <span class='ocrx_word' id='word_1_527' title='bbox 3566 3299 3745 3343; x_wconf 87' lang='lat' dir='ltr'><strong>autem</strong></span> 
     </span>
    </p>
   </div>
   <div class='ocr_carea' id='block_1_77' title="bbox 2169 3370 3744 3445">
    <p class='ocr_par' dir='ltr' id='par_1_77' title="bbox 2169 3370 3744 3445">
     <span class='ocr_line' id='line_1_78' title="bbox 2169 3370 3744 3445; baseline 0.004 -21"><span class='ocrx_word' id='word_1_528' title='bbox 2169 3386 2364 3440; x_wconf 90' lang='lat' dir='ltr'><strong>equum</strong></span> <span class='ocrx_word' id='word_1_529' title='bbox 2391 3370 2524 3424; x_wconf 90' lang='lat' dir='ltr'><strong>satis</strong></span> <span class='ocrx_word' id='word_1_530' title='bbox 2563 3370 2859 3441; x_wconf 87' lang='lat' dir='ltr'><strong>egregium,</strong></span> <span class='ocrx_word' id='word_1_531' title='bbox 2918 3387 3078 3442; x_wconf 89' lang='lat' dir='ltr'><strong>quem</strong></span> <span class='ocrx_word' id='word_1_532' title='bbox 3137 3373 3240 3427; x_wconf 87' lang='lat' dir='ltr'><strong>sibi</strong></span> <span class='ocrx_word' id='word_1_533' title='bbox 3292 3373 3440 3445; x_wconf 85' lang='grc'><strong>(257)</strong></span> <span class='ocrx_word' id='word_1_534' title='bbox 3502 3376 3744 3432; x_wconf 78' lang='lat' dir='ltr'><strong>Busclavi</strong></span> 
     </span>
    </p>
   </div>
   <div class='ocr_carea' id='block_1_78' title="bbox 2172 3459 3743 3528">
    <p class='ocr_par' dir='ltr' id='par_1_78' title="bbox 2172 3459 3743 3528">
     <span class='ocr_line' id='line_1_79' title="bbox 2172 3459 3743 3528; baseline 0.003 -13"><span class='ocrx_word' id='word_1_535' title='bbox 2172 3459 2472 3515; x_wconf 90' lang='lat' dir='ltr'><strong>Sclavonici</strong></span> <span class='ocrx_word' id='word_1_536' title='bbox 2519 3460 2662 3528; x_wconf 87' lang='lat' dir='ltr'><strong>regis</strong></span> <span class='ocrx_word' id='word_1_537' title='bbox 2696 3459 2840 3516; x_wconf 82' lang='lat' dir='ltr'><strong>Illius</strong></span> <span class='ocrx_word' id='word_1_538' title='bbox 2887 3461 3130 3527; x_wconf 86' lang='lat' dir='ltr'><strong>dederat,</strong></span> <span class='ocrx_word' id='word_1_539' title='bbox 3161 3461 3334 3518; x_wconf 89' lang='lat' dir='ltr'><strong>factus</strong></span> <span class='ocrx_word' id='word_1_540' title='bbox 3355 3459 3438 3519; x_wconf 78' lang='lat' dir='ltr'><strong>&#39;ab</strong></span> <span class='ocrx_word' id='word_1_541' title='bbox 3462 3481 3529 3520; x_wconf 89' lang='lat' dir='ltr'><strong>eo</strong></span> <span class='ocrx_word' id='word_1_542' title='bbox 3555 3482 3743 3520; x_wconf 85' lang='lat' dir='ltr'><strong>mona-</strong></span> 
     </span>
    </p>
   </div>
   <div class='ocr_carea' id='block_1_79' title="bbox 2170 3549 3747 3626">
    <p class='ocr_par' dir='ltr' id='par_1_79' title="bbox 2170 3549 3747 3626">
     <span class='ocr_line' id='line_1_80' title="bbox 2170 3549 3747 3626; baseline 0.003 -20"><span class='ocrx_word' id='word_1_543' title='bbox 2170 3552 2325 3606; x_wconf 92' lang='lat' dir='ltr'><strong>chus.</strong></span> <span class='ocrx_word' id='word_1_544' title='bbox 2354 3549 2506 3605; x_wconf 89' lang='lat' dir='ltr'><strong>Hnnc</strong></span> <span class='ocrx_word' id='word_1_545' title='bbox 2534 3551 2618 3605; x_wconf 88' lang='lat' dir='ltr'><strong>vir</strong></span> <span class='ocrx_word' id='word_1_546' title='bbox 2661 3562 2877 3606; x_wconf 87' lang='lat' dir='ltr'><strong>sanctus</strong></span> <span class='ocrx_word' id='word_1_547' title='bbox 2919 3553 3238 3611; x_wconf 89' lang='lat' dir='ltr'><strong>humilitatis</strong></span> <span class='ocrx_word' id='word_1_548' title='bbox 3263 3557 3439 3610; x_wconf 84' lang='lat' dir='ltr'><strong>studio</strong></span> <span class='ocrx_word' id='word_1_549' title='bbox 3477 3568 3747 3626; x_wconf 85' lang='lat' dir='ltr'><strong>permuta-</strong></span> 
     </span>
    </p>
   </div>
   <div class='ocr_carea' id='block_1_80' title="bbox 2171 3641 3747 3718">
    <p class='ocr_par' dir='ltr' id='par_1_80' title="bbox 2171 3641 3747 3718">
     <span class='ocr_line' id='line_1_81' title="bbox 2171 3641 3747 3718; baseline 0.003 -22"><span class='ocrx_word' id='word_1_550' title='bbox 2171 3643 2269 3708; x_wconf 82' lang='lat' dir='ltr'><strong>vit,</strong></span> <span class='ocrx_word' id='word_1_551' title='bbox 2301 3651 2353 3695; x_wconf 90' lang='lat' dir='ltr'><strong>et</strong></span> <span class='ocrx_word' id='word_1_552' title='bbox 2400 3641 2612 3696; x_wconf 87' lang='lat' dir='ltr'><strong>lueroso</strong></span> <span class='ocrx_word' id='word_1_553' title='bbox 2637 3643 2950 3698; x_wconf 87' lang='lat' dir='ltr'><strong>concambio</strong></span> <span class='ocrx_word' id='word_1_554' title='bbox 2999 3645 3212 3700; x_wconf 90' lang='lat' dir='ltr'><strong>asinum</strong></span> <span class='ocrx_word' id='word_1_555' title='bbox 3262 3647 3540 3702; x_wconf 89' lang='lat' dir='ltr'><strong>laudabilis</strong></span> <span class='ocrx_word' id='word_1_556' title='bbox 3587 3664 3747 3718; x_wconf 77' lang='lat' dir='ltr'><strong>nego-</strong></span> 
     </span>
    </p>
   </div>
   <div class='ocr_carea' id='block_1_81' title="bbox 2176 3729 3746 3812">
    <p class='ocr_par' dir='ltr' id='par_1_81' title="bbox 2176 3729 3746 3812">
     <span class='ocr_line' id='line_1_82' title="bbox 2176 3729 3746 3812; baseline 0.003 -29"><span class='ocrx_word' id='word_1_557' title='bbox 2176 3731 2337 3783; x_wconf 88' lang='lat' dir='ltr'><strong>tiator</strong></span> <span class='ocrx_word' id='word_1_558' title='bbox 2361 3730 2564 3798; x_wconf 87' lang='lat' dir='ltr'><strong>accepit</strong></span> <span class='ocrx_word' id='word_1_559' title='bbox 2588 3729 2802 3799; x_wconf 80' lang='lat' dir='ltr'><strong>(Matth.</strong></span> <span class='ocrx_word' id='word_1_560' title='bbox 2827 3746 2917 3785; x_wconf 82' lang='lat' dir='ltr'><strong>xxi</strong></span> <span class='ocrx_word' id='word_1_561' title='bbox 2945 3729 2984 3801; x_wconf 91' lang='lat'><strong>).</strong></span> <span class='ocrx_word' id='word_1_562' title='bbox 3011 3731 3188 3812; x_wconf 86' lang='lat' dir='ltr'><strong>Nimio</strong></span> <span class='ocrx_word' id='word_1_563' title='bbox 3213 3736 3408 3804; x_wconf 89' lang='lat' dir='ltr'><strong>quippe</strong></span> <span class='ocrx_word' id='word_1_564' title='bbox 3423 3735 3746 3806; x_wconf 77' lang='lat' dir='ltr'><strong>Redempto-</strong></span> 
     </span>
    </p>
   </div>
   <div class='ocr_carea' id='block_1_82' title="bbox 2174 3819 3749 3893">
    <p class='ocr_par' dir='ltr' id='par_1_82' title="bbox 2174 3819 3749 3893">
     <span class='ocr_line' id='line_1_83' title="bbox 2174 3819 3749 3893; baseline 0.004 -19"><span class='ocrx_word' id='word_1_565' title='bbox 2174 3820 2250 3874; x_wconf 89' lang='lat' dir='ltr'><strong>ris</strong></span> <span class='ocrx_word' id='word_1_566' title='bbox 2277 3819 2448 3875; x_wconf 90' lang='lat' dir='ltr'><strong>nostri</strong></span> <span class='ocrx_word' id='word_1_567' title='bbox 2472 3819 2761 3884; x_wconf 87' lang='lat' dir='ltr'><strong>desiderio,</strong></span> <span class='ocrx_word' id='word_1_568' title='bbox 2790 3821 2879 3889; x_wconf 91' lang='lat' dir='ltr'><strong>qui</strong></span> <span class='ocrx_word' id='word_1_569' title='bbox 2914 3821 3092 3878; x_wconf 75' lang='lat' dir='ltr'><strong>asella:</strong></span> <span class='ocrx_word' id='word_1_570' title='bbox 3119 3831 3268 3893; x_wconf 89' lang='lat' dir='ltr'><strong>tergo</strong></span> <span class='ocrx_word' id='word_1_571' title='bbox 3289 3825 3630 3889; x_wconf 87' lang='lat' dir='ltr'><strong>consederat,</strong></span> <span class='ocrx_word' id='word_1_572' title='bbox 3665 3827 3749 3880; x_wconf 84' lang='lat' dir='ltr'><strong>vir</strong></span> 
     </span>
    </p>
   </div>
   <div class='ocr_carea' id='block_1_83' title="bbox 2173 3909 3745 3983">
    <p class='ocr_par' dir='ltr' id='par_1_83' title="bbox 2173 3909 3745 3983">
     <span class='ocr_line' id='line_1_84' title="bbox 2173 3909 3745 3983; baseline 0.004 -22"><span class='ocrx_word' id='word_1_573' title='bbox 2173 3909 2500 3965; x_wconf 81' lang='lat' dir='ltr'><strong>venerabilis</strong></span> <span class='ocrx_word' id='word_1_574' title='bbox 2544 3909 2646 3965; x_wconf 89' lang='lat' dir='ltr'><strong>hoc</strong></span> <span class='ocrx_word' id='word_1_575' title='bbox 2697 3909 2872 3980; x_wconf 90' lang='lat' dir='ltr'><strong>ipsum</strong></span> <span class='ocrx_word' id='word_1_576' title='bbox 2919 3911 3118 3966; x_wconf 86' lang='lat' dir='ltr'><strong>animal</strong></span> <span class='ocrx_word' id='word_1_577' title='bbox 3148 3913 3402 3969; x_wconf 88' lang='lat' dir='ltr'><strong>libentius</strong></span> <span class='ocrx_word' id='word_1_578' title='bbox 3448 3915 3745 3983; x_wconf 78' lang='lat' dir='ltr'><strong>equitalat.</strong></span> 
     </span>
    </p>
   </div>
   <div class='ocr_carea' id='block_1_84' title="bbox 2175 3987 3751 4070">
    <p class='ocr_par' dir='ltr' id='par_1_84' title="bbox 2175 3987 3751 4070">
     <span class='ocr_line' id='line_1_85' title="bbox 2175 3987 3751 4070; baseline 0.004 -18"><span class='ocrx_word' id='word_1_579' title='bbox 2175 3997 2310 4053; x_wconf 85' lang='lat' dir='ltr'><strong>Cum</strong></span> <span class='ocrx_word' id='word_1_580' title='bbox 2373 3999 2456 4053; x_wconf 89' lang='lat' dir='ltr'><strong>his</strong></span> <span class='ocrx_word' id='word_1_581' title='bbox 2505 3999 2670 4069; x_wconf 88' lang='lat' dir='ltr'><strong>igitur</strong></span> <span class='ocrx_word' id='word_1_582' title='bbox 2710 3999 2958 4054; x_wconf 87' lang='lat' dir='ltr'><strong>omnibus</strong></span> <span class='ocrx_word' id='word_1_583' title='bbox 3010 3987 3256 4070; x_wconf 84' lang='lat' dir='ltr'><strong>superius</strong></span> <span class='ocrx_word' id='word_1_584' title='bbox 3307 4004 3598 4060; x_wconf 87' lang='lat' dir='ltr'><strong>nominatis</strong></span> <span class='ocrx_word' id='word_1_585' title='bbox 3642 4003 3751 4058; x_wconf 80' lang='lat' dir='ltr'><strong>Ro-</strong></span> 
     </span>
    </p>
   </div>
   <div class='ocr_carea' id='block_1_85' title="bbox 2176 4077 3748 4162">
    <p class='ocr_par' dir='ltr' id='par_1_85' title="bbox 2176 4077 3748 4162">
     <span class='ocr_line' id='line_1_86' title="bbox 2176 4077 3748 4162; baseline 0.003 -19"><span class='ocrx_word' id='word_1_586' title='bbox 2176 4089 2424 4143; x_wconf 88' lang='lat' dir='ltr'><strong>mualdus</strong></span> <span class='ocrx_word' id='word_1_587' title='bbox 2453 4089 2520 4143; x_wconf 87' lang='lat' dir='ltr'><strong>ad</strong></span> <span class='ocrx_word' id='word_1_588' title='bbox 2562 4089 2809 4156; x_wconf 82' lang='lat' dir='ltr'><strong>Pereum,</strong></span> <span class='ocrx_word' id='word_1_589' title='bbox 2837 4090 2928 4145; x_wconf 91' lang='lat' dir='ltr'><strong>ubi</strong></span> <span class='ocrx_word' id='word_1_590' title='bbox 2955 4090 3152 4147; x_wconf 90' lang='lat' dir='ltr'><strong>dudum</strong></span> <span class='ocrx_word' id='word_1_591' title='bbox 3194 4093 3548 4161; x_wconf 84' lang='lat' dir='ltr'><strong>habitaverat,</strong></span> <span class='ocrx_word' id='word_1_592' title='bbox 3573 4077 3748 4162; x_wconf 85' lang='lat' dir='ltr'><strong>rediit,</strong></span> 
     </span>
    </p>
   </div>
   <div class='ocr_carea' id='block_1_86' title="bbox 2178 4178 3753 4255">
    <p class='ocr_par' dir='ltr' id='par_1_86' title="bbox 2178 4178 3753 4255">
     <span class='ocr_line' id='line_1_87' title="bbox 2178 4178 3753 4255; baseline 0.003 -22"><span class='ocrx_word' id='word_1_593' title='bbox 2178 4180 2359 4249; x_wconf 87' lang='lat' dir='ltr'><strong>ibique</strong></span> <span class='ocrx_word' id='word_1_594' title='bbox 2381 4178 2632 4248; x_wconf 86' lang='lat' dir='ltr'><strong>denique,</strong></span> <span class='ocrx_word' id='word_1_595' title='bbox 2665 4180 2748 4235; x_wconf 91' lang='lat' dir='ltr'><strong>his</strong></span> <span class='ocrx_word' id='word_1_596' title='bbox 2775 4189 2829 4234; x_wconf 91' lang='lat' dir='ltr'><strong>et</strong></span> <span class='ocrx_word' id='word_1_597' title='bbox 2852 4180 2972 4236; x_wconf 86' lang='lat' dir='ltr'><strong>aliis</strong></span> <span class='ocrx_word' id='word_1_598' title='bbox 2999 4181 3180 4235; x_wconf 90' lang='lat' dir='ltr'><strong>multis</strong></span> <span class='ocrx_word' id='word_1_599' title='bbox 3211 4181 3465 4238; x_wconf 89' lang='lat' dir='ltr'><strong>fratribus</strong></span> <span class='ocrx_word' id='word_1_600' title='bbox 3493 4199 3753 4255; x_wconf 84' lang='lat' dir='ltr'><strong>aggrega-</strong></span> 
     </span>
    </p>
   </div>
   <div class='ocr_carea' id='block_1_87' title="bbox 2181 4268 3752 4341">
    <p class='ocr_par' dir='ltr' id='par_1_87' title="bbox 2181 4268 3752 4341">
     <span class='ocr_line' id='line_1_88' title="bbox 2181 4268 3752 4341; baseline 0.006 -19"><span class='ocrx_word' id='word_1_601' title='bbox 2181 4268 2248 4322; x_wconf 89' lang='lat' dir='ltr'><strong>tis</strong></span> <span class='ocrx_word' id='word_1_602' title='bbox 2279 4278 2334 4323; x_wconf 90' lang='lat' dir='ltr'><strong>et</strong></span> <span class='ocrx_word' id='word_1_603' title='bbox 2371 4283 2468 4338; x_wconf 90' lang='lat' dir='ltr'><strong>per</strong></span> <span class='ocrx_word' id='word_1_604' title='bbox 2509 4269 2674 4324; x_wconf 90' lang='lat' dir='ltr'><strong>cellas</strong></span> <span class='ocrx_word' id='word_1_605' title='bbox 2714 4270 2950 4340; x_wconf 85' lang='lat' dir='ltr'><strong>singulas</strong></span> <span class='ocrx_word' id='word_1_606' title='bbox 2987 4272 3317 4341; x_wconf 85' lang='lat' dir='ltr'><strong>constitutis,</strong></span> <span class='ocrx_word' id='word_1_607' title='bbox 3351 4283 3499 4329; x_wconf 89' lang='lat' dir='ltr'><strong>tanto</strong></span> <span class='ocrx_word' id='word_1_608' title='bbox 3538 4274 3752 4332; x_wconf 89' lang='lat' dir='ltr'><strong>fervore</strong></span> 
     </span>
    </p>
   </div>
   <div class='ocr_carea' id='block_1_88' title="bbox 2179 4363 3750 4434">
    <p class='ocr_par' dir='ltr' id='par_1_88' title="bbox 2179 4363 3750 4434">
     <span class='ocr_line' id='line_1_89' title="bbox 2179 4363 3750 4434; baseline 0.003 -16"><span class='ocrx_word' id='word_1_609' title='bbox 2179 4363 2469 4418; x_wconf 67' lang='lat' dir='ltr'><strong>eremiticze</strong></span> <span class='ocrx_word' id='word_1_610' title='bbox 2515 4364 2937 4418; x_wconf 89' lang='lat' dir='ltr'><strong>conversationis</strong></span> <span class='ocrx_word' id='word_1_611' title='bbox 2980 4365 3211 4434; x_wconf 88' lang='lat' dir='ltr'><strong>rigorem</strong></span> <span class='ocrx_word' id='word_1_612' title='bbox 3260 4373 3313 4419; x_wconf 89' lang='lat' dir='ltr'><strong>et</strong></span> <span class='ocrx_word' id='word_1_613' title='bbox 3361 4367 3416 4422; x_wconf 93' lang='lat' dir='ltr'><strong>in</strong></span> <span class='ocrx_word' id='word_1_614' title='bbox 3473 4382 3532 4422; x_wconf 89' lang='lat' dir='ltr'><strong>se</strong></span> <span class='ocrx_word' id='word_1_615' title='bbox 3577 4376 3632 4422; x_wconf 91' lang='lat' dir='ltr'><strong>et</strong></span> <span class='ocrx_word' id='word_1_616' title='bbox 3694 4369 3750 4423; x_wconf 90' lang='lat' dir='ltr'><strong>in</strong></span> 
     </span>
    </p>
   </div>
   <div class='ocr_carea' id='block_1_89' title="bbox 2182 4452 3751 4526">
    <p class='ocr_par' dir='ltr' id='par_1_89' title="bbox 2182 4452 3751 4526">
     <span class='ocr_line' id='line_1_90' title="bbox 2182 4452 3751 4526; baseline 0.004 -20"><span class='ocrx_word' id='word_1_617' title='bbox 2182 4452 2302 4508; x_wconf 90' lang='lat' dir='ltr'><strong>aliis</strong></span> <span class='ocrx_word' id='word_1_618' title='bbox 2331 4453 2519 4518; x_wconf 87' lang='lat' dir='ltr'><strong>tenuit,</strong></span> <span class='ocrx_word' id='word_1_619' title='bbox 2550 4460 2609 4506; x_wconf 90' lang='lat' dir='ltr'><strong>ut</strong></span> <span class='ocrx_word' id='word_1_620' title='bbox 2648 4452 2858 4508; x_wconf 91' lang='lat' dir='ltr'><strong>illorum</strong></span> <span class='ocrx_word' id='word_1_621' title='bbox 2888 4452 2998 4507; x_wconf 88' lang='lat' dir='ltr'><strong>vita</strong></span> <span class='ocrx_word' id='word_1_622' title='bbox 3048 4455 3297 4510; x_wconf 91' lang='lat' dir='ltr'><strong>omnibus</strong></span> <span class='ocrx_word' id='word_1_623' title='bbox 3341 4456 3408 4510; x_wconf 89' lang='lat' dir='ltr'><strong>ad</strong></span> <span class='ocrx_word' id='word_1_624' title='bbox 3443 4469 3579 4526; x_wconf 90' lang='lat' dir='ltr'><strong>quos</strong></span> <span class='ocrx_word' id='word_1_625' title='bbox 3609 4456 3751 4512; x_wconf 89' lang='lat' dir='ltr'><strong>fama</strong></span> 
     </span>
    </p>
   </div>
   <div class='ocr_carea' id='block_1_90' title="bbox 514 4535 3749 4616">
    <p class='ocr_par' dir='ltr' id='par_1_90' title="bbox 514 4535 3749 4616">
     <span class='ocr_line' id='line_1_91' title="bbox 514 4535 3749 4616; baseline 0.002 -19"><span class='ocrx_word' id='word_1_626' title='bbox 514 4545 742 4598; x_wconf 79' lang='lat' dir='ltr'><strong>randum</strong></span> <span class='ocrx_word' id='word_1_627' title='bbox 775 4541 1077 4597; x_wconf 89' lang='lat' dir='ltr'><strong>securitatis</strong></span> <span class='ocrx_word' id='word_1_628' title='bbox 1099 4540 1371 4610; x_wconf 74' lang='lat' dir='ltr'><strong>praestitit,</strong></span> <span class='ocrx_word' id='word_1_629' title='bbox 1399 4549 1452 4594; x_wconf 88' lang='lat' dir='ltr'><strong>et</strong></span> <span class='ocrx_word' id='word_1_630' title='bbox 1478 4541 1548 4594; x_wconf 88' lang='lat' dir='ltr'><strong>ita</strong></span> <span class='ocrx_word' id='word_1_631' title='bbox 1580 4539 1668 4594; x_wconf 91' lang='lat' dir='ltr'><strong>ille</strong></span> <span class='ocrx_word' id='word_1_632' title='bbox 1697 4541 1968 4607; x_wconf 86' lang='lat' dir='ltr'><strong>deceptus,</strong></span> <span class='ocrx_word' id='word_1_633' title='bbox 1988 4541 2077 4595; x_wconf 86' lang='lat' dir='ltr'><strong>ad-</strong></span> <span class='ocrx_word' id='word_1_634' title='bbox 2111 4556 2156 4616; x_wconf 79' lang='grc' dir='ltr'><strong>ι)</strong></span> <span class='ocrx_word' id='word_1_635' title='bbox 2184 4542 2494 4596; x_wconf 88' lang='lat' dir='ltr'><strong>eorumdcm</strong></span> <span class='ocrx_word' id='word_1_636' title='bbox 2536 4541 2820 4611; x_wconf 87' lang='lat' dir='ltr'><strong>pervenire</strong></span> <span class='ocrx_word' id='word_1_637' title='bbox 2869 4551 3099 4612; x_wconf 90' lang='lat' dir='ltr'><strong>poterat,</strong></span> <span class='ocrx_word' id='word_1_638' title='bbox 3147 4544 3408 4600; x_wconf 90' lang='lat' dir='ltr'><strong>mirabilis</strong></span> <span class='ocrx_word' id='word_1_639' title='bbox 3445 4535 3749 4602; x_wconf 86' lang='lat' dir='ltr'><strong>haberetur.</strong></span> 
     </span>
    </p>
   </div>
   <div class='ocr_carea' id='block_1_91' title="bbox 514 4629 2079 4703">
    <p class='ocr_par' dir='ltr' id='par_1_91' title="bbox 514 4629 2079 4703">
     <span class='ocr_line' id='line_1_92' title="bbox 514 4629 2079 4703; baseline -0.003 -15"><span class='ocrx_word' id='word_1_640' title='bbox 514 4635 718 4692; x_wconf 88' lang='lat' dir='ltr'><strong>nitente</strong></span> <span class='ocrx_word' id='word_1_641' title='bbox 747 4646 899 4703; x_wconf 84' lang='lat' dir='ltr'><strong>papa</strong></span> <span class='ocrx_word' id='word_1_642' title='bbox 939 4630 1110 4701; x_wconf 68' lang='grc'><strong>(254),</strong></span> <span class='ocrx_word' id='word_1_643' title='bbox 1139 4631 1231 4700; x_wconf 91' lang='lat' dir='ltr'><strong>qui</strong></span> <span class='ocrx_word' id='word_1_644' title='bbox 1287 4629 1387 4684; x_wconf 91' lang='lat' dir='ltr'><strong>sibi</strong></span> <span class='ocrx_word' id='word_1_645' title='bbox 1440 4630 1689 4685; x_wconf 84' lang='lat' dir='ltr'><strong>inimicus</strong></span> <span class='ocrx_word' id='word_1_646' title='bbox 1729 4639 1877 4696; x_wconf 82' lang='lat' dir='ltr'><strong>erat,</strong></span> <span class='ocrx_word' id='word_1_647' title='bbox 1929 4631 2079 4699; x_wconf 91' lang='lat' dir='ltr'><strong>quasi</strong></span> 
     </span>
    </p>
   </div>
   <div class='ocr_carea' id='block_1_92' title="bbox 515 4718 2082 4794">
    <p class='ocr_par' dir='ltr' id='par_1_92' title="bbox 515 4718 2082 4794">
     <span class='ocr_line' id='line_1_93' title="bbox 515 4718 2082 4794; baseline -0.003 -16"><span class='ocrx_word' id='word_1_648' title='bbox 515 4718 640 4780; x_wconf 85' lang='lat' dir='ltr'><strong>reus</strong></span> <span class='ocrx_word' id='word_1_649' title='bbox 681 4725 976 4794; x_wconf 87' lang='lat' dir='ltr'><strong>majestatis</strong></span> <span class='ocrx_word' id='word_1_650' title='bbox 1003 4722 1285 4792; x_wconf 85' lang='lat' dir='ltr'><strong>capitalem</strong></span> <span class='ocrx_word' id='word_1_651' title='bbox 1323 4721 1645 4776; x_wconf 88' lang='lat' dir='ltr'><strong>sententiam</strong></span> <span class='ocrx_word' id='word_1_652' title='bbox 1689 4722 1869 4776; x_wconf 90' lang='lat' dir='ltr'><strong>subiit.</strong></span> <span class='ocrx_word' id='word_1_653' title='bbox 1919 4720 2082 4788; x_wconf 89' lang='lat' dir='ltr'><strong>Cujus</strong></span> 
     </span>
    </p>
   </div>
   <div class='ocr_carea' id='block_1_93' title="bbox 518 4814 2081 4888">
    <p class='ocr_par' dir='ltr' id='par_1_93' title="bbox 518 4814 2081 4888">
     <span class='ocr_line' id='line_1_94' title="bbox 518 4814 2081 4888; baseline -0.001 -19"><span class='ocrx_word' id='word_1_654' title='bbox 518 4833 741 4873; x_wconf 84' lang='lat' dir='ltr'><strong>uxorem</strong></span> <span class='ocrx_word' id='word_1_655' title='bbox 782 4825 966 4888; x_wconf 90' lang='lat' dir='ltr'><strong>postea</strong></span> <span class='ocrx_word' id='word_1_656' title='bbox 1017 4817 1308 4887; x_wconf 88' lang='lat' dir='ltr'><strong>imperator</strong></span> <span class='ocrx_word' id='word_1_657' title='bbox 1358 4815 1410 4868; x_wconf 92' lang='lat' dir='ltr'><strong>in</strong></span> <span class='ocrx_word' id='word_1_658' title='bbox 1454 4814 1808 4869; x_wconf 90' lang='lat' dir='ltr'><strong>concubinam</strong></span> <span class='ocrx_word' id='word_1_659' title='bbox 1856 4816 2081 4884; x_wconf 89' lang='lat' dir='ltr'><strong>accepit.</strong></span> 
     </span>
    </p>
   </div>
   <div class='ocr_carea' id='block_1_94' title="bbox 517 4895 2082 4982">
    <p class='ocr_par' dir='ltr' id='par_1_94' title="bbox 517 4895 2082 4982">
     <span class='ocr_line' id='line_1_95' title="bbox 517 4895 2082 4982; baseline -0.003 -19"><span class='ocrx_word' id='word_1_660' title='bbox 517 4910 652 4977; x_wconf 83' lang='lat' dir='ltr'><strong>Quia</strong></span> <span class='ocrx_word' id='word_1_661' title='bbox 685 4910 844 4982; x_wconf 88' lang='lat' dir='ltr'><strong>igitur</strong></span> <span class='ocrx_word' id='word_1_662' title='bbox 872 4895 1127 4965; x_wconf 78' lang='lat' dir='ltr'><strong>Tammus</strong></span> <span class='ocrx_word' id='word_1_663' title='bbox 1147 4918 1197 4964; x_wconf 88' lang='lat' dir='ltr'><strong>et</strong></span> <span class='ocrx_word' id='word_1_664' title='bbox 1228 4907 1432 4964; x_wconf 89' lang='lat' dir='ltr'><strong>fraudis</strong></span> <span class='ocrx_word' id='word_1_665' title='bbox 1455 4909 1704 4963; x_wconf 90' lang='lat' dir='ltr'><strong>conscius</strong></span> <span class='ocrx_word' id='word_1_666' title='bbox 1747 4916 1819 4960; x_wconf 89' lang='lat' dir='ltr'><strong>et.</strong></span> <span class='ocrx_word' id='word_1_667' title='bbox 1849 4905 2082 4976; x_wconf 73' lang='lat' dir='ltr'><strong>periurio</strong></span> 
     </span>
    </p>
   </div>
   <div class='ocr_carea' id='block_1_95' title="bbox 520 4987 2081 5070">
    <p class='ocr_par' dir='ltr' id='par_1_95' title="bbox 520 4987 2081 5070">
     <span class='ocr_line' id='line_1_96' title="bbox 520 4987 2081 5070; baseline -0.003 -12"><span class='ocrx_word' id='word_1_668' title='bbox 520 5003 802 5059; x_wconf 85' lang='lat' dir='ltr'><strong>tenebatur</strong></span> <span class='ocrx_word' id='word_1_669' title='bbox 827 5002 1114 5068; x_wconf 83' lang='lat' dir='ltr'><strong>obnoxius,</strong></span> <span class='ocrx_word' id='word_1_670' title='bbox 1138 5001 1339 5057; x_wconf 87' lang='lat' dir='ltr'><strong>idcirco</strong></span> <span class='ocrx_word' id='word_1_671' title='bbox 1367 5015 1398 5055; x_wconf 87' lang='lat' dir='ltr'><strong>a</strong></span> <span class='ocrx_word' id='word_1_672' title='bbox 1424 5000 1582 5056; x_wconf 90' lang='lat' dir='ltr'><strong>beato</strong></span> <span class='ocrx_word' id='word_1_673' title='bbox 1622 4987 1919 5054; x_wconf 83' lang='lat' dir='ltr'><strong>Romualdo</strong></span> <span class='ocrx_word' id='word_1_674' title='bbox 1967 5000 2081 5070; x_wconf 88' lang='lat' dir='ltr'><strong>jus-</strong></span> 
     </span>
    </p>
   </div>
   <div class='ocr_carea' id='block_1_96' title="bbox 591 5151 2085 5228">
    <p class='ocr_par' dir='ltr' id='par_1_96' title="bbox 591 5151 2085 5228">
     <span class='ocr_line' id='line_1_97' title="bbox 591 5151 2085 5228; baseline -0.005 -16"><span class='ocrx_word' id='word_1_675' title='bbox 591 5155 736 5228; x_wconf 83' lang='grc'><strong>(252)</strong></span> <span class='ocrx_word' id='word_1_676' title='bbox 775 5153 1082 5228; x_wconf 60' lang='lat' dir='ltr'><strong>antisboni</strong></span> <span class='ocrx_word' id='word_1_677' title='bbox 1145 5154 1309 5228; x_wconf 84' lang='lat' dir='ltr'><strong>edit_i_o</strong></span> <span class='ocrx_word' id='word_1_678' title='bbox 1366 5154 1525 5208; x_wconf 90' lang='lat' dir='ltr'><strong>habet</strong></span> <span class='ocrx_word' id='word_1_679' title='bbox 1595 5151 1814 5228; x_wconf 68' lang='lat' dir='ltr'><strong>Tgmum</strong></span> <span class='ocrx_word' id='word_1_680' title='bbox 1873 5153 2085 5228; x_wconf 54' lang='lat' dir='ltr'><strong>nomine</strong></span> 
     </span>
    </p>
   </div>
   <div class='ocr_carea' id='block_1_97' title="bbox 520 5219 2085 5299">
    <p class='ocr_par' dir='ltr' id='par_1_97' title="bbox 520 5219 2085 5299">
     <span class='ocr_line' id='line_1_98' title="bbox 520 5219 2085 5299; baseline -0.005 -17"><span class='ocrx_word' id='word_1_681' title='bbox 520 5219 796 5299; x_wconf 64' lang='lat' dir='ltr'><strong>quemdam</strong></span> <span class='ocrx_word' id='word_1_682' title='bbox 821 5224 1204 5299; x_wconf 78' lang='lat' dir='ltr'><strong>1_‘_eutonicu_m._</strong></span> <span class='ocrx_word' id='word_1_683' title='bbox 1243 5223 1601 5299; x_wconf 68' lang='lat' dir='ltr'><strong>Hieronymus</strong></span> <span class='ocrx_word' id='word_1_684' title='bbox 1629 5220 1917 5292; x_wconf 87' lang='lat' dir='ltr'><strong>Pragensis</strong></span> <span class='ocrx_word' id='word_1_685' title='bbox 1949 5219 2085 5286; x_wconf 78' lang='lat' dir='ltr'><strong>Tha-</strong></span> 
     </span>
    </p>
   </div>
   <div class='ocr_carea' id='block_1_98' title="bbox 523 5292 2085 5366">
    <p class='ocr_par' dir='ltr' id='par_1_98' title="bbox 523 5292 2085 5366">
     <span class='ocr_line' id='line_1_99' title="bbox 523 5292 2085 5366; baseline -0.006 -16"><span class='ocrx_word' id='word_1_686' title='bbox 523 5292 666 5352; x_wconf 75' lang='lat' dir='ltr'><strong>nium</strong></span> <span class='ocrx_word' id='word_1_687' title='bbox 697 5295 927 5366; x_wconf 74' lang='lat' dir='ltr'><strong>appellnt</strong></span> <span class='ocrx_word' id='word_1_688' title='bbox 957 5301 1010 5366; x_wconf 79' lang='lat' dir='ltr'><strong>et</strong></span> <span class='ocrx_word' id='word_1_689' title='bbox 1037 5292 1568 5366; x_wconf 53' lang='grc' dir='ltr'><strong>ρζὶιιεὲριςιηλιξὶζὶιὶιιεἶ</strong></span> <span class='ocrx_word' id='word_1_690' title='bbox 1631 5359 1646 5366; x_wconf 86' lang='lat'><strong>_</strong></span> <span class='ocrx_word' id='word_1_691' title='bbox 1789 5359 1822 5366; x_wconf 89' lang='lat'><strong><em>_</em></strong></span> <span class='ocrx_word' id='word_1_692' title='bbox 2069 5345 2085 5366; x_wconf 15' lang='lat'><strong>_,</strong></span> 
     </span>
    </p>
   </div>
   <div class='ocr_carea' id='block_1_99' title="bbox 593 5359 2083 5437">
    <p class='ocr_par' dir='ltr' id='par_1_99' title="bbox 593 5359 2083 5437">
     <span class='ocr_line' id='line_1_100' title="bbox 593 5359 2083 5437; baseline -0.003 -18"><span class='ocrx_word' id='word_1_693' title='bbox 593 5359 746 5437; x_wconf 71' lang='grc'><strong>(255)</strong></span> <span class='ocrx_word' id='word_1_694' title='bbox 767 5359 857 5437; x_wconf 57' lang='grc' dir='ltr'><strong>ίῡθ</strong></span> <span class='ocrx_word' id='word_1_695' title='bbox 885 5359 1045 5437; x_wconf 67' lang='lat' dir='ltr'><strong>hujus</strong></span> <span class='ocrx_word' id='word_1_696' title='bbox 1067 5359 1603 5437; x_wconf 69' lang='lat' dir='ltr'><strong>CresCentiiliistoria</strong></span> <span class='ocrx_word' id='word_1_697' title='bbox 1631 5359 1758 5437; x_wconf 67' lang='lat' dir='ltr'><strong>lege</strong></span> <span class='ocrx_word' id='word_1_698' title='bbox 1787 5359 1980 5437; x_wconf 60' lang='lat' dir='ltr'><strong>Barea:</strong></span> <span class='ocrx_word' id='word_1_699' title='bbox 2018 5362 2083 5415; x_wconf 66' lang='lat' dir='ltr'><strong>ad</strong></span> 
     </span>
    </p>
   </div>
   <div class='ocr_carea' id='block_1_100' title="bbox 524 5428 2088 5501">
    <p class='ocr_par' dir='ltr' id='par_1_100' title="bbox 524 5428 2088 5501">
     <span class='ocr_line' id='line_1_101' title="bbox 524 5428 2088 5501; baseline -0.004 -13"><span class='ocrx_word' id='word_1_700' title='bbox 524 5428 648 5489; x_wconf 76' lang='lat' dir='ltr'><strong>ann.</strong></span> <span class='ocrx_word' id='word_1_701' title='bbox 677 5428 801 5497; x_wconf 76' lang='lat'><strong>996,</strong></span> <span class='ocrx_word' id='word_1_702' title='bbox 831 5451 884 5487; x_wconf 88' lang='grc' dir='ltr'><strong>ιι.</strong></span> <span class='ocrx_word' id='word_1_703' title='bbox 917 5428 968 5496; x_wconf 76' lang='lat'><strong>7,</strong></span> <span class='ocrx_word' id='word_1_704' title='bbox 1000 5445 1114 5501; x_wconf 88' lang='lat' dir='ltr'><strong>seq.</strong></span> <span class='ocrx_word' id='word_1_705' title='bbox 1146 5430 1344 5485; x_wconf 80' lang='lat' dir='ltr'><strong>Verum</strong></span> <span class='ocrx_word' id='word_1_706' title='bbox 1372 5428 1704 5501; x_wconf 51' lang='grc' dir='ltr'><strong>ΙτιιιιιιιιθιτιιιεΔ</strong></span> <span class='ocrx_word' id='word_1_707' title='bbox 1725 5429 2088 5501; x_wconf 75' lang='lat' dir='ltr'><strong>schafnabur-</strong></span> 
     </span>
    </p>
   </div>
   <div class='ocr_carea' id='block_1_101' title="bbox 560 5497 2087 5570">
    <p class='ocr_par' dir='ltr' id='par_1_101' title="bbox 560 5497 2087 5570">
     <span class='ocr_line' id='line_1_102' title="bbox 560 5497 2087 5570; baseline -0.005 -13"><span class='ocrx_word' id='word_1_708' title='bbox 560 5506 705 5558; x_wconf 90' lang='lat' dir='ltr'><strong>ensis</strong></span> <span class='ocrx_word' id='word_1_709' title='bbox 750 5497 1227 5570; x_wconf 50' lang='lat' dir='ltr'><strong>monachusfqui</strong></span> <span class='ocrx_word' id='word_1_710' title='bbox 1251 5499 1447 5570; x_wconf 64' lang='lat' dir='ltr'><strong>sgnculo</strong></span> <span class='ocrx_word' id='word_1_711' title='bbox 1493 5512 1549 5551; x_wconf 78' lang='grc' dir='ltr'><strong>ιι</strong></span> <span class='ocrx_word' id='word_1_712' title='bbox 1599 5497 1753 5570; x_wconf 84' lang='lat' dir='ltr'><strong>vixit,</strong></span> <span class='ocrx_word' id='word_1_713' title='bbox 1782 5499 1848 5570; x_wconf 73' lang='lat' dir='ltr'><strong>in</strong></span> <span class='ocrx_word' id='word_1_714' title='bbox 1891 5499 2087 5570; x_wconf 76' lang='lat' dir='ltr'><strong>Annal,</strong></span> 
     </span>
    </p>
   </div>
   <div class='ocr_carea' id='block_1_102' title="bbox 526 5520 2088 5692">
    <p class='ocr_par' dir='ltr' id='par_1_102' title="bbox 526 5520 2088 5692">
     <span class='ocr_line' id='line_1_103' title="bbox 560 5520 2087 5570; baseline -0.005 -13"><span class='ocrx_word' id='word_1_715' title='bbox 560 5520 705 5558; x_wconf 72' lang='lat' dir='ltr'><strong>CIISIS</strong></span> <span class='ocrx_word' id='word_1_716' title='bbox 750 5520 1062 5563; x_wconf 67' lang='lat' dir='ltr'><strong>IIIUIIilCIllIS,</strong></span> <span class='ocrx_word' id='word_1_717' title='bbox 1110 5520 1200 5570; x_wconf 66' lang='lat' dir='ltr'><strong>QUI</strong></span> <span class='ocrx_word' id='word_1_718' title='bbox 1253 5520 1447 5553; x_wconf 66' lang='grc'><strong>5³361110</strong></span> <span class='ocrx_word' id='word_1_719' title='bbox 1496 5520 1549 5551; x_wconf 75' lang='grc' dir='ltr'><strong>ιι</strong></span> <span class='ocrx_word' id='word_1_720' title='bbox 1602 5520 1753 5561; x_wconf 68' lang='lat' dir='ltr'><strong>VIIII,</strong></span> <span class='ocrx_word' id='word_1_721' title='bbox 1784 5520 1836 5552; x_wconf 90' lang='lat' dir='ltr'><strong>Ill</strong></span> <span class='ocrx_word' id='word_1_722' title='bbox 1891 5520 2087 5563; x_wconf 64' lang='lat' dir='ltr'><strong>Allllul,</strong></span> 
     </span>
     <span class='ocr_line' id='line_1_104' title="bbox 526 5520 2088 5692; baseline -0.004 -66"><span class='ocrx_word' id='word_1_723' title='bbox 526 5520 824 5692; x_wconf 51' lang='lat' dir='ltr'><strong>EeJmalniie</strong></span> <span class='ocrx_word' id='word_1_724' title='bbox 869 5571 936 5624; x_wconf 87' lang='lat' dir='ltr'><strong>ad</strong></span> <span class='ocrx_word' id='word_1_725' title='bbox 977 5585 1177 5624; x_wconf 90' lang='lat' dir='ltr'><strong>annum</strong></span> <span class='ocrx_word' id='word_1_726' title='bbox 1205 5567 1330 5632; x_wconf 88' lang='lat'><strong>998,</strong></span> <span class='ocrx_word' id='word_1_727' title='bbox 1361 5567 2088 5623; x_wconf 82' lang='lat' dir='ltr'><strong>Crescentiidecollationcm</strong></span> 
     </span>
     <span class='ocr_line' id='line_1_105' title="bbox 529 5655 754 5692; baseline 0 0"><span class='ocrx_word' id='word_1_728' title='bbox 529 5655 588 5692; x_wconf 90' lang='lat' dir='ltr'><strong>re</strong></span> <span class='ocrx_word' id='word_1_729' title='bbox 626 5657 706 5692; x_wconf 83' lang='lat' dir='ltr'><strong>UCI</strong></span> <span class='ocrx_word' id='word_1_730' title='bbox 739 5677 754 5692; x_wconf 83' lang='grc'><strong>.</strong></span> 
     </span>
    </p>
   </div>
   <div class='ocr_carea' id='block_1_103' title="bbox 529 5642 754 5694">
    <p class='ocr_par' dir='ltr' id='par_1_103' title="bbox 529 5642 754 5694">
     <span class='ocr_line' id='line_1_106' title="bbox 529 5642 754 5694; baseline -0.004 0"><span class='ocrx_word' id='word_1_731' title='bbox 529 5642 754 5694; x_wconf 88' lang='lat' dir='ltr'><strong>reducit.</strong></span> 
     </span>
    </p>
   </div>
   <div class='ocr_carea' id='block_1_104' title="bbox 598 5703 2090 5777">
    <p class='ocr_par' dir='ltr' id='par_1_104' title="bbox 598 5703 2090 5777">
     <span class='ocr_line' id='line_1_107' title="bbox 598 5703 2090 5777; baseline -0.001 -16"><span class='ocrx_word' id='word_1_732' title='bbox 598 5706 959 5777; x_wconf 66' lang='lat' dir='ltr'><strong>(254)Nempe</strong></span> <span class='ocrx_word' id='word_1_733' title='bbox 987 5704 1232 5777; x_wconf 80' lang='lat' dir='ltr'><strong>Gregorio</strong></span> <span class='ocrx_word' id='word_1_734' title='bbox 1259 5703 1650 5777; x_wconf 57' lang='lat' dir='ltr'><strong>“inperatoris</strong></span> <span class='ocrx_word' id='word_1_735' title='bbox 1673 5703 2090 5777; x_wconf 72' lang='lat' dir='ltr'><strong>consanguineo,</strong></span> 
     </span>
    </p>
   </div>
   <div class='ocr_carea' id='block_1_105' title="bbox 531 5774 2094 5844">
    <p class='ocr_par' dir='ltr' id='par_1_105' title="bbox 531 5774 2094 5844">
     <span class='ocr_line' id='line_1_108' title="bbox 531 5774 2094 5844; baseline -0.001 -13"><span class='ocrx_word' id='word_1_736' title='bbox 531 5774 615 5831; x_wconf 88' lang='lat' dir='ltr'><strong>cui</strong></span> <span class='ocrx_word' id='word_1_737' title='bbox 669 5793 705 5830; x_wconf 86' lang='lat' dir='ltr'><strong>a~</strong></span> <span class='ocrx_word' id='word_1_738' title='bbox 747 5774 1058 5831; x_wconf 72' lang='lat' dir='ltr'><strong>Crescentio</strong></span> <span class='ocrx_word' id='word_1_739' title='bbox 1091 5774 1598 5844; x_wconf 31' lang='lat' dir='ltr'><strong>&#39;opposltus’fuerat</strong></span> <span class='ocrx_word' id='word_1_740' title='bbox 1639 5774 1899 5844; x_wconf 48' lang='lat' dir='ltr'><strong>antipapa‘</strong></span> <span class='ocrx_word' id='word_1_741' title='bbox 1932 5774 2094 5829; x_wconf 77' lang='lat' dir='ltr'><strong>Joan-</strong></span> 
     </span>
    </p>
   </div>
   <div class='ocr_carea' id='block_1_106' title="bbox 2185 4631 3752 4699">
    <p class='ocr_par' dir='ltr' id='par_1_106' title="bbox 2185 4631 3752 4699">
     <span class='ocr_line' id='line_1_109' title="bbox 2185 4631 3752 4699; baseline 0.005 -15"><span class='ocrx_word' id='word_1_742' title='bbox 2185 4631 2316 4698; x_wconf 89' lang='lat' dir='ltr'><strong>Quis</strong></span> <span class='ocrx_word' id='word_1_743' title='bbox 2355 4632 2498 4686; x_wconf 87' lang='lat' dir='ltr'><strong>enim</strong></span> <span class='ocrx_word' id='word_1_744' title='bbox 2543 4647 2647 4685; x_wconf 85' lang='lat' dir='ltr'><strong>non</strong></span> <span class='ocrx_word' id='word_1_745' title='bbox 2678 4631 3092 4699; x_wconf 87' lang='lat' dir='ltr'><strong>obtupesceret?</strong></span> <span class='ocrx_word' id='word_1_746' title='bbox 3121 4633 3251 4699; x_wconf 85' lang='lat' dir='ltr'><strong>Quis</strong></span> <span class='ocrx_word' id='word_1_747' title='bbox 3286 4649 3388 4688; x_wconf 90' lang='lat' dir='ltr'><strong>non</strong></span> <span class='ocrx_word' id='word_1_748' title='bbox 3421 4635 3752 4692; x_wconf 80' lang='lat' dir='ltr'><strong>immutatio-</strong></span> 
     </span>
    </p>
   </div>
   <div class='ocr_carea' id='block_1_107' title="bbox 2185 4719 3758 4796">
    <p class='ocr_par' dir='ltr' id='par_1_107' title="bbox 2185 4719 3758 4796">
     <span class='ocr_line' id='line_1_110' title="bbox 2185 4719 3758 4796; baseline 0.006 -23"><span class='ocrx_word' id='word_1_749' title='bbox 2185 4734 2306 4776; x_wconf 91' lang='lat' dir='ltr'><strong>nem</strong></span> <span class='ocrx_word' id='word_1_750' title='bbox 2338 4720 2532 4775; x_wconf 67' lang='lat' dir='ltr'><strong>divinae</strong></span> <span class='ocrx_word' id='word_1_751' title='bbox 2557 4720 2792 4774; x_wconf 70' lang='lat' dir='ltr'><strong>dextera:</strong></span> <span class='ocrx_word' id='word_1_752' title='bbox 2819 4719 3160 4790; x_wconf 71' lang='lat' dir='ltr'><strong>praedicaret,</strong></span> <span class='ocrx_word' id='word_1_753' title='bbox 3193 4737 3312 4776; x_wconf 91' lang='lat' dir='ltr'><strong>cum</strong></span> <span class='ocrx_word' id='word_1_754' title='bbox 3357 4723 3579 4780; x_wconf 89' lang='lat' dir='ltr'><strong>vidisset</strong></span> <span class='ocrx_word' id='word_1_755' title='bbox 3607 4728 3758 4796; x_wconf 90' lang='lat' dir='ltr'><strong>prius</strong></span> 
     </span>
    </p>
   </div>
   <div class='ocr_carea' id='block_1_108' title="bbox 2185 4809 3758 4898">
    <p class='ocr_par' dir='ltr' id='par_1_108' title="bbox 2185 4809 3758 4898">
     <span class='ocr_line' id='line_1_111' title="bbox 2185 4809 3758 4898; baseline 0.003 -31"><span class='ocrx_word' id='word_1_756' title='bbox 2185 4809 2431 4898; x_wconf 65' lang='lat' dir='ltr'><strong>homines</strong></span> <span class='ocrx_word' id='word_1_757' title='bbox 2451 4811 2654 4872; x_wconf 85' lang='lat' dir='ltr'><strong>sericis,</strong></span> <span class='ocrx_word' id='word_1_758' title='bbox 2688 4812 2796 4866; x_wconf 88' lang='lat' dir='ltr'><strong>imo</strong></span> <span class='ocrx_word' id='word_1_759' title='bbox 2824 4811 3094 4868; x_wconf 86' lang='lat' dir='ltr'><strong>deauratis</strong></span> <span class='ocrx_word' id='word_1_760' title='bbox 3121 4817 3356 4872; x_wconf 87' lang='lat' dir='ltr'><strong>vestibus</strong></span> <span class='ocrx_word' id='word_1_761' title='bbox 3375 4816 3615 4886; x_wconf 83' lang='lat' dir='ltr'><strong>indutos,</strong></span> <span class='ocrx_word' id='word_1_762' title='bbox 3638 4834 3758 4873; x_wconf 86' lang='lat' dir='ltr'><strong>cre-</strong></span> 
     </span>
    </p>
   </div>
   <div class='ocr_carea' id='block_1_109' title="bbox 2184 4901 3751 4975">
    <p class='ocr_par' dir='ltr' id='par_1_109' title="bbox 2184 4901 3751 4975">
     <span class='ocr_line' id='line_1_112' title="bbox 2184 4901 3751 4975; baseline 0.003 -18"><span class='ocrx_word' id='word_1_763' title='bbox 2184 4901 2749 4972; x_wconf 70' lang='lat' dir='ltr'><strong>bris-obsequentium</strong></span> <span class='ocrx_word' id='word_1_764' title='bbox 2771 4904 2960 4958; x_wconf 89' lang='lat' dir='ltr'><strong>cuneis</strong></span> <span class='ocrx_word' id='word_1_765' title='bbox 2991 4906 3343 4975; x_wconf 84' lang='lat' dir='ltr'><strong>constipatos,</strong></span> <span class='ocrx_word' id='word_1_766' title='bbox 3385 4908 3624 4961; x_wconf 87' lang='lat' dir='ltr'><strong>omnium</strong></span> <span class='ocrx_word' id='word_1_767' title='bbox 3653 4909 3751 4962; x_wconf 86' lang='lat' dir='ltr'><strong>de-</strong></span> 
     </span>
    </p>
   </div>
   <div class='ocr_carea' id='block_1_110' title="bbox 2188 4991 3755 5061">
    <p class='ocr_par' dir='ltr' id='par_1_110' title="bbox 2188 4991 3755 5061">
     <span class='ocr_line' id='line_1_113' title="bbox 2188 4991 3755 5061; baseline 0.005 -17"><span class='ocrx_word' id='word_1_768' title='bbox 2188 4991 2434 5047; x_wconf 88' lang='lat' dir='ltr'><strong>liciarum</strong></span> <span class='ocrx_word' id='word_1_769' title='bbox 2463 4991 2745 5047; x_wconf 89' lang='lat' dir='ltr'><strong>allluentiis</strong></span> <span class='ocrx_word' id='word_1_770' title='bbox 2773 5003 3050 5061; x_wconf 88' lang='lat' dir='ltr'><strong>assuetos;</strong></span> <span class='ocrx_word' id='word_1_771' title='bbox 3086 5010 3228 5050; x_wconf 90' lang='lat' dir='ltr'><strong>nunc</strong></span> <span class='ocrx_word' id='word_1_772' title='bbox 3253 5011 3346 5052; x_wconf 91' lang='lat' dir='ltr'><strong>eos</strong></span> <span class='ocrx_word' id='word_1_773' title='bbox 3380 5005 3632 5052; x_wconf 85' lang='lat' dir='ltr'><strong>cerneret</strong></span> <span class='ocrx_word' id='word_1_774' title='bbox 3650 5012 3755 5052; x_wconf 87' lang='lat' dir='ltr'><strong>uno</strong></span> 
     </span>
    </p>
   </div>
   <div class='ocr_carea' id='block_1_111' title="bbox 2190 5142 3334 5215">
    <p class='ocr_par' dir='ltr' id='par_1_111' title="bbox 2190 5142 3334 5215">
     <span class='ocr_line' id='line_1_114' title="bbox 2190 5142 3334 5215; baseline 0.004 -18"><span class='ocrx_word' id='word_1_775' title='bbox 2190 5142 2451 5215; x_wconf 46' lang='lat' dir='ltr'><strong>tiesjyl,</strong></span> <span class='ocrx_word' id='word_1_776' title='bbox 2469 5153 2630 5215; x_wconf 80' lang='lat' dir='ltr'><strong>antea</strong></span> <span class='ocrx_word' id='word_1_777' title='bbox 2658 5142 2943 5215; x_wconf 84' lang='lat' dir='ltr'><strong>episcopus</strong></span> <span class='ocrx_word' id='word_1_778' title='bbox 2970 5145 3334 5203; x_wconf 86' lang='lat' dir='ltr'><strong>Placentinus.</strong></span> 
     </span>
    </p>
   </div>
   <div class='ocr_carea' id='block_1_112' title="bbox 2265 5212 3565 5285">
    <p class='ocr_par' dir='ltr' id='par_1_112' title="bbox 2265 5212 3565 5285">
     <span class='ocr_line' id='line_1_115' title="bbox 2265 5212 3565 5285; baseline 0.005 -19"><span class='ocrx_word' id='word_1_779' title='bbox 2265 5212 2420 5282; x_wconf 76' lang='lat'><strong>(255)</strong></span> <span class='ocrx_word' id='word_1_780' title='bbox 2462 5214 2535 5276; x_wconf 76' lang='lat' dir='ltr'><strong>be</strong></span> <span class='ocrx_word' id='word_1_781' title='bbox 2564 5215 2669 5268; x_wconf 87' lang='lat' dir='ltr'><strong>situ</strong></span> <span class='ocrx_word' id='word_1_782' title='bbox 2691 5212 2860 5285; x_wconf 73' lang='lat' dir='ltr'><strong>hujus</strong></span> <span class='ocrx_word' id='word_1_783' title='bbox 2882 5216 3031 5270; x_wconf 88' lang='lat' dir='ltr'><strong>canit</strong></span> <span class='ocrx_word' id='word_1_784' title='bbox 3055 5215 3302 5272; x_wconf 88' lang='lat' dir='ltr'><strong>Lucanus</strong></span> <span class='ocrx_word' id='word_1_785' title='bbox 3331 5219 3470 5272; x_wconf 90' lang='lat' dir='ltr'><strong>libro</strong></span> <span class='ocrx_word' id='word_1_786' title='bbox 3495 5234 3526 5270; x_wconf 87' lang='lat' dir='ltr'><strong>v</strong></span> <span class='ocrx_word' id='word_1_787' title='bbox 3551 5237 3565 5272; x_wconf 90' lang='lat'><strong>:</strong></span> 
     </span>
    </p>
   </div>
   <div class='ocr_carea' id='block_1_113' title="bbox 2341 5289 3479 5354">
    <p class='ocr_par' dir='ltr' id='par_1_113' title="bbox 2341 5289 3479 5354">
     <span class='ocr_line' id='line_1_116' title="bbox 2341 5289 3479 5354; baseline 0.006 -17"><span class='ocrx_word' id='word_1_788' title='bbox 2341 5289 2561 5352; x_wconf 79' lang='lat' dir='ltr'><strong>Appulus</strong></span> <span class='ocrx_word' id='word_1_789' title='bbox 2583 5291 2810 5341; x_wconf 80' lang='lat' dir='ltr'><strong>Adriacas</strong></span> <span class='ocrx_word' id='word_1_790' title='bbox 2832 5295 2936 5342; x_wconf 86' lang='lat' dir='ltr'><strong>exit</strong></span> <span class='ocrx_word' id='word_1_791' title='bbox 2961 5293 3216 5354; x_wconf 78' lang='lat' dir='ltr'><strong>Garganus</strong></span> <span class='ocrx_word' id='word_1_792' title='bbox 3237 5295 3287 5343; x_wconf 90' lang='lat' dir='ltr'><strong>iu</strong></span> <span class='ocrx_word' id='word_1_793' title='bbox 3311 5297 3479 5346; x_wconf 84' lang='lat' dir='ltr'><strong>undas.</strong></span> 
     </span>
    </p>
   </div>
   <div class='ocr_carea' id='block_1_114' title="bbox 2260 5360 3758 5446">
    <p class='ocr_par' dir='ltr' id='par_1_114' title="bbox 2260 5360 3758 5446">
     <span class='ocr_line' id='line_1_117' title="bbox 2260 5360 3758 5446; baseline 0.005 -32"><span class='ocrx_word' id='word_1_794' title='bbox 2260 5360 2407 5433; x_wconf 79' lang='grc'><strong>(256)</strong></span> <span class='ocrx_word' id='word_1_795' title='bbox 2428 5362 2535 5444; x_wconf 46' lang='lat' dir='ltr'><strong>.Hic</strong></span> <span class='ocrx_word' id='word_1_796' title='bbox 2560 5363 3034 5446; x_wconf 52' lang='lat' dir='ltr'><strong>divuslionifacius</strong></span> <span class='ocrx_word' id='word_1_797' title='bbox 3057 5365 3355 5446; x_wconf 78' lang='lat' dir='ltr'><strong>ipsissimus</strong></span> <span class='ocrx_word' id='word_1_798' title='bbox 3373 5377 3455 5446; x_wconf 65' lang='lat' dir='ltr'><strong>est</strong></span> <span class='ocrx_word' id='word_1_799' title='bbox 3475 5367 3532 5446; x_wconf 63' lang='grc' dir='ltr'><strong>ξ.</strong></span> <span class='ocrx_word' id='word_1_800' title='bbox 3559 5366 3758 5446; x_wconf 62' lang='lat' dir='ltr'><strong>Brinno,</strong></span> 
     </span>
    </p>
   </div>
   <div class='ocr_carea' id='block_1_115' title="bbox 2195 5429 3755 5504">
    <p class='ocr_par' dir='ltr' id='par_1_115' title="bbox 2195 5429 3755 5504">
     <span class='ocr_line' id='line_1_118' title="bbox 2195 5429 3755 5504; baseline 0.006 -21"><span class='ocrx_word' id='word_1_801' title='bbox 2195 5429 2400 5504; x_wconf 56' lang='lat' dir='ltr'><strong>dequo</strong></span> <span class='ocrx_word' id='word_1_802' title='bbox 2427 5433 2828 5504; x_wconf 77' lang='lat' dir='ltr'><strong>in__monastico</strong></span> <span class='ocrx_word' id='word_1_803' title='bbox 2857 5429 3128 5488; x_wconf 84' lang='lat' dir='ltr'><strong>Breviario</strong></span> <span class='ocrx_word' id='word_1_804' title='bbox 3169 5433 3348 5504; x_wconf 86' lang='lat' dir='ltr'><strong>agitur</strong></span> <span class='ocrx_word' id='word_1_805' title='bbox 3391 5435 3454 5490; x_wconf 85' lang='grc'><strong>15</strong></span> <span class='ocrx_word' id='word_1_806' title='bbox 3482 5429 3755 5492; x_wconf 76' lang='lat' dir='ltr'><strong>Octobris.</strong></span> 
     </span>
    </p>
   </div>
   <div class='ocr_carea' id='block_1_116' title="bbox 2197 5495 3756 5572">
    <p class='ocr_par' dir='ltr' id='par_1_116' title="bbox 2197 5495 3756 5572">
     <span class='ocr_line' id='line_1_119' title="bbox 2197 5495 3756 5572; baseline 0.005 -22"><span class='ocrx_word' id='word_1_807' title='bbox 2197 5495 2466 5572; x_wconf 56' lang='lat' dir='ltr'><strong>Videntlus</strong></span> <span class='ocrx_word' id='word_1_808' title='bbox 2487 5500 2824 5572; x_wconf 83' lang='lat' dir='ltr'><strong>Mabillonius</strong></span> <span class='ocrx_word' id='word_1_809' title='bbox 2853 5517 2975 5555; x_wconf 67' lang='lat' dir='ltr'><strong>saec.</strong></span> <span class='ocrx_word' id='word_1_810' title='bbox 3003 5517 3076 5567; x_wconf 80' lang='lat' dir='ltr'><strong>Vt,</strong></span> <span class='ocrx_word' id='word_1_811' title='bbox 3103 5517 3154 5572; x_wconf 89' lang='lat' dir='ltr'><strong>p.</strong></span> <span class='ocrx_word' id='word_1_812' title='bbox 3185 5495 3235 5565; x_wconf 47' lang='lat' dir='ltr'><strong>Iv,</strong></span> <span class='ocrx_word' id='word_1_813' title='bbox 3265 5505 3331 5572; x_wconf 78' lang='lat' dir='ltr'><strong>ad</strong></span> <span class='ocrx_word' id='word_1_814' title='bbox 3363 5519 3562 5558; x_wconf 86' lang='lat' dir='ltr'><strong>annum</strong></span> <span class='ocrx_word' id='word_1_815' title='bbox 3587 5504 3756 5570; x_wconf 69' lang='lat'><strong>1009;</strong></span> 
     </span>
    </p>
   </div>
   <div class='ocr_carea' id='block_1_117' title="bbox 2194 5542 3759 5649">
    <p class='ocr_par' dir='ltr' id='par_1_117' title="bbox 2194 5542 3759 5649">
     <span class='ocr_line' id='line_1_120' title="bbox 2194 5542 3759 5649; baseline 0.004 -28"><span class='ocrx_word' id='word_1_816' title='bbox 2194 5577 2249 5649; x_wconf 72' lang='lat' dir='ltr'><strong>et</strong></span> <span class='ocrx_word' id='word_1_817' title='bbox 2293 5568 2422 5649; x_wconf 65' lang='lat' dir='ltr'><strong>inde</strong></span> <span class='ocrx_word' id='word_1_818' title='bbox 2463 5571 2880 5649; x_wconf 68' lang='lat' dir='ltr'><strong>commentarius</strong></span> <span class='ocrx_word' id='word_1_819' title='bbox 2933 5542 3377 5649; x_wconf 53' lang='lat' dir='ltr'><strong>novusrCo’nradi</strong></span> <span class='ocrx_word' id='word_1_820' title='bbox 3425 5542 3759 5649; x_wconf 63' lang='lat' dir='ltr'><strong>J_aniiingiin</strong></span> 
     </span>
    </p>
   </div>
   <div class='ocr_carea' id='block_1_118' title="bbox 2194 5636 3501 5712">
    <p class='ocr_par' dir='ltr' id='par_1_118' title="bbox 2194 5636 3501 5712">
     <span class='ocr_line' id='line_1_121' title="bbox 2194 5636 3501 5712; baseline 0.005 -23"><span class='ocrx_word' id='word_1_821' title='bbox 2194 5636 2751 5712; x_wconf 53' lang='lat' dir='ltr'><strong>Junjoﬁoflartdiano,</strong></span> <span class='ocrx_word' id='word_1_822' title='bbox 2779 5649 2905 5692; x_wconf 91' lang='lat' dir='ltr'><strong>tom.</strong></span> <span class='ocrx_word' id='word_1_823' title='bbox 2939 5639 3024 5712; x_wconf 61' lang='lat' dir='ltr'><strong>YI,</strong></span> <span class='ocrx_word' id='word_1_824' title='bbox 3048 5650 3186 5712; x_wconf 77' lang='lat' dir='ltr'><strong>part.</strong></span> <span class='ocrx_word' id='word_1_825' title='bbox 3216 5657 3257 5704; x_wconf 86' lang='grc' dir='ltr'><strong>ι,</strong></span> <span class='ocrx_word' id='word_1_826' title='bbox 3289 5656 3409 5712; x_wconf 82' lang='lat' dir='ltr'><strong>pag.</strong></span> <span class='ocrx_word' id='word_1_827' title='bbox 3436 5643 3501 5696; x_wconf 78' lang='grc'><strong>27</strong></span> 
     </span>
    </p>
   </div>
   <div class='ocr_carea' id='block_1_119' title="bbox 2267 5703 3762 5779">
    <p class='ocr_par' dir='ltr' id='par_1_119' title="bbox 2267 5703 3762 5779">
     <span class='ocr_line' id='line_1_122' title="bbox 2267 5703 3762 5779; baseline 0.004 -20"><span class='ocrx_word' id='word_1_828' title='bbox 2267 5703 2416 5779; x_wconf 81' lang='grc'><strong>(257)</strong></span> <span class='ocrx_word' id='word_1_829' title='bbox 2452 5705 2708 5779; x_wconf 77' lang='lat' dir='ltr'><strong>Vaticano</strong></span> <span class='ocrx_word' id='word_1_830' title='bbox 2736 5703 2802 5761; x_wconf 46' lang='lat' dir='ltr'><strong>&#39;in</strong></span> <span class='ocrx_word' id='word_1_831' title='bbox 2859 5703 3258 5779; x_wconf 48' lang='lat' dir='ltr'><strong>codice&#39;legitur</strong></span> <span class='ocrx_word' id='word_1_832' title='bbox 3279 5703 3548 5774; x_wconf 70' lang='lat' dir='ltr'><strong>Bliismvi;</strong></span> <span class='ocrx_word' id='word_1_833' title='bbox 3578 5726 3762 5765; x_wconf 84' lang='lat' dir='ltr'><strong>verum</strong></span> 
     </span>
    </p>
   </div>
   <div class='ocr_carea' id='block_1_120' title="bbox 2198 5776 3652 5856">
    <p class='ocr_par' dir='ltr' id='par_1_120' title="bbox 2198 5776 3652 5856">
     <span class='ocr_line' id='line_1_123' title="bbox 2198 5776 3652 5856; baseline 0.001 -26"><span class='ocrx_word' id='word_1_834' title='bbox 2198 5776 2514 5830; x_wconf 82' lang='lat' dir='ltr'><strong>mendosum</strong></span> <span class='ocrx_word' id='word_1_835' title='bbox 2555 5778 2655 5830; x_wconf 91' lang='lat' dir='ltr'><strong>hoc</strong></span> <span class='ocrx_word' id='word_1_836' title='bbox 2691 5793 2882 5832; x_wconf 85' lang='lat' dir='ltr'><strong>nomen</strong></span> <span class='ocrx_word' id='word_1_837' title='bbox 2918 5793 3038 5832; x_wconf 82' lang='lat' dir='ltr'><strong>csse</strong></span> <span class='ocrx_word' id='word_1_838' title='bbox 3074 5776 3315 5856; x_wconf 79' lang='lat' dir='ltr'><strong>notinulli</strong></span> <span class='ocrx_word' id='word_1_839' title='bbox 3353 5789 3652 5834; x_wconf 86' lang='lat' dir='ltr'><strong>autumant.</strong></span> 
     </span>
    </p>
   </div>
  </div>
