4118 6516
418 157 524 215 979

845 174 902 231 5.
935 176 1134 234 PETRI
1177 179 1460 243 DAMIANI
1495 182 1646 239 OPP.
1672 184 1849 238 PARS
1889 179 2019 240 SEU
2055 183 2288 242 TOMUS
2329 187 2391 242 ll.
2435 218 2501 227 —
2545 188 2962 248 SANCTOBUM
3015 194 3218 250 VITIE.

3565 203 3669 260 980

418 291 672 343 astabant
699 296 886 356 stupdr
910 290 1196 363 oppressit,
1230 300 1287 344 ut
1316 291 1464 361 (262)
1491 294 1605 362 Suec
1637 294 1860 360 sentire,
1893 310 1990 348 nec
2019 301 2062 356 Α
2095 299 2326 352 nachum
2349 300 2590 368 mittunt,
2617 313 2671 358 et
2698 319 2796 373 per
2812 319 2933 360 eum
2958 321 2987 359 a
3013 322 3236 362 summae
3257 310 3401 364 sedis
3430 312 3674 370 antistite

425 373 627 446 aliquid
657 375 1006 430 humanitatis
1025 377 1256 432 ollicium
1287 395 1449 447 agere
1487 381 1825 451 aliquatenus
1867 396 1993 452 pos-

415 478 577 528 sent,
613 462 705 516 sed
733 465 934 528 cuncti,
979 465 1121 518 velut
1144 465 1366 535 lapides,
1407 470 1566 538 rigidi
1604 481 1658 526 et
1696 470 1997 526 immobiles

413 566 823 622 permanerent.
865 554 979 609 Rex
1031 565 1207 610 autem
1254 559 1356 615 hoc
1411 562 1656 627 audiens,
1697 565 1863 619 nimio
1903 565 1997 618 do-

412 638 535 692 'm‘c
566 656 868 711 percussus,
899 647 1119 699 omnino
1141 647 1404 704 deliberat
1436 665 1542 705 non
1570 653 1740 706 solum
1775 652 1994 708 fratrem

423 733 693 796 occidere,
719 736 810 788 sel
835 745 887 789 et
917 747 1145 792 cunctos
1191 740 1280 808 qui
1321 741 1423 796 sibi
1453 742 1585 796 tanti
1615 752 1795 798 reatus
1823 743 1999 798 fauto-

423 834 512 875 res
535 824 876 890 exstiterant,
905 826 1095 895 gladiis
1127 829 1412 884 trucidare.
1440 829 1543 885 Sed
1569 847 1690 885 cum
1716 831 1842 885 illuc
1875 847 1999 902 pro-

423 910 568 963 tinus
581 911 906 978 advenisset,
929 924 1004 981 et,
1033 930 1259 985 corpore
1272 920 1526 989 martyris
1549 921 1722 974 adhuc
1745 920 1799 974 in
1823 921 2000 976 medio

422 999 620 1066 posito,
646 998 870 1056 fratrem
898 1005 1057 1058 simul
1088 1021 1210 1060 cum
1261 1007 1485 1075 reliquis
1527 1008 1854 1063 hominibus
1882 1010 1999 1064 sine

422 1103 584 1142 sensu
641 1098 695 1144 et
721 1100 868 1151 motu
899 1094 1227 1162 stupefactus
1270 1105 1451 1151 astare
1496 1098 1849 1166 conspiceret,
1897 1099 2000 1154 hoc

421 1177 521 1231 sibi
555 1194 678 1232 cum
723 1181 837 1236 suis
866 1184 1113 1238 omnibus
1135 1184 1353 1254 placuit,
1382 1196 1442 1240 ut
1470 1187 1619 1256 prius
1644 1203 1742 1257 pro
1768 1188 1850 1244 eis
1872 1203 1996 1243 ora-

423 1269 499 1321 tio
528 1268 696 1334 fieret,
718 1272 763 1325 si
788 1271 1012 1328 forsitan
1037 1274 1140 1330 illis
1165 1277 1343 1331 divina
1369 1277 1736 1332 misericordia
1782 1293 1998 1334 sensum

420 1379 582 1429 quem
617 1364 914 1419 amiserant
961 1366 1310 1434 reformaret;
1348 1369 1553 1425 deinde
1602 1371 1647 1424 si
1690 1371 2000 1442 acquiesce-

425 1467 546 1513 rent
585 1458 830 1523 credere,
860 1459 1067 1515 indulto
1101 1461 1328 1517 crimine
1355 1463 1634 1529 viverent;
1665 1464 1747 1518 sin
1796 1473 1997 1528 autem,

424 1563 614 1602 omnes
651 1547 916 1604 ultoribus
959 1548 1150 1619 gladiis
1200 1550 1508 1605 interirent.
1553 1550 1686 1606 Cum
1729 1552 1894 1623 igitur
1945 1564 1998 1606 et

428 1647 498 1698 ab
520 1641 638 1710 ipso
667 1655 792 1710 rege
844 1650 897 1696 et
935 1656 963 1695 a
994 1644 1208 1697 caeteris
1229 1642 1551 1699 Christianis
1570 1644 1771 1700 diutius
1808 1644 1995 1701 fuisset

426 1740 662 1793 oratum,
694 1745 798 1786 non
832 1730 1002 1785 solum
1031 1733 1179 1801 prior
1207 1747 1397 1806 sensus
1425 1732 1739 1804 stupefactis
1761 1735 1993 1790 homini-

426 1824 530 1878 bus
559 1823 822 1888 redditur,
847 1827 940 1881 sed
967 1827 1185 1896 insuper
1215 1827 1493 1883 consilium
1522 1844 1734 1900 quoque
1755 1829 1997 1901 ﬂagitan-

428 1913 510 1966 dre
537 1928 680 1968 vera:
703 1915 892 1970 salutis
920 1925 1164 1986 augetur.
1193 1915 1329 1973 Nam
1353 1918 1608 1975 continuo
1627 1919 1996 1988 paenitentiam

429 2001 512 2055 sui
537 2002 778 2058 criminis
801 2003 1050 2060 flebiliter
1070 2014 1348 2075 expetunt,
1380 2007 1632 2078 baptismi
1658 2018 2002 2065 sacramenta

427 2107 550 2146 cum
578 2107 771 2163 magna
802 2093 1083 2151 alacritate
1109 2096 1430 2166 suscipiunt,
1463 2113 1625 2168 super
1653 2115 1847 2168 corpus
1868 2115 2002 2170 quo-

429 2197 533 2252 que
577 2184 874 2241 beatissimi
903 2188 1158 2258 martyris
1183 2188 1469 2244 ecclesiam
1506 2199 1848 2253 construunt.
1892 2191 2001 2247 Ve-

428 2283 732 2330 rumtamen
763 2289 862 2346 ego
890 2276 935 2331 si
985 2278 1053 2333 de
1093 2278 1196 2333 hoc
1222 2278 1454 2334 mirabili
1481 2280 1599 2335 viro
1628 2291 1838 2346 cuncta,
1883 2297 2003 2352 qua:

429 2361 536 2416 dici
567 2364 830 2420 veraciter
856 2375 1104 2433 possunt,
1138 2366 1398 2422 virtutum
1425 2368 1564 2424 dona
1591 2369 1794 2426 referre
1820 2378 2002 2426 tenta-

431 2470 567 2522 rem,
597 2457 853 2514 deliceret
883 2459 1109 2515 forsitan
1138 2460 1341 2531 lingua,
1378 2477 1486 2517 non
1525 2461 1810 2518 deficiente
1837 2472 2008 2520 mate-

433 2546 534 2600 ria.
595 2549 730 2602 Dum
785 2549 948 2618 igitur
995 2549 1256 2606 Bonifacii
1290 2552 1465 2607 virtus
1510 2553 1726 2623 proprio
1769 2553 2008 2625 indigeat

431 2634 594 2706 style,
627 2636 830 2693 idcirco
864 2646 1043 2694 tamen
1068 2639 1216 2694 illum
1242 2655 1364 2695 cum
1394 2640 1514 2696 aliis
1532 2641 1814 2697 Romualdi
1846 2642 2007 2698 disci-

432 2725 571 2795 pulis
601 2726 972 2784 summotenus
1009 2729 1098 2786 hic
1120 2729 1281 2802 553
1311 2745 1614 2787 memorare
1641 2746 1920 2796 curamus,
1945 2740 2006 2786 ut

431 2835 500 2874 ex
530 2833 716 2873 eorum
739 2818 896 2874 laude
915 2835 1074 2890 quam
1107 2835 1333 2890 magnus
1354 2821 1438 2876 vir
1461 2821 1727 2893 gloriosus
1752 2821 2006 2892 Magister

435 2927 623 2967 eorum
673 2911 834 2965 fuerit
883 2911 1330 2978 demonstremus,
1361 2922 1644 2982 quatenus,
1673 2912 1801 2967 dum
1846 2913 2003 2968 celsi-

434 3002 565 3059 tudo
595 3001 869 3058 clientium
911 3001 1136 3059 auribus
1159 3001 1396 3059 ﬁdelium
1437 3002 1671 3069 insonat,
1702 3016 1863 3072 quam
1907 3017 2002 3058 ειν
2035 3027 2080 3090 C

438 3090 619 3146 celsus
664 3090 862 3144 Doctor
891 3103 1077 3144 eorum
1125 3090 1288 3147 fuerit
1329 3106 1394 3146 ex
1427 3090 1607 3147 schola
1638 3106 1798 3160 quam
1841 3091 2011 3146 tenuit

437 3180 758 3234 innotescat.

968 3286 1196 3344 CAPUT
1247 3287 1478 3345 XXVIII.

687 3397 763 3453 De
797 3398 1002 3454 Joanne
1037 3407 1086 3454 et
1116 3398 1396 3456 Benedicto
1429 3384 1762 3473 martyribus.

512 3510 742 3576 Interea,
773 3508 1073 3564 Romualdo
1127 3511 1180 3564 in
1236 3509 1405 3566 Pereo
1457 3509 1632 3568 adhuc
1696 3511 2010 3579 habitante,

439 3599 729 3656 Busclavus
754 3613 850 3655 rex
873 3614 1057 3669 preces
1090 3599 1396 3668 imperatori
1433 3600 1652 3668 direxit,
1679 3610 1740 3657 ut
1775 3602 1876 3658 sibi
1904 3603 2016 3672 spi-

442 3689 665 3744 rituales
691 3690 833 3743 viros
861 3689 1095 3743 mitteret
1121 3689 1210 3759 qui
1239 3689 1386 3760 regni
1411 3690 1491 3744 sui
1520 3700 1730 3760 gentem
1757 3692 1824 3746 ad
1853 3691 2012 3747 ﬁdem

443 3787 718 3833 vocarent.
762 3775 880 3831 Mox
929 3777 1286 3832 Romualdum
1338 3778 1630 3846 imperator
1673 3781 2012 3850 aggreditur,

441 3881 494 3923 ct
525 3869 745 3924 concedi
775 3869 876 3924 sibi
919 3871 984 3924 de
1013 3871 1125 3925 suis
1152 3870 1433 3925 monachis
1468 3871 1558 3939 qui
1590 3871 1714 3926 illuc
1755 3872 2012 3927 destinari

445 3957 649 4010 utiliter
694 3956 908 4010 valeant
950 3958 1288 4027 deprecatur.
1331 3958 1421 4014 Ille
1459 3974 1590 4014 vero
1629 3959 1759 4014 nulli
1794 3975 2012 4015 suorum

442 4040 546 4102 hoc
574 4047 866 4115 praecipere
888 4045 1032 4099 velut
1052 4061 1117 4100 ex
1139 4046 1463 4115 prmlationis
1486 4049 1803 4103 auctoritate
1827 4045 2014 4113 voluit,

447 4136 539 4188 sed
585 4134 638 4188 in
677 4149 860 4188 eorum
892 4144 1015 4189 voto
1056 4151 1275 4205 ponens,
1309 4137 1424 4191 sive
1463 4139 1712 4193 manendi
1757 4140 1871 4193 sive
1922 4139 2017 4194 ab-

445 4225 602 4278 eundi
633 4223 713 4277 eis
743 4223 892 4292 (263)
953 4226 1221 4293 cptioncm
1258 4226 1424 4283 dedit.
1462 4227 1744 4298 ignorabat
1770 4229 1913 4282 enitn
1948 4243 2015 4282 ex

449 4328 500 4367 ta
525 4330 556 4365 n
590 4313 874 4368 metuendo
903 4317 1116 4384 negotio
1138 4315 1468 4371 voluntatem
1496 4318 1611 4384 Dei,
1652 4327 1708 4373 et
1745 4319 1864 4373 ideo
1908 4333 2014 4373 non

450 4401 578 4456 illud
630 4415 728 4455 suo
769 4402 862 4455 sed
891 4401 1119 4455 fratrum
1148 4403 1326 4472 potius
1363 4405 1588 4460 arbitrio
1629 4406 2015 4461 committebat.

448 4495 816 4564 lizterrogante
844 4495 1008 4565 ig'tur
1030 4509 1126 4550 eos
1151 4494 1320 4566 (264),
1355 4505 1410 4551 et
1433 4495 1711 4551 humiliter
1732 4498 2020 4552 obsecran-

446 4593 516 4648 te,
551 4584 763 4640 tandem
792 4582 897 4638 duo
921 4581 1256 4636 solummodo
1276 4591 1401 4637 sunt
1427 4599 1492 4638 ex
1519 4585 1769 4639 omnibus
1817 4585 2019 4640 inventi

443 4675 537 4744 qui
568 4689 626 4729 se
648 4675 789 4730 ultro
813 4675 878 4727 ad
908 4671 1155 4727 eumdem
1185 4683 1460 4743 promptos
1490 4673 1739 4729 offerunt.
1779 4675 2018 4742 Quorum

446 4779 587 4818 unus
611 4761 865 4823 Joannes,
885 4760 1207 4816 Benedictus
1235 4761 1372 4816 alter
1396 4763 1705 4818 vocabatur.
1747 4763 1808 4818 Hi
1838 4764 2020 4834 itaque

445 4857 514 4910 ad
539 4854 859 4910 Busclavum
889 4863 1098 4917 euntes,
1121 4853 1174 4908 in
1196 4868 1376 4908 eremo
1400 4855 1547 4922 prius
1574 4865 1669 4909 cos
1694 4861 2028 4910 sustentante

446 4960 676 5003 manere
701 4954 1001 5016 coeperunt,
1027 4953 1082 4998 et
1123 4953 1182 5000 ut
1217 4945 1512 5014 praedicare
1535 4947 1871 5014 postmodum
1903 4960 2026 5013 pos-

451 5043 592 5096 sent,
617 5032 984 5088 Sclavonicam
1015 5032 1250 5103 linguam
1275 5032 1541 5087 laboriose
1578 5033 1788 5087 discere
1809 5033 2026 5087 suntne-

449 5132 595 5179 runt.
636 5121 877 5190 Septimo
905 5134 1034 5175 vero
1069 5137 1228 5182 anno,
1268 5136 1388 5176 cum
1429 5121 1540 5191 jam
1578 5120 1842 5191 loquelam
1866 5130 2025 5177 terra:

452 5213 608 5285 plene
634 5219 1042 5282 cognoscerent,
1071 5227 1236 5267 unum
1261 5215 1328 5266 ad
1353 5211 1652 5268 Romanam
1693 5214 1880 5268 urbem
1906 5227 2019 5269 mo-

526 5391 675 5460 (262)
714 5390 771 5445 In
820 5390 1080 5460 Vaticano
1122 5389 1308 5445 codice
1359 5390 1591 5459 legitur:
1630 5398 1688 5444 ut
1734 5404 1836 5444 nec
1882 5389 2024 5458 loqui

461 5458 550 5531 nec
581 5458 789 5523 sentire,
831 5475 926 5514 nee
971 5458 1182 5528 aliquod
1228 5458 1570 5514 humanitatis
1611 5461 1832 5531 oﬁicium
1875 5476 2027 5529 agere

468 5530 795 5593 aliquatenus
823 5532 1126 5596 potuissent.

2097 386 2422 454 praedicandi
2471 390 2743 446 licentiam
2796 403 3005 462 petunt.
3068 395 3356 465 lnjuugunt
3405 402 3568 456 etiam
3615 412 3678 456 ut

2097 477 2320 532 nuntius
2350 477 2438 532 ille
2464 479 2672 548 aliquos
2697 497 2878 536 secum
2906 484 2971 538 de
3007 483 3070 538 B.
3113 484 3392 543 Romualdi
3417 489 3676 545 fratribus

2099 567 2317 622 duceret
2341 571 2451 638 qui,
2479 572 2769 627 eremiticze
2789 577 3213 632 conversationis
3236 581 3386 647 gnari
3410 621 3423 644 ,
3451 597 3572 635 eum
3595 582 3677 636 eis

2099 658 2256 712 simul
2284 661 2338 714 in
2366 660 2678 718 Sclavorum
2708 665 2951 734 partibus
2981 668 3304 723 habitarent.

2170 791 2463 849 Busclavus
2494 805 2672 851 autem
2711 797 2897 853 volens
2922 813 3176 855 coronam
3199 800 3279 856 sui
3303 802 3450 872 regni
3477 817 3540 858 ex
3569 803 3679 858 Ro-

2101 896 2259 936 mana
2308 885 2630 939 auctoritate
2675 887 2970 956 suscipere,
3019 873 3302 958 praedictos
3343 893 3680 947 venerabiles

2100 971 2248 1026 viros
2277 973 2474 1027 obnixa
2511 974 2677 1044 coepit
2719 976 3104 1045 supplicatione
3131 978 3423 1048 deposcere
3481 992 3540 1035 ut
3576 985 3677 1050 ipsi

2101 1061 2327 1131 plurima
2353 1063 2470 1131 ejus
2496 1065 2631 1118 dona
2656 1081 2806 1136 papa:
2835 1067 3129 1135 deferrent,
3159 1078 3213 1124 et
3240 1086 3493 1126 coronam
3521 1074 3619 1128 sibi
3647 1091 3678 1128 a

2100 1153 2230 1209 sede
2255 1154 2548 1224 apostolica
2579 1165 2935 1226 reportarent.
2974 1158 3073 1226 Qui
3112 1161 3272 1230 regim
3313 1163 3558 1231 petitioni
3591 1178 3681 1216 as-

2101 1259 2318 1300 sensum
2347 1247 2560 1315 penitus
2585 1246 2934 1320 denegantes,
2977 1251 3264 1305 dixerunt:
3298 1251 3404 1307 Nos
3437 1254 3488 1307 in
3521 1269 3680 1308 sacro

2102 1334 2292 1390 ordine
2315 1336 2472 1405 positi
2501 1351 2707 1403 sumus,
2759 1349 2990 1395 tractare
3019 1342 3174 1396 nobis
3202 1342 3479 1397 smcularia
3519 1359 3681 1414 nego-

2104 1425 2178 1479 tia
2216 1426 2434 1480 minime
2460 1425 2612 1493 licet;
2639 1436 2694 1482 et
2726 1428 2822 1492 ita,
2847 1429 3212 1500 relinquentes
3247 1447 3450 1503 regem,
3483 1433 3549 1487 ad
3577 1434 3680 1487 cel-

2105 1513 2210 1567 lam
2263 1516 2464 1570 reversi
2514 1525 2657 1572 sunt.
2698 1517 2925 1585 Quidam
2971 1535 3101 1574 vero
3142 1521 3288 1591 regis
3331 1531 3682 1592 agnoscentes

2106 1604 2419 1668 consilium,
2443 1607 2534 1659 sed
2557 1605 2684 1676 quid
2707 1608 2874 1662 sancti
2905 1607 3004 1661 viri
3033 1611 3403 1680 responderint
3433 1611 3680 1680 ignoran-

2028 1685 2067 1742 Β
2101 1703 2198 1760 tes,
2222 1696 2496 1765 copiosum
2526 1696 2642 1751 auri
2674 1698 2911 1767 pondus,
2940 1700 3080 1768 quod
3115 1700 3428 1755 mittendum
3468 1711 3682 1771 aposto-

2098 1785 2201 1840 lico
2229 1786 2434 1853 fuerat,
2469 1803 2653 1844 secum
2690 1803 2784 1844 eos
2820 1789 3072 1846 detulisse
3106 1793 3172 1846 ad
3200 1792 3442 1847 cellulam
3481 1793 3680 1862 opinati

2099 1885 2242 1931 sunt.
2281 1877 2482 1933 Deinde
2512 1879 2652 1933 intra
2693 1893 2753 1934 se
2797 1882 3154 1938 conventione
3197 1893 3352 1952 pacta
3384 1886 3681 1939 condicunt

2101 1976 2161 2022 ut
2188 1978 2353 2023 noctu
2393 1983 2631 2024 eremmu
2662 1969 2892 2026 latenter
2932 1971 3158 2042 ingrcssi
3199 1974 3491 2028 monachos
3518 1974 3682 2028 inter-

2102 2059 2330 2113 ficerent
2370 2067 2427 2112 et
2457 2059 2740 2128 pecuniam
2769 2069 3127 2129 asportarent.
3187 2061 3332 2128 Quos
3378 2077 3500 2116 cum
3539 2063 3681 2117 beati

2102 2147 2204 2202 viri
2231 2156 2501 2203 tentantes
2537 2148 2836 2219 irrumpere
2860 2151 3278 2219 persensissent,
3300 2151 3562 2206 adventus
3591 2167 3683 2207 eo-

2104 2253 2223 2293 rum
2256 2254 2470 2295 causam
2509 2241 2754 2309 protinus
2786 2253 3159 2311 agnoscentes,
3182 2245 3573 2301 confessionem
3601 2245 3683 2298 in-

2105 2339 2188 2384 ter
2215 2345 2274 2384 se
2297 2329 2474 2386 facere
2503 2342 2557 2387 et
2583 2344 2778 2388 sanctae
2801 2335 2980 2392 crucis
3008 2350 3067 2390 se
3105 2349 3318 2406 coepere
3343 2337 3538 2392 vexillo
3561 2352 3682 2391 mu-

2105 2420 2242 2474 nire.
2293 2420 2462 2474 Erant
2494 2431 2675 2476 autem
2721 2421 2794 2477 ibi
2841 2423 2947 2480 duo
2991 2424 3142 2494 pueri
3198 2440 3382 2479 eorum
3425 2424 3684 2495 obsequio

2103 2507 2269 2580 454
2291 2524 2358 2564 ex
2389 2510 2506 2565 aula
2532 2512 2678 2582 regia
2704 2513 2936 2582 deputati
2966 2514 3078 2584 qui,
3109 2525 3268 2584 prout
3296 2515 3437 2570 vires
3463 2515 3680 2578 dabant,

2105 2605 2252 2652 stare
2277 2613 2376 2676 pro
2404 2599 2607 2655 sanctis
2647 2607 2701 2654 et
2743 2599 2950 2655 furibus
2980 2603 3234 2657 resistere
3261 2603 3364 2656 nisi
3395 2611 3539 2657 sunt.
3581 2601 3705 2656 Fu-'

2106 2701 2195 2742 res
2223 2681 2351 2744 vero
2392 2698 2606 2758 reperto
2650 2690 2865 2745 tandem
2916 2691 3065 2745 aditu
3107 2691 3377 2746 irruentes
3428 2691 3688 2746 extractis

2105 2778 2297 2848 gladiis
2333 2794 2522 2836 omnes
2569 2781 2773 2851 pariter
2809 2781 3142 2836 occiderunt.
3183 2781 3332 2837 Tunc
3377 2782 3687 2837 thesaurum

2103 2883 2261 2924 anxie
2298 2871 2694 2938 perquirentes,
2725 2870 2818 2924 sed
2849 2871 3055 2924 eversis
3080 2872 3328 2924 omnibus
3367 2869 3500 2924 nihil
3537 2871 3690 2924 inve-
3735 2875 3742 2884 ‘

2109 2963 2337 3025 nientes,
2366 2972 2424 3016 ut
2447 2963 2578 3017 tanti
2611 2972 2792 3016 reatus
2813 2964 3018 3018 crimen
3037 2963 3351 3032 obtegerent
3372 2972 3425 3017 et
3453 2962 3687 3017 humana

2111 3055 2348 3125 suspicio
2380 3069 2486 3110 non
2514 3053 2700 3119 armis,
2726 3056 2822 3109 sed
2849 3054 3078 3110 flammis
3107 3055 3281 3123 potius
3307 3055 3448 3124 quod
3484 3053 3687 3109 factum

2111 3145 2289 3198 fuerat
2312 3145 2650 3213 deputarent,
2693 3144 2884 3198 cellam
2936 3143 3224 3198 incendere
3267 3152 3321 3197 et
3360 3143 3471 3212 ipsa
3509 3141 3687 3197 conati

2030 3283 2032 3288 .
2110 3243 2238 3290 sunt
2291 3242 2588 3306 martyrum
2635 3235 2896 3289 cadavera
2941 3232 3290 3302 conﬂagrare.
3343 3233 3448 3288 Sed
3485 3232 3686 3287 admoti

2113 3324 2286 3393 ignes,
2314 3323 2526 3378 amissis
2545 3331 2748 3377 natura;
2771 3323 2996 3388 viribus,
3028 3323 3100 3378 nil
3123 3324 3340 3378 omnino
3367 3335 3687 3377 consumere

2112 3413 2236 3468 ullis
2281 3414 2554 3469 hominum
2602 3414 2794 3469 studiis
2833 3423 3072 3483 potuere.
3121 3414 3196 3468 lta
3247 3415 3390 3469 enim
3425 3429 3520 3469 eos
3570 3415 3684 3481 ipsa

2111 3504 2274 3558 etiam
2319 3505 2581 3572 pariezum
2628 3505 2880 3560 materies
2925 3503 3212 3573 repellebat
3237 3520 3299 3559 ac
3329 3505 3374 3560 si
3411 3521 3510 3575 pro
3532 3503 3688 3574 lignis

2112 3594 2385 3649 durissimi
2437 3593 2612 3649 silices
2659 3602 2860 3650 essent.
2913 3594 3178 3650 Frustrati
3228 3595 3407 3664 itaque
3456 3593 3601 3648 fures
3633 3595 3686 3647 in

2113 3684 2292 3754 fugam
2320 3698 2379 3739 se
2406 3683 2654 3739 conferre
2679 3685 2946 3748 nituntur,
2969 3685 3062 3740 sed
3081 3695 3135 3739 et
3157 3685 3256 3739 hoc
3284 3685 3386 3739 illis
3414 3699 3478 3738 ex
3508 3685 3684 3739 divina

2113 3775 2447 3846 providentia
2501 3776 2817 3846 denegatur.
2878 3774 3008 3829 Tota
3068 3776 3330 3846 siquidem
3384 3782 3540 3829 nocte
3593 3788 3690 3842 per

2117 3867 2315 3922 fruteta
2371 3881 2691 3931 nemorum,
2743 3882 2840 3937 per
2891 3866 3227 3922 latitudinem
3277 3867 3544 3928 saltuum.
3593 3880 3690 3935 per

2115 3972 2283 4026 opaca
2325 3957 2578 4027 silvarum
2628 3958 2771 4012 viam
2821 3958 3021 4012 anxiati
3066 3967 3189 4012 sunt
3231 3971 3492 4027 quaerere,
3527 3971 3687 4027 quam

2119 4057 2296 4100 tamen
2331 4026 2632 4101 nuil‘atenus
2669 4045 2884 4102 valuere
2925 4026 3516 4115 errabundisivestigiis
3541 4026 3691 4098 inve-

2117 4137 2254 4191 nire.
2296 4135 2400 4190 Sed
2432 4151 2606 4205 neque
2633 4136 2888 4206 pugiones
2915 4137 2967 4190 in
2991 4136 3210 4206 vaginas
3243 4135 3532 4190 recondere
3571 4147 3693 4186 are-

2119 4225 2278 4282 factis
2303 4227 2538 4281 brachiis
2561 4235 2866 4297 potuerunt.
2911 4226 3010 4281 Ubi
3056 4242 3184 4281 vero
3223 4221 3692 4291 sanctorumjace-

2121 4316 2251 4370 bant
2277 4330 2524 4384 corpora,
2550 4315 2821 4383 copiosum
2847 4314 3025 4370 lumen
3055 4329 3222 4384 usque
3256 4312 3308 4367 in
3347 4313 3488 4368 diem
3512 4312 3694 4380 splen-

2121 4407 2338 4462 descere
2370 4415 2426 4460 et
2460 4405 2764 4460 dulcissima
2792 4405 3048 4476 angelica:
3083 4403 3364 4459 cantilenae
3400 4418 3504 4457 non
3533 4401 3691 4455 desiit

2120 4497 2355 4552 suavitas
2376 4511 2648 4552 resonare.

2189 4605 2520 4660 Adveniente
2547 4612 2723 4659 autem
2752 4604 2857 4668 die,
2884 4604 3026 4672 quod
3057 4602 3255 4656 factum
3294 4601 3469 4655 fuerat
3511 4616 3690 4672 regem

2119 4693 2288 4748 latere
2312 4708 2416 4747 non
2440 4693 2630 4760 potuit.
2669 4691 2770 4758 Qui
2811 4690 2950 4745 illico
2979 4692 3044 4745 ad
3072 4705 3312 4745 eremum
3347 4705 3471 4744 eum
3499 4704 3689 4744 nume-

2125 4798 2247 4838 rosa
2287 4781 2467 4852 populi
2503 4779 2844 4834 multitudine
2875 4780 3169 4840 festinavit.
3197 4789 3252 4836 et
3288 4796 3358 4835 ne
3395 4780 3541 4836 fures
3567 4794 3690 4834 eva-

2125 4874 2334 4935 derent,
2359 4869 2496 4924 facta
2520 4883 2717 4924 corona
2747 4869 3021 4924 hominum
3043 4880 3207 4925 totam
3235 4870 3422 4926 silvam
3457 4869 3692 4938 undique

2122 4959 2518 5015 circumcinxit.
2551 4958 2653 5024 Qui
2676 4959 2887 5014 tandem
2914 4960 3109 5028 reperti
3143 4969 3268 5014 sunt
3295 4960 3558 5015 manifesti
3583 4961 3690 5014 cri-

2124 5047 2286 5101 minis
2312 5047 2390 5102 rei
2416 5056 2474 5102 et
2497 5047 2564 5101 ad
2592 5047 2798 5118 gladios
2826 5064 2952 5103 suos
2981 5049 3156 5103 adhuc
3181 5049 3358 5103 divina
3395 5064 3460 5102 ex
3489 5049 3692 5102 ultione

2123 5137 2294 5207 ligati.
2332 5137 2447 5193 Rex
2487 5148 2684 5201 autem,
2716 5140 2840 5209 quid
2873 5141 2938 5196 de
2959 5142 3040 5196 eis
3066 5140 3266 5196 faceret
3305 5142 3488 5196 habita
3517 5141 3691 5196 cousi-

2126 5228 2399 5284 deratione
2427 5227 2749 5296 deliberans,
2788 5231 2891 5285 hoc
2929 5241 3196 5301 postremo
3234 5232 3465 5287 decrevit
3505 5241 3562 5286 ut
3598 5247 3691 5287 ne-

2196 5401 2342 5472 (265)
2387 5401 2636 5458 Omnibus
2659 5405 2886 5460 habetur
2914 5406 2964 5459 in
2989 5406 3172 5460 codice
3205 5406 3482 5462 Vaticano.

2197 5473 2342 5544 (264)
2386 5472 2518 5543 Rege
2547 5473 2598 5528 in
2622 5475 2809 5531 eodem
2831 5476 3014 5530 codice
3039 5474 3271 5530 additur.
