4118 6434
369 277 466 354 ψει

1625 275 1786 335 ἫΤΑ
1824 278 1881 335 8.
1928 278 2306 348 ROMUALDI.

3533 289 3636 350 982

365 404 638 462 quaquam
665 404 781 456 eos,
813 389 954 444 sicut
981 388 1353 456 merebantur,
1405 391 1578 447 occidi
1611 391 1949 462 prmclperet,
1977 393 2030 454 Δ
2056 391 2340 448 domadam
2370 392 2424 448 in
2453 392 2586 450 cella
2616 394 2954 462 consisteret,
2985 397 3174 455 diebus
3193 413 3324 457 vero
3348 396 3643 460 Dominicis

365 481 459 535 sed
503 480 695 536 ferreis
742 481 950 536 catenis
995 481 1207 538 vinctos
1248 482 1316 537 ad
1357 482 1603 553 sepulcra
1655 493 1953 556 martyrum

365 573 685 636 destinaret,
716 584 983 642 quatenus
1004 583 1096 628 aut
1131 573 1200 628 ibi
1234 590 1404 645 usque
1431 577 1497 629 ad
1525 576 1730 632 obitum
1757 576 1808 630 in
1839 578 1955 633 vin-

365 661 500 716 culis
515 663 892 725 miserabiliter
912 665 1173 727 viverent,
1202 673 1316 733 aut,
1334 666 1378 720 si
1400 667 1606 721 sanctis
1625 667 1954 737 martyribus

365 752 524 807 aliter
553 753 844 818 videretur,
873 755 970 823 ipsi
1002 770 1096 810 eos
1123 770 1221 810 sua
1245 753 1612 813 misericordia
1640 758 1949 814 liberarent.

365 840 612 908 Quicum
645 843 711 896 ad
739 854 1048 898 sanctorum
1084 846 1347 901 tumulum
1377 846 1606 903 fuissent
1643 864 1708 904 ex
1750 865 1948 918 praeceo

363 944 456 1002 pto
486 933 626 1003 regis
650 934 886 998 attracti,
915 950 1036 990 mox
1070 935 1326 993 inetl‘ubili
1371 937 1670 996 divinitatis
1707 941 1954 1010 omnipo-

365 1024 532 1077 tentia
560 1023 750 1079 fractis
797 1037 925 1079 sunt
961 1026 1187 1082 nexibus
1234 1027 1489 1083 absoluti.
1541 1030 1764 1096 Deinde,
1811 1031 1952 1086 facta

362 1129 526 1186 super
547 1131 772 1186 corpora
793 1127 1103 1173 sanctorum
1125 1119 1370 1186 basilica,
1395 1120 1810 1178 innumerabilia
1847 1139 1952 1179 non

362 1207 534 1262 solum
591 1217 717 1263 tunc
758 1209 854 1264 sed
886 1219 942 1264 et
970 1225 1111 1265 nunc
1141 1209 1211 1264 ibi
1245 1210 1382 1266 fiunt
1413 1225 1478 1266 ex
1520 1210 1705 1266 divina
1755 1215 1954 1269 virtute

363 1298 604 1369 prodigia
645 1298 814 1371 (265).
1266 1315 1273 1322 -
1485 1363 1492 1365 _

925 1389 1154 1445 CAPUT
1191 1388 1384 1445 XXIX.

466 1476 544 1530 De
580 1479 834 1533 monacho
861 1496 952 1549 per
982 1479 1226 1550 angelum
1265 1479 1330 1534 de
1364 1496 1572 1535 carcere
1602 1479 1842 1536 liberato.

430 1567 728 1635 Imperator
751 1576 932 1622 autem
958 1568 1243 1635 Henricus,
1263 1568 1510 1625 Busclavi
1534 1570 1818 1626 consilium
1841 1583 1950 1625 non

357 1657 635 1725 ignorans,
682 1659 915 1728 undique
960 1659 1076 1714 vias
1114 1659 1374 1715 custodiri
1405 1669 1754 1731 praeceperat.
1801 1670 1880 1727 ut,
1902 1661 1949 1716 si

355 1745 650 1803 Busclavus
703 1749 930 1803 Romam
978 1748 1198 1806 nuntios
1245 1749 1504 1817 mitteret,
1548 1751 1602 1806 in
1657 1751 1776 1821 ejus
1807 1750 1950 1807 illico

355 1836 606 1892 manibus
630 1837 964 1915 devenirent.
1008 1837 1302 1893 Monachus
1331 1839 1478 1910 (266)
1503 1855 1633 1910 ergo
1653 1841 1744 1912 qui
1776 1856 1948 1913 nuper

356 1929 556 1984 missus
583 1944 614 1984 a
652 1929 854 1986 sanctis
901 1929 1231 2002 martyribus
1270 1930 1463 1998 fuerat,
1499 1933 1712 1988 demum
1759 1941 1948 2002 captus

353 2026 436 2072 est
487 2027 542 2072 et
586 2033 711 2072 mox
756 2018 1015 2074 carcerali
1059 2019 1319 2074 custodia:
1364 2021 1722 2091 mancipatus.
1781 2021 1948 2077 Nocte

353 2124 484 2163 vero
514 2109 660 2163 illum
687 2109 850 2182 5.55
880 2110 1102 2180 angelus
1131 2111 1344 2166 Domini
1375 2112 1426 2166 in
1453 2127 1670 2171 carcere
1689 2114 1944 2180 visitavit,

352 2205 408 2251 et
433 2207 836 2255 consummatos
862 2214 982 2254 esse
1011 2214 1107 2255 eos
1152 2216 1383 2271 quorum
1403 2201 1671 2274 legatione
1692 2202 1952 2276 fungeba-

354 2303 446 2346 tur
492 2293 767 2346 admonuit
819 2292 1011 2365 (267);
1065 2295 1393 2365 statimque,
1451 2306 1639 2367 aperto
1689 2296 1949 2354 divinitus

356 2400 601 2451 carcere,
652 2395 1010 2456 praeparatum
1051 2387 1150 2442 sibi
1201 2403 1322 2442 esse
1369 2388 1640 2458 navigium
1685 2389 1739 2444 in
1788 2387 1951 2445 ﬂuvio

354 2493 514 2547 quem
556 2480 885 2536 transiturus
913 2489 1032 2534 erat
1082 2481 1332 2536 asseruit.
1375 2480 1492 2548 Quo
1535 2479 1798 2536 festinans
1826 2497 1946 2536 mo-

354 2569 560 2624 nacluts
585 2570 838 2641 angelicae
862 2570 1234 2642 promissionis
1264 2570 1421 2625 fidem
1452 2585 1636 2626 veram
1663 2586 1784 2628 esse
1812 2587 1944 2643 pro-

353 2661 520 2716 bavit.
555 2669 566 2676 ”

927 2751 1156 2809 CAPUT
1204 2751 1376 2807 XXX.

352 2837 431 2894 De
453 2833 767 2913 monasterio
788 2844 958 2897 sancti
985 2843 1246 2898 Adelberti
1269 2853 1584 2907 constructo,
1608 2853 1653 2897 et
1675 2843 1947 2913 prophetia

641 2911 922 2966 Romualdi
951 2914 1200 2968 adversus
1235 2930 1402 2983 regem
1432 2913 1658 2982 prolata.

423 3021 559 3076 Dum
584 3031 888 3078 moraretur
908 3033 1087 3077 autem
1114 3023 1448 3079 Romualdus
1476 3025 1652 3080 adhuc
1676 3025 1728 3081 in
1751 3025 1938 3091 Pereo,

352 3110 649 3180 imperator
672 3111 800 3167 Otto
829 3113 1214 3167 monasterium
1260 3112 1409 3185 (268)
1443 3115 1516 3169 ibi
1560 3115 1628 3170 ad
1678 3116 1940 3174 honorem

352 3198 411 3254 8.
441 3200 710 3255 Adclberti
764 3217 829 3256 eo
860 3209 1177 3271 suggerente
1205 3203 1524 3267 construxit,
1568 3205 1654 3260 cui
1686 3207 1938 3277 contigua

351 3288 646 3344 Giasscnsis
676 3289 904 3345 ctenobii
935 3290 1181 3362 praesidia
1236 3292 1482 3356 contulit,
1535 3300 1590 3346 et
1629 3308 1692 3347 ea
1736 3295 1840 3350 sibi
1871 3311 1938 3351 ex

350 3377 517 3433 fiscali
549 3379 886 3448 possessione
914 3381 967 3434 in
985 3379 1282 3436 Firmcnsis
1304 3382 1629 3437 monarchia:
1644 3383 1790 3454 (269)
1815 3399 1940 3454 par-

353 3470 495 3526 tibus
524 3471 969 3540 recompensavit.
1011 3473 1220 3528 Abbate
1255 3489 1383 3544 ergo
1413 3473 1521 3529 illic
1561 3489 1626 3529 ex
1653 3474 1938 3532 Romualdi

353 3561 628 3631 discipulis
666 3567 960 3618 constituto
999 3572 1053 3619 et
1099 3564 1358 3619 fratribus
1399 3565 1724 3635 aggregatis,
1772 3566 1938 3637 cmpit

351 3665 446 3705 eos
487 3651 815 3710 Romualdus
838 3657 937 3709 sub
968 3668 1157 3724 magna
1189 3661 1374 3708 tenere
1398 3654 1666 3720 custodia,
1696 3663 1750 3710 et
1774 3655 1936 3712 doce-

351 3739 446 3795 bat
501 3757 596 3798 eos
643 3745 744 3799 sub
795 3745 1032 3817 regulari
1090 3745 1270 3801 vivere
1317 3745 1621 3816 disciplina.
1677 3745 1941 3818 Praecepit

349 3830 514 3884 etiam
560 3830 740 3888 abbati
771 3841 830 3888 ιιι
854 3834 909 3913 in
938 3849 1177 3889 eremum
1205 3834 1463 3889 secedens
1487 3849 1583 3907 per
1611 3843 1778 3890 totam
1809 3837 1942 3893 heb-

422 3988 570 4058 (265)
607 3991 648 4044 Α
695 3991 1195 4049 Camaldulensibus
1231 3994 1426 4048 horum
1465 3999 1774 4047 sanctorum
1808 4007 1938 4048 suo—

349 4075 468 4114 rum
506 4059 770 4117 festivitas
794 4064 882 4118 die
913 4064 980 4117 16
1007 4064 1323 4119 Novembris
1359 4063 1683 4118 celebratur.

421 4129 568 4204 (266)
607 4131 852 4204 Rectius,
881 4133 1079 4190 Minius
1102 4134 1302 4204 aliique
1325 4135 1618 4201 scriptores
1644 4132 1789 4186 hunc
1819 4147 1937 4204 mo-

347 4201 583 4272 nachum
618 4200 684 4272 Β.
727 4202 1029 4258 Barnabam
1061 4200 1359 4265 nominant,
1392 4200 1480 4272 qui
1515 4218 1620 4272 una
1662 4217 1790 4272 cum
1832 4202 1931 4272 SS.

349 4270 584 4343 Andrea,
623 4271 935 4336 Benedicto,
979 4274 1133 4329 Justo
1173 4270 1702 4343 aliisque‘praaclaris
1728 4270 1939 4343 Gamal-

348 4338 586 4395 dulensis
607 4343 835 4415 instituti
861 4345 1158 4415 cultoribus
1181 4338 1372 4415 magna
1395 4338 1934 4415 sanctitate‘refulsit,

2058 481 2252 539 fratres
2278 484 2344 538 ad
2374 486 2760 542 monasterium
2804 489 3025 545 veniens
3057 489 3321 547 visitaret.
3362 492 3486 561 Qui,
3521 508 3643 549 san-

2053 573 2127 626 cti
2159 573 2258 628 viri
2283 573 2435 642 jussa
2484 586 2856 641 contemnens,
2895 579 3061 649 coepit
3104 579 3436 636 sazcttlariter
3462 581 3644 636 vivere

2053 671 2110 716 et
2144 663 2280 730 pede
2305 665 2485 734 operis
2510 665 2677 720 semel
2708 667 3048 724 exorbitante
3091 683 3122 722 a
3163 669 3506 726 rectitudinis
3536 681 3644 726 tra-

2053 754 2183 808 mite
2203 755 2315 825 jam
2346 755 2556 828 longius
2586 758 2876 814 declinare.
2919 759 3121 816 Videns
3148 775 3276 832 ergo
3314 761 3645 819 Romualdus

2051 843 2196 912 quod
2223 845 2520 900 secundum
2549 861 2661 902 sua:
2689 847 2982 902 voluntatis
3014 848 3262 904 ardorem
3290 851 3359 906 ibi
3395 853 3645 909 laborare

2051 949 2158 989 non
2183 945 2388 1005 posset,
2419 952 2595 1009 regem
2617 939 2863 1008 protinus
2886 939 3037 1005 adiit,
3066 951 3138 1006 et,
3158 952 3388 1013 accepta:
3411 945 3642 1014 promis-

2052 1023 2220 1079 sionis
2249 1033 2494 1091 exactor,
2525 1036 2584 1082 ut
2613 1042 2704 1082 rex
2735 1029 3032 1084 monachus
3063 1029 3218 1086 ﬁeret
3255 1031 3504 1087 insistere
3554 1048 3646 1087 vc-

2053 1115 2358 1171 bementius
2385 1119 2569 1188 capit.
2609 1118 2679 1172 At
2716 1118 2805 1174 ille
2837 1118 3106 1174 facturum
3148 1135 3207 1177 se
3248 1123 3465 1191 quidem
3501 1124 3643 1192 quod

2051 1206 2368 1274 exigebatur
2393 1209 2645 1273 asseruit,
2669 1210 2714 1264 si
2743 1218 2920 1265 tamen
2945 1212 3094 1281 prius
3117 1211 3367 1278 Romam,
3396 1230 3516 1283 qua:
3539 1214 3644 1269 sibi

2054 1296 2368 1362 rebellabat,
2394 1297 2697 1368 intpcteret,
2723 1309 2798 1365 et,
2822 1316 2884 1356 ea
2915 1302 3151 1365 devicta,
3182 1302 3491 1358 Ravennam
3517 1320 3642 1360 cum

2053 1389 2280 1444 victoria
2297 1399 2587 1445 remearet.
2609 1390 2708 1446 Cui
2722 1389 3080 1447 Romualdus:
3105 1393 3163 1447 Si
3181 1393 3427 1460 Romam,
3446 1395 3651 1464 inquit,

2052 1477 2203 1542 ieris,
2228 1478 2540 1534 Ravennam
2570 1478 2796 1534 ulterius
2818 1495 2922 1533 non
2949 1474 3191 1547 videbis;
3220 1491 3275 1536 et
3303 1484 3647 1551 apertissime

2051 1568 2127 1623 illi
2154 1577 2382 1625 mortem
2413 1571 2768 1641 propinquam
2815 1585 2934 1644 esse
2963 1570 3304 1637 denuntians,
3351 1574 3478 1641 quia
3521 1590 3652 1628 cum.

2053 1673 2312 1715 revocare
2333 1675 2438 1714 non
2456 1661 2652 1730 potuit,
2671 1661 3036 1732 proculdubio
3057 1663 3122 1717 de
3141 1663 3258 1732 ejus
3278 1674 3458 1720 certus
3481 1666 3648 1721 inter-

1980 1737 2026 1796 Β
2054 1753 2164 1819 itu,
2195 1755 2322 1808 dum
2367 1768 2459 1808 rex
2497 1752 2724 1808 Romam
2757 1762 3039 1823 properat,
3090 1755 3419 1812 Romualdus
3467 1760 3646 1814 navim

2046 1844 2374 1909 ascendens,
2400 1845 2468 1898 ad
2497 1843 2771 1899 civitatem
2793 1843 3104 1899 Parentium
3130 1844 3279 1917 (270)
3305 1847 3642 1903 transfretat-

2047 1933 2158 1988 Rex
2213 1933 2414 2002 itaque,
2447 1934 2740 1988 secundum
2771 1934 2913 1989 beati
2950 1933 3047 1989 viri
3091 1925 3450 2006 prophetiam,
3479 1938 3647 2011 456

2045 2023 2138 2077 vix
2167 2039 2197 2076 a
2226 2022 2397 2076 Roma
2430 2023 2630 2078 reverti
2675 2023 2963 2093 incipiens,
3010 2040 3131 2078 mox
3165 2025 3427 2096 languore
3458 2042 3644 2083 corre-

2046 2119 2172 2182 ptus
2198 2111 2339 2182 apud
2369 2111 2661 2182 Paternum
2687 2111 2836 2184 (271)
2867 2112 3157 2170 defunCtus
3183 2126 3286 2170 est.

2613 2223 2842 2280 CAPUT
2886 2221 3075 2279 XXXI.

2050 2313 2153 2370 Ubi
2192 2315 2365 2386 gratia
2404 2314 2736 2385 perfectionis
2776 2313 3078 2370 Romualdo
3116 2318 3367 2373 divinitus
3402 2332 3478 2374 est
3513 2298 3660 2376 cono.

2766 2400 2910 2439 68880
2917 2422 2933 2440 ο

2119 2475 2450 2532 Romualdus
2479 2484 2681 2540 autem,
2719 2475 2890 2530 tribus
2917 2475 3073 2531 annis
3101 2476 3153 2530 in
3183 2475 3488 2532 Parentinae
3511 2479 3646 2533 civi-

2049 2567 2179 2622 tatis
2226 2566 2426 2621 ﬁnibus
2478 2555 2749 2630 habitans,
2800 2565 2853 2620 in
2896 2581 3003 2620 uno
3057 2569 3441 2630 monasterium
3493 2570 3640 2641 (272)

2048 2658 2357 2714 construxit
2379 2667 2436 2712 et
2463 2656 2712 2711 abbatem
2739 2655 2792 2710 in
2816 2670 2882 2712 eo
2909 2671 3030 2710 cum
3056 2655 3314 2712 fratribus
3336 2659 3637 2724 ordinavit;

2046 2749 2103 2804 in
2129 2749 2336 2804 duobus
2380 2763 2509 2803 vero
2539 2748 2774 2803 inclusus
2801 2747 2951 2819 (275)
2981 2750 3198 2805 mansit.
3239 2749 3317 2806 lbi
3344 2766 3539 2823 nempe
3571 2755 3640 2808 ad

2048 2855 2256 2912 magnze
2301 2839 2652 2911 perfectionis
2706 2841 2981 2895 cumulum
3029 2843 3204 2911 pietas
3261 2843 3406 2898 illum
3459 2845 3639 2899 divina

2045 2932 2316 3002 provexit,
2357 2932 2429 2987 ita
2459 2942 2519 2988 ut
2565 2942 2756 2988 sancto
2790 2931 3003 2990 afﬂatus
3043 2933 3245 3004 Spiritu
3287 2944 3339 2990 et
3383 2937 3640 2992 nonnulla

2049 3035 2273 3079 ventura
2301 3026 2637 3095 prospiceret
2662 3033 2716 3081 et
2743 3026 2912 3081 multa
2946 3027 3158 3084 Veteris
3195 3043 3260 3082 ac
3286 3028 3418 3084 Novi
3452 3028 3641 3084 Testa-

2048 3113 2216 3168 menti
2247 3113 2461 3170 occulta
2498 3115 2755 3185 mysteria
2795 3114 2966 3171 radiis
2995 3115 3361 3186 intelligentiae
3390 3129 3642 3189 penetra-

2041 3210 2144 3258 ret.
2160 3201 2498 3258 Anxiahatur
2511 3211 2690 3259 autem
2710 3203 2784 3259 ibi
2797 3203 3086 3273 aliquando
3102 3205 3154 3259 in
3171 3205 3436 3278 lacrymas
3454 3223 3641 3263 erum-

2040 3307 2192 3362 pere,
2222 3292 2318 3348 sed
2344 3293 2488 3348 nullo
2520 3293 2735 3348 valebat
2760 3295 3047 3348 conamine
3085 3295 3152 3350 ad
3194 3298 3415 3353 contriti
3458 3301 3640 3356 cordis

2039 3382 2509 3451 compunctionem
2531 3383 2736 3437 venire.
2752 3382 2974 3437 Factum
3002 3393 3085 3438 est
3107 3399 3236 3455 ergo
3263 3386 3494 3454 quadam
3526 3389 3641 3454 die,

2038 3471 2166 3528 dum
2199 3472 2253 3526 in
2280 3471 2471 3527 cellula
2501 3471 2774 3542 psalleret,
2814 3481 2872 3527 ut
2915 3474 2967 3528 in
3003 3475 3147 3530 hunc
3175 3476 3366 3545 psalmi
3394 3479 3638 3534 versicu—

2038 3557 2150 3615 lum
2185 3561 2505 3617 incidisset:
2539 3561 2866 3617 Intellectum
2903 3562 2998 3618 tibi
3024 3563 3181 3630 dabo,
3223 3573 3272 3618 et
3297 3566 3552 3621 instruant
3588 3578 3644 3623 te

2038 3636 2095 3708 ίη
2140 3652 2224 3708 uia
2273 3654 2373 3706 hac
2412 3669 2516 3724 qua
2558 3653 2856 3723 gradieris;
2898 3653 3121 3722 ﬁrmabo
3161 3671 3318 3724 super
3364 3665 3414 3709 te
3457 3657 3636 3712 oculos

2037 3758 2179 3797 meos
2208 3740 2382 3813 (Psal.
2425 3742 2598 3815 xm).
2641 3743 2884 3813 Repente
2928 3744 3095 3817 igitur
3144 3755 3292 3802 tanta
3321 3746 3422 3802 sibi
3462 3747 3639 3820 lacry-

2039 3848 2254 3889 marum
2282 3833 2474 3889 ell'usio
2507 3841 2627 3890 orta
2655 3842 2755 3901 est,
2798 3843 2855 3891 et
2884 3835 2955 3890 ita
2989 3849 3142 3892 mens
3173 3833 3290 3904 ejus
3319 3837 3386 3891 ad
3436 3838 3633 3893 intelli-

2040 3991 2105 4044 D.
2147 3988 2394 4046 Michaeli
2431 3987 2998 4061 archangeloddirata,
3043 3991 3131 4046 ttbi
3169 3991 3230 4046 D.
3275 3991 3641 4048 Romualdum

2038 4061 2243 4115 vixisse
2314 4060 2533 4114 traditio
2582 4059 2683 4114 est.
2749 4059 3000 4115 Monacbi
3056 4063 3200 4117 aeris
3255 4063 3641 4118 insalubritate

2038 4129 2242 4201 ibidem
2283 4130 2531 4201 habitare
2579 4138 2874 4201 nequeunt,
2914 4130 3006 4201 qui
3052 4140 3230 4187 tamen
3263 4132 3328 4186 ad
3363 4143 3642 4187 monaste-

2039 4199 2282 4271 riumS.
2323 4198 2539 4271 Matbite
2582 4200 2650 4254 de
2699 4198 2946 4271 bitu-iano
2990 4215 3157 4271 prope
3209 4201 3461 4258 Venetias
3505 4215 3636 4258 sunt

2043 4270 2310 4342 translati.
2369 4268 2571 4342 Praeter
2629 4269 2912 4342 ecclesiam
2945 4309 2961 4334 ,
2991 4268 3201 4342 :agrum
3265 4281 3437 4328 totum
3466 4313 3481 4337 ,
3539 4275 3639 4342 qui-

2039 4337 2242 4399 Lemmi
2287 4355 2318 4394 a
2369 4340 2670 4413 propinquo
2712 4337 2951 4413 _Lentm9_
2982 4337 3205 4397 ﬂu'mine
3251 4337 3636 4413 nuncupatur,

346 4418 403 4465 ει
693 4413 842 4501 vitae
881 4409 1444 4501 terebramus“
1474 4412 1642 4468 είιίάίι
1665 4409 1938 4466 Gemis
1967 4441 2018 4501 υ
2043 4419 2316 4501 Ψ-ξίηῆ
2337 4410 2684 4501 sit}???
2705 4409 3095 4501 revehens
3112 4413 3295 4501 einen
3322 4409 3637 4501 seseese?

347 4479 687 4553 attn9_tiilp,
728 4484 866 4553 typis
904 4483 1084 4538 Basilii
1127 4483 1361 4553 Skalski.

2050 4483 2255 4536 comitis
2283 4479 2478 4534 Lemmi
2511 4481 2664 4534 titulo
2702 4495 2730 4531 a
2771 4478 2972 4550 Veneta
3007 4482 3278 4547 republica
3321 4478 3634 4550 nuperrime

431 4547 581 4621 (267)
619 4549 726 4606 Pro
748 4547 1063 4618 'admonuit,
1117 4555 1166 4608 in
1217 4552 1480 4610 Vaticano
1525 4551 1712 4609 codice
1749 4549 1947 4623 legitur
2049 4551 2398 4623 confirmato,
2441 4567 2586 4623 anno
2637 4549 2792 4604 1040.
2836 4549 3216 4623 Illustrissima
3253 4547 3498 4623 Vitpu'rga
3535 4552 3635 4606 Hi-

346 4627 443 4680 iun
453 4623 606 4678 otut't.

419 4691 567 4764 (268)
610 4691 845 4761 Hujusce
884 4693 1201 4750 monasterii
1243 4709 1345 4750 nec
1381 4692 1669 4761 vestigium
1720 4693 1938 4763 quidem

346 4765 506 4820 modo
530 4775 771 4834 apparet.
814 4766 1000 4820 Exstat
1019 4780 1082 4819 eo
1109 4765 1160 4818 in
1185 4764 1302 4820 loco
1329 4764 1558 4821 ecclesia
1589 4779 1692 4816 non
1711 4764 1936 4834 antiqua

344 4838 519 4889 eidem
562 4835 684 4905 divo
726 4836 948 4905 martyri
982 4851 1160 4905 sacra,
1193 4851 1313 4905 qua:
1352 4841 1608 4902 corrupto
1638 4833 1781 4903 vulgi
1826 4849 1938 4889 ser-

347 4919 506 4960 mone
548 4902 608 4958 S.
651 4902 1121 4959 Alberto'dicitur.

415 4974 642 5046 (9.69)tln
667 4975 801 5046 ipsa,
823 4989 983 5046 quam
1007 4989 1282 5046 vocamus,
1307 4974 1565 5046 marehiaa
1584 4973 1937 5046 gnconitana!

344 5039 647 5168 lprovint'ria,
686 5039 776 5100 ubi
817 5039 1112 5100 Firmensis
1149 5044 1361 5111 civitas,
1388 5044 1547 5113 vulgo
1583 5039 1799 5110 Fermo,
1840 5045 1936 5103 ba-

383 5124 524 5168 etttr.
1757 5130 1768 5143 ‘

321 5159 327 5165 .
347 5124 524 5169 betur.
1757 5130 1768 5143 ‘

419 5183 568 5256 (270)
607 5183 749 5242 Urbs
777 5193 864 5239 est
902 5184 954 5238 in
983 5183 1140 5238 lstria
1174 5183 1274 5239 sub
1313 5183 1640 5239 Venetorum
1673 5183 1931 5252 dominio,

345 5256 503 5322 vulgo
537 5256 794 5308 Parenzo.
1703 5269 1714 5285 '

416 5321 566 5395 (271)
607 5323 718 5395 Hoc
764 5321 982 5378 Paterm'
1026 5323 1256 5395 nomine
1288 5323 1560 5395 plureset
1599 5323 1848 5395 civitates
1880 5334 1937 5380 et

345 5393 936 5460 castt-a'adnotantur;
979 5410 1165 5449 verum
1210 5393 1301 5448 hic
1344 5393 1743 5464 intelligendum
1776 5395 1929 5464 duci-

346 5481 466 5534 mus
492 5465 559 5518 de
587 5471 766 5534 castro
815 5464 905 5519 illo
927 5465 1066 5533 quod
1091 5467 1143 5518 in
1169 5464 1462 5518 Tudertino
1484 5463 1614 5534 agro
1634 5470 1718 5517 est
1743 5463 1928 5530 situm,

345 5543 404 5588 ttt
436 5533 663 5589 Cosmus
689 5533 754 5587 de
795 5534 974 5589 Arena
1024 5536 1079 5590 in
1125 5550 1221 5590 sua
1264 5535 1491 5589 Etruriae
1526 5533 1734 5589 ducum
1789 5535 1930 5590 serie

343 5605 625 5674 observat,
650 5618 773 5674 pag.
807 5603 927 5674 183.

417 5673 568 5744 (272)
608 5669 797 5729 Exstat
834 5669 890 5729 e't
928 5675 1086 5731 modo
1121 5690 1287 5746 prope
1335 5673 1648 5730 Parentium
1701 5671 1926 5729 ecclesia

2047 4622 2347 4677 striensium
2396 4621 2682 4684 comitissa,
2713 4637 2967 4674 consensu
3019 4621 3220 4675 domini
3271 4620 3531 4688 chelini,
3585 4633 3635 4677 et

2046 4692 2247 4746 domini
2305 4691 2586 4756 Vedoxtci,
2642 4699 2692 4745 et
2745 4691 2978 4759 ﬁliorum
3006 4701 3053 4744 et
3098 4691 3332 4758 ﬁliarum
3387 4708 3630 4757 suarum,

2045 4761 2283 4831 praefatae
2312 4761 2572 4825 ecclesiae,
2615 4776 2734 4831 quae
2775 4761 3128 4831 adhonorem
3179 4759 3298 4824 Dei,
3348 4772 3395 4814 et
3435 4773 3645 4816 sancta:-

2045 4829 2236 4900 Harite
2268 4832 2502 4900 uirginis,
2547 4841 2596 4884 et
2636 4829 2772 4886 beati
2811 4829 3082 4884 Michaelis
3107 4831 3430 4900 archangeli,
3478 4848 3510 4884 a
3559 4832 3631 4885 Ι).

2040 4899 2249 4957 Joanne
2296 4899 2480 4972 abbate
2526 4901 2626 4970 fuit
2675 4901 2935 4968 redi/icata
2989 4910 3035 4954 et
3085 4918 3118 4954 a
3166 4900 3234 4953 D.
3281 4899 3632 4972 liengalmero

2039 4973 2276 5042 episcopo
2301 4970 2587 5042 Parentino
2609 4978 2931 5042 consecrata,
2967 4971 3259 5042 maximam
3292 4970 3500 5042 Lemnii
3535 4987 3630 5025 cc—

2041 5040 2265 5096 mitatus
2290 5052 2497 5111 partem
2521 5040 2759 5103 donavit,
2787 5048 2948 5111 ptent
2977 5041 3190 5094 videtur
3213 5041 3266 5094 in
3307 5041 3418 5110 ipsa
3454 5042 3629 5111 dona-

2041 5111 2204 5182 tionis
2227 5107 2440 5182 pagina,
2471 5125 2591 5182 qua:
2621 5125 2768 5182 anno
2791 5107 2947 5182 1305Δ
2972 5111 3039 5182 de
3079 5107 3340 5182 mandato
3368 5112 3433 5166 D.
3468 5110 3636 5166 Boui-

2040 5180 2165 5237 facii
2208 5177 2443 5252 episcopi
2488 5177 2771 5236 Parentini
2796 5178 2881 5252 ab
2921 5179 3136 5235 Andrea
3168 5190 3224 5252 et
3251 5177 3505 5236 Parentio
3534 5198 3634 5236 nn-

2041 5253 2188 5334 tarig
2209 5250 2530 5334 transcripta
2563 5252 2705 5334 inita
2722 5250 2984 5334 cujusque
3011 5251 3317 5334 exemplum
3349 5253 3628 5334 mantrCl.

2040 5320 2106 5376 V.
2151 5323 2293 5378 Petri
2331 5320 2577 5393 Delphini
2620 5320 2833 5393 abbatis
2872 5320 3630 5393 Cantalduleusisexaratum

2035 5402 2213 5516 ggstat
2253 5393 2308 5448 in
2349 5390 2616 5448 tabulario
2667 5390 2726 5446 S.
2765 5391 3041 5446 Michaelis
3087 5391 3154 5447 de
3204 5390 3467 5457 Mariano,
3502 5405 3626 5460 cap.

2111 5503 2124 5516 .
2169 5479 2222 5516 n.
2261 5479 2300 5516 ι.

2169 5479 2222 5516 η.
2261 5479 2300 5517 Ι.

2107 5503 2552 5600 ἱεϊέυᾝυτωω
2577 5532 2628 5604 in
2655 5533 2884 5604 quadam
2907 5529 3301 5604 crypta,.quam
3324 5532 3625 5604 etiamnum

2031 5602 2238 5656 Lemmi
2275 5603 2486 5669 incolae,
2508 5612 2568 5660 ut
2594 5602 2766 5662 locum
2792 5619 2822 5658 a
2845 5605 2906 5660 D.
2937 5603 3232 5659 Romualdo
3263 5603 3629 5659 inhabitatum

2034 5682 2358 5742 agnoscunt.
