4118 6446
483 226 588 279 985

941 231 1000 286 ε.
1040 232 1239 288 PETRI
1281 237 1556 294 DAMIANI
1594 241 1742 298 OPP.
1783 242 1961 300 PARS
1999 244 2127 302 SEU
2163 247 2396 306 TOMUS
2430 253 2488 306 ll.
2524 284 2591 294 —
2617 256 3036 314 SANCTORUM
3079 262 3282 318 ἫΤᾸΞ.

3620 269 3724 325 984

479 336 684 402 geudas
715 338 907 414 divinae
944 339 1233 411 Scr'ptura:
1261 349 1553 404 sententias
1582 350 1864 428 illustrata,
1897 363 1955 408 ut
1983 369 2047 409 ex
2077 360 2126 417 Α
2152 371 2273 411 eum
2316 362 2531 418 nuntios
2579 366 2847 437 dirigunt,
2897 381 2950 426 et
2983 372 3050 428 de
3099 374 3286 428 eadem
3338 390 3396 432 re
3441 379 3726 436 consilium

479 427 670 482 eodem
698 429 782 484 die
807 439 860 504 et
888 430 1154 506 deinceps,
1184 438 1416 505 quaniiu
1448 441 1598 505 vixit,
1629 452 1679 496 et
1701 444 2053 512 quandocum-

479 531 585 582 que
606 517 881 594 vol'uisset,
910 520 1100 602 uberes
1126 523 1225 578 sibi
1257 525 1505 596 lacryma:
1525 514 1775 586 facillime
1809 531 2052 599 fluerent,

480 615 536 661 et
561 608 788 677 plurima
823 609 966 662 illum
1011 611 1408 687 scripturarum
1457 605 1712 698 mysteria
1753 607 1902 699 (274)
1947 641 2062 694 non

477 695 726 751 laterent.
787 698 1119 776 Frequenter
1171 705 1312 760 enin
1370 717 1520 764 tanta
1568 695 1714 766 illum
1761 695 2058 784 divinitatis

478 788 860 856 contemplatio
891 791 1153 862 rapiebat,
1185 802 1240 846 ut
1262 789 1582 876 quasitotus
1601 800 1651 870 in
1675 799 1938 881 lacrymas
1964 819 2054 859 re-

475 875 702 956 solutus,
738 875 1000 936 azstuante
1029 870 1804 964 inenarrabili'diviniamoris
1837 875 2051 964 ardore,

475 951 732 1046 clamaret
761 987 775 1022 :
813 969 988 1025 Chare’
1013 971 1160 1037 Jes‘u,
1187 974 1367 1046 cbare,
1402 961 1506 1032 mel
1541 994 1719 1034 meum
1747 963 1921 1052 dulce,
1961 985 2053 1038 de-

473 1038 730 1109 siderium
764 1057 1049 1126 ineffabile,
1077 1043 1304 1116 dulcedo
1333 1053 1661 1132 sanctorum,
1691 1071 1936 1138 suavitas.
1956 1087 2052 1124 an-

475 1141 760 1210 gelorum,
817 1155 872 1199 et
921 1159 1112 1202 caetera
1171 1149 1493 1218 liujusmodi.
1547 1153 1676 1220 Quae
1729 1156 1817 1211 ille
1864 1169 2051 1213 sancto

476 1230 679 1297 Spiritu
709 1234 948 1292 dictante
976 1237 1029 1291 in
1053 1237 1280 1306 jubilum
1307 1243 1633 1312 proferebat,
1676 1261 1773 1302 nos
1815 1247 2050 1304 humano

471 1335 636 1376 sensu
691 1326 991 1392 exprimere
1045 1329 1170 1384 talia
1221 1346 1326 1385 non
1380 1329 1645 1389 valemus.
1698 1333 1846 1390 Sicut
1904 1338 2059 1402 enim.

466 1412 755 1479 Apostolus
783 1414 914 1468 dicit
947 1433 959 1468 :
993 1416 1128 1483 Nos,
1159 1419 1291 1473 sicut
1323 1432 1540 1491 oportet,
1565 1417 1730 1477 'orare
1765 1426 2045 1490 nescimus,

468 1501 559 1552 sed
585 1501 694 1569 ipse
724 1502 954 1570 Spiritus
987 1516 1099 1558 orat
1128 1522 1222 1575 pro
1250 1507 1393 1563 nobis
1421 1509 1692 1579 gemitibus
1720 1497 2048 1568 inenarrabi-

468 1591 605 1645 libus
655 1590 828 1662 (Rom.
870 1595 1008 1665 vm).
1060 1595 1125 1650 Et
1153 1597 1273 1653 ideo
1297 1597 1629 1656 Romualdus
1658 1599 1874 1657 missam
1906 1604 2044 1660 cele-

471 1685 631 1736 l‘n-are
672 1697 855 1738 coram
897 1671 1139 1764 pluribus
1180 1704 1450 1758 nlllthIm
1473 1691 1706 1758 valebat,
1752 1691 1880 1775 quia
1920 1711 1979 1751 se
2013 1712 2043 1750 a

467 1767 828 1842 [erymarum
854 1774 1166 1830 inundantia
1198 1780 1472 1834 continere
1501 1796 1605 1836 non
1633 1767 1862 1856 poterat.
1895 1785 2068 1858 Unde

472 1861 636 1914 etiam
685 1863 1022 1930 postmodum
1061 1877 1172 1932 prae
1198 1866 1361 1921 nimia
1391 1867 1503 1940 jam
1532 1871 1924 1929 consuetudine
1966 1875 2062 1944 vir.

467 1948 726 2016 simplicis
748 1950 932 2014 animi,
969 1960 1165 2020 putans
1194 1955 1418 2023 gratiam
1449 1957 1618 2036 457.
1648 1959 1749 2014 sibi
1787 1961 2061 2018 divinitus

465 2041 818 2107 p'raerogatam
857 2040 1108 2096 omnibus
1127 2056 1256 2096 esse
1294 2049 1626 2112 concessam",
1676 2048 1886 2128 dicebat
1933 2039 2061 2120 ple-i

463 2139 690 2192 rumque
756 2125 1337 2196 discipulis:"CaVete
1381 2143 1463 2188 ‘ne
1530 2135 1739 2192 multas
1773 2125 2044 2210 lacryunas

463 2212 770 2277 effundatis,
806 2217 929 2284 quia
969 2226 1024 2270 et
1061 2215 1233 2273 visum
1273 2221 1522 2276 minuunt
1557 2234 1613 2278 et
1648 2225 1906 2281 verticem
1951 2227 2042 2287 Im:

461 2305 614 2357 dunt.
654 2303 971 2373 Ubicunque
1006 2317 1182 2362 autem
1220 2310 1305 2364 vir
1342 2322 1561 2370 sanctus
1600 2315 1842 2372 habitare
1870 2317 2044 2387 dispo-

461 2402 634 2458 neret,
663 2397 958 2451 oratorium
995 2413 1116 2453 cum
1157 2400 1312 2456 altari
1351 2405 1599 2478 primitus
1635 2407 1689 2461 in
1729 2393 1920 2478 cellula
1961 2410 2041 2466 fa-

459 2486 627 2564 ciens,
668 2485 859 2541 deinde
895 2502 954 2543 se
989 2489 1301 2558 recludens,
1345 2493 1546 2550 aditum
1585 2485 1896 2565 damnabat.

1004 2592 1484 2690 capu1“xxxn.

457 2690 831 2784 DeprOphetia
873 2709 1157 2794 Romualdi
1178 2754 1192 2780 ,
1231 2731 1333 2794 qua
1373 2718 1751 2789 discipulorum
1789 2739 2039 2794 praenun-

539 2781 541 2784 ’
941 2781 948 2784 ⁷
1008 2783 1154 2836 tiavit
1187 2781 1484 2841 adventum.

525 2905 790 2962 Miserum
814 2907 1104 2977 aliquando
1131 2915 1198 2968 ad
1221 2915 1368 2971 illum
1397 2916 1613 2987 fratres,
1639 2923 1734 2992 qui
1759 2927 2038 2980 moraban-

456 3003 543 3048 tur
571 2995 626 3048 in
669 2996 983 3063 solitudine,
1017 3017 1137 3070 qua:
1166 3003 1438 3060 Bifurcum
1471 3008 1618 3078 (275)
1648 3012 1865 3078 dicitur,
1903 3030 2036 3070 con-

455 3084 638 3153 silium
685 3084 990 3156 flagitantes
1026 3091 1259 3160 qualiter
1296 3099 1602 3152 conversari
1646 3101 1698 3154 in
1730 3116 1914 3158 eremo
1938 3106 2034 3160 de-

455 3175 669 3241 berent,
701 3177 933 3246 qualiter
959 3180 2034 3258 diabolicis‘impugnationibusresistere

455 3267 779 3335 potuissent.
811 3267 1049 3336 Quorum
1098 3275 1270 3331 nuntii
1309 3291 1429 3333 cum
1471 3281 1540 3336 ad
1585 3281 1973 3348 monasterium
2001 3303 2033 3342 a
2065 3299 2070 3302 '

453 3371 562 3424 quo
609 3357 892 3414 Romualdi
942 3361 1076 3417 cella
1123 3363 1335 3436 longius
1380 3368 1570 3425 aberat
1612 3374 2030 3445 pervenissent,

452 3446 599 3504 illico
628 3450 952 3507 venerabilis
993 3453 1078 3508 vir
1116 3469 1214 3524 per
1253 3457 1508 3526 spiritum
1545 3477 1732 3517 eorum
1781 3463 2033 3537 cognovit

452 3541 765 3608 adventum,
803 3545 1370 3614 praecepitque'abbati
1400 3549 1602 3606 Ansoni
1634 3553 1780 3625 (276)
1808 3558 1906 3626 qui
1927 3559 2028 3614 sibi

449 3639 580 3685 tunc
604 3633 910 3698 assistebat,
938 3636 1160 3692 dicens:
1205 3639 1369 3705 Vade,
1401 3649 1456 3696 et
1482 3643 1828 3713 pulmentum
1846 3647 2032 3705 fratri-

443 3721 548 3776 bus
572 3735 814 3790 praepara
843 3724 937 3792 qui
968 3726 1034 3780 de
1062 3726 1369 3798 longinquis
1395 3732 1639 3800 partibus
1669 3731 2023 3794 advenerunt.

447 3807 560 3875 Qui
575 3811 833 3865 continuo
861 3814 1028 3882 coepit
1069 3828 1191 3870 eum
1222 3817 1510 3886 “deridere,
1547 3829 1601 3875 et
1630 3823 1848 3880 dicere:
1891 3826 2026 3892 Quia

447 3912 576 3953 vere
617 3899 783 3954 falsus
827 3903 1086 3972 prophela
1117 3914 1278 3960 esset.
1325 3906 1606 3964 Postremo
1655 3918 1833 3966 tamen
1879 3913 2028 3969 vel“c
2125 3899 2212 3929 Uti!
2242 3899 2596 3944 νει-ωεινάΠῆ
2631 3899 2859 3978 ,ιιιιιιιιοα
2898 3899 3196 3981 Γθῐη.18ἶ11].(11
3241 3899 3450 3980 Signum
3479 3899 3698 3935 omnlno

447 3987 670 4038 coactus
707 3991 774 4038 ad
821 3993 1205 4038 mnnaslt'erinm
1235 3997 1456 4038 νρηίριις
1511 3984 1604 4038 at...
1630 4015 1765 4038 nunc
1792 4003 1875 4038 υς.-
1905 3980 2070 4038 .4..-"
2123 3964 2306 4020 Videre
2345 3979 2454 4020 non
2497 3975 2690 4034 Ροωη⁶
2723 3969 2790 4020 Al
2817 3982 2938 4023 cum
2971 3969 3086 4023 dles
3124 3985 3237 4037 lam
3280 3983 3500 4038 Jamque
3527 3969 3698 4022 dare-

445 3987 670 4044 coactus
707 3991 774 4044 ad
820 3993 1205 4048 monasterium
1235 3997 1476 4064 veniens,
1511 3999 1604 4055 e03
1630 4015 1767 4087 quos
1792 4003 1875 4058 vir
1904 4020 2024 4060 san-

443 4091 562 4134 ctus
583 4081 908 4148 praedixerat
927 4093 1146 4141 orantes
1166 4086 1278 4162 jam
1302 4088 1355 4142 in
1377 4090 1605 4145 ecclesia
1633 4081 1852 4162 reperit.
1878 4094 2024 4162 Quos

443 4167 694 4222 videlicet
740 4169 1068 4227 Romualdus
1113 4161 1282 4230 multo
1325 4177 1578 4245 salutaris
1617 4161 1877 4236 doctrinae
1905 4161 2023 4236 sale

441 4257 699 4322 condivit,
729 4260 912 4316 multis
937 4261 1173 4332 denique
1205 4265 1389 4320 contra
1432 4269 1640 4337 antiqui
1685 4269 1855 4325 hostis
1887 4271 2023 4326 insi-

441 4347 558 4402 dias
582 4348 844 4403 virtutum
891 4352 1058 4406 armis
1104 4356 1388 4422 instruxit,
1420 4367 1476 4413 et
1517 4368 1802 4430 postquam
1830 4377 1924 4418 eos
1957 4365 2021 4418 de

438 4440 691 4496 omnibus
717 4443 989 4500 subtiliter
1012 4445 1214 4515 docuit,
1231 4464 1353 4505 cum
1377 4451 1541 4508 multa
1562 4467 1658 4510 eos
1682 4455 1750 4510 ad
1773 4470 2014 4514 eremum

439 4529 724 4587 alacritate
751 4533 978 4589 remisit.

501 4631 504 4634 ’
706 4627 774 4632 ”
968 4646 1196 4714 CAPUT
1244 4649 1480 4740 xxxnu

433 4756 508 4810 De
552 4759 721 4812 reditu
761 4760 876 4833 ejus
916 4779 948 4814 a
991 4761 1286 4836 Ferentio,
1311 4775 1357 4818 et
1385 4767 1557 4821 nautis
1582 4783 1694 4836 ejus
1725 4773 1922 4828 Meritis
1948 4775 2011 4829 de

538 4861 540 4863 -
787 4831 790 4833 “
964 4833 1196 4899 periculo
1227 4833 1494 4908 liberatis.
1527 4845 1530 4848 ‘
1559 4853 1564 4859 ·
1603 4831 1618 4836 ⁷
1948 4843 1951 4846 ’

506 4941 626 4997 Alio
655 4957 866 5013 quoque
911 4954 1151 5015 tempore
1196 4923 1382 5004 rursus
1422 4921 1662 5021 praedicti
1704 4953 1900 5011 fratres
1944 4959 2013 5011 ad

690 5110 809 5184 Yat.
849 5115 993 5178 c0d.,
1031 5118 1267 5184 mystica.

507 5181 656 5257 (27_5)
687 5181 887 5257 Bifurci
919 5184 1066 5238 locus
1087 5181 1177 5240 est
1206 5188 1259 5257 in
1285 5187 1507 5257 Alpibus
1533 5190 1754 5246 dominii
1785 5191 2005 5247 Floren-

431 5252 552 5310 tini,
581 5251 893 5306 Faventiam
919 5269 1124 5317 versus,
1160 5255 1248 5310 ubi
1277 5251 1656 5314 monasterium
1689 5261 1810 5314 divo
1840 5261 2008 5316 Bene-

434 5321 575 5374 dicto
604 5332 909 5386 nuncupato
936 5324 1179 5378 absoluto
1207 5326 1420 5381 nomine
1449 5328 1727 5383 dicebatur
1750 5331 1809 5386 S.
1845 5331 2005 5386 Bene-

434 5388 558 5458 dicti
579 5391 633 5458 in
658 5388 893 5458 Alpibus.
1077 5411 1080 5414 -
1330 5401 1334 5404 -
1393 5421 1396 5424 .

507 5457 652 5530 (276)
693 5457 765 5515 De
807 5463 1036 5530 quodam
1067 5463 1236 5517 Asone
1277 5466 1600 5521 mentionem
1637 5465 1766 5522 facit
1791 5469 2010 5523 Damia-

441 5539 537 5601 ptus
673 5526 947 5601 tonio—hoc
979 5533 1029 5584 in
1071 5530 1187 5585 Vita
1218 5531 1318 5588 SS.
1353 5532 1614 5601 Rodulphi
1644 5548 1689 5587 et
1724 5537 2003 5592 Dominici.

433 5588 625 5648 Nescio
651 5612 715 5648 an
745 5599 884 5653 idem
917 5603 982 5654 sit
1011 5618 1040 5654 a
1069 5604 1362 5657 tnonastica
1400 5605 1464 5658 ad
1507 5588 1836 5662 erentiticattt
1881 5625 2006 5662 con-

2158 447 2348 516 majori
2378 452 2553 507 adhuc
2577 457 2854 521 anxietate
2883 462 3182 530 requirunt.
3211 462 3415 529 Quibus
3443 467 3530 522 vit:
3566 484 3730 526 vene-

2157 538 2340 594 rabilis
2367 541 2479 595 ait:
2513 542 2625 615 Ego
2653 562 2796 602 nunc
2822 547 3059 612 libellum
3107 552 3174 608 de
3213 553 3358 625 (277)
3400 571 3578 626 pugna
3621 560 3728 614 dae-

2157 641 2372 696 monum
2405 633 2600 700 scribo,
2634 650 2791 706 quem
2821 640 3006 706 vobis,
3041 657 3165 702 cum
3202 646 3474 702 redieritis
3496 689 3510 714 ,
3553 651 3724 716 dabo,

2157 716 2240 770 vel
2285 729 2434 779 certe
2477 722 2592 792 ipse
2626 726 2901 784 vobiscum
2929 730 3152 788 forsitan
3176 736 3352 794 venio.
3385 736 3499 793 Hoc
3529 739 3603 794 illi
3632 757 3728 795 an-

2154 804 2383 874 dientes,
2411 811 2655 887 protinus
2679 813 2733 868 in
2755 815 2948 872 faciem
2976 833 3035 874 se
3061 832 3425 892 prosternunt,
3449 835 3504 881 et
3525 837 3581 882 ut
3603 842 3726 885 cum

2154 894 2257 960 illis
2287 897 2365 970 ire
2408 899 2755 970 dignaretur,
2795 906 3102 978 importuna
3145 915 3433 982 admodum
3463 921 3727 989 supplica-

2135 983 2300 1048 tione
2326 985 2638 1068 deposcunt.
2670 992 3011 1067 Alter-avere
3049 1001 3136 1058 die
3177 1003 3378 1060 iturum
3406 1022 3466 1062 se
3495 983 3616 1064 cuin
3647 1012 3728 1066 eis

2154 1064 2527 1138 incunctanter
2546 1064 2796 1150 asseruit,
2825 1095 2876 1139 et
2902 1090 3156 1158 utnavim
3187 1093 3521 1162 inquirerent
3542 1100 3722 1169 jussit.

2149 1163 2388 1250 Audiens
2417 1169 2521 1224 hoc
2544 1169 3036 1254 Parentinus_(278)
3074 1184 3357 1254 episcopus
3393 1163 3559 1243 nimio
3585 1206 3718 1246 moe-

2151 1245 2275 1311 rore
2304 1259 2582 1326 perculsus
2613 1272 2714 1318 est.
2742 1249 3024 1327 Inveniens
3050 1289 3262 1344 quoque
3290 1281 3582 1336 monachos
3603 1298 3723 1351 pros

2148 1357 2270 1419 pter
2308 1352 2578 1423 navigium
2609 1357 3008 1429 discurrentes,
3052 1365 3234 1422 multis
3275 1371 3722 1426 contumeliarum

2116 1454 2246 1498 .eos
2291 1441 2662 1519 dehonestavit
2699 1447 2930 1518 injuriis.
2975 1451 3089 1510 Hoc
3119 1456 3279 1510 etiam
3327 1461 3537 1516 cunctis
3569 1461 3723 1529 juxta

2145 1540 2365 1609 portum.
2390 1537 2730 1608 manentibus
2751 1542 3110 1614 promulgavit
3133 1547 3386 1613 edictum,
3415 1559 3474 1603 ut
3497 1553 3724 1620 quicun-

2149 1635 2252 1704 que
2281 1621 2947 1706 Romualdonavimdare
2967 1646 3336 1705 praesumeret,
3371 1637 3482 1707 ipse
3509 1656 3724 1710 quoque

2074 1695 2312 1790 Β.
2353 1697 2461 1770 άηδ
2491 1711 2626 1794 cum,
2650 1717 2766 1788 ipso
2799 1695 3134 1788 irrevocabili
3179 1695 3723 1794 profectione-demi;

2148 1816 2330 1884 graus,
2358 1795 2670 1870 Parentium
2692 1807 2913 1864 ulterius
2935 1825 3040 1866 non
3071 1812 3288 1878 rediret.
3319 1815 3722 1887 Festineigitur

2147 1875 2368 1962 nuntius
2399 1885 2468 1948 ad
2503 1892 2785 1958 Polensem
2821 1897 2969 1969 (279)
3003 1875 3310 1972 episcopum
3355 1875 3612 1971 mittitur:
3661 1918 3719 1960 ut

2145 1977 2301 2042 beato
2325 1981 2453 2059 _viro
2497 1983 2767 2060 navigium
2797 1988 3012 2044 mittere
3045 2006 3153 2046 non
3199 2004 3522 2050 moraretur.
3565 1994 3720 2066 Saepe

2146 2057 2378 2151 namque
2414 2057 2669 2142 pra-fatus
2692 2076 2976 2150 episcopus
3005 2079 3321 2138 adhortatus
3363 2084 3508 2140 illum
3538 2057 3716 2140 fuerat

2143 2167 2579 2237 utfnequaquam
2621 2165 2688 2220 de
2731 2176 2926 2223 caetero
2971 2169 3048 2228 in,
3076 2179 3185 2226 tam
3231 2174 3458 2237 obscuro
3500 2190 3717 2231 recessu

2144 2235 2381 2318 inclusus
2418 2249 2639 2323 lateret},
2683 2256 2777 2310 sed
2824 2255 2951 2312 illuc
2995 2259 3178 2327 potius
3219 2275 3277 2316 se
3321 2235 3590 2318 conferret
3625 2263 3716 2319 ubi

2143 2329 2447 2422 animarum
2501 2339 2708 2422 lucrum
2761 2344 3032 2412 cepiosius
3077 2345 3256 2406 facere
3302 2351 3593 2418 potuisset,
3647 2368 3724 2422 ne

2142 2407 2555 2508 videlicetsicut
2572 2417 2749 2516 :carbo
2775 2407 2873 2492 soli
2901 2435 3116 2516 sibimet
3135 2407 3370 2516 arderet,
3404 2441 3495 2496 sed
3522 2443 3713 2513 magis,

2143 2528 2203 2573 ut
2233 2507 2419 2596 revera
2464 2507 2683 2596 lucerna
2729 2515 2892 2596 super
2919 2507 3554 2601 candelabrnmposita,
3599 2549 3716 2589 om-

2141 2601 2299 2665 nibus
2323 2611 2414 2680 qui
2442 2611 2496 2666 in
2524 2614 2682 2670 domo
2713 2613 2804 2670 Dei
2838 2626 2963 2672 sunt
3007 2619 3186 2674 radios
3216 2635 3326 2675 suae
3367 2620 3500 2677 lucis
3537 2623 3714 2678 infun-
3764 2651 3767 2653 -

2142 2699 2312 2753 deret.

2212 2791 2347 2845 Dum
2380 2791 2793 2862 igiturnuntius
2829 2799 2921 2865 qui
2956 2799 3350 2858 missusfuerat
3374 2810 3713 2870 exspectare-

2143 2879 2266 2944 tur,’
2293 2869 2622 2938 Romualdus
2666 2886 2750 2940 his
2791 2887 2882 2955 qui
2915 2903 3095 2944 secum
3124 2899 3281 2944 erant
3310 2889 3566 2948 fratribus
3596 2893 3707 2947 ait:

2141 2968 2409 3048 Noveritis
2432 2972 2618 3052 procul
2643 2974 2804 3029 dubio
2832 2976 2954 3044 quia
2981 2976 3146 3032 frater
3166 2977 3254 3034 ille
3280 2980 3483 3034 tardius
3510 2981 3708 3046 veniet,

2065 3045 2198 3134 ρει
2220 3045 2278 3113 in
2301 3045 2436 3138 alia:
2459 3060 2582 3129 navi
2626 3055 2724 3119 nos
2751 3064 2864 3130 ire,
2895 3066 3230 3136 priusquam
3263 3068 3350 3122 ille
3378 3078 3706 3134 revertatur,

2137 3137 2368 3228 oportet.
2397 3153 2728 3211 Adveniente
2765 3166 2944 3211 autem
2977 3167 3164 3213 sancto
3190 3161 3276 3215 die
3311 3160 3619 3225 Dominico,
3654 3163 3705 3216 in

2083 3267 2085 3269 ι
2135 3233 2254 3315 ipso
2277 3244 2466 3311 prima:
2493 3239 2630 3298 lucis
2655 3247 2970 3315 crepusculo
2997 3247 3132 3301 dixit
3159 3250 3430 3304 assistenti
3466 3252 3564 3304 sibi
3595 3251 3708 3305 cui-

2277 3300 2456 3397 fratri,
2488 3333 2708 3390 nomine
2736 3300 3062 3405 l-ngelherto,
3097 3339 3185 3407 qui
3215 3347 3398 3408 postea
3437 3340 3705 3410 archiepi-

2133 3411 2326 3512 scopus
2351 3419 2401 3474 in
2425 3422 2671 3491 gentibus
2695 3423 2867 3480 factus
2889 3435 2970 3481 est
2993 3444 3005 3479 :
3031 3425 3278 3496 Respice,
3305 3429 3499 3498 inquit,
3520 3429 3704 3499 procul

2064 3551 2071 3562 .
2131 3507 2484 3602 pelagus,
2527 3524 2580 3571 et
2619 3517 2740 3570 vide
2785 3518 2917 3572 duas
2961 3534 3128 3574 naves
3174 3519 3480 3591 longinquis
3527 3521 3703 3576 adhuc

2064 3627 2071 3656 ~.
2129 3597 2318 3687 spatiis
2341 3597 2456 3674 pari
2487 3604 2769 3661 adversum
2801 3622 2898 3662 nos
2929 3608 3215 3664 velocitate
3241 3610 3546 3675 tendentes,
3569 3626 3701 3680 qua-

2130 3708 2247 3757 rum
2283 3710 2381 3750 nos
2409 3695 2628 3753 definite
2656 3698 2814 3753 debet
2845 3715 2949 3755 una
2980 3703 3269 3770 suscipere.
3309 3701 3408 3767 Qui
3440 3701 3701 3758 curiosius

2127 3771 2433 3868 intendens,
2465 3777 2519 3840 et
2539 3779 2796 3856 expansis
2825 3789 3098 3846 oculorum
3128 3790 3294 3845 radiis
3316 3789 3541 3844 sollicite
3563 3805 3696 3844 cun-

2125 3885 2212 3929 cta
2242 3875 2596 3944 perlustrans,
2643 3878 2859 3946 aliquod
2898 3880 3196 3950 remigandi
3241 3881 3450 3949 signum
3479 3880 3699 3935 omnino

2125 4062 2322 4120 sceret,
2345 4069 2470 4109 ecce
2489 4064 2736 4111 extremo
2756 4057 2900 4111 videt
2926 4058 3119 4111 intuitu
3147 4058 3280 4111 duas
3302 4073 3466 4111 naves
3486 4058 3695 4128 eminus

2125 4145 2492 4209 adventantes,
2521 4156 2576 4201 et
2601 4162 2714 4217 prae
2740 4147 2903 4202 nimia
2932 4148 3107 4202 adhuc
3133 4148 3520 4223 longinquitate
3543 4148 3694 4217 quasi

2125 4234 2344 4296 totidem
2375 4235 2635 4300 volucres
2668 4238 3266 4307 apparentes..Quibus
3307 4237 3540 4309 tandem
3561 4238 3693 4292 sub-

2059 4349 2061 4352 ⁴
2121 4327 2372 4382 euntibus
2429 4334 2678 4397 portum,
2727 4329 3040 4398 interrogati
3075 4330 3305 4398 remiges
3354 4338 3535 4382 utrum
3581 4327 3692 4382 Ro-

2048 4404 2097 4462 D
2125 4413 2395 4470 mualdum
2415 4428 2537 4469 cum
2561 4415 2675 4470 suis
2701 4419 2752 4469 in
2779 4418 2998 4487 propria
3021 4417 3220 4471 vellent
3239 4432 3383 4490 nave
3401 4419 3689 4488 suscipere,

2120 4517 2258 4570 nova
2289 4517 2414 4570 mox
2455 4503 2643 4572 repleti
2681 4504 2904 4568 laetitia,
2951 4518 3010 4560 se
3043 4514 3099 4558 et
3137 4521 3233 4559 sua
3265 4506 3445 4560 omnia
3477 4506 3529 4560 in
3577 4508 3692 4575 ejus
3763 4567 3778 4585 ς

2117 4601 2384 4662 potestate
2412 4593 2768 4658 constituunt,
2799 4603 2854 4647 et
2876 4592 3062 4647 beatos
3081 4609 3139 4647 se
3164 4594 3280 4647 fore
3307 4602 3412 4647 tam
3443 4595 3691 4663 pretiosa:

2118 4683 2424 4753 margarita:
2452 4683 2689 4750 pondere
2720 4681 3061 4751 profitentur.
3089 4681 3184 4737 lllo
3211 4683 3390 4752 itaque
3410 4684 3499 4738 die
3517 4685 3690 4738 minas

2116 4771 2259 4825 aeris
2293 4771 2643 4826 formidantes
2688 4771 2767 4826 ire
2811 4770 3117 4826 noluerunt.
3148 4772 3474 4828 Romualdus
3508 4783 3685 4828 autem

2055 4865 2062 4868 “
2113 4861 2430 4916 exhortatus
2475 4869 2558 4916 est
2589 4875 2683 4916 eos
2725 4871 2782 4916 ut
2821 4865 3004 4918 statim
3043 4863 3097 4917 in
3145 4879 3237 4934 spe
3269 4865 3460 4919 divinae
3499 4865 3686 4934 gratia:

2115 4949 2217 5003 iter
2250 4949 2582 5019 inciperent,
2634 4952 2902 5020 spondens
2945 4952 3024 5008 eis
3054 4954 3178 5022 quia
3217 4953 3420 5011 nullum
3465 4955 3684 5009 omnino

2113 5115 2471 5200 versationem
2506 5129 2815 5194 translatus,
2843 5137 3070 5200 utgsaepe
3096 5129 3210 5184 fieri
3243 5138 3369 5183 tunc
3397 5129 3619 5184 solebat.

2361 5195 2579 5278 ytinam
2602 5207 2841 5278 exstaret
2869 5198 2955 5278 ille
2980 5195 3019 5252 ι’
3058 5269 3070 5278 _
3271 5266 3292 5278 Δ
3382 5267 3414 5278 ,Δ
3521 5267 3533 5278 ,

2183 5265 2331 5337 (278)
2363 5267 2438 5321 De
2463 5266 2672 5322 Andrea
2714 5268 2949 5337 Parentii
2987 5269 3237 5337 episcopo
3253 5266 3488 5337 forsitan
3521 5267 3678 5320 intel-

2113 5333 2378 5402 ligendUm
2409 5345 2522 5400 est,
2567 5338 2763 5407 quippe
2785 5336 2880 5407 qui
2910 5338 2984 5407 ab
3003 5333 3143 5390 anno
3171 5333 3274 5390 998
3312 5337 3385 5407 ad
3409 5336 3545 5391 lOlO
3573 5337 3672 5389 5:11-

2115 5407 2472 5486 tcttu'ixerat,
2503 5404 2741 5486 prontjn
2760 5404 2930 5486 (Italia
2957 5405 3148 5486 Snacra,
3179 5415 3308 5486 tom.
3344 5404 3407 5467 V,
3436 5413 3673 5486 apparet.

2179 5473 2326 5542 (279)
2358 5473 2603 5528 Fortasse
2647 5475 2949 5528 Bertaldum
2983 5475 3147 5529 fuisse
3182 5476 3324 5528 hunc
3367 5473 3675 5542 episcopum

2109 5541 2266 5601 Pone.
2299 5541 2419 5612 qua:
2446 5544 2770 5618 urhs_lstri:e
2801 5545 3168 5613 antiquissima
3198 5543 3354 5613 vulgo
3383 5541 3515 5618 Pola
3540 5541 3675 5596 nun-

2109 5624 2354 5678 cupatur,
2394 5624 2477 5667 est
2512 5612 2831 5672 habendum.
