4118 6436
349 251 452 324 ass

345 474 769 530 commorantes,
802 476 960 528 nocte
985 471 1239 544 navigare
1266 487 1569 545 coeperunt.

415 570 571 627 Circa
603 574 891 630 diluculum
921 588 1100 634 autem
1133 583 1312 640 subito
1341 589 1480 642 venti
1505 591 1750 658 saeviunt,
1785 602 1921 649 tem-

345 665 750 730 pestas.oritur,
787 684 936 724 mare
961 671 1029 726 ab
1055 672 1163 730 imo
1184 674 1348 732 fundo
1374 690 1636 736 versatur.
1659 683 1776 739 Jam
1799 703 1923 743 vero

347 751 587 807 furentes
640 753 877 824 undique
932 761 1183 826 procellae
1233 764 1383 833 ipsos
1423 783 1638 839 quoque
1695 777 1922 847 remiges

349 841 678 896 transvolant
725 854 780 898 et
824 847 1009 902 navim
1051 850 1176 906 hinc
1203 853 1330 910 inde
1369 862 1737 918 concutientes
1785 841 1922 923 totas

343 942 480 1000 pene
508 931 714 986 tabulas
748 932 954 992 laxant.
983 937 1207 998 Videres
1244 942 1441 1012 itaque.
1461 945 1740 1016 homines,
1785 953 1922 1009 alios

344 1017 557 1085 quidem
586 1035 644 1075 se
674 1022 739 1074 ad
772 1025 1063 1082 natandum
1093 1032 1486 1096 exuere,.alios;
1513 1052 1645 1092 vero
1691 1041 1920 1098 diversis

344 1125 402 1163 se
429 1109 758 1178 palustribus
799 1115 1025 1186 religare
1046 1159 1060 1183 ,
1101 1123 1362 1190 quosdam
1403 1136 1616 1194 autem,
1645 1141 1712 1185 ut'
1733 1147 1922 1203 super-

343 1207 534 1254 natare
559 1198 808 1258 ﬂuctibus
851 1216 1099 1274 possent,
1148 1224 1326 1267 remos
1359 1223 1451 1269 ant
1474 1215 1674 1287 lignum
1703 1198 1919 1290 aliquod

340 1291 586 1345 strictum
634 1303 836 1348 tenere.
884 1296 1127 1368 Cumque
1165 1301 1218 1357 in
1263 1311 1412 1360 tanto
1456 1307 1770 1366 discriminc
1811 1328 1915 1367 non

336 1376 446 1444 jam
474 1381 692 1436 dubium
728 1384 1026 1454 desperatis
1067 1391 1320 1448 omnibus
1361 1396 1694 1468 naufragium
1742 1402 1918 1457 immi-

342 1477 518 1534 neret,
548 1469 690 1525 illico
724 1471 1055 1533 Romualdus
1091 1479 1166 1540 ad,
1189 1481 1342 1536 solita
1373 1486 1623 1542 videlicet
1657 1491 1920 1548 orationis

341 1571 678 1618 armamenta
709 1569 971 1632 cucurrit,
1001 1578 1055 1624 et
1080 1572 1339 1630 reclinato
1371 1577 1643 1646 paululum
1663 1609 1665 1613 ι
1684 1584 1910 1652 capitio,

340 1649 517 1717 capite
555 1650 759 1728 devexo
787 1653 840 1708 in
873 1657 1170 1726 gremium,
1217 1676 1406 1730 preces
1449 1649 1804 1725 sub-silentio
1845 1673 1913 1727 ad

1585 274 1746 332 "TA
1781 278 1840 333 S.
1881 279 2253 342 ROMUALDI.

345 368 647 435 periculum
697 371 1043 432 sustinerent.
1087 375 1176 432 Illi
1219 385 1397 436 tamen
1422 423 1438 448 ,
1472 392 1584 441 tota
1617 387 1707 444 die
1734 389 1927 447 ibidem
1955 397 2005 457 Α

3489 321 3596 378 986

2593 390 2821 472 CA'PUT'
2853 409 3068 476 xxxv.

2030 505 2106 562 De
2133 508 2352 566 adventu
2381 516 2493 585 ejus
2533 521 2603 573 ad
2624 517 2822 597 uallem
2867 528 2930 581 de
2969 523 3184 597 Castra,
3215 542 3263 585 et
3295 537 3457 590 multo
3485 541 3600 593 ani-

2375 599 2590 640 marum
2611 591 2790 658 fructu
2817 607 2908 663 per
2935 611 3049 650 eum
3080 591 3240 666 facta.

2093 684 2585 784 Romualdusiergo,
2610 699 2911 756 sterilitatis
2927 704 3231 774 impatiens,
3255 711 3410 764 anxia
3433 717 3598 784 cmpit

2025 775 2282 834 aviditate
2310 784 2625 851 perquirere
2666 789 2753 842 ubi
2797 799 2994 846 terram
3031 796 3291 863 potuisset
3319 799 3386 856 ad
3419 775 3596 871 profe-

2024 867 2220 922 rendos
2260 871 2560 928 animarum
2609 872 2818 935 fructus
2864 882 3108 940 idoneam
3151 867 3595 951 invenire—Misit

2023 953 2207 1025 itaque
2227 962 2444 1016 nuntios
2465 964 2531 1018 ad
2553 963 2849 1024 Camerinae
2868 975 3158 1040 provinciae
3179 975 3328 1048 (282)
3343 982 3589 1039 comites.

2022 1044 2122 1111 Qui
2151 1048 2336 1104 audito
2370 1056 2590 1108 nomine
2616 1053 2899 1115 Romualdi
2917 1103 2930 1126 ,
2967 1057 3132 1119 nimio
3157 1044 3345 1137 repleti
3373 1073 3590 1140 gaudio,

2021 1144 2213 1234 cuncta
2239 1153 2349 1193 suae
2372 1141 2587 1199 virtutis
2609 1139 2842 1203 offerunt
2865 1153 3087 1220 praedia,
3120 1161 3223 1211 non
3253 1139 3411 1216 modo
3429 1162 3593 1234 460

2021 1222 2277 1280 silvarum
2321 1236 2385 1283 et-
2404 1233 2684 1301 montium,
2732 1238 2847 1302 sed,
2895 1239 2940 1294 si
2985 1241 3086 1297 sibi
3123 1245 3298 1299 etiam
3327 1222 3589 1316 placavere;

2019 1326 2290 1380 agrorum.
2320 1315 2600 1375 Postremo
2647 1334 2891 1392 repertus
2935 1337 3016 1384 est
3058 1331 3109 1384 in
3142 1315 3341 1394 eorumi
3372 1345 3586 1405 posses-

2019 1400 2170 1454 sione
2197 1401 2348 1459 loeus
2383 1408 2674 1463 eremiticae
2698 1417 3095 1471 conversationi
3128 1400 3587 1493 satiscongr'uus,

2017 1488 2294 1546 montibus
2319 1494 2556 1565 undique
2595 1498 2910 1556 vallatuset
2948 1503 3116 1559 silvis.
3155 1506 3211 1560 ln
3258 1488 3435 1564 medie
3461 1488 3596 1566 vero:

2018 1578 2193 1647 ampla
2225 1583 2469 1650 quaedam
2499 1585 2751 1654 planities
2782 1605 2886 1644 non
2917 1592 3456 1670 solumvprofercndis
3483 1598 3592 1653 fru-

2015 1668 2169 1736 Sibus
2195 1682 2339 1740 δρίαν
2372 1674 2466 1728 58d
2495 1678 2796 1747 perspicuis
2825 1681 2985 1734 etiam
3023 1668 3248 1738 fontium
3285 1689 3439 1755 aquis
3467 1689 3612 1743 irri;

650 1741 818 1809 fudit;
850 1745 1042 1800 deinde
1069 1748 1272 1804 Ansoni
1299 1751 1508 1820 abbati,
1544 1757 1639 1824 qui
1669 1760 1924 1815 coruinus
1944 1762 1996 1821 Β
2018 1771 2139 1825 gua.
2168 1739 2266 1814 Hic
2293 1760 2474 1830 itaque
2495 1739 2663 1835 iocus
2681 1766 2835 1822 vallis
2863 1769 2930 1823 de
2955 1770 3144 1825 Castro
3178 1739 3593 1844 magisidem-

338 1829 630 1898 assidebat,
660 1847 847 1889 secure
887 1835 1052 1908 459
1088 1843 1359 1911 praecepit,
1378 1845 1611 1902 dicens:
1650 1848 1926 1906 Denuntia'

339 1921 516 1975 nautis
547 1931 606 1976 ut
633 1939 971 1994 nequaquam
1013 1929 1256 1994 timeant,
1289 1934 1382 1986 sed
1403 1949 1596 1990 omnes
1627 1952 1684 1992 se
1711 1939 1914 1995 incolu-

337 2013 453 2064 mes
493 2025 749 2068 evasuros
793 2017 995 2085 absque
1029 2019 1132 2074 ulla
1177 2024 1404 2090 penitus.
1435 2021 1785 2096 ambiguitate
1822 2047 1917 2087 co-

335 2109 612 2168 gnoscant.
674 2104 774 2158 Vix
825 2109 1092 2162 modicum
1145 2120 1264 2179 post
1311 2113 1442 2180 hoc,
1494 2125 1547 2170 et
1593 2132 1722 2174 ecce
1771 2121 1911 2175 ultra

335 2193 584 2279 omnium
622 2209 769 2264 spem
817 2199 1024 2267 absque
1070 2200 1182 2256 ullo
1220 2203 1458 2259 humano
1483 2208 1662 2262 studio
1705 2210 1818 2279 ipsa
1853 2227 1925 2266 sei

336 2281 486 2372 navis
533 2269 747 2354 dirigit,
793 2295 846 2340 et
895 2303 1016 2342 mox
1066 2290 1118 2342 iu
1174 2301 1390 2360 portum
1443 2269 1909 2372 Capreola-fi280)

338 2370 574 2426 civitatis
612 2373 828 2443 delapsa
868 2377 1118 2432 celeriter
1150 2381 1494 2438 subintravit.
1546 2370 1926 2446 Tunc.omnes,

337 2457 613 2514 liberatori
646 2461 756 2517 Deo
798 2463 985 2534 dignas
1031 2467 1271 2522 referunt
1295 2472 1517 2542 gratias,
1543 2482 1603 2536 et
1629 2476 1912 2532 manifeste

339 2562 398 2602 se
427 2549 492 2604 de
519 2549 764 2610 faucibus
789 2557 980 2612 mortis
1005 2551 1217 2629 ereptos
1242 2561 1528 2618 Romualdi
1551 2566 1764 2622 meritis
1787 2582 1911 2637 pro—

338 2640 578 2696 ﬁtentur.

867 2734 1095 2792 CAPUT
1137 2736 1373 2794 XXXIV.

591 2863 671 2919 De
702 2865 925 2922 adventu
955 2868 1238 2925 Romualdi
1261 2873 1328 2926 in'
1347 2871 1644 2942 Bifurcum.

408 2990 636 3048 Veniens
666 2995 845 3065 itaque
881 2997 1210 3054 Romualdus
1253 3001 1563 3072 Bifurcum,
1609 3006 1742 3062 visis
1782 3023 1906 3064 om-

2017 1846 2266 1915 cabatur,
2297 1849 2388 1904 ubi
2404 1851 2523 1920 jam
2571 1867 2734 1921 parva
2766 1864 2885 1909 erat
2913 1857 3142 1912 ecclesia
3172 1859 3350 1933 (285),
3391 1864 3443 1916 in
3484 1867 3609 1932 qua"

2015 1949 2399 1992 conversarum
2432 1943 2788 2008 quarumdam
2821 1944 3104 2000 mulierum
3149 1949 3435 2005 videbatur
3471 1968 3591 2007 esse

2013 2027 2460 2084 conventusﬂis
2495 2031 2677 2100 itaque
2719 2033 2838 2089 loco
2877 2036 3217 2102 sedentibus,
3262 2044 3591 2099 constructis

2012 2115 2219 2171 cellulis
2250 2117 2362 2173 illic
2391 2119 2638 2176 habitare
2661 2137 2781 2176 cum
2811 2125 2922 2180 suis
2959 2127 3234 2196 discipulis
3257 2131 3340 2184 vir
3368 2147 3590 2186 venera-

2012 2205 2134 2260 bilis
2157 2207 2344 2276 cwpit.
2369 2208 2444 2262 lbi
2478 2217 2657 2264 autem
2680 2225 2914 2281 quantos
2935 2217 3244 2271 animarum
3265 2219 3471 2275 fructus
3493 2238 3591 2290 per

2013 2293 2161 2349 ilium
2191 2295 2451 2351 Dominus
2475 2299 2808 2367 acquisierit,
2835 2303 3154 2370 quis-valeat
3179 2306 3264 2359 vel
3287 2293 3591 2362 atramento

2012 2385 2356 2451 describere,
2404 2386 2492 2441 vel
2537 2387 2715 2458 lingua
2763 2390 3040 2460 proferre?
3084 2392 3312 2462 Coepere
3361 2411 3592 2465 namque

2011 2471 2260 2528 homines
2303 2474 2369 2529 ad
2400 2477 2774 2543 paenitentiam
2825 2481 2950 2534 hinc
2983 2481 3109 2536 inde
3154 2482 3454 2549 conﬂuere,
3495 2500 3590 2538 sua

2010 2554 2338 2631 pauperibus
2359 2566 2785 2630 misericorditer
2812 2584 3059 2641 erogare,
3080 2572 3169 2625 alii
3197 2572 3450 2626 saeculum
3473 2590 3594 2628 om—

2011 2650 2139 2702 nino
2167 2649 2478 2720 relinquere
2495 2662 2560 2707 et
2585 2655 2653 2708 ad
2673 2666 2874 2711 sancta:
2895 2660 3323 2713 conversationis
3343 2661 3589 2715 ordinem

2009 2744 2203 2811 spiritu
2243 2741 2450 2800 fervido
2479 2745 2754 2800 festinare.
2796 2747 2928 2802 Erat
2958 2749 3116 2802 enim
3135 2749 3216 2802 vir
3242 2750 3589 2804 beatissimus

2008 2833 2162 2900 quasi
2199 2849 2338 2887 unus
2367 2834 2434 2889 de
2462 2833 2770 2904 Seraphim,
2795 2838 2918 2904 quia
2949 2847 3009 2891 et
3035 2838 3146 2907 ipse
3170 2836 3384 2892 ﬂamma
3420 2837 3586 2893 divini

2011 2923 2211 2977 amoris
2241 2923 2740 2993 incomparabiliter
2768 2927 3050 2990 aestuabat,
3075 2935 3130 2980 et
3155 2928 3309 2993 alios,
3341 2942 3588 2996 quocun-

2009 3029 2116 3083 que
2144 3023 2428 3083 pergeret,
2468 3023 2667 3070 sanctae
2711 3017 3107 3085 praedicationis
3153 3017 3364 3073 facibus
3403 3018 3589 3072 incen-

333 3082 484 3136 nium
509 3083 740 3140 fratrum
771 3087 943 3152 cellis,
971 3090 1094 3158 quia
1123 3095 1509 3161 superstitione
1536 3098 1769 3166 quadam
1799 3115 1914 3155 am-
1940 3103 1984 3164 C
2019 3082 2200 3158 debat.
2231 3082 2388 3173 saepe
2414 3119 2667 3174 namque,
2695 3082 2822 3160 dum
2851 3106 3252 3175 praedicationis
3276 3107 3437 3160 verba
3465 3121 3591 3176 pro-

333 3173 541 3228 hitiosae
562 3175 904 3243 videbantur,
927 3179 980 3232 in
1005 3179 1148 3234 nulla
1181 3197 1366 3237 earum
1396 3186 1597 3241 habere
1618 3188 1930 3258 liOSpitium-
2012 3195 2199 3258 ferret,
2221 3204 2366 3249 tanta
2389 3196 2537 3249 illum
2561 3173 2906 3266 compunctio
2927 3196 2985 3250 in
3012 3195 3278 3265 lacrymas
3297 3173 3589 3258 exeitabat,
3614 3223 3616 3228 -

333 3264 521 3329 voluit,
552 3267 655 3321 nisi
686 3268 738 3322 in
769 3269 856 3323 illa
889 3271 1224 3327 solummodo
1253 3274 1305 3328 in
1329 3291 1434 3344 qua
1465 3276 1656 3333 Petrus
1683 3294 1910 3335 venera-
2011 3293 2072 3337 ut
2100 3284 2280 3338 subito
2307 3285 2666 3351 interruptum
2687 3264 2999 3338 sermonem
3030 3285 3337 3352 relinquens
3355 3284 3590 3352 aliquor-

332 3358 454 3414 bilis
483 3358 639 3429 (281)
678 3361 793 3429 ejus
831 3362 1127 3434 discipulus
1157 3365 1468 3431 habitabat,
1517 3369 1600 3422 vir
1644 3370 1910 3440 siquidem

335 3449 596 3504 mirabilis
635 3451 975 3506 abstinentiae
1015 3453 1302 3522 multaeque
1341 3455 1626 3511 admodum
1658 3461 1923 3516 extremi!

335 3536 496 3602 tatis,
523 3538 614 3608 qui
647 3539 893 3593 cellulam
930 3541 1032 3594 sibi
1074 3543 1140 3596 ad
1186 3542 1243 3596 S.
1275 3541 1565 3600 Hilarionis
1608 3548 1928 3617 exemplum.

332 3630 421 3684 vix
454 3646 689 3700 unquam
721 3632 1003 3704 largiorem
1054 3633 1169 3689 ﬁeri
1204 3644 1438 3704 quatuor
1465 3638 1662 3694 cubitis
1687 3642 1912 3711 permit-

335 3722 502 3775 tebat.
536 3721 819 3778 Referebat
845 3733 1022 3779 autem
1061 3739 1222 3781 nosse
1259 3721 1400 3780 idem
1441 3731 1767 3787 venerabilis
1793 3733 1910 3800 vir,

333 3814 458 3881 quia
485 3813 610 3866 dum
644 3814 707 3866 l3.
729 3813 1058 3870 Romualdus
1083 3829 1206 3870 cum
1241 3817 1356 3887 ipso
1385 3828 1648 3886 maneret,
1678 3829 1732 3875 et
1770 3821 1914 3892 psal-

337 3920 453 3958 mos
500 3914 725 3974 utcrquc
772 3906 913 3961 inter
949 3922 1006 3962 se
1046 3908 1264 3963 vicariis
1291 3909 1539 3966 versibus
1581 3910 1911 3976 alternaret,

334 3996 517 4049 tricies
563 3996 616 4048 in
666 4005 846 4063 nocte,
890 3998 974 4052 vel
1003 4012 1068 4053 eo
1103 3999 1352 4068 amplius,
1386 4015 1444 4055 se
1487 4001 1814 4058 Remualdus
1844 4002 1912 4057 ad

333 4084 594 4154 requisita
629 4093 836 4143 natura:
861 4085 948 4141 ire
967 4087 1278 4153 simulabat,
1295 4089 1550 4157 quoniam
1569 4089 1928 4146 afﬂuentiam

334 4172 693 4244 lacrymarum
724 4176 1094 4231 inundantiam
1142 4186 1302 4247 atque
1347 4179 1612 4250 singultus
1645 4180 1913 4236 cohibere

337 4279 440 4316 non
470 4270 703 4331 poterat.
733 4265 974 4334 Cumque
1002 4265 1075 4320 ibi
1102 4265 1428 4322 Romualdus
1458 4268 1768 4337 aliquandiu
1797 4284 1916 4324 mo-

224 4353 238 4363 ‘
334 4359 569 4416 raretur,
592 4351 866 4410 etfratres
891 4368 995 4412 non
1018 4355 1188 4408 solum
1212 4355 1280 4410 de
1303 4355 1568 4424 spirituali
1591 4358 1909 4422 certamine,

2012 3386 2134 3426 sum
2178 3373 2461 3441 repentino
2490 3372 2692 3440 impetu
2730 3373 2875 3426 velut
2902 3387 3091 3426 amens
3116 3372 3416 3441 aufugeret.
3454 3371 3588 3425 Nam

2008 3461 2112 3516 etsi
2202 3461 2418 3532 quando
2465 3475 2588 3516 cum
2638 3459 2896 3514 fratribus
2941 3460 3253 3530 equitabat,
3281 3461 3438 3531 longe
3469 3470 3589 3530 post

2011 3551 2146 3606 alios
2175 3553 2398 3606 veniens
2426 3565 2748 3621 semperque
2779 3551 3036 3621 psallens,
3067 3552 3418 3607 nihilominus
3447 3567 3510 3606 ac
3541 3552 3590 3606 si

2011 3643 2064 3697 in
2095 3643 2288 3698 cellam
2313 3643 2593 3708 resideret,
2616 3641 2818 3713 jugiter
2862 3641 3130 3713 lacrymas
3170 3640 3444 3696 effundere
3481 3656 3590 3697 non

2011 3734 2287 3791 cessabat.-

2079 3821 2227 3877 lnter
2253 3831 2480 3878 cancros
2505 3830 2683 3876 autem
2701 3861 2714 3886 ,
2747 3821 3014 3892 praecipue
3052 3821 3336 3876 saeculares
3363 3821 3590 3876 clericos

2011 3911 2104 3980 qui
2131 3926 2226 3980 per
2261 3912 2538 3980 pecuniam
2567 3911 2811 3981 :ordinati
2869 3909 3079 3964 fuerant
3108 3910 3395 3964 durissima
3439 3923 3591 3963 sevc-

2010 4002 2172 4056 ritate
2197 4001 2543 4070 corripiebat,
2578 4010 2631 4056 et
2655 4016 2780 4066 eos,
2819 4001 2921 4055 nisi
2950 4001 3192 4055 ordinem
3221 4009 3410 4068 sponte
3437 4000 3592 4053 dese-

2011 4103 2215 4157 rerent,
2247 4094 2468 4147 omnino
2499 4091 2831 4146 damnabiles
2874 4099 2928 4144 et
2969 4091 3251 4145 haereticos
3289 4089 3586 4143 asserebat.

2011 4181 2109 4246 Qui
2143 4194 2335 4234 novam
2359 4194 2473 4234 rem
2497 4180 2774 4234 audientes
2802 4180 3048 4234 occidere
3074 4177 3223 4232 illum
3249 4175 3418 4231 moliti
3443 4185 3587 4231 sunt.

2010 4270 2114 4325 Per
2164 4277 2330 4326 totam
2373 4282 2610 4340 namque
2653 4269 2802 4324 illam
2853 4269 3258 4333 monarchiam,
3306 4281 3477 4336 usque
3521 4267 3589 4321 ad

2012 4360 2294 4415 Romualdi
2339 4369 2615 4430 tempora,
2635 4358 2847 4428 vulgata
2874 4358 3263 4414 consuetudine
3284 4397 3298 4422 ,
3329 4358 3415 4410 vix
3443 4358 3592 4426 quis-

333 4454 518 4493 verum
543 4440 722 4502 etiam,
745 4448 814 4494 ut,
834 4442 937 4497 sibi
967 4443 1216 4498 abbatem
1243 4444 1558 4514 praeferrent
1582 4454 1639 4500 et
1667 4461 1911 4501 commu-
1941 4446 2173 4519 D'quam
2214 4449 2824 4505 noveratSimoniacam
2855 4449 3118 4504 haeresim
3137 4457 3258 4504 esse
3288 4451 3586 4517 peccatum;
3615 4461 3618 4468 '

334 4531 420 4583 nia
465 4539 657 4585 cuncta
706 4531 944 4587 facerent
971 4533 1304 4599 admoneret,
1339 4534 1586 4605 illi,§quia
1615 4551 1771 4590 suum
1815 4537 1913 4590 ha-

332 4621 494 4678 bebat
532 4623 902 4692 unusquisque
936 4632 1353 4680 sustentatorem
1375 4666 1391 4693 ,
1429 4635 1484 4682 et
1512 4636 1700 4697 prout.
1715 4628 1912 4697 cuique

333 4708 598 4774 libuerat,
645 4712 850 4780 proprii
897 4713 1282 4782 sequebantur.
1312 4715 1907 4781 arbitrii-libertatem,

334 4796 618 4855 Remualdi
652 4808 942 4869 praecepta-
962 4802 1236 4873 suscipere
1261 4819 1370 4859 non
1399 4819 1725 4877 magnopere
1745 4820 1932 4865 cura“

334 4896 548 4941 verunt.
575 4919 580 4922 -

404 5077 550 5152 (280)
583 5079 726 5152 Loco
754 5079 1021 5152 Capreolce
1059 5081 1175 5152 iege
1215 5081 1586 5152 Caprulenais,
1632 5103 1756 5145 nam
1799 5088 1906 5144 Ca-

333 5148 518 5220 prum,
548 5150 707 5220 vulgo
735 5148 938 5216 σαύνια,
979 5148 1170 5206 civitas
1196 5163 1278 5206 est
1292 5148 1618 5211 '40'circiter
1644 5157 1909 5214 milliariis
1932 5181 1940 5190 ι

335 5233 364 5269 a
403 5217 889 5290 Venetiis'distans,
921 5235 1040 5290 quae
1065 5223 1206 5276 aeris
1229 5222 1706 5281 insalubritate‘est
1740 5226 1910 5280 infreo
1936 5253 1939 5258 λ

335 5287 710 5364 quentissima.
748 5287 998 5364 Attalneu
1037 5291 1347 5361 episcopum
1376 5292 1556 5359 habet,
1583 5297 1674 5364 qui
1709 5294 1908 5351 Veneto

334 5357 658 5427 patriarchae
683 5366 770 5413 est
791 5357 1176 5427 suﬂ'raganeus.

338 5493 494 5616 tittliltt)
531 5493 670 5550 beati
713 5493 862 5552 Petri
899 5503 963 5552 de
1010 5493 1221 5568 Bi'furco
1249 5499 1338 5554 hic
1360 5500 1682 5556 venerabilis
1707 5502 1792 5556 vir
1817 5493 1912 5558 ad;

339 5579 406 5616 110
433 5578 461 5615 8
493 5577 574 5616 ΙΙΓ.

339 5572 574 5620 notatur.

409 5632 556 5703 (282)
583 5634 675 5689 Est
707 5634 774 5689 ad
811 5636 1018 5694 Picenae
1051 5639 1390 5710 Umbriaeque
1417 5639 1650 5695 coniiuia
1679 5640 1910 5710 positum

406 5423 558 5548 (2812
581 5427 624 5479 Α
653 5423 1038 5511 scriptoribus,
1056 5429 1362 5510 praesertim
1393 5428 1935 5513 Camaldulensibus,'

406 5493 494 5548 ulo
563 5505 670 5548 eat:
713 5495 862 5548 Petra
899 5503 963 5548 de
1010 5499 1221 5548 Btfurco
1249 5500 1338 5548 Ine
1360 5500 1682 5548 venerabilis
1707 5515 1792 5548 νη·
1817 5503 1912 5548 ad-

2018 4541 2119 4608 Qui
2145 4539 2278 4595 dixit
2301 4540 2379 4595 eis
2405 4557 2417 4594 :
2457 4539 2732 4594 Canonum
2765 4538 2894 4593 mihi
2920 4538 3084 4594 libros
3103 4531 3311 4604 aﬂ'e'rte,
3335 4547 3388 4592 et
3409 4546 3586 4591 utrum

2014 4645 2140 4684 vera
2166 4629 2276 4684 sint
2298 4629 2575 4700 quaedico,
2597 4627 2794 4683 vestris
2813 4629 3189 4684 attestantibus
3209 4627 3419 4697 paginis
3443 4642 3588 4682 com-

2014 4719 2252 4788 probate.
2278 4718 2482 4785 Quibus
2504 4719 2682 4788 itaque
2703 4719 2988 4786 diligenter
3011 4718 3288 4788 inspectis,
3311 4727 3365 4773 et
3383 4719 3586 4773 crimen

2014 4817 2336 4878 agnoscunt,
2377 4817 2426 4864 ct
2470 4816 2652 4863 errata
2680 4808 3024 4878 deplangunt.
3069 4807 3361 4864 Constituit
3407 4809 3590 4878 itaque

2012 4899 2097 4953 vir
2121 4907 2341 4955 sanctus
2367 4897 2550 4968 plures
2593 4897 2883 4954 canonicos
2913 4906 2968 4952 et
3008 4898 3267 4965 clericos,
3296 4899 3388 4968 qui
3427 4898 3590 4954 laico-

2011 5091 2365 5171 Camerinum
2379 5091 2569 5146 civitas
2595 5089 2912 5171 cpiscOpalis
2933 5129 2948 5153 ,
2994 5088 3141 5171 Italis
3167 5087 3466 5171 Camerino.
3486 5090 3588 5171 “Ab

2013 5163 2126 5230 ipsa
2157 5160 2450 5215 Camerina:
2476 5175 2670 5230 nomen
2707 5160 2916 5229 accepit
2945 5160 3243 5230 provincia,
3275 5176 3395 5228 quae
3426 5177 3454 5214 a
3486 5161 3590 5215 Da-

2012 5228 2194 5310 miano
2220 5231 2272 5284 in
2301 5229 2522 5301 epistola
2550 5230 2636 5310 i2,
2659 5228 2869 5310 lib..vti,
2889 5228 3350 5310 adgothifredum
3376 5231 3585 5310 duceni,

2013 5297 2698 5369 appellatur'monarchia,
2747 5299 2932 5369 idest
2981 5297 3248 5362 Marchia,
3301 5297 3587 5369 Camerini.

2012 5367 2205 5438 litigo,
2237 5369 2483 5438 Etruriae
2517 5369 2753 5423 dominio
2780 5367 2882 5421 sibi
2936 5377 3246 5438 reservato,
3270 5437 3275 5438 γ
3301 5367 3442 5421 hanc
3489 5368 3590 5422 Ca-

2016 5435 2209 5492 merini
2254 5437 2578 5507 provinciam
2625 5453 2728 5491 una
2767 5450 2887 5490 cum
2913 5435 3217 5507 ‘Spoletano
3248 5437 3446 5507 ducatu
3491 5437 3590 5490 im-

2016 5505 2269 5577 peratori
2298 5509 2482 5572 cessit,
2527 5517 2586 5562 ut
2627 5507 2812 5562 retulit
2859 5507 2911 5560 in
2963 5506 3176 5560 laudata
3217 5505 3441 5576 epistola
3474 5507 3620 5577 ipse

2016 5576 2327 5630 Damianus.
3152 5600 3154 5602 '

2088 5643 2236 5713 (285)
2269 5644 2368 5700 SS.
2395 5643 2690 5701 Salvatoris
2722 5655 2775 5701 et
2801 5645 2863 5700 Β.
2881 5644 3062 5700 Mariae
3093 5645 3292 5701 nomini
3320 5645 3585 5705 dedicata.
