4118 6494
430 297 537 353 987

899 290 959 348 8.
998 285 1200 346 PETRI
1240 282 1528 342 DAMIANI
1564 281 1716 342 OPP.
1757 278 1938 345 PARS
1973 273 2056 332 SE

2161 271 2381 339 I'OMUS
2417 280 2482 338 II.
2508 271 2582 324 αῖ-
2621 280 3047 340 SANCTORUM
3083 281 3290 339 νιΤΑε.

3604 282 3709 364 uss

433 429 556 469 rum
589 425 742 466 more
767 405 1098 464 sceculariter
1123 403 1458 466 habitabant,
1479 399 1781 472 praepositis
1801 397 2024 454 obedire
2051 395 2100 452 A
2127 397 2294 462 mino,
2347 408 2631 472 postquam
2679 401 2847 457 cibari
2877 400 3146 458 latronem
3168 371 3554 469 ’fecit,‘dcinde
3599 421 3714 460 mo-

433 514 491 560 et
519 500 878 560 communiter
909 497 962 551 in
990 494 1408 566 congregatione
1435 494 1616 548 vivere
1641 491 1827 548 docuit
1855 489 2023 561 (284).

437 593 690 651 Nonnulli
723 605 936 660 quoque
987 587 1222 658 episcopi
1265 585 1356 656 qui
1393 601 1489 656 per
1517 582 1882 640 Simoniacam
1913 583 2026 636 hae—

442 688 605 742 resim
635 696 820 738 sacras
859 680 1018 734 sedes
1046 679 1387 741 invaserant,
1415 676 1482 730 ad
1513 690 1638 730 eum
1663 689 1826 730 causa
1859 673 2030 742 paeni-

440 780 624 833 tentia:
671 771 1090 830 concurrebant.
1137 768 1238 835 Qui
1284 767 1446 822 etiam
1485 765 1778 821 venerabili
1809 766 1928 818 viro
1971 777 2031 818 se

440 867 868 927 committentes,
901 872 952 916 et
981 862 1348 931 episcopatum
1384 857 1615 913 termino
1647 864 1851 912 statuto
1881 855 2033 909 dese-

442 976 584 1025 rere,
617 967 672 1012 et
697 957 762 1010 ad
795 963 998 1010 sancta:
1040 952 1199 1023 561
1237 938 1664 1005 conversationis
1699 963 1758 1002 se
1803 945 2030 1016 promit-

445 1055 632 1107 tebant
656 1051 901 1105 ordinem
934 1048 1208 1102 festinare.
1249 1044 1329 1098 Ex
1357 1042 1553 1113 quibus
1581 1049 1760 1096 tamen
1787 1039 1870 1094 vir
1909 1053 2034 1092 san-

446 1156 591 1208 ctus,
621 1141 858 1211 quandiu
907 1139 1068 1200 vixit,
1103 1136 1286 1191 nescio
1309 1134 1354 1188 si
1385 1132 1465 1186 vel
1505 1146 1670 1185 unum
1716 1137 2033 1184 convertere

446 1234 640 1303 potuit.
689 1233 784 1287 Est
826 1231 968 1285 enim
1011 1239 1273 1282 venenata
1322 1225 1408 1278 illa
1452 1221 1695 1285 hazresis,
1735 1219 2035 1290 praesertim

453 1326 508 1380 in
547 1323 840 1394 episcopali
891 1321 1113 1385 ordine,
1166 1328 1274 1372 tam
1307 1317 1462 1380 dura,
1504 1325 1560 1369 et
1605 1316 1672 1368 ad
1715 1322 2039 1367 converten-

451 1416 576 1471 dum
607 1413 803 1482 rigida,
829 1421 906 1475 ut,
943 1425 1154 1479 semper
1186 1407 1524 1478 promittens,
1543 1417 1756 1472 semper
1784 1401 1851 1456 de
1875 1401 1962 1454 die
1986 1400 2038 1454 in

452 1507 593 1560 diem
644 1503 946 1573 producens
1005 1508 1166 1566 atque
1214 1498 1266 1552 in
1312 1495 1547 1550 futurum
1613 1491 2038 1562 procrastinans,

454 1596 665 1650 facilius
689 1593 862 1664 possit
888 1591 1105 1646 Judzcus
1129 1591 1192 1643 ad
1225 1589 1383 1642 fidem
1419 1583 1695 1647 converti,
1738 1598 1898 1652 quam
1935 1581 2042 1636 ha}-

459 1687 663 1742 reticus
689 1685 827 1739 latro
857 1684 1014 1753 plene
1038 1681 1104 1735 ad
1131 1680 1503 1750 pmttitentiam
1533 1675 1833 1747 provocari.

991 1793 1218 1850 CAPUT
1251 1791 1492 1847 XXXVI.

456 1891 535 1946 De
558 1890 694 1961 fure,
710 1904 864 1958 quem
887 1886 1209 1961 {rqngemem
1233 1881 1677 1961 cellamﬁregorii
1698 1897 1790 1951 per
1801 1881 2041 1950 spiritum

891 1953 1036 2018 uidit,
1063 1965 1109 2007 et
1139 1953 1362 2007 illa'sum
1390 1953 1606 2006 dimisit.

529 2050 588 2104 In
633 2050 838 2104 eisdem
869 2061 1085 2117 quoque
1128 2044 1373 2115 partibus
1413 2044 1497 2098 vir
1525 2051 1744 2097 sanctus
1776 2048 2049 2096 monaste-

459 2144 601 2197 rium
628 2140 870 2196 condidit
900 2135 1220 2209 puellarum.
1252 2135 1492 2190 Solemni
1533 2135 1766 2202 quadam
1785 2133 1892 2196 die,
1919 2129 2048 2185 dum

459 2233 546 2286 vir
567 2229 900 2286 venerabilis
950 2228 1061 2282 illic
1110 2241 1233 2282 cum
1282 2225 1540 2280 fratribus
1567 2225 1618 2278 in
1653 2223 1886 2304 capitulo
1918 2221 2052 2276 resi—

465 2325 640 2386 deret,
688 2331 744 2376 et
776 2337 872 2377 eos
922 2321 1178 2376 salutaris
1223 2319 1484 2373 doctrinm
1527 2316 1755 2386 dapibus
1800 2315 2050 2378 satiaret,

468 2402 694 2482 repente
721 2412 901 2480 ipsum
938 2411 1342 2478 interrumpeus
1371 2421 1697 2470 sermonem,
1731 2405 1891 2461 anxia
1919 2421 2054 2475 qua-

468 2505 594 2558 dam
644 2500 1116 2556 animadversione
1169 2499 1476 2554 exclamare
1510 2499 1701 2568 ccepit,
1749 2507 1806 2552 et
1831 2497 2050 2552 dicere:

467 2593 626 2664 Agite
653 2607 819 2655 nunc,
852 2591 1047 2663 inquit,
1078 2592 1245 2661 agite,
1284 2599 1338 2646 et
1391 2590 1715 2660 quantocius
1743 2597 2053 2659 properate,

467 2683 596 2752 quia
641 2682 754 2753 jam
821 2681 1007 2738 fratris
1051 2681 1298 2754 Gregorii
1343 2681 1534 2737 cellam
1573 2681 1662 2734 fur
1687 2680 1930 2749 frangit:
1967 2679 2058 2735 hic

469 2787 653 2830 autem
683 2775 980 2846 Gregorius
1011 2774 1162 2846 (-385)
1212 2774 1653 2844 archiepiscOpus
1695 2774 1750 2828 in
1806 2773 2058 2844 gentibus

471 2865 816 2935 postmodum
843 2873 1196 2920 consecratus
1224 2874 1340 2930 est;
1403 2863 1496 2934 qui
1526 2862 1777 2931 protinus
1806 2861 2060 2916 exsilien-

472 2966 556 3012 tes
591 2958 659 3011 ad
688 2956 880 3012 cellam
912 2957 1205 3026 perniciter
1232 2964 1496 3019 currunt,
1528 2964 1585 3010 et
1616 2954 1787 3010 furem
1819 2953 1932 3022 jam
1957 2969 2057 3023 pa-

471 3048 640 3102 rietes
694 3047 1042 3115 infrigentem
1097 3047 1393 3101 inveniunt.
1446 3045 1616 3110 Quem
1661 3044 1943 3112 capientes
1991 3042 2058 3096 ad

475 3135 796 3205 magistrum
822 3134 1174 3202 pertrahunt,
1199 3143 1253 3186 et
1277 3133 1406 3202 quid
1433 3133 1501 3186 de
1540 3141 1646 3186 tam
1673 3130 1938 3200 sacrilego
1975 3145 2060 3184 ra-

473 3235 631 3297 ptore
658 3224 962 3280 faciendum
989 3233 1137 3280 esset
1163 3224 1464 3293 inquirunt.
1495 3221 1702 3290 Quibus
1730 3223 1814 3276 vlr
1843 3231 2064 3277 sanctus

476 3317 643 3386 cmpit
673 3316 920 3371 hilariter
946 3315 1129 3369 dicere
1159 3333 1172 3368 :
1224 3315 1286 3368 Et
1316 3329 1436 3386 ego,
1468 3313 1686 3378 fratres,
1716 3313 1907 3383 ignoro
1936 3313 2066 3383 quid

481 3421 548 3462 oe
579 3418 686 3462 tam
717 3406 860 3462 malo
889 3406 1107 3461 homine
1143 3405 1411 3475 possimus
1446 3402 1645 3458 facere.
1679 3403 1934 3457 Eruimus
1962 3403 2066 3459 sibi

477 3512 665 3552 oculos
682 3497 716 3564 ἳ,
757 3497 852 3551 sed
885 3505 1071 3566 postea
1121 3510 1230 3549 non
1280 3493 1498 3548 videbit.
1549 3493 1840 3548 lncidimus
1866 3492 1915 3548 ei
1953 3508 2066 3547 ma-

478 3593 642 3647 num?
670 3592 762 3647 sed
793 3591 1024 3662 amplius
1043 3605 1149 3644 non
1176 3588 1464 3652 laborabit,
1495 3602 1560 3642 ae
1584 3602 1682 3658 per
1706 3588 1810 3642 hoc
1837 3586 2066 3642 forsitan

480 3685 626 3740 fmne
657 3684 878 3754 peribit.
911 3682 968 3738 Si
996 3682 1188 3752 pedem
1240 3679 1597 3735 truncamus?
1645 3678 1922 3733 ambulare
1961 3693 2067 3732 non

480 3775 698 3844 poterit.
747 3774 855 3830 Sed
904 3775 1048 3829 intro
1075 3789 1198 3828 eum
1249 3773 1451 3826 minate
1481 3768 1653 3841 (286),
1699 3778 1753 3824 et
1780 3769 1958 3824 cibum
1992 3768 2068 3822 illi

481 3869 632 3938 prius
663 3866 939 3937 apponite,
970 3873 1029 3920 ut
1058 3865 1188 3935 quid
1213 3864 1279 3919 de
1308 3879 1374 3918 eo
1397 3863 1702 3916 faciendum
1732 3860 1822 3923 sit,
1853 3860 2069 3914 interim

483 3969 900 4028 pertractemus.
951 3959 1014 4014 Et
1064 3958 1137 4013 ita
1186 3957 1271 4012 vir
1301 3965 1520 4011 sanctus
1540 3954 1827 4010 exsultans
1868 3953 1921 4007 in
1971 3953 2074 4007 Do-

555 4093 706 4162 (284)
736 4091 887 4146 Hanc
915 4092 1300 4162 canonicorum
1339 4089 1703 4162 communiter
1743 4087 2071 4162 in_congre—

488 4157 705 4235 gatione
731 4163 830 4235 sub
854 4163 1154 4235 praepositis
1183 4161 1476 4235 viventium
1511 4159 1568 4213 S.
1601 4157 1894 4235 liomualdi
1913 4157 2072 4235 iusti-

489 4225 752 4288 ἶιιιίοιιειη
793 4225 1033 4286 imitatus
1059 4243 1142 4288 est
1187 4233 1512 4295 Damianus,
1559 4229 1758 4299 quippe
1804 4225 2072 4299 qui_Ve_li-

494 4302 694 4358 trensis
713 4301 965 4356 Ecclesia:
995 4317 1106 4356 suae
1123 4302 1413 4357 canonicos
1444 4317 1550 4354 non
1578 4296 1749 4352 'modo
1779 4296 2038 4364 corripuit
2056 4337 2070 4360 ,

489 4373 583 4428 sed
613 4371 680 4424 ad
715 4379 922 4424 arctam
950 4371 1163 4425 vivendi
1201 4385 1446 4424 normam
1495 4380 1688 4438 sponte
1721 4367 1966 4438 reduxit,
2016 4374 2076 4419 ut

489 4445 544 4498 in
572 4456 668 4496 sua
695 4439 943 4508 epistola,
977 4455 1096 4509 qua:
1125 4449 1208 4494 est
1236 4436 1551 4509 Opnsculum
1582 4437 1672 4501 54,
1703 4436 1890 4509 refert.

562 4510 710 4583 (285)
731 4507 841 4564 Ὴὶε
871 4507 1069 4583 etiam,
1097 4519 1154 4583 ut
1187 4509 1245 4564 S.
1288 4507 1596 4583 Bonifacius
1624 4516 1678 4561 et
1714 4507 2065 4583 [ιιεεηιειιιιιςι2

489 4599 517 4636 a
545 4575 759 4651 s'umu'to
786 4579 1131 4651 pontificead
1162 4579 1558 4651 praedicandum
1586 4575 1836 4651 gentibus
1864 4575 2068 4651 Christi

419 4691 426 4696 -
488 4646 838 4718 Evangeliuin
863 4646 1362 4723 archiepiscopatus
1391 4648 1548 4703 titulo
1577 4646 1782 4702 tantum
1811 4646 1912 4701 fuit
1941 4662 2069 4701 cou-

490 4739 581 4779 SeC
589 4737 645 4776 ra
654 4731 759 4776 ιιιε.
1895 4749 1909 4763 .

561 4790 709 4863 (286)
757 4791 1074 4849 Fontisboni
1113 4791 1282 4846 editio
1312 4790 1492 4863 habet,
1549 4789 1688 4863 intro
1717 4807 1834 4844 eum
1870 4791 2067 4863 ducite.

491 4859 803 4919 Obsoletum
851 4871 935 4918 est
988 4864 1210 4917 verbum
1255 4860 1475 4926 minare,
1522 4859 1742 4915 sicutet
1782 4862 2066 4929 minitare,

492 4930 805 5004 quod_i_detn
837 4944 922 4988 est
947 4949 1013 4988 ac
1043 4934 1249 5004 ducere.
1329 5001 1337 5004 _
1467 4943 1470 4947 ‘

567 4999 716 5074 (287)
739 5000 1074 5074 Augustinus
1100 5001 1446 5057 Florentinus
1467 5041 1482 5065 ,
1508 5009 1564 5054 et
1589 5013 1942 5074 u_n_a_cum_eo
1967 5016 2075 5074 non

493 5066 1304 5146 pauci_scripiores__perperam
1351 5079 1570 5146 vertunt
1607 5068 1773 5146 Ciuita
1831 5066 2074 5146 Yecchia,

494 5137 626 5200 olim
653 5137 1096 5222 Centumzcella}:
1119 5137 1237 5197 sed
1270 5157 1327 5195 re
1354 5141 1467 5222 ipsa
1497 5141 1564 5195 de
1591 5139 1810 5222 regione
1841 5137 2080 5222 υψενε-

499 5227 650 5276 tana,
680 5211 840 5283 vulgo
861 5213 916 5266 di
939 5212 1316 5283 0ruieto,iquae
1337 5208 1530 5283 civitas
1547 5218 1638 5283 est
1659 5224 1765 5283 non
1791 5208 2080 5283 inc_eleb_ris

495 5283 728 5340 Etruria:
755 5279 856 5338 sub
881 5283 1140 5338 Ecclesiae
1163 5279 1365 5334 di’tione
1384 5320 1398 5342 ,
1431 5279 1838 5350 intelligendum
1861 5279 2079 5333 Damia-

497 5373 625 5410 num
659 5364 818 5407 nemo
847 5369 954 5408 non
979 5350 1526 5422 imperitusambigit.

569 5423 716 5498 (288)
741 5419 1080 5498 Pharulphus
1104 5429 1225 5498 erat
1245 5419 1852 5498 ιζιριξξ-ιιιςιειέιῆε--εοῐιιεε3
1873 5426 1934 5472 ιιι
1959 5419 2075 5498 ipse

502 5489 797 5552 Damianus
822 5489 987 5550 refert
1007 5494 1061 5547 in
1086 5493 1243 5561 epist.
1271 5491 1336 5545 I9
1361 5489 1482 5561 libri
1514 5506 1586 5545 v1.
1613 5490 1688 5545 Ex
1721 5489 2070 5561 celeberrima

501 5565 762 5621 comitum
796 5558 1235 5626 Montis-martis,
1283 5575 1376 5616 seu
1409 5559 1622 5614 Martini
1662 5559 1860 5614 dicitur
1906 5558 2075 5615 fuisse

503 5631 732 5712 familia,
753 5651 871 5712 qum
891 5633 1170 5712 Con-barbis
1181 5631 1451 5712 _co_mitum
1473 5645 1502 5711 ξ
1523 5628 1808 5712 nonnullis
1824 5629 2069 5712 habetur.

506 5691 789 5758 Monasteii
804 5721 889 5758 um
929 5715 1106 5758 autem
1140 5702 1268 5756 illud
1295 5717 1416 5758 esse
1447 5700 1661 5756 videtur
1689 5699 1861 5753 beata:
1893 5697 2073 5753 Maria:

2097 4439 2315 4522 uB-B.

2129 486 2279 543 deste
2305 501 2615 559 correptum
2643 501 2699 547 et
2725 493 2972 548 dulcibus
3018 494 3199 549 verbis
3227 495 3566 550 admonitum
3627 512 3712 552 rel

2129 578 2247 632 dire
2274 580 2340 633 ad
2367 581 2584 651 propria
2614 583 2665 636 in
2697 598 2828 652 pace
2852 585 3120 653 permisit.

2560 672 2720 746 5.32
2759 675 2990 731 CAPUT
3031 675 3293 730 xxxvu.

2257 759 2337 815 De
2370 765 2690 817 monasterio
2717 762 2875 820 Urbis
2901 767 3086 820 veteris
3113 768 3252 838 quod
3284 768 3596 822 construxit.

2207 852 2491 910 Postremo
2536 855 2776 913 dimissis
2825 857 2877 911 in
2925 841 3067 913 valle
3100 859 3166 913 de
3205 858 3396 913 Castro
3447 857 3714 914 nonnullis

2135 942 2200 996 de
2229 944 2343 998 suis
2368 943 2668 1014 discipulis,
2699 946 2767 1000 ad
2793 947 3070 1016 regionem
3103 962 3162 1002 se
3197 947 3348 1019 (287)
3378 947 3539 1004 Urbis
3567 957 3716 1001 vete-

2136 1037 2211 1090 ris
2230 1037 2482 1104 contulit,
2499 1048 2556 1094 et
2576 1039 2630 1094 in
2654 1043 2999 1110 possessione
3021 1043 3314 1114 Pharulphi
3334 1045 3548 1098 comitis
3575 1041 3725 1114 (288)

2137 1130 2548 1194 monasterium,
2587 1132 2774 1188 multis
2801 1133 3020 1202 quidem
3045 1134 3490 1204 suffragantibus,
3519 1137 3613 1191 sed
3657 1151 3724 1189 eo

2139 1222 2374 1276 maxime
2395 1236 2660 1292 expensas
2679 1226 2973 1294 pmbente,
2996 1229 3322 1284 construxit.
3350 1229 3554 1284 Tantus
3571 1245 3727 1283 nam—

2139 1326 2244 1380 que
2275 1312 2327 1366 in
2355 1313 2530 1368 sancti
2575 1314 2676 1368 viri
2704 1323 2927 1386 pectore
2951 1316 3185 1374 faciendi
3216 1320 3424 1378 fructus
3452 1325 3612 1378 ardor
3643 1325 3728 1379 in-

2141 1401 2555 1468 canduerat,ut,
2586 1403 2794 1460 effectis
2824 1421 3100 1477 nunquam
3130 1418 3442 1476 contentus,
3467 1414 3591 1468 dum
3621 1415 3726 1471 alia

2143 1490 2365 1556 faceret,
2390 1494 2457 1547 ad
2503 1493 2752 1550 facienda
2801 1511 2925 1550 mox
2977 1497 3081 1551 alia
3118 1512 3470 1569 properaret;
3503 1505 3637 1558 adeo
3669 1516 3729 1560 ut

2143 1594 2427 1654 putaretur
2455 1594 2626 1640 totum
2656 1588 2916 1643 mundum
2969 1589 3020 1644 in
3051 1604 3296 1646 eremum
3325 1593 3464 1650 velle
3503 1611 3731 1652 conver-

2147 1682 2283 1738 tere,
2308 1683 2365 1727 ct
2409 1675 2729 1730 monachico
2758 1675 2937 1731 ordini
2979 1693 3194 1734 omnem
3223 1681 3401 1750 populi
3431 1685 3732 1740 multitudi-

2071 1741 2116 1802 Β
2148 1778 2269 1817 nem
2300 1764 2532 1818 sociare.
2561 1763 2756 1820 Multos
2782 1766 3014 1836 denique
3045 1768 3153 1822 illic
3180 1741 3245 1824 de
3271 1741 3468 1828 satculo
3489 1773 3731 1841 abstulit,

2148 1868 2284 1922 quos
2312 1868 2410 1925 per
2444 1854 2597 1924 plura
2630 1871 2785 1910 sacra
2824 1855 2938 1912 loca
2975 1858 3179 1912 divisit.

2664 1947 2895 2004 CAPUT
2932 1948 3216 2006 XXXVIII.

2149 2040 2230 2094 De
2269 2039 2381 2102 ﬁlio
2420 2040 2644 2106 comitis,
2671 2043 2759 2110 qui
2786 2058 2981 2096 caacum
3002 2055 3114 2112 post
3149 2055 3364 2100 mortem
3396 2046 3737 2105 illuminavit.

2222 2131 2473 2187 Nonnulli
2503 2148 2717 2203 quoque
2756 2134 3017 2200 nobilium
3047 2135 3164 2200 lilii,
3192 2138 3518 2207 contemptis
3544 2155 3738 2208 paren-
3815 2165 3820 2169 υ

2155 2226 2318 2291 tibus,
2349 2226 2415 2280 ad
2464 2225 2638 2280 virum
2686 2224 3063 2282 beatissimum
3113 2227 3408 2299 fugiebant.
3435 2229 3512 2286 Ex
3539 2231 3740 2305 quibus

2154 2313 2318 2374 etiam
2347 2313 2484 2372 filius
2505 2313 2657 2390 (389)
2690 2317 2956 2376 Guidonis
2999 2322 3213 2378 comitis
3238 2323 3360 2391 fuit,
3394 2329 3485 2396 qui
3521 2327 3572 2380 in
3624 2327 3740 2397 ipsa

2155 2411 2386 2483 pueritia
2429 2428 2535 2468 non
2591 2413 2749 2485 longo
2799 2424 3042 2485 tempore
3093 2427 3382 2488 postquam
3444 2423 3744 2475 monachus

2157 2503 2332 2560 factus
2359 2513 2461 2570 est,
2521 2506 2588 2561 ad
2629 2516 2857 2562 mortem
2907 2510 3151 2575 veniens,
3198 2511 3334 2566 vidit
3361 2511 3494 2567 duos
3529 2512 3746 2582 iniquos

2157 2594 2406 2664 spiritus,
2440 2597 2594 2666 quasi
2624 2597 2948 2668 nigerrimos
2987 2599 3261 2665 vultures,
3296 2601 3568 2656 terribiles
3599 2603 3652 2657 in
3684 2617 3745 2657 se

2157 2685 2345 2740 oculos
2399 2686 2702 2758 inligentes.
2779 2687 3025 2759 Cumque
3103 2691 3210 2746 hoc
3266 2692 3545 2748 assistenti
3638 2694 3744 2748 sibi

2159 2774 2246 2850 B._
2261 2775 2564 2830 Romualdo
2591 2793 2728 2847 puer
2750 2778 3012 2840 ediceret,
3044 2780 3295 2846 protinus
3319 2781 3526 2835 addidit
3551 2799 3564 2835 :
3608 2782 3748 2838 Ecce

2160 2867 2438 2937 magister,
2467 2867 2600 2920 tanti
2629 2883 2774 2921 nunc
2798 2867 3088 2938 Ethiopes
3114 2869 3340 2936 intrant,
3359 2869 3546 2938 utjam
3573 2882 3746 2926 totum

2161 2956 2451 3011 aedilicium
2489 2955 2752 3024 repleant.
2804 2957 3138 3012 Exhortatur
3185 2967 3367 3014 autem
3425 2968 3484 3014 ut
3520 2961 3748 3015 confite-

2165 3057 2315 3103 retur
2353 3048 2481 3118 quid
2511 3048 2861 3119 deliquisset;
2891 3051 2991 3106 hoc
3017 3051 3355 3106 solummodo
3383 3054 3589 3108 crimen
3619 3052 3749 3108 felix

2165 3138 2254 3193 ille
2285 3148 2543 3208 peccator
2567 3155 2690 3195 cum
2717 3155 2915 3211 magno
2943 3150 3151 3197 terrore
3177 3142 3458 3198 confessus
3485 3153 3591 3208 est,
3621 3145 3748 3214 quis

2159 3227 2345 3298 jussus
2369 3225 2546 3282 fuerat
2573 3243 2603 3282 a
2652 3230 2835 3299 priore
2870 3231 3055 3285 nescio
3081 3241 3214 3301 quot
3239 3246 3431 3301 scopas
3473 3231 3621 3302 (290)
3652 3249 3748 3287 ac-

2165 3321 2370 3391 cipere,
2428 3335 2564 3390 quas
2617 3322 2847 3377 necdum
2898 3332 3202 3393 acceperat.
3239 3323 3539 3380 Romualdo
3582 3324 3748 3391 igitur

2166 3411 2268 3467 sibi
2297 3410 2431 3466 tanti
2479 3411 2739 3469 facinoris
2772 3413 2984 3468 veniam
3033 3413 3365 3484 indulgente,
3399 3414 3452 3469 in
3475 3429 3622 3486 .pace
3649 3415 3750 3470 de-

2168 3500 2384 3556 functus
2431 3509 2535 3556 est.
2569 3500 2793 3557 Postera
2826 3517 2955 3557 vero
2997 3503 3085 3558 die
3129 3519 3305 3558 caecus
3334 3503 3574 3572 quidam,
3615 3517 3751 3574 pm

2168 3592 2460 3647 hendarius
2506 3593 2756 3648 videlicet
2798 3595 2969 3663 patris
2990 3592 3128 3662 ejus,
3165 3593 3230 3648 ad
3274 3593 3578 3664 sepulcrum
3608 3595 3753 3649 illius

2169 3682 2336 3747 venit,
2365 3690 2421 3736 et
2467 3681 2648 3737 altiori
2700 3698 2832 3738 voce
2871 3682 3169 3738 clamavit:
3209 3684 3366 3749 Ilem,
3399 3685 3637 3750 domine,
3671 3684 3753 3738 in-

2169 3773 2306 3843 quit,
2347 3788 2518 3838 meus,
2547 3773 2592 3828 si
2626 3789 2750 3829 cum
2783 3773 2892 3829 Deo
2934 3790 3015 3836 es.
3048 3776 3188 3831 sicut
3214 3776 3406 3840 crede,
3434 3791 3626 3847 preces
3653 3791 3754 3844 pro

2172 3879 2260 3919 me
2289 3865 2355 3919 ad
2387 3879 2510 3919 eum
2540 3863 2722 3930 funde,
2756 3875 2810 3920 et
2835 3864 3116 3920 oculorum
3141 3865 3268 3921 mihi
3299 3866 3750 3922 lumenrestitue.

2173 3956 2240 4010 Et
2259 3956 2362 4012 hoc
2390 3956 2554 4019 dicto.
2585 3957 2768 4012 statim
2796 3955 2958 4029 563
3007 3955 3339 4012 illuminatus
3360 3965 3462 4012 est.
3499 3956 3754 4011 Nonnulli

2175 4090 2228 4143 in
2261 4089 2429 4152 Silva,
2461 4089 2616 4156 cujus
2659 4097 2742 4144 est
2781 4088 2988 4144 mentio
3032 4089 3086 4144 in
3125 4087 3410 4145 Pontificio
3461 4087 3756 4158 diplomate

2174 4160 2470 4214 Alexandri
2499 4159 2590 4223 IV,
2625 4159 2874 4228 aliisque.

2246 4229 2405 4300 (289),
2441 4229 2516 4284 Ita
2563 4240 2620 4300 et
2652 4228 2945 4285 Vaticanus
2967 4229 3158 4285 codex.
3187 4229 3242 4284 In
3273 4229 3756 4300 AppendiceAViL'e

2175 4299 2218 4353 Β
2271 4299 2536 4354 Guidonis
2589 4299 2657 4354 de
2705 4300 3119 4364 Monte-marte,
3164 4317 3194 4355 a
3249 4298 3540 4357 Francisco
3584 4298 3755 4354 Lollio

2182 4369 2495 4423 Ravennate
2541 4370 2891 4438 conscripta),
2949 4385 3070 4438 qum
3115 4386 3221 4424 una
3277 4386 3396 4424 cum
3449 4371 3572 4426 aliis
3617 4367 3756 4424 Vitis

2318 4439 2548 4508 eginaldi
2579 4439 2790 4510 ordinis
2818 4440 3263 4509 praedicatorum,
3293 4449 3361 4510 et,
3380 4440 3442 4510 Β.
3479 4439 3756 4510 Angelina:

2179 4510 2322 4564 tertii
2361 4511 2568 4564 ordinis
2607 4509 2666 4564 S.
2703 4508 2978 4564 Francisci
3016 4511 3084 4563 de
3115 4511 3305 4564 eadem
3345 4508 3757 4565 Montis-martis

2177 4590 2357 4650 gente,
2393 4580 2444 4632 in
2494 4579 2897 4650 lucenrprodiit
2930 4579 3186 4650 Bononia:
3219 4594 3362 4650 anno
3391 4579 3549 4644 1659,
3585 4589 3754 4650 totum

2178 4647 2346 4706 hocce
2371 4651 2440 4704 38
2467 4659 2629 4717 caput
2659 4647 3029 4717 Romualdina:
3059 4647 3192 4701 Vitae
3227 4647 3521 4717 profertur,
3555 4650 3641 4702 ubi
3677 4648 3753 4702 Ie-

2175 4719 2322 4788 gitur
2363 4737 2384 4788 :7
2423 4718 2507 4772 Ea:
2529 4715 2900 4788 quibusretiqm
2946 4715 3121 4788 Guido
3167 4715 3336 4772 comes
3371 4719 3514 4788 ﬁlius
3553 4719 3755 4771 comitis

2179 4734 2322 4788 gitur
2363 4737 2378 4772 :
2423 4734 2507 4772 na:
2565 4734 2715 4772 uinus
2739 4734 2900 4772 suam
2946 4734 3121 4770 uuiao
3167 4734 3336 4772 comes
3371 4734 3514 4788 [mus
3553 4734 3755 4771 comms

2179 4787 2476 4857 Pharulphi
2523 4734 2648 4858 fuit.
2679 4787 2787 4858 ,Ab
2816 4785 3263 4858 ,JacobilloLqui
3312 4789 3471 4858 hujus
3523 4788 3757 4858 sanctis-

2180 4858 2302 4916 simi
2321 4856 2594 4929 _ntonachi
2636 4857 2919 4929 historiam
2962 4867 3092 4929 tom.
3115 4856 3338 4929 Il,7p_ag.
3373 4856 3510 4922 215,
3535 4856 3757 4929 Sancto-

2181 4945 2296 4984 rum
2314 4927 2542 4984 Umbriw
2566 4927 2958 4993 inseruit,etc.,
2981 4927 3503 4993 Camaldulensibus,
3528 4928 3758 4994 aliisque

2177 4999 2535 5068 scriptoribus
2561 4996 2818 5068 Guidonis
2841 4998 3046 5052 comitis
3078 4995 3369 5066 Pharulphi
3403 4996 3504 5068 filii
3537 4997 3758 5068 nomine

2178 5067 2390 5138 semper
2420 5070 2466 5123 is
2491 5069 2744 5126 donatur.
2772 5067 3000 5135 Quodsi
3030 5068 3101 5121 ita
3134 5069 3226 5132 sit,
3257 5067 3544 5123 dicendum
3569 5068 3622 5120 in
3654 5067 3768 5121 hoc.

2179 5141 2423 5195 Damiani
2459 5139 2578 5196 loco
2604 5139 2704 5207 ﬁlii
2733 5153 2928 5194 nomen
2960 5138 3270 5207 significare
3301 5147 3577 5206 nepotem,
3629 5151 3755 5190 nam

2181 5211 2235 5265 in
2265 5209 2572 5265 donationis
2603 5207 2935 5264 Valliscaslri
2973 5209 3192 5278 pagina,
3220 5208 3264 5262 si
3285 5277 3288 5278 ν
3299 5218 3484 5278 tamen
3504 5207 3670 5278 omni
3685 5221 3757 5278 ex

2179 5288 2335 5360 parte
2371 5295 2505 5360 vera
2520 5279 2620 5345 sit,
2663 5295 2785 5348 qua:
2811 5279 2887 5360 ab
2915 5277 3216 5360 augustino
3253 5277 3566 5360 Florentino
3611 5277 3757 5360 edﬁita

2177 5345 2280 5420 fuit
2308 5350 2359 5404 in
2384 5359 2546 5420 parte
2571 5366 2634 5415 ιι,
2661 5345 2908 5420 1533.57,
2932 5345 3090 5420 μία,
3125 5347 3330 5420 Camql.
3372 5347 3608 5417 legitur:
3641 5345 3756 5415 Ego

2183 5415 2522 5485 Pltarulplms
2550 5415 2721 5474 comes
2740 5415 2890 5487 'ﬁlius
2917 5415 3079 5470 Guidi
3105 5416 3327 5470 comitis.

2255 5489 2402 5561 (290)
2435 5485 2755 5561 _Virgarum'
2794 5503 3008 5561 scopas
3037 5489 3094 5540 in
3136 5487 3496 5561 corrigiarum
3531 5485 3757 5561 scuticas

2181 5557 2410 5616 vertisse
2434 5559 2494 5614 Β.
2523 5557 2859 5614 Uominicum
2886 5557 3196 5614 Loricatum
3215 5596 3231 5616 .
3263 5557 3276 5612 i

2969 5558 3196 5613 ricatum
3215 5596 3231 5623 ,
3263 5553 3318 5612 in
3345 5557 3586 5627 ejusdem
3636 5553 3759 5610 Vita

2182 5631 2474 5688 Damianus
2501 5638 2686 5686 noster
2709 5629 2920 5684 scribit.
