4118 6442
469 240 570 300 99ι

937 240 997 297 S.
1036 240 1238 297 PETRI
1277 236 1556 295 DAMIANI
1596 236 1744 293 OPP.
1785 233 1962 290 PARS
1997 231 2126 287 SEU
2167 228 2401 285 TOMUS
2441 227 2500 282 ll.
2532 224 3024 284 —SANCTORUM
3071 222 3273 280 V'ITAC.

3615 225 3721 281 902

471 364 708 418 calores,
741 353 1039 423 praesertim
1061 359 1308 422 potentes
1337 348 1538 432 saeculi,
1567 349 1622 403 in
1662 360 1779 416 ejus
1810 359 2050 416 praesen-
2077 355 2120 411 Λ
2152 349 2358 394 stremo
2413 339 2699 410 quemdam
2743 337 3068 393 monachum
3096 335 3249 404 juxta
3289 349 3506 404 parvam
3539 335 3725 388 basili-

475 445 604 500 tiam
650 445 1023 506 devertissent,
1057 458 1180 498 mox
1210 440 1354 496 velut
1397 449 1524 495 ante
1572 438 1910 508 majestatem
1957 435 2054 500 Dei

477 533 816 589 tremefactis
831 533 1127 588 visceribus
1143 531 1516 587 formidarent.
1539 528 1773 583 Sanctus
1796 525 2050 580 nimirum

479 622 734 690 Spiritus,
787 623 877 692 qui
905 623 1142 690 pectoris
1184 621 1300 690 ejus
1349 621 1622 675 habitator
1670 619 1868 682 inerat,
1909 616 2054 671 hunc

482 721 741 765 terrorem
777 711 992 780 injustis
1021 711 1282 766 divinitus
1313 709 1628 764 intendebat
1659 707 1826 779 (297).

1070 820 1296 874 CAPUT
1334 819 1469 874 XLI.

583 909 664 964 De
713 910 900 964 abbate
949 909 1184 976 Classis,
1238 911 1327 980 qui
1388 898 1745 963 Rdmualdum
1788 906 1949 961 voluit

1103 980 1455 1048 strangulare.

553 1071 666 1125 Illis
713 1086 842 1126 vero
882 1071 1338 1140 temporibusvir
1365 1069 1690 1124 venerabilis
1731 1084 1898 1124 unum
1944 1083 2060 1122 mo-

484 1162 778 1215 nasterium
823 1177 924 1216 non
954 1161 1109 1231 longe
1137 1177 1167 1215 a
1209 1161 1512 1215 Massiliano
1551 1161 1700 1230 (298)
1727 1171 1908 1214 castro
1929 1173 2060 1213 con-

487 1252 706 1306 struxit.
761 1251 1004 1329 Audiens
1058 1259 1238 1304 autem
1299 1249 1588 1319 aliquando
1634 1249 1759 1318 quia
1823 1248 2062 1302 Venetus

490 1341 710 1408 quidam
763 1340 1102 1394 Classensem
1168 1341 1440 1394 abbatiam
1512 1355 1609 1410 per
1665 1339 2062 1408 coemptionem

489 1428 812 1483 Simouiacae
856 1431 1125 1484 haereseos
1163 1431 1456 1495 invaserat,
1507 1429 1730 1498 insuper
1773 1427 2061 1497 quoqueiu

489 1534 687 1588 corpus
709 1534 863 1572 suum
885 1521 1066 1589 inique
1087 1519 1372 1590 peccabat,
1394 1521 1522 1574 illuc
1545 1519 1791 1589 protinus
1812 1519 1891 1572 ire
1912 1516 2065 1570 miles

490 1610 691 1662 Christi
747 1611 978 1680 impiger
1042 1612 1270 1676 studuit,
1325 1612 1663 1680 diversisque
1702 1610 1876 1664 mo’dis
1901 1624 1965 1664 ex
1998 1623 2064 1662 eo

2153 448 2274 489 cam
2305 432 2639 487 habitantem
2674 430 2905 500 reperit,
2935 444 2964 482 a
2991 443 3099 499 quo
3137 443 3262 482 mox
3293 437 3352 480 ut
3386 441 3568 481 secum
3603 440 3723 494 pcr-

2152 533 2321 595 geret,
2372 531 2428 578 et
2472 522 2646 577 locum
2675 522 2986 576 ostenderet
3033 518 3124 574 ubi
3171 532 3309 586 aqua
3360 516 3719 577 inveniretur,

2152 615 2352 684 exegit.
2395 613 2496 681 Qui
2524 613 2780 672 nimirum
2809 609 3094 680 denegavit
3135 607 3451 666 sedomum
3481 606 3597 660 sine
3627 621 3726 658 cu-

2151 708 2309 762 stode
2351 719 2508 774 posse
2537 704 2860 773 relinquere,
2897 703 3025 771 quia
3053 701 3322 754 latronum
3355 698 3723 752 insidiantium

2155 797 2414 864 impetum
2446 791 2777 847 formidaret.
2816 790 2893 844 Ad
2920 791 3032 844 haec
3060 786 3393 843 Romualdus
3427 802 3486 841 se
3520 801 3730 840 recom-

2157 893 2533 954 pensaturum,
2557 885 2600 936 si
2635 882 2742 937 tale
2781 878 2906 950 quid
2937 880 3244 942 accidisset,
3271 889 3462 932 cuncta
3493 892 3728 946 spopon-

2157 973 2261 1050 dit,
2285 972 2490 1042 Sicque
2510 971 2624 1040 jam
2674 969 2866 1025 aliena:
2901 969 3118 1038 injuria:
3149 967 3360 1032 debitor
3388 965 3583 1026 factus,
3618 981 3734 1026 mo-_

2158 1064 2392 1117 nachum
2442 1076 2624 1116 secum
2653 1059 2823 1115 duxit.
2871 1059 2980 1114 Illis
3008 1059 3190 1127 itaque
3219 1057 3408 1119 locum
3439 1055 3730 1124 quaerenti-

2158 1155 2457 1224 bus,_ecce
2486 1149 2802 1221 presbyter,
2850 1157 2908 1202 ut
2945 1148 3132 1218 jussus
3194 1143 3730 1215 fuerat,.prandium

2161 1242 2434 1312 deferens,
2462 1239 2636 1314 furem
2658 1225 2771 1308 jam
2801 1238 3020 1293 domum
3056 1236 3458 1310 ,infringentem
3507 1233 3734 1302 reperit,

2164 1342 2442 1400 repertum
2467 1330 2633 1398 cepit,
2663 1317 2877 1402 captum
2907 1327 3168 1398 usquead
3191 1323 3473 1399 Romualdi
3501 1322 3738 1399 reditum

2164 1420 2474 1487 custodivit.
2502 1418 2672 1494 Quem
2702 1415 3038 1492 Romualdus
3065 1415 3366 1491 inveniens,
3407 1412 3558 1487 prius
3586 1410 3735 1466 illum
3825 1457 3844 1464 _.

2164 1493 2253 1585 pia
2284 1508 2492 1585 studuit
2514 1493 2805 1585 verborum
2846 1505 3168 1581 austeritate
3193 1500 3742 1578 corr,ipere,deinde,l

2167 1578 2398 1653 dulciter
2445 1578 3114 1676 admonens,incolumem
3153 1593 3402 1664 permisit
3428 1593 3493 1652 ad
3513 1591 3738 1667 :prOpria

495 1700 881 1753 monasterium
923 1714 1160 1769 purgare
1198 1702 1445 1756 tentavit.
1471 1702 1568 1756 Vir
1602 1709 1781 1755 autem
1807 1699 2067 1769 reprobus
2097 1707 2143 1768 Β
2173 1703 2434 1769 remeare-
2477 1687 2576 1756 ,Sic
2605 1686 2885 1751 nimirum.
2923 1685 3006 1752 Sic.
3047 1685 3226 1760 ᾀὶνίῃξι
3259 1683 3743 1764 providentiam!"-

491 1789 617 1840 dum
646 1789 917 1844 abbatiam
974 1791 1164 1844 metuit
1195 1791 1438 1860 perdere,
1476 1807 1579 1844 nou
1631 1792 1783 1846 timet
1837 1789 2066 1844 homici-

491 1877 634 1928 dium
687 1888 1021 1947 perpetrare.
1056 1878 1381 1948 Intempesta
1419 1880 1686 1949 siquidem"
1715 1888 1894 1944 nocte,
1940 1879 2069 1932 dum

494 1965 826 2023 Romualdus
856 1968 910 2023 in
965 1969 1104 2024 lecto
1145 1985 1335 2026 secure
1382 1971 1706 2040 quiesceret,
1732 1969 1824 2025 ille
1847 1969 2066 2024 cumla-

492 2063 672 2109 tcnter
717 2071 1023 2127 aggressus,
1076 2059 1258 2128 impiis
1303 2059 1469 2128 coepit
1515 2058 1700 2128 digitis
1744 2065 1930 2128 guttur
1954 2056 2072 2125 ejus

491 2145 814 2214 astringere,
832 2147 1010 2208 nitens
1037 2163 1159 2202 eum
1186 2147 1478 2202 crudeliter
1503 2147 1790 2202 suffocare.
1818 2145 1924 2202 Sed
1947 2147 2070 2200 dum

393 2275 398 2279 .
492 2233 574 2285 vir
607 2243 852 2297 sanctus,
883 2237 1112 2290 necdum
1159 2252 1380 2304 prorsus
1425 2237 1726 2304 intercepto
1753 2235 2070 2305 spiramine,

492 2323 734 2377 anhelitu
789 2325 878 2378 vix
925 2326 1196 2381 eluctante
1244 2328 1514 2391 rauciret,
1555 2310 1888 2397 lngelbertus
1927 2325 2074 2380 illico

494 2415 735 2482 magistri
783 2417 1106 2487 singultibus
1153 2421 1442 2484 excitatus,
1483 2430 1682 2474 torrem
1725 2434 1850 2474 mox
1877 2434 1945 2474 ex
1982 2433 2070 2473 so-

493 2506 608 2573 pito
651 2506 773 2576 igne
811 2507 1036 2572 corruit,
1076 2517 1132 2561 et
1182 2508 1720 2565 ministrumdiaboli
1765 2510 1835 2564 ab
1857 2509 2076 2578 incepto

493 2593 867 2652 nefandissimi
899 2599 1146 2652 criminis
1175 2600 1508 2686 exturbavit.

1091 2709 1318 2765 CAPUT
1354 2710 1512 2766 XLII.

783 2799 861 2855 De
885 2802 960 2855 itu
992 2811 1041 2856 et
1071 2805 1241 2858 reditu
1265 2821 1447 2859 rursus
1476 2823 1508 2860 a
1532 2804 1806 2866 Parentio.

568 2888 698 2944 Post
721 2891 834 2945 lucc
861 2892 1195 2949 liomualdus
1237 2895 1415 2950 denuo
1440 2894 1755 2952 Parentium
1784 2897 2080 2967 navigavit,

496 2978 593 3032 sed
629 2981 938 3047 apostolicae
989 2985 1135 3038 sedis
1172 2985 1422 3049 antistes,
1478 2995 1535 3040 et
1577 2988 1806 3042 Romani
1838 2989 1982 3043 cives
2013 2989 2080 3043 ad

2173 1780 2324 1854 vavit
2382 1761 2606 1848 illaesum
2660 1778 2804 1852 quod
2848 1778 2909 1832 in
2957 1759 3198 1832 absentis
3240 1759 3522 1830 Romualdi
3565 1773 3743 1828 fuerat

2171 1870 2416 1926 custodia
2453 1869 2821 1936 derelictuma
2872 1929 2877 1939 ι

2725 1978 2955 2036 CAPUT
2989 1975 3173 2033 XLIV.
3267 2027 3270 2030 .

2417 2077 2553 2133 Item
2580 2076 2896 2132 miraculum
2932 2076 2998 2130 de
3020 2074 3143 2136 aliis
3170 2073 3490 2128 latronibus.

2245 2174 2453 2228 Rursus
2484 2173 2610 2228 dum
2637 2172 2690 2225 in
2717 2170 2919 2226 eisdem
2949 2168 3194 2240 partibus
3219 2166 3382 2222 cellas
3403 2172 3750 2220 construeret

2175 2263 2315 2334 (erat
2355 2271 2535 2318 autem
2568 2259 2781 2317 sarcina
2809 2258 2998 2330 procul
3024 2258 3093 2313 ab
3124 2258 3204 2311 eis
3234 2255 3335 2310 sub
3358 2255 3590 2324 quodam
3611 2268 3746 2309 saxc

2176 2353 2456 2424 reposita),
2513 2361 2640 2407 tunc
2675 2349 2756 2405 vir
2808 2348 3134 2404 venerabilis
3191 2349 3480 2417 quemdam
3523 2345 3763 2400 fratrem.

2175 2443 2304 2498 illuc
2329 2442 2482 2512 quasi
2503 2457 2626 2497 cum
2652 2439 2882 2511 quodam
2902 2439 3100 2510 impetu
3148 2437 3406 2507 propulit,
3427 2435 3750 2506 praecipiens
3842 2503 3852 2510 '

2177 2534 2277 2588 sibi
2330 2541 2388 2587 ut
2416 2532 2576 2586 nimis
2603 2531 2763 2586 anxie
2787 2530 3089 2584 festinaret.
3118 2529 3218 2595 Qui
3247 2543 3368 2582 mox
3391 2526 3538 2582 fures
3556 2540 3749 2594 super-

2177 2625 2424 2689 veniens,
2456 2623 2573 2678 illos
2601 2623 2817 2693 quidem
2845 2621 2957 2691 jam
3003 2634 3196 2690 rapere
3225 2617 3750 2686 tentantesreperit,

2179 2715 2273 2770 sed
2300 2713 2431 2768 nihil
2480 2713 2655 2768 adhuc
2681 2727 2746 2766 ex
2779 2713 2865 2768 his
2889 2727 3009 2780 quae
3046 2711 3281 2780 reposita
3311 2709 3525 2763 fuerant
3563 2709 3754 2763 deesse

2179 2802 2447 2871 cognovit.
2493 2801 2607 2867 Qua
2633 2815 2699 2854 ex
2745 2815 2805 2853 re
2845 2808 2991 2852 recte
3028 2797 3299 2865 colligitur
3331 2796 3546 2852 beatum
3576 2795 3752 2849 virum

2181 2910 2286 2948 non
2326 2893 2444 2947 sine
2472 2892 2666 2944 divinae
2694 2889 3040 2944 revelationis
3083 2888 3344 2942 instinctu
3374 2886 3599 2940 fratrem
3629 2901 3755 2941 cum

2183 2991 2330 3037 tanta
2362 2980 2723 3037 sollicitudine
2769 2980 3088 3045 destinasse,
3127 2980 3243 3048 ipso
3271 2977 3520 3033 videlicet
3555 2986 3758 3047 puncto

497 3083 623 3122 eum
656 3071 913 3126 redeundi
942 3074 1263 3144 legationem
1302 3077 1562 3146 dirigunt.
1594 3076 1746 3142 Quod
1777 3079 2078 3134 slreverte—

2184 3089 2292 3142 quo
2345 3071 2496 3127 fures
2536 3070 2604 3126 ad
2653 3085 2770 3126 rem
2801 3085 2908 3125 non
2947 3069 3272 3125 custoditam
3313 3066 3540 3136 contigit
3566 3081 3760 3138 perve-

502 3170 672 3222 retur,
705 3161 944 3217 facturos
974 3179 1034 3218 se
1055 3166 1239 3220 omnia
1291 3165 1406 3235 ejus
1433 3177 1697 3238 praecepta
1721 3168 2075 3238 promittunt;

501 3250 583 3303 sin
615 3260 826 3317 autem...
869 3255 1451 3311 excommunicationis
1505 3257 1831 3312 sententiam
1858 3258 2094 3320 commi-_

504 3349 721 3395 nantur.
749 3342 863 3397 [loc
891 3345 1074 3415 itaque
1100 3346 1260 3402 modo
1287 3362 1443 3402 suum
1469 3346 1831 3403 Romu’aldum
1861 3347 2082 3404 alumna

501 3430 653 3486 Italia
685 3447 1007 3503 recuperare
1049 3437 1371 3505 promeruit.

1076 3527 1302 3584 CAPUT
1340 3519 1520 3585 X'lslll.

617 3615 691 3671 De
715 3617 973 3672 miraculo
1020 3619 1244 3674 latronis
1270 3623 1325 3675 in
1355 3630 1527 3676 monte
1552 3621 1785 3677 Petrano
1805 3623 1973 3692 facto.

574 3707 651 3761 Eo
699 3707 882 3778 itaque
912 3718 1152 3779 tempore
1179 3712 1231 3764 in
1276 3711 1526 3768 faucibus
1555 3711 1707 3784 (299)
1746 3712 2082 3768 Callensium

509 3799 774 3854 montium
806 3799 1117 3868 aliquandiu
1167 3803 1386 3867 mansit,
1428 3803 1697 3858 deindein
1731 3803 1879 3876 (500)
1899 3803 2087 3859 Petra-

511 3905 636 3943 num
685 3899 947 3957 montem,
990 3908 1097 3948 non
1152 3892 1307 3964 longe
1357 3893 1610 3958 videlicet
1663 3910 1693 3948 a
1759 3895 2088 3951 monasterio

507 3981 684 4035 sancti
716 3980 995 4037 Vincentii.
1036 3985 1179 4053 quod
1196 3983 1354 4052 juxta
1378 3984 1527 4054 ’50l)
1552 3984 1931 4041 Candilianum
1959 4001 2088 4042 con-

509 4073 761 4127 stitutum
796 4083 882 4127 est
908 4072 1149 4140 fluvium,
1179 4077 1520 4148 demigravit.
1550 4076 1883 4149 Quocunquo
1905 4087 2089 4134 autem

511 4164 597 4216 vir
622 4175 843 4220 sanctus
873 4166 1006 4233 ibat,
1039 4166 1224 4239 5.66
1240 4183 1456 4240 semper
1493 4169 1849 4237 fructiﬁcans,
1875 4185 2092 4242 semper

514 4256 819 4310 animarum
874 4258 1083 4312 lucrum
1142 4261 1314 4328 magis
1345 4277 1409 4314 ac
1435 4262 1606 4328 magis
1632 4262 2002 4328 accumulans,
2035 4270 2091 4318 et

527 4343 774 4428 homines
798 4345 866 4398 de
897 4345 1094 4400 saeculo
1118 4346 1461 4410 abstrahens,
1484 4347 1648 4433 velut.
1661 4335 1804 4404 totus
1827 4336 2088 4420 in'ignetn

516 4422 829 4500 conversus,
852 4437 919 4490 ad
949 4435 1168 4492 cmleste
1213 4438 1539 4493 desiderium
1568 4422 1778 4516 animos
1809 4434 2108 4516 hominum‘

514 4517 866 4584 accendebat".
901 4528 1097 4584 Volens
1140 4538 1319 4584 autem
1371 4539 1502 4586 tunc
1544 4521 1719 4588 loeum
1750 4534 1816 4588 ad
1844 4546 2090 4600 eremum

517 4619 817 4674 faciendam
849 4621 1100 4675 idoneum
1133 4622 1393 4690 invenire,
1444 4624 1698 4692 praecepit
1735 4624 1946 4679 cuidam
1974 4637 2094 4694 pre-

518 4711 742 4791 sbytero
793 4719 870 4778 ut,
913 4712 998 4766 'ad’
1042 4713 1258 4767 domum
1309 4714 1584 4782 prOpriam
1625 4713 1860 4778 rediens,
1893 4695 1995 4788 sibi
2039 4704 2095 4768 et

518 4802 601 4856 his
665 4803 758 4872 qui
821 4818 943 4858 eum
1019 4804 1420 4859 comitabantur
1489 4804 1744 4860 alimenta
1829 4794 2088 4866 deferret.

449 4887 463 4898 ’
520 4893 725 4949 Deinde
764 4903 1003 4950 montem
1048 4896 1304 4968 indagine
1348 4898 1589 4954 studiosa
1617 4898 1976 4970 perlustrans,
1998 4913 2095 4968 po-

593 5047 1044 5126 ,εοᾶῖ
1074 5052 1386 5126 intentabat.
1427 5120 1446 5126 Δ
1559 5119 1588 5126 Δ
1775 5101 1780 5116 ι
1823 5107 1830 5126 λ

594 5117 986 5194 (298)‘Petrus_
1015 5122 1079 5175 de
1105 5121 1282 5175 Nata].
1322 5120 1526 5194 profert
1546 5119 1789 5194 Castrum
1818 5117 2102 5194 Maximia-

521 5183 791 5312 rjzliitutl,"et
830 5189 1099 5246 editiOues
1143 5183 1415 5246 nonnulla:
1471 5187 1675 5247 habent
1719 5183 2017 5244 Maaéiliano
2047 5197 2104 5242 et

589 5275 666 5310 (ιη
694 5275 838 5312 iano.

589 5275 838 5314 llTllldﬂO.

2184 3165 2350 3219 uisse.
2861 3207 2863 3212 .

2721 3285 2724 3289 -
2755 3249 2982 3307 CAPUT
3019 3248 3182 3305 XLV.

2185 3342 2363 3410 Quare
2389 3351 2437 3397 et
2462 3340 2721 3412 quomodo
2742 3339 3068 3466 Romani?»
3087 3340 3280 3410 ejectus
3314 3349 3388 3395 est
3419 3339 3483 3394 de
3518 3338 3664 3394 Valle
3691 3339 3759 3394 de

2918 3429 2976 3465 as
3003 3427 3080 3470 ro.

2254 3529 2384 3584 Post
2433 3528 2547 3583 haec
2574 3525 2906 3582 Romualdus
2944 3525 3012 3581 ad
3061 3527 3449 3581 monasterium
3489 3524 3659 3580 Vallis
3692 3525 3760 3581 de

2184 3623 2378 3678 Castro
2408 3620 2729 3686 revertitur,
2753 3615 2988 3690 moxque
3019 3612 3267 3672 abbatem
3297 3616 3375 3671 sic
3401 3615 3536 3670 alios
3575 3630 3762 3686 regere

2185 3722 2245 3768 ut
2318 3718 2490 3766 semet
2568 3711 2741 3779 ipsum
2807 3719 2985 3764 tamen
3062 3722 3400 3777 nequaquam
3466 3705 3763 3777 negligeret

2185 3803 2525 3857 exhortatur.
2573 3799 2804 3854 Volebat
2851 3799 3070 3867 insuper
3129 3807 3186 3851 ut
3233 3797 3424 3853 cellam
3471 3811 3574 3865 qua
3629 3810 3761 3850 usus

2186 3891 2397 3956 fuerat,
2446 3889 2734 3945 occasione
2772 3887 3050 3958 regiminis
3083 3885 3244 3958 5.67
3275 3901 3383 3939 non
3422 3885 3642 3939 omnino
3669 3883 3764 3938 dce

2185 3990 2415 4045 sereret,
2465 3980 2559 4036 sed
2590 3980 2642 4034 in
2674 3993 2737 4033 ea
2765 3977 2983 4032 sibimet
3010 3975 3364 4047 spiritualiter
3393 3975 3600 4039 vivens,
3629 3989 3764 4044 pra:—

2193 4071 2366 4141 cipuis
2426 4078 2633 4123 tantum
2688 4067 3071 4122 festivitatibus
3135 4065 3334 4120 fratres
3369 4058 3763 4123 admonitionis

2189 4162 2362 4232 gratia
2413 4151 2679 4214 visitaret.
2733 4153 2864 4212 brat
2913 4157 3056 4211 enim
3102 4157 3261 4212 beato
3284 4156 3400 4210 viro
3442 4164 3548 4208 tam
3577 4155 3764 4210 odiosa

2191 4253 2316 4316 ista,
2345 4266 2506 4320 quam
2540 4250 2836 4314 cernimus,
2870 4249 3124 4304 abbatum
3177 4248 3539 4312 conversatio,
3569 4256 3762 4301 utnon

2175 4343 2372 4396 iminus
2421 4330 2684 4410 gauderet
2735 4339 2780 4394 si
2826 4338 2894 4393 de
2952 4353 3128 4417 manu.
3175 4337 3438 4408 cujusque
3489 4336 3759 4417 abbatiam

2193 4435 2457 4506 potuisset
2491 4419 2761 4498 evellere,
2789 4446 2948 4503 quam
2992 4431 3038 4485 si
3069 4415 3291 4485 daretur
3315 4430 3426 4508 .sibi
3455 4415 3767 4500 potentissif.

2195 4543 2341 4581 mum
2376 4524 2674 4595 quemlibet
2717 4521 3054 4582 saecularium
3099 4523 3166 4577 ad
3216 4529 3422 4576 sanctae
3477 4535 3788 4580 conversa-._

2195 4618 2357 4673 tionis
2373 4616 2619 4680 ordinem
2635 4626 2954 4669 convocare.
2983 4611 3113 4676 Sed,
3137 4611 3279 4666 sicut
3299 4625 3408 4682 per.
3423 4610 3762 4686 Salomonem

2198 4708 2396 4769 dicitur
2429 4697 2442 4757 .-
2477 4693 2626 4771 νείκει
2681 4713 2882 4772 acetum
2914 4702 2969 4756 in
3008 4689 3162 4765 uitro,
3209 4703 3283 4756 ita
3332 4701 3421 4772 qui
3450 4710 3624 4755 cantat
3647 4715 3768 4754 car-

2199 4801 2343 4854 mina
2371 4781 2516 4850 cordi.
2551 4811 2795 4865 perverso
2837 4792 3021 4865 (Prov.
3065 4785 3245 4863 xxv),
3269 4792 3357 4847 ille
3387 4791 3786 4863 praedicatione.

2201 4886 2526 4944 venerabilis
2547 4885 2647 4941 viri
2671 4884 2739 4940 de
2776 4884 2918 4940 malo
2953 4884 3193 4939 deterior
3241 4883 3437 4948 factus,
3468 4881 3774 4938 comitissas

2204 5037 2423 5099 tradunt
2467 5041 2530 5095 ῐ).
2584 5040 2943 5097 Romualdum
2979 5039 3271 5095 incoluisse
3299 5047 3536 5094 montem
3583 5037 3732 5092 illum
3757 5055 3794 5098 ,-

2203 5114 2332 5168 olim
2359 5113 2563 5167 dictum
2599 5111 2909 5176 Petranum,
2942 5113 3050 5166 sed
3083 5109 3581 5179 impraesentiarum,
3601 5107 3668 5161 ab
3691 5121 3778 5179 re-

2203 5183 2378 5253 gionis
2401 5181 2603 5253 accolis
2631 5180 2670 5234 il
2716 5192 2890 5253 monte
2920 5182 3000 5253 dge’
3026 5176 3250 5253 (lava—lli,
3278 5179 3477 5253 iisdem
3511 5176 3776 5253 utiquein

2204 5245 2338 5309 locis
2376 5252 2464 5307 ubi
2507 5252 2609 5306 sita
2651 5258 2735 5306 est
2769 5249 2998 5306 ecclesia
3050 5249 3108 5304 S.
3139 5247 3533 5316 Nicolal-supra
3559 5245 3796 5300 Boasim-

2206 5337 2445 5391 amnem,
2469 5337 2588 5390 qua:
2615 5320 2762 5391 unita
2788 5329 2871 5376 est
2891 5319 3149 5391 prioratui
3181 5317 3488 5391 Secchiani,
3525 5325 3580 5371 et
3603 5316 3777 5391 altera

2209 5394 2264 5447 S.
2296 5384 2515 5460 Bartoli',
2536 5406 2695 5460 supra
2719 5384 2990 5445 Buran'um
3022 5388 3218 5442 ﬂumen
3262 5387 3630 5457 prmpositura:
3659 5384 3782 5439 Cal-

2209 5462 2373 5518 lensis
2399 5459 2650 5515 Ecclesiae
2674 5461 2917 5516 adnexa.-

2279 5531 2427 5603 (30l)
2457 5529 2680 5603 ‘Nemp‘c
2705 5526 3057 5592 Camlianum,
3083 5525 3218 5582 alias
3267 5524 3536 5589 Cantium,
3568 5522 3783 5578 flantis-

2210 5598 2334 5656 uuin
2362 5598 2416 5655 ct
2443 5598 2832 5654 Conditionum.

594 5327 744 5400 ((290)
777 5329 980 5399 Nempe
1007 5327 1274 5400 Apennini
1309 5339 1518 5400 montes
1550 5329 1704 5400 juxta
1745 5323 1994 5400 Callium,
2021 5326 2101 5381 ci-

529 5396 668 5452 vitas
698 5396 933 5469 Umbria}
964 5396 1071 5454 noti
1106 5396 1382 5469 ignobilis,
1410 5396 1589 5466 italice
1627 5397 1795 5469 ϐας]ιὶζ
1874 5461 1880 5468 _
1994 5461 1996 5464 ι

595 5467 742 5537 (500)
773 5470 914 5524 Idem
967 5471 1112 5538 quod
1129 5465 1315 5539 ῬειιιιιΔ
1344 5465 1594 5523 Pertussa
1625 5465 1724 5539 seu
1758 5465 2014 5532 Pertusa,
2043 5473 2124 5539 ut

528 5533 800 5608 legitur'iu
827 5533 1250 5608 Petri-Dauniam
1281 5533 1423 5604 Vita,
1474 5538 1670 5608 cap._5.
1696 5538 1848 5608 Apud
1874 5535 2104 5608 nonnulj

532 5604 611 5658 los
657 5608 821 5662 etiam
860 5607 1156 5674 Petralata,
1207 5611 1368 5665 modo
1398 5604 1558 5678 vulgo
1598 5604 1888 5662 Petrolata.
1923 5605 2101 5674 Aliqui
