4118 6460
440 458 548 516 995

901 457 956 510 S.
978 454 1192 510 PETRI
1229 453 1508 509 DAMlA-Nl
1547 453 1696 506 UPP.
1730 453 1900 506 νΑιιδ
1934 453 2015 504 δι

2116 452 2342 504 tonus
2383 442 2446 496 ιι.
2472 427 2977 498 -ΒΑΝΟΤΟΒΠΜ
3021 440 3225 496 vrm.

3578 441 3680 496 990

439 589 562 630 cum
586 569 815 626 audierit
838 569 964 637 quia
991 567 1075 622 vir
1098 573 1320 621 sanctus
1345 572 1423 619 tot
1450 563 1568 619 loca
1594 561 1902 625 mutaverit,
1935 560 2007 630 pii
2036 568 2084 621 Α
2112 557 2362 626 sumpsit.
2398 553 2637 608 Tandem
2670 569 2824 616 vero,
2874 553 3017 608 sicut
3050 555 3163 623 ipse
3193 553 3531 624 postmodum
3570 557 3679 610 eis-

438 662 620 742 operis
641 660 849 729 pondus
874 657 1004 711 vitio
1050 655 1282 710 levitatis
1309 652 1564 708 ascribat.
1611 651 1736 706 Haec
1772 663 2006 720 namque

439 736 798 804 mutationum
828 744 944 814 ejus
971 757 1132 798 causa
1159 741 1346 812 procul
1383 740 1544 795 dubio
1574 739 1748 794 fuerat
1783 738 1907 807 quia
1937 736 2005 790 ad

439 835 800 892 venerabilem
828 835 1004 888 virum
1027 872 1044 898 ,
1089 832 1398 900 ubicunque
1424 829 1674 899 degeret,
1704 828 1862 881 turba
1903 827 2004 880 ho-

441 924 646 978 minum
672 937 807 993 pene
836 920 1245 976 innumerabilis
1268 917 1644 974 concurrebat.
1690 917 1851 972 Ratio
1875 929 2006 983 ergo

441 1013 697 1084 poscebat
725 1021 801 1078 ut,
831 1027 955 1066 eum
979 1011 1140 1065 unius
1169 1009 1269 1064 loci
1297 1009 1528 1078 spatium
1558 1007 1771 1076 plenum
1797 1005 2010 1060 habita-

439 1101 648 1156 toribus
676 1108 946 1164 cerneret,
977 1099 1088 1154 illic
1115 1099 1296 1168 priore
1335 1099 1658 1162 constituto,
1689 1097 1758 1151 ad
1798 1095 2007 1164 replen-

441 1191 568 1244 dum
592 1203 716 1243 mox
746 1188 890 1242 aliud
929 1188 1227 1242 festinaret.
1255 1185 1313 1240 ln
1353 1185 1536 1257 Sytria
1561 1199 1690 1240 vero
1717 1193 1847 1252 quot
1875 1198 2008 1249 con-

441 1279 711 1343 tumelias,
739 1287 872 1350 quot
908 1277 1159 1333 scandala
1183 1292 1215 1332 a
1243 1277 1356 1333 suis
1398 1276 1672 1346 discipulis
1697 1289 1886 1345 passus
1915 1273 2006 1339 sit,

439 1387 548 1426 non
583 1379 668 1427 est
693 1380 891 1426 nostra:
921 1369 1193 1424 facultatis
1227 1368 1496 1426 evolvere.
1538 1367 1618 1422 Ex
1642 1367 1835 1435 quibus
1858 1365 2008 1420 vide-

437 1459 569 1514 licet
608 1475 776 1513 unum
817 1458 906 1512 hic
950 1458 1237 1525 ponimus,
1283 1465 1478 1512 caetera
1524 1450 1802 1511 brevitatis
1832 1454 2010 1509 studio

442 1548 800 1616 praeterimus.
832 1545 1074 1600 Habebat
1095 1559 1326 1615 namque
1353 1545 1636 1614 quemdam
1664 1544 2007 1618 discipulum,

444 1637 750 1694 [Munatium
769 1634 1000 1700 nomine,
1025 1635 1115 1707 qui
1137 1635 1335 1694 nobilis
1354 1636 1566 1707 quidem
1593 1637 1771 1693 fuerat
1794 1653 2008 1708 genere,

443 1730 538 1784 sed
572 1731 792 1783 omnino
819 1729 1051 1799 degener
1088 1729 1321 1784 actione.
1354 1727 1510 1782 Hune
1535 1728 1719 1798 itaque
1759 1727 1844 1781 vi'r
1887 1742 2010 1781 sanc

445 1829 563 1875 etus
591 1833 712 1873 cum
739 1832 836 1886 pro
856 1831 967 1872 sua:
990 1817 1170 1872 carnis
1199 1817 1536 1872 immunditia
1561 1831 1669 1871 non
1703 1815 1861 1872 modo
1882 1829 2005 1871 ver-

2108 645 2231 700 dem
2260 646 2372 701 suis
2401 644 2678 714 discipulis
2707 644 2906 704 retulit,
2941 645 3197 700 divinitus
3222 644 3323 699 sibi
3359 644 3570 712 jussum
3597 657 3683 702 est

2109 744 2192 800 ul,
2237 733 2283 789 si
2308 734 2550 790 divinam
2580 734 2797 789 timeret
2825 735 3052 805 gratiam
3083 735 3340 804 perdere,
3366 735 3477 803 jam
3511 735 3682 790 indis-

2109 832 2315 878 cretam
2345 823 2985 892 simplicitatemuomnino
3024 832 3395 891 postponeret,
3443 833 3499 878 et
3526 839 3681 879 sacra

2109 913 2397 968 missarum
2428 912 2686 968 solemnia
2734 912 3057 967 fiducialiter
3093 913 3413 970 celebraret.
3459 914 3681 970 Postera

2109 1001 2274 1072 igitur
2317 1001 2404 1057 die
2453 1001 2761 1056 sacrificare
2806 1001 3105 1071 incipiens,
3155 1017 3276 1056 eum
3325 1003 3394 1057 ad
3448 1006 3680 1058 secunda

2110 1090 2291 1145 missae
2315 1100 2524 1147 secreta
2556 1099 2874 1160 perventum
2899 1101 3062 1159 esset,
3093 1092 3145 1145 in
3191 1092 3444 1147 exstasim
3477 1103 3680 1162 raptus,

2113 1188 2221 1233 tam
2245 1179 2406 1249 longo
2437 1181 2693 1248 temporis
2724 1183 2898 1250 spatio
2927 1181 3106 1247 siluit,
3155 1192 3214 1236 ut
3241 1198 3427 1239 omnes
3464 1185 3558 1253 qui
3591 1185 3687 1240 ad-

2111 1277 2272 1324 erant
2321 1270 2672 1324 mirarentur.
2716 1269 3083 1341 lnterrogatus
3121 1283 3300 1328 autem
3342 1275 3681 1343 postmodum

2111 1370 2209 1411 cur
2233 1357 2284 1410 in
2310 1355 2583 1411 offerendo
2609 1358 2876 1413 sacrificio
2918 1368 3094 1414 tantas
3119 1375 3299 1416 moras
3343 1372 3538 1435 praeter
3561 1362 3681 1418 soli-

2112 1459 2226 1504 tum
2247 1450 2548 1518 habuisset,
2573 1453 2851 1522 respondit
2879 1465 2893 1508 ε
2925 1451 3154 1524 Raptus,
3183 1453 3379 1522 inquit,
3408 1454 3461 1507 in
3491 1455 3682 1508 coelum

2111 1538 2326 1597 oblatus
2371 1557 2490 1596 sum
2527 1552 2650 1597 ante
2694 1543 2893 1607 Deum,
2935 1553 2991 1597 et
3030 1545 3302 1598 continuo
3333 1545 3462 1598 mihi
3507 1545 3683 1597 divina

2110 1645 2243 1687 voce
2269 1639 2596 1701 praeceptum
2623 1642 2706 1687 est
2731 1641 2821 1698 ut,
2854 1633 3147 1688 secundum
3182 1633 3326 1688 hunc
3353 1634 3682 1688 intellectum

2114 1735 2276 1790 quem
2299 1721 2430 1775 mihi
2461 1721 2601 1775 Deus
2620 1721 2862 1786 immisit,
2890 1722 3127 1791 psalmos
3153 1738 3477 1792 exponerem
3505 1733 3558 1778 et
3587 1740 3684 1793 pro

2113 1811 2330 1865 modulo
2356 1811 2461 1864 mei
2488 1825 2680 1866 sensus
2707 1812 2967 1868 chartulis
2994 1827 3091 1882 per
3129 1813 3370 1867 ordinem
3413 1828 3683 1868 commen-

444 1909 530 1964 bis
565 1915 834 1978 argueret,
861 1905 957 1962 sed
989 1921 1129 1976 saepe
1154 1908 1318 1962 etiam
1351 1906 1662 1961 verberibus
1682 1905 2013 1976 gravissimis
2043 1895 2086 1953 Β
2114 1900 2319 1956 darem.
2347 1901 2483 1971 Ego,
2509 1911 2687 1955 autem
2710 1903 2875 1956 nimio
2901 1911 2955 1958 et
2970 1903 3313 1958 inenarrabili
3341 1917 3542 1960 terrore
3554 1920 3684 1960 cou-

443 2007 738 2062 coerceret,
775 2011 938 2052 ausus
960 2004 1042 2051 est
1068 1996 1365 2052 diabolicus
1400 1996 1482 2051 vir
1511 1995 1722 2050 titulum
1754 1995 1828 2050 illi
1870 1995 2012 2066 ejus-

445 2086 566 2141 dem
601 2095 783 2142 reatus
807 2100 1098 2156 opponere,
1142 2093 1200 2141 et
1242 2085 1581 2155 impudenter
1613 2092 1804 2141 contra
1838 2085 2011 2140 sancti

446 2174 678 2244 Spiritus
703 2174 958 2246 templum
988 2174 1250 2244 sacrilego
1275 2189 1370 2230 ore
1398 2183 1626 2240 latrare,
1655 2175 1842 2230 dicens
1865 2173 2014 2229 vide-

445 2264 571 2319 licet
592 2273 836 2319 sanctum
863 2263 1036 2318 virum
1059 2279 1163 2318 una
1185 2279 1367 2318 secum
1392 2279 1460 2319 ex
1486 2264 1672 2319 eadem
1698 2263 2015 2332 contagione

444 2369 714 2424 peccasse.
743 2353 864 2407 Mox
904 2354 1084 2424 itaque
1107 2353 1352 2424 discipuli
1380 2368 1569 2408 omnes
1596 2353 1854 2410 adversus
1887 2367 2012 2408 eum

445 2444 590 2507 irati,
622 2458 812 2498 omnes
841 2441 1042 2509 infesti,
1085 2443 1175 2498 alii
1201 2443 1438 2498 clamant
1465 2458 1648 2498 senem
1679 2443 1902 2514 impium
1931 2442 2014 2496 la-

447 2548 589 2604 queo
635 2531 834 2589 debere
874 2533 1156 2603 suspendi,
1203 2533 1293 2588 alii
1342 2531 1561 2602 dignum
1603 2533 1842 2603 judicant
1889 2548 2012 2588 cum
2049 2560 2058 2570 -

446 2625 562 2694 ipsa
600 2622 787 2678 cellula
817 2622 1026 2693 ignibus
1064 2623 1418 2678 concremari.
1450 2621 1602 2690 Quod
1631 2623 1817 2692 utique
1861 2621 2016 2678 valde

447 2714 694 2770 mirabile
725 2713 848 2780 fuit,
883 2715 1178 2783 prtesertim
1208 2713 1514 2785 spirituales
1547 2715 1694 2770 viros
1723 2730 1790 2770 ex
1830 2714 2016 2770 decre-

444 2803 558 2874 pito
585 2817 733 2867 sene,
763 2810 818 2857 et
849 2801 986 2856 ultra
1011 2817 1173 2872 quam
1209 2803 1523 2858 centenario
1555 2802 1701 2874 (509)
1733 2811 1838 2858 tam
1865 2802 2018 2857 nefa-

446 2895 588 2949 rium
617 2893 793 2950 scelus
835 2893 1055 2948 credere
1093 2894 1360 2964 potuisse;
1395 2893 1482 2950 cui
1509 2894 1671 2948 etiam
1698 2894 1744 2948 si
1770 2893 2016 2948 voluntas

445 2983 678 3048 adesset,
707 2991 898 3036 natura
926 2989 1103 3036 tamen
1125 2990 1179 3037 et
1220 2980 1444 3052 frigidus
1466 2982 1687 3052 sanguis
1710 2991 1766 3037 et
1792 2982 2017 3036 ariditas

445 3069 704 3123 attenuati
752 3068 995 3136 corporis
1035 3070 1138 3124 hoc
1166 3070 1378 3138 penitus
1406 3070 1714 3140 denegaret.
1759 3069 1866 3125 Sed
1893 3083 2013 3124 cre-

448 3159 682 3213 dendum
733 3166 818 3212 est
843 3157 1030 3228 procul
1068 3160 1230 3213 dubio
1272 3159 1340 3214 ad
1369 3160 1670 3228 augendum
1711 3159 1883 3214 sancti
1913 3158 2013 3213 viri

446 3248 697 3303 meritum
740 3247 843 3303 hoc
885 3247 986 3302 sibi
1035 3256 1142 3302 tam
1189 3248 1369 3319 gravis
1416 3247 1760 3303 adversitatis
1802 3247 2017 3305 caelitus

447 3334 708 3390 accidisse
728 3334 1018 3406 flageilum.
1040 3334 1205 3408 470
1230 3334 1362 3390 Nam
1382 3345 1438 3390 et
1464 3336 1577 3406 ipse
1596 3337 1890 3403 asserebat,
1916 3337 2019 3392 hoc

447 3423 504 3478 in
555 3437 741 3479 eremo
775 3423 916 3478 unde
957 3437 1126 3494 nuper
1154 3422 1510 3490 abscesserat,
1558 3424 1823 3480 veraciter
1857 3418 2019 3495 agno-

447 3512 612 3578 visse,
633 3520 688 3568 et
708 3513 774 3566 ad
789 3512 890 3567 hoc
909 3512 1662 3582 dehonestatisimproperium
1685 3515 2017 3570 subeundum

447 3602 698 3658 alacriter
741 3603 1044 3658 advenisse.
1084 3602 1176 3657 Ille
1211 3611 1390 3658 autent
1422 3603 1704 3660 Sarabaita
1737 3604 1887 3677 (510)
1931 3621 2018 3661 re-

448 3693 668 3764 probus,
707 3692 799 3763 qui
827 3701 1017 3748 sancto
1046 3692 1162 3747 viro
1192 3693 1396 3747 crimen
1445 3692 1782 3760 intenderat,
1812 3695 2020 3765 episco-

407 3830 412 3834 .
447 3794 630 3856 patum
656 3785 992 3856 postmodum
1011 3783 1334 3840 Nucerinum
1360 3783 1505 3855 (511)
1531 3799 1626 3854 per
1657 3784 2017 3842 Simoniacam

449 3876 697 3932 haeresim
724 3873 1025 3944 acquisivit,
1058 3882 1113 3928 et
1133 3889 1228 3944 per
1253 3873 1527 3929 biennium
1551 3875 1700 3929 illum
1725 3889 2015 3945 occupans,

451 3965 506 4020 in
533 3965 706 4036 primo
736 3978 878 4019 anno
902 3964 1173 4018 incensam
1200 3963 1368 4046 aedem
1413 3980 1536 4020 cum
1563 3965 1716 4020 libris
1742 3976 1797 4020 et
1828 3967 2016 4020 tintin-

451 4056 665 4113 nabulis
697 4071 760 4110 ac
801 4055 1014 4110 czeteris
1059 4055 1233 4111 sacris
1275 4057 1634 4122 ornamentis,
1659 4056 2019 4126 exigentibus

451 4147 566 4204 suis
606 4145 848 4210 meritis,
877 4145 1042 4211 vidit;
1092 4145 1148 4200 in
1193 4145 1432 4201 secundo
1479 4155 1657 4201 autem
1705 4146 2018 4216 dignitatem

452 4248 576 4288 cum
602 4233 734 4299 vita,
795 4234 978 4288 divina
1029 4233 1182 4289 illum
1237 4233 1464 4290 feriente
1523 4235 1810 4300 sententia,
1855 4235 2018 4290 mise-

453 4323 696 4380 rabiliter
723 4324 973 4394 perdidit.

987 4415 990 4417 Α
1068 4413 1296 4470 CAPUT
1333 4414 1396 4470 L.

459 4506 533 4562 De
561 4505 741 4561 divina
761 4503 999 4575 jussiope
1042 4504 1111 4559 ad
1155 4502 1507 4560 Romualdum
1530 4516 1586 4561 ut
1636 4507 1851 4567 missam
1888 4508 2019 4564 cele-

823 4575 994 4629 braret
1021 4584 1070 4630 et
1100 4576 1325 4646 psalmos
1350 4587 1640 4647 exponeret.

525 4666 900 4736 lmposuerunt
929 4667 1111 4734 itaque
1135 4665 1380 4736 discipuli
1404 4677 1593 4724 sancto
1617 4668 1736 4724 viro
1773 4669 1926 4739 quasi
1953 4671 2018 4726 de

453 4759 742 4814 commisso
771 4758 997 4814 crimine
1023 4759 1414 4828 paenitentiam,
1447 4761 1833 4819 et’celebrandi
1863 4779 2016 4820 sacra

453 4851 713 4924 mysteria
740 4853 953 4920 p‘cnitus
979 4851 1250 4908 abstulere
1277 4852 1566 4908 licentiam.
1592 4854 1741 4921 Quod
1773 4855 1859 4911 ille
1889 4873 2023 4926 prte-

449 4947 712 5014 judicium
743 4946 969 5002 libenter
1012 4947 1371 5016 amplectens,
1397 4957 1452 5004 et
1485 4949 1852 5017 paenitentiam
1881 4953 2022 5008 velut

2113 1991 2359 2056 strictus,
2387 1992 2714 2061 respondere
2742 1993 2876 2047 nihil
2917 1993 3062 2048 aliud
3097 1994 3267 2064 potui,
3301 1995 3403 2049 nisi
3449 2004 3684 2048 tantum-

2112 2081 2316 2136 modo:
2349 2080 2489 2146 Fiat,
2527 2081 2638 2136 fiat.
2693 2081 2844 2138 Unde
2892 2092 3075 2152 postea
3123 2085 3207 2138 vir
3249 2093 3468 2138 sanctus
3515 2093 3684 2137 totum

2112 2167 2434 2224 Psalterium
2458 2209 2473 2235 ,
2501 2180 2557 2226 et
2585 2171 2838 2225 nonnulla
2865 2173 3248 2242 prophetarum
3278 2173 3487 2227 cantica
3533 2171 3685 2224 lucu-

2112 2262 2288 2318 lenter
2304 2264 2574 2334 exposuit,
2595 2273 2668 2328 et,
2690 2265 2814 2320 licet
2828 2274 3080 2334 corrupta
3098 2267 3462 2336 grammaticae
3479 2263 3686 2336 regula,

2111 2366 2305 2406 sanum
2335 2360 2514 2407 tamen
2544 2367 2760 2408 sensum
2788 2354 2988 2422 ubique
3021 2355 3255 2409 servavit
3280 2354 3454 2426 (512).

2633 2461 2792 2534 471
2833 2461 3060 2519 CAPUT
3097 2463 3182 2518 LI.

2151 2551 2230 2607 De
2275 2553 2453 2606 anima
2492 2551 2809 2625 Romuuldi,
2850 2571 2966 2625 qua:
3003 2555 3179 2610 delata
3215 2566 3290 2610 est
3319 2567 3443 2611 ante
3483 2555 3651 2610 Deum

2635 2624 2869 2677 candido
2892 2625 3023 2678 velut
3051 2626 3164 2678 nix.

2183 2719 2656 2787 [interrogaverunt
2697 2729 2822 2768 eum
2864 2714 3154 2783 aliquando
3183 2715 3460 2784 discipuli,
3507 2716 3660 2770 dicen
3734 2759 3743 2768 .

2116 2819 2198 2866 tes
2227 2828 2240 2864 :
2275 2808 2556 2879 Magister,
2583 2803 2736 2873 cujus
2761 2820 2880 2859 esse
2902 2807 3074 2859 aetatis
3103 2805 3280 2859 anima
3309 2807 3572 2870 cernitur,
3606 2809 3691 2861 vel

2115 2898 2297 2968 inqua
2323 2898 2490 2966 figura
2519 2895 2587 2948 ad
2610 2893 2869 2963 judicium
2923 2893 3322 2962 praesentati"?
3349 2892 3644 2963 Respondit
3672 2912 3688 2950 :

2117 2985 2242 3042 Scio
2285 2984 2556 3040 hominem
2603 2983 2657 3038 in
2700 2982 2945 3047 Christo,
2975 2981 3127 3051 cujus
3173 2983 3350 3037 anima
3393 2983 3567 3038 delata
3607 2993 3690 3038 est

2115 3083 2239 3128 ante
2265 3072 2436 3128 Deum
2457 3071 2734 3140 splendida
2760 3070 2904 3125 velut
2935 3071 3044 3132 nix,
3072 3071 3302 3125 humana
3329 3071 3544 3140 quidem
3576 3071 3688 3124 elli-

2117 3161 2222 3231 gie,
2252 3167 2457 3214 statura
2498 3173 2627 3214 vero
2669 3157 2921 3229 perfecta:
2946 3159 3142 3213 aetatis.
3173 3159 3462 3227 lnquisitus
3493 3161 3684 3213 iterum

2118 3249 2242 3318 quis
2270 3247 2358 3302 ille
2400 3257 2577 3314 esset,
2627 3248 2910 3319 indignans
2935 3258 2990 3302 et
3015 3248 3350 3303 confundens
3389 3265 3482 3304 eos
3509 3250 3687 3304 dicere

2119 3339 2309 3394 noluit.
2339 3337 2458 3393 Mox
2485 3337 2728 3408 discipuli
2767 3353 2878 3392 rem
2905 3339 2971 3393 ad
3003 3354 3146 3404 eum,
3175 3348 3234 3393 ut
3259 3341 3524 3394 veraciter
3545 3348 3684 3404 erat,

2120 3430 2265 3484 inter
2286 3445 2346 3484 se
2375 3429 2606 3484 invicem
2636 3429 2896 3494 referunt,
2932 3441 2986 3484 et
3011 3431 3181 3500 ipsum
3223 3429 3388 3486 fuisse
3415 3431 3684 3487 hominem

2118 3528 2267 3576 certa
2296 3519 2726 3576 manifestatione
2752 3534 2949 3589 cognos
2984 3529 3096 3574 unt.

2719 3609 2947 3666 CAPUT
2980 3610 3086 3665 ιιι.

2178 3696 2258 3754 De
2287 3698 2449 3752 nimia
2478 3698 2802 3752 districtione
2827 3699 2942 3753 vitta
2963 3717 3120 3770 quam
3145 3701 3202 3756 in
3231 3701 3412 3772 Sytria
3441 3705 3624 3758 tenuit.

2188 3787 2248 3842 In
2283 3787 2463 3860 Sytria
2497 3784 2727 3859 denique
2752 3789 2837 3843 vir
2851 3783 3185 3846 Venerabilis
3211 3808 3308 3862 per
3342 3803 3544 3864 septem
3577 3795 3690 3851 fere

2119 3893 2292 3934 annos
2317 3877 2553 3933 inclusus
2579 3879 2797 3946 mansit,
2819 3887 2875 3934 et
2900 3879 3168 3936 silentium
3193 3883 3503 3938 continuum
3522 3885 3688 3940 invio-

2119 3969 2354 4024 labiliter
2383 3970 2571 4024 tenuit.
2615 3970 2996 4027 Verumtamen
3022 3981 3233 4028 tacente
3261 3974 3439 4044 lingua
3469 3983 3524 4029 et
3549 3991 3687 4046 prae-

2120 4057 2334 4113 dicante
2364 4058 2492 4123 vita,
2522 4059 2608 4113 vix
2636 4074 2885 4129 usquam,
2914 4070 3119 4115 tantum
3141 4062 3384 4119 laborare
3406 4065 3691 4135 aliquando

2121 4149 2323 4218 potuit,
2347 4147 2431 4203 vel
2457 4149 2509 4202 in
2536 4149 2908 4204 convertendis
2933 4151 3256 4218 hominibus,
3288 4154 3400 4208 sive
3434 4155 3501 4208 ad
3523 4154 3691 4224 pmni-
3743 4209 3745 4211 ,

2122 4237 2348 4292 tentiam
2397 4238 2860 4293 concurrentibus.
2908 4241 3132 4296 Vivebat
3177 4252 3386 4308 autem,
3434 4256 3689 4314 vergente

2113 4323 2227 4393 jam
2255 4333 2555 4392 senectute,
2587 4326 2747 4383 nimis
2777 4328 3043 4396 districte,
3087 4331 3332 4387 videlicet
3353 4347 3475 4386 eum
3490 4323 3608 4401 jani
3634 4343 3691 4389 et

2120 4414 2222 4484 ipsi
2249 4416 2470 4484 perfecti
2498 4417 2601 4471 viri
2639 4416 2814 4472 solent
2857 4419 3133 4474 remissius
3164 4423 3372 4487 vivere,
3395 4431 3450 4476 et
3491 4422 3689 4492 aliquid

2123 4504 2225 4560 sibi
2259 4505 2323 4562 de
2357 4505 2441 4561 sui
2487 4507 2748 4576 propositi
2793 4507 2970 4576 rigore
3000 4508 3203 4564 laxare.
3251 4509 3380 4564 Nam
3413 4527 3510 4582 per
3534 4513 3689 4568 unius

2051 4575 2556 4675 DQuadragesim-ae
2580 4575 2814 4663 spatium
2849 4575 2985 4649 nihil
3027 4596 3170 4650 aliud
3220 4575 3490 4667 neque-in
3532 4602 3689 4664 cibo,

2121 4697 2296 4751 neque
2329 4684 2380 4735 in
2406 4692 2530 4751 potu
2561 4683 2773 4751 penitus
2799 4684 3000 4748 habuit,
3029 4685 3132 4738 nisi
3175 4685 3241 4740 de
3283 4689 3489 4743 modica
3519 4689 3690 4744 farina

2128 4779 2184 4826 et
2228 4771 2412 4841 paucis
2448 4771 2631 4826 herbis
2672 4772 3113 4828 sorbitiunculam
3161 4775 3386 4842 faciens,
3411 4794 3473 4832 ex
3519 4795 3582 4834 ea
3625 4781 3690 4834 ad

2131 4862 2484 4917 imitationem
2516 4860 2807 4918 Hilarionis
2853 4864 3006 4918 vixit.
3049 4863 3295 4937 Quinque
3322 4884 3448 4922 vero
3491 4870 3693 4924 hebdo-

2131 4951 2376 5008 madibus
2401 4952 2534 5008 nihil
2558 4953 2701 5008 aliud
2725 4956 3034 5021 comedens,
3061 4957 3126 5010 ad
3153 4960 3419 5014 modicum
3443 4975 3501 5014 se
3529 4960 3691 5015 infusi

457 5052 647 5092 revera
673 5035 938 5091 obnoxius
966 5036 1209 5093 criminis
1222 5039 1545 5106 observavit,
1572 5048 1629 5094 et
1654 5039 1722 5093 ad
1747 5053 2030 5095 sacrosan-
2129 5034 2322 5094 ciceris
2349 5041 2620 5096 astrinxit.
2646 5042 2714 5096 Et
2762 5043 2836 5096 ita
2885 5043 3211 5101 llomualdus
3238 5061 3335 5116 per
3377 5047 3543 5103 multa
3587 5049 3690 5103 alia

457 5136 602 5184 ctum
632 5127 801 5182 altare
829 5143 926 5198 per
948 5143 1064 5195 .sex
1089 5128 1203 5184 fere
1231 5145 1445 5186 menses
1473 5130 1733 5186 accedere
1757 5147 1863 5186 non
1886 5147 2025 5202 prae-

422 5343 438 5350 ,
530 5285 679 5358 (509)
719 5284 794 5340 Ita
819 5299 916 5356 per
935 5293 1215 5358 extensum
1237 5285 1430 5355 legitur
1449 5286 1502 5358 in
1534 5288 1718 5343 codice
1742 5289 2022 5356 Vaticano,

461 5356 771 5428 ac'ubique.
815 5361 994 5428 Quare
1021 5356 1203 5428 nescio
1226 5371 1333 5424 quo
1360 5357 1824 5428 mo‘nimentortam
1870 5374 2021 5428 aper~

461 5432 570 5477 tam
620 5425 864 5479 Damiani
915 5424 1358 5493 signiﬁcationem
1408 5425 1553 5480 circa
1593 5426 1700 5479 divi
1737 5424 2019 5482 Romu‘aldi

460 5494 940 5566 aetatein_refellant
970 5495 1124 5566 iiqui
1154 5495 1222 5547 ad
1240 5501 1458 5566 tantum
1481 5496 1822 5566 septuaginta
1850 5513 2023 5553 annos

463 5561 631 5629 ipsius
662 5561 942 5617 Romualdi
972 5561 1138 5617 vitam
1162 5562 1508 5629 reduxerunt.

533 5630 682 5696 (5I0)
732 5631 912 5686 Genus
951 5634 1370 5699 monachorum,
1402 5632 1744 5706 Δ(ιιιξιιιελιιὶινιὲ
1767 5634 1892 5706 __Deo
1932 5653 2025 5706 per

464 5707 733 5750 tonsuram
779 5711 1093 5764 noscuntur,
1133 5710 1232 5755 etc.
1265 5711 1323 5754 ut
1365 5701 1450 5755 ait
1490 5701 1548 5756 S.
1602 5701 1942 5760 Benedictus
1969 5707 2020 5760 in

463 5782 579 5833 cap.
612 5767 638 5820 1
666 5767 874 5834 regulae.
907 5769 1039 5822 Vide
1059 5779 1115 5823 et
1147 5769 1462 5826 Damianum
1503 5781 1747 5828 nostrum
1777 5774 1832 5828 in
1859 5775 2019 5844 epist.

2122 5131 2341 5185 vivendi
2398 5147 2616 5219 genera,
2662 5127 2792 5204 quid
2818 5151 2916 5190 sua
2959 5137 3104 5209 (515)
3133 5139 3306 5196 virtus
3348 5150 3568 5209 posset,
3597 5157 3694 5211 per

2124 5289 2177 5353 9,
2208 5289 2299 5342 lib.
2328 5305 2380 5344 v.

2197 5359 2343 5435 (5M)
2388 5357 2619 5435 Nuceria
2643 5362 2836 5435 civitas
2853 5373 2935 5417 est
2958 5363 3212 5435 Umbria,
3237 5382 3356 5435 qua:
3377 5365 3689 5420 Camellurin

2125 5427 2342 5492 dicitur,
2375 5432 2440 5482 ad
2465 5429 2819 5505 ditferentiam
2852 5436 3072 5488 alterius
3100 5427 3342 5489 Nuceria:
3366 5454 3686 5505 paganorum

2125 5509 2462 5572 nuncupata),
2494 5516 2610 5568 quae
2638 5503 2689 5554 in
2719 5504 3020 5572 Campaniae
3043 5507 3317 5572 provincia
3348 5503 3449 5558 sita
3482 5519 3583 5559 est.

2199 5566 2347 5640 (512)
2385 5567 2483 5624 llic
2512 5566 3123 5626 venerabilis'eodex'ab
3153 5575 3266 5640 ipso
3301 5575 3359 5627 Β.
3396 5575 3692 5628 liomnaldo

2126 5639 2464 5706 conscriptus
2512 5643 2671 5693 modo
2707 5644 2870 5694 etiam
2919 5643 2970 5694 in
3013 5639 3408 5698 Camaldnlensi
3441 5645 3692 5698 Sacr-ario

2127 5717 2463 5775 asservatur;
2500 5711 2568 5762 de
2595 5725 2702 5775 quo
2725 5711 2845 5764 vide
2871 5709 3096 5775 Mabill.,
3121 5713 3173 5765 in
3196 5711 3391 5767 Itinere
3425 5713 3633 5770 Italico.

2199 5776 2345 5844 (515)
2384 5773 2525 5844 Lege
2546 5773 2714 5833 nostri
2741 5778 2886 5835 Petri
2913 5773 3098 5845 opusc.
3127 5797 3217 5842 xv.
3239 5797 3358 5842 can.
3396 5782 3482 5837 16.
