4118 6452
275 439 374 498 997

268 559 384 615 btec
412 565 468 610 et
496 555 585 610 illa
614 570 675 611 se
693 554 898 626 jugiter
923 554 1249 620 exercendo,
1299 554 1561 609 tentabat.
1595 551 1861 608 Studebat
1891 555 1938 609 Δ

265 650 467 725 quippe
493 649 760 704 discretus
805 647 1010 704 Christi
1039 647 1195 704 miles
1220 649 1287 702 ad
1338 663 1539 702 novum
1585 662 1646 701 se
1687 656 1860 701 certa-

271 753 390 794 tuen
420 752 638 807 semper
664 737 970 808 accingere,
997 746 1052 792 et
1079 753 1200 792 cum
1226 735 1451 807 jamjam
1477 737 1675 792 cadere
1703 736 1854 790 vide-

269 825 416 880 retur
465 826 646 897 (514),
703 827 945 882 adhibita
997 843 1123 882 mox
1169 827 1546 882 misericordia
1592 826 1856 882 vacillans

265 919 644 988 corpusculum
704 920 965 974 relevare.
1023 921 1137 975 Duo
1185 929 1367 975 autem
1413 919 1498 974 vel
1532 921 1698 974 etiam
1751 921 1851 974 tria

264 1010 592 1079 quandoque
634 1011 869 1065 habebat
912 1009 1088 1064 cilicia
1128 1012 1351 1079 propter
1392 1019 1706 1065 nascentem
1731 1025 1855 1064 cor-

264 1101 412 1168 poris
440 1101 928 1170 importunitatem,
958 1117 1078 1171 qna:
1099 1099 1267 1155 lavari
1296 1101 1602 1154 nullatenus
1623 1102 1850 1170 permit-

267 1192 436 1256 lebat,
465 1191 558 1246 sed
587 1207 647 1244 ea
677 1191 856 1260 potius
884 1189 949 1244 ad
979 1189 1207 1244 imbrem
1237 1189 1556 1261 projieiens,
1607 1198 1727 1261 post
1755 1191 1852 1244 tri-

263 1280 410 1350 ginta
441 1281 558 1336 dies
599 1290 809 1335 mutare
856 1290 1229 1336 consueverat.
1280 1279 1607 1336 Novaculam
1666 1291 1848 1336 autem

264 1386 537 1440 nunquam
587 1370 640 1424 in
673 1386 829 1424 suum
870 1379 1034 1440 caput
1067 1371 1372 1440 patiebatur
1410 1371 1724 1435 ascendere,
1754 1372 1848 1426 sed

265 1461 376 1529 ipse
404 1461 506 1516 sibi
549 1476 776 1531 perraro
811 1461 1019 1516 solebat
1047 1470 1395 1516 excrementa
1442 1463 1760 1532 capillorum
1793 1473 1848 1517 et

261 1551 444 1606 barbae
471 1553 766 1624 forcipibus
793 1553 1097 1608 attondere.
1141 1553 1196 1608 Si
1237 1555 1452 1623 quando
1479 1571 1605 1609 vero
1627 1572 1751 1610 cum
1780 1573 1844 1611 ex

261 1644 442 1713 aliquo
487 1645 833 1700 esculentiori
861 1645 981 1700 cibo
1011 1645 1148 1716 gnlze
1178 1646 1369 1700 vitium
1413 1647 1680 1712 titillaret,
1721 1666 1844 1704 mox

262 1748 510 1792 accurate
565 1733 714 1788 illum
742 1736 1036 1806 praeparari
1065 1737 1405 1805 praecipiens,
1435 1739 1515 1792 ori
1546 1748 1601 1792 et
1624 1741 1846 1796 naribus

201 1847 206 1852 -
261 1827 583 1894 apponebat,
631 1835 687 1881 et
736 1827 909 1882 solum
962 1841 1188 1898 captans
1226 1829 1481 1892 odorem,
1515 1831 1765 1886 dicebat:
1799 1832 1843 1888 Ο

1540 433 1702 492 VlTA
1743 433 1804 489 S.
1845 427 2230 487 ROMUALDI.

3441 434 3548 491 9’38

2567 540 2796 597 CAPUT
2835 541 2946 596 LV.

1959 637 2096 694 Item
2127 637 2193 692 de
2216 635 2490 704 Greqorio,
2517 652 2693 760 queytb
2714 638 2779 690 de
2804 639 2952 762 gravi
2977 638 3155 693 morbo
3185 657 3323 711 aqua
3350 643 3551 714 frigida

2644 725 2660 760 τ
2697 724 2835 761 eram
2865 747 2880 761 .

2026 816 2146 872 Alio
2176 832 2394 888 quoque
2427 825 2689 887 tempore,
2741 819 2882 873 idem
2927 819 3019 889 qui
3063 835 3224 892 supra
3252 821 3549 894 Gregorius

1958 922 2064 967 tam
2094 916 2329 968 virosam
2355 922 2409 967 et
2430 913 2726 967 marcidam
2755 913 3024 969 tolerabat
3057 915 3110 969 in
3143 919 3396 972 cruribus
3424 935 3542 973 sca-

1887 1021 1890 1025 '
1953 1004 2118 1069 hiem,
2163 1013 2222 1058 ut
2261 1003 2375 1073 jam
2419 1018 2484 1056 ex
2523 1003 2847 1072 elephantite
2895 1004 3042 1077 (515)
3075 1006 3264 1060 morbo
3297 1009 3543 1064 crederet

1955 1103 2064 1148 tattt
2094 1107 2314 1164 gravem
2342 1095 2559 1164 prodire
2587 1103 2877 1150 tumorem.
2913 1095 3048 1152 Huic
3079 1097 3412 1153 Romualdus
3441 1101 3543 1154 hoc

1952 1185 2282 1253 praecipuum
2331 1185 2616 1240 medicina:
2667 1202 2836 1257 genus
2891 1187 3122 1252 indixit,
3183 1189 3431 1243 videlicet
3485 1201 3542 1244 ut

1953 1289 2113 1326 crura
2141 1289 2240 1343 per
2262 1283 2374 1328 tres
2395 1274 2513 1328 dies
2541 1273 2733 1344 frigida
2758 1291 2894 1345 aqua
2916 1276 3285 1346 perfunderet,
3317 1283 3541 1350 prcutit-

1955 1372 2072 1418 tens
2093 1363 2256 1435 473
2281 1365 2406 1435 quia
2432 1368 2534 1420 hoc
2557 1366 2716 1420 modo
2745 1367 3033 1421 sanitatem
3071 1369 3351 1438 pristinam
3385 1387 3458 1424 rm
3478 1387 3539 1424 u-

1952 1468 2186 1527 pcraret.
2219 1456 2373 1523 Quod
2423 1467 2599 1511 tamen
2647 1457 2737 1511 ille
2770 1458 3063 1527 adimplere
3095 1461 3302 1515 studuit
3325 1503 3339 1526 ,
3374 1464 3536 1515 nimi-

1949 1565 2070 1604 rum
2121 1551 2293 1621 tnagis
2337 1550 2661 1605 necessitate
2700 1548 2960 1618 jussionis
3009 1566 3172 1621 quam
3219 1555 3539 1624 recipiendae

1950 1638 2144 1695 fiducia
2174 1639 2470 1709 sospitatis.
2505 1639 2698 1693 Mirum
2728 1641 2884 1707 s’atis,
2925 1651 2981 1697 et
3024 1643 3198 1698 solum
3229 1643 3423 1698 divinae
3446 1660 3552 1713 po:

1949 1735 2133 1790 tentite
2160 1734 2538 1790 referendum!
2571 1734 2856 1789 confestim
2889 1733 3143 1788 tibiarum
3176 1743 3352 1788 tumor
3381 1736 3540 1804 depo-

1949 1825 2117 1889 nitur,
2146 1824 2296 1879 virus
2315 1839 2476 1879 omne
2499 1825 2760 1891 siccatur,
2790 1834 2838 1878 et
2864 1824 3077 1893 penitus
3104 1825 3248 1878 omni
3278 1823 3538 1894 languore

259 1914 409 1983 gula,
462 1916 618 1984 gula,
653 1932 815 1985 quam
863 1916 1065 1983 dulcis,
1112 1932 1274 1987 quam
1327 1920 1510 1974 suavis
1559 1921 1716 1976 modo
1750 1921 1843 1975 tibi
1879 1915 1920 1973 Β
1949 1914 2194 1982 deposito
2213 1913 2384 1969 frater
2407 1929 2572 1970 sanus
2596 1930 2695 1984 per
2717 1915 2899 1968 omnia
2932 1914 3193 1968 redditur.
3223 1913 3380 1969 Credi
3405 1930 3535 1984 ergo

259 2016 473 2074 saperet
497 2007 598 2060 iste
625 2007 809 2060 cibus!
842 2007 934 2061 sed
987 2023 1067 2061 va:
1097 2007 1190 2061 tibi
1219 2007 1231 2060 !
1261 2022 1328 2061 ex
1353 2023 1418 2062 eo
1450 2025 1724 2078 nunquam
1750 2027 1850 2082 gu-

259 2095 465 2148 stabis:
499 2103 554 2149 et
578 2095 656 2148 sic
683 2095 944 2149 intactum
972 2097 1038 2150 ad
1073 2095 1352 2150 cellarium
1383 2097 1716 2154 remittebat.

751 2185 916 2258 472
953 2185 1182 2242 CAPUT
1217 2185 1348 2241 LIII.

329 2276 407 2331 De
442 2277 696 2332 miraculo
724 2295 825 2348 quo
849 2277 1161 2348 Gregorium
1195 2278 1511 2350 insuﬂlando
1540 2282 1771 2334 sanavit.

329 2365 435 2420 Sed
482 2381 794 2436 quanquam
835 2366 921 2420 vir
966 2375 1186 2421 sanctus
1233 2375 1440 2421 tantam
1475 2382 1604 2438 erga
1640 2383 1700 2422 se
1729 2384 1846 2423 ser-

257 2465 410 2511 varet
435 2457 812 2512 austeritatem
837 2498 852 2522 ,
881 2471 1096 2526 semper
1129 2466 1307 2511 tamen
1358 2456 1584 2512 hilarem
1614 2458 1844 2524 vultum,

256 2561 472 2615 semper
497 2561 744 2601 serenam
777 2545 970 2606 faciem
1002 2547 1343 2601 ostendebat.
1371 2546 1504 2601 Nam
1529 2547 1701 2602 frater
1725 2549 1845 2618 qui-

257 2637 401 2703 dam,
431 2635 724 2707 Gregorius
767 2639 1015 2701 nomine,
1049 2637 1428 2707 gravissimum
1467 2630 1662 2707 capitis
1689 2638 1843 2694 dolo-

255 2741 371 2780 rem
401 2741 460 2780 se
491 2727 696 2796 perpeti
729 2726 1020 2795 aliquando
1063 2735 1392 2796 conquestus
1431 2737 1535 2782 est.
1577 2726 1679 2794 Qui
1717 2745 1840 2784 cum

255 2813 323 2868 ad
351 2813 492 2868 beati
525 2814 626 2868 viri
658 2814 930 2882 cellulam,
954 2816 1045 2870 ubi
1072 2826 1129 2871 et
1154 2817 1244 2871 alii
1277 2817 1476 2873 fratres
1501 2827 1629 2874 tunc
1657 2831 1838 2886 erant,

255 2919 380 2959 cum
407 2905 574 2960 nimia
603 2906 988 2963 lamentatione
1036 2909 1299 2974 venisset,
1351 2925 1476 2964 mox
1515 2920 1576 2966 ut
1599 2927 1722 2966 eum
1758 2913 1843 2968 vir

253 2997 582 3053 venerabilis
612 2999 763 3060 vidit,
798 2999 942 3054 hunc
972 2999 1212 3055 dolorem
1264 3016 1606 3072 nequaquam
1646 3004 1842 3057 humo~

254 3105 375 3143 rum
403 3090 774 3159 iuaequalitati,
803 3091 896 3147 sed
940 3092 1152 3146 insidiis
1184 3091 1392 3162 antiqui
1423 3095 1598 3149 hostis
1631 3096 1839 3150 indubi-

256 3187 434 3234 tanter
460 3180 728 3249 aseripsit,
752 3190 807 3236 et
840 3197 960 3236 mox
987 3183 1140 3252 quasi
1171 3182 1427 3238 deridens
1455 3199 1600 3250 eum,
1635 3195 1694 3239 ut
1722 3195 1842 3240 erat

1949 2007 2344 2062 rationabiliter
2369 2015 2544 2075 potest
2585 2006 2711 2076 quia
2757 2009 2947 2060 eodem
2978 2005 3169 2074 spiritu
3202 2005 3535 2061 Romualdu's

1947 2098 2214 2168 discipulo
2261 2109 2319 2153 ut
2369 2108 2450 2153 ter
2488 2099 2645 2169 aquis
2679 2097 2940 2152 tumentia
2981 2112 3140 2152 crura
3181 2098 3534 2168 perfunderet

1939 2185 2106 2256 jussit
2125 2203 2233 2258 quo
2263 2187 2470 2243 Eliseus
2493 2187 2736 2242 Naaman
2762 2186 3034 2256 leprosum
3063 2187 3232 2242 lavari
3258 2189 3455 2256 septies
3477 2188 3531 2241 in
3604 2258 3608 2262 _

1945 2278 2185 2335 Jordane
2212 2280 2488 2335 mandavit
2517 2277 2568 2350 (I
2583 2275 2624 2331 V
2656 2277 2789 2348 Reg.
2822 2279 2899 2343 v).

2545 2389 2778 2447 CAPUT
2803 2388 2938 2444 LVI.

1944 2485 2026 2541 De
2054 2485 2332 2555 discipulo,
2364 2501 2514 2556 quem
2543 2483 3007 2556 Romamreuntem
3037 2500 3130 2547 per
3162 2482 3406 2556 spiritum
3427 2498 3534 2556 _oo-

2016 2552 2212 2628 gnorit,
2243 2566 2290 2609 et
2331 2552 2396 2608 de
2432 2554 2524 2608 illo
2569 2554 2682 2624 qui,
2726 2553 2827 2606 sibi
2851 2555 3130 2622 derogans,
3185 2552 3531 2606 reclusorium

2016 2627 2195 2696 fregit.

2016 2735 2269 2791 Nonnulli
2303 2745 2482 2791 tamen
2510 2735 2756 2790 carnales
2803 2733 3052 2790 videlicet
3097 2735 3367 2795 homines,
3399 2746 3524 2786 eum

1943 2827 2214 2881 malitiose
2259 2826 2656 2894 reprehendere
2689 2834 2746 2881 et
2793 2827 3034 2896 ejusdem
3091 2825 3232 2879 dicta
3270 2823 3356 2879 vel
3385 2823 3531 2878 facta

1943 2935 2052 2974 non
2082 2918 2346 2974 timebant
2376 2918 2617 2973 levitatis
2644 2918 2779 2972 vitio
2801 2918 3084 2988 deputare.
3114 2916 3345 2983 Quidam
3373 2930 3532 2969 nam-

1943 3025 2049 3079 que
2069 3009 2187 3079 ejus
2219 3008 2517 3078 discipulus
2548 3008 2602 3062 in
2637 3007 2741 3061 alia
2767 3005 2953 3077 procul
2977 3022 3164 3062 eremo
3190 3005 3528 3068 merabatur,

1943 3100 2034 3168 qui
2067 3099 2492 3169 propinquorum
2531 3097 2842 3153 necessitati
2873 3096 3165 3172 aliquando
3197 3095 3532 3150 condescen-

1947 3191 2100 3254 dens,
2127 3205 2224 3260 pro
2253 3204 2441 3244 eorum
2482 3189 2714 3244 utilitate
2753 3189 2970 3244 tandem
3003 3187 3152 3244 velut
3193 3187 3395 3242 invitus
3426 3186 3534 3242 Ro-

254 3284 472 3340 semper
499 3269 666 3326 alacri
713 3272 883 3335 vultu,
918 3287 1016 3341 per
1059 3271 1353 3328 fenestram
1387 3273 1594 3328 cellulae
1624 3273 1728 3329 sibi
1758 3275 1840 3328 in-
1867 3259 1911 3320 Ε
1944 3296 2087 3333 mam
2130 3259 2220 3334 ire
2262 3279 2720 3348 Quadragesimali
2766 3288 3004 3349 tempore
3047 3278 3338 3348 acquievit.
3377 3277 3531 3344 Quod

255 3359 488 3414 sulllavit
514 3361 568 3415 in
601 3360 855 3428 frontem,
887 3373 942 3416 et
967 3370 1026 3416 ut
1067 3365 1254 3418 caeteri
1278 3380 1468 3420 omnes
1494 3365 1588 3436 qui
1611 3367 1839 3420 aderant

255 3451 511 3505 similiter
553 3451 828 3517 facerent,
875 3453 1069 3507 innuit.
1101 3453 1214 3509 Hoc
1241 3464 1422 3509 autem
1466 3453 1612 3509 facto
1646 3455 1718 3510 ita
1749 3471 1839 3511 sa-

255 3552 415 3597 natus
446 3551 531 3596 cst
583 3553 641 3597 ut
687 3543 890 3598 nullum
922 3544 1135 3615 penitus
1163 3545 1390 3599 sentiret
1430 3545 1482 3599 in
1534 3561 1633 3600 suo
1664 3548 1841 3615 capite

255 3635 458 3690 doloris
487 3637 820 3692 remansisse
842 3638 1148 3707 vestigium.
1177 3638 1432 3693 Arbitror
1460 3639 1604 3708 quod
1634 3639 1840 3696 idcirco

253 3729 340 3784 vir
365 3739 584 3784 sanctus
610 3731 714 3785 hoc
736 3729 917 3786 facere
945 3731 1112 3786 voluit
1137 3731 1264 3803 quia
1293 3747 1390 3803 per
1416 3731 1679 3803 Spiritum
1711 3750 1839 3789 san-

254 3830 401 3876 ctum
424 3863 438 3887 ,
465 3823 557 3893 qui
604 3823 657 3877 in
702 3822 820 3892 ejus
863 3831 1083 3894 pectore
1111 3825 1466 3894 praesidebat,
1499 3825 1840 3896 etl'ugandum

253 3928 376 3968 esse
405 3913 803 3982 iniquissimum
834 3914 1046 3970 hostem
1092 3915 1294 3972 doloris
1326 3917 1688 3972 immissorent
1724 3933 1843 3973 cre-

254 4004 411 4058 didit.
442 4003 523 4057 Ad
552 4003 856 4060 evitandam
883 4020 1012 4059 vero
1043 4007 1316 4078 propriam
1342 4008 1556 4063 laudem
1579 4018 1634 4064 et
1655 4007 1840 4064 ludunt

253 4092 412 4146 ﬁnxit
448 4101 504 4146 et
533 4095 709 4150 socios
735 4095 999 4164 qutesivit.
1029 4094 1164 4150 Nam
1197 4105 1252 4150 et
1278 4095 1610 4167 Redemptor
1653 4105 1840 4152 noster

255 4181 555 4238 insulilasse
585 4183 809 4254 legitur,
841 4200 962 4240 cum
1006 4183 1269 4255 Spiritum
1297 4197 1544 4242 sanctum
1581 4187 1842 4258 apostolis

254 4275 470 4332 dedisse
491 4275 810 4345 perhibetur
840 4277 1025 4349 (Joan.
1062 4278 1175 4349 xx).

846 4388 1075 4445 CAPUT
1115 4390 1248 4446 LIV.

572 4478 644 4533 De
674 4479 882 4545 insano,
915 4497 1067 4549 quem
1099 4479 1276 4534 osculo
1305 4481 1524 4534 curavit.

1942 3384 2069 3424 mox
2116 3370 2199 3422 vir
2243 3379 2466 3438 sanctus
2511 3383 2609 3437 per
2631 3369 2879 3438 spiritum
2917 3382 3329 3439 recognoscens,
3371 3367 3522 3422 velut

1941 3457 2228 3527 indignans
2267 3457 2485 3526 scripsit
2512 3456 2714 3511 astanti
2746 3456 2960 3510 cuidam
3004 3455 3158 3511 fratri
3202 3456 3347 3526 quod
3375 3455 3527 3510 vide-

1941 3545 2070 3600 licet
2103 3544 2193 3599 ille
2221 3545 2393 3600 bonus
2438 3545 2524 3599 vir
2554 3560 2654 3616 pro
2691 3535 2998 3615 hujusmodi
3044 3545 3262 3616 negotio
3297 3544 3530 3600 Romam

1941 3639 2024 3696 ire
2077 3637 2440 3708 przesumpsit.
2491 3637 2585 3693 llle
2640 3647 2824 3694 autem
2876 3637 3153 3693 admirans
3209 3638 3354 3691 unde
3424 3638 3529 3694 hoc

1942 3731 2200 3804 magister
2219 3739 2558 3802 agnosceret,
2579 3745 2704 3786 cum
2729 3745 2836 3801 quo
2857 3730 3110 3786 videlicet
3128 3745 3288 3785 nemo
3310 3729 3529 3784 aliunde

1940 3823 2167 3878 veniens
2212 3822 2540 3891 colloquium
2568 3822 2868 3888 habuisset,
2891 3838 3002 3877 rem
3033 3820 3264 3878 sollicite
3303 3821 3526 3890 perqui-

1941 3914 2102 3980 sivit,
2144 3923 2199 3969 et
2259 3913 2334 3968 ita
2392 3929 2547 3980 esse,
2591 3914 2736 3969 sicut
2783 3915 2867 3968 vir
2921 3913 3249 3968 venerabilis
3289 3914 3523 3979 dixerat,

1941 4005 2334 4079 comprobavit.
2367 4005 2550 4078 Pergit
2585 4006 2673 4062 ille
2725 4006 2793 4062 ad
2838 4005 3004 4061 alium
3045 4022 3202 4061 suum
3246 4006 3523 4062 condisci-

1940 4097 2146 4168 pulum,
2172 4096 2428 4152 videlicet
2455 4097 2842 4168 lngelbertum,
2869 4097 2960 4166 qui
2992 4097 3231 4152 inclusus
3253 4096 3524 4156 manebat.

1941 4199 1997 4245 et
2030 4190 2344 4260 magistrum
2375 4188 2500 4268 Inec
2524 4188 2756 4252 dixisse,
2785 4195 2840 4242 et
2871 4187 2991 4242 sine
3015 4187 3180 4242 dubio
3218 4187 3520 4256 prophetia:

1942 4280 2194 4356 spiritum
2239 4279 2441 4335 habere
2490 4294 2716 4349 prorsus
2759 4276 3014 4332 afﬁrmat.
3060 4277 3154 4332 Ille
3195 4279 3525 4344 autem,de-

1942 4369 2151 4429 testa'ns
2197 4381 2254 4428 et
2301 4371 2519 4444 penitus
2544 4371 2838 4441 denegans,
2872 4370 3099 4425 fratrem
3141 4370 3429 4441 corripuit,
3475 4380 3532 4424 et

1941 4464 2066 4535 quia
2090 4466 2193 4519 hoc
2218 4462 2411 4518 falsum
2438 4471 2601 4527 esset,
2633 4460 3361 4531 imprecationisseviuculis
3388 4460 3524 4515 obli-

327 4568 426 4623 Vir
472 4567 694 4638 quidam
736 4568 930 4639 capitis
977 4569 1286 4640 patiebatur
1332 4571 1620 4638 insaniam,
1651 4571 1726 4626 ita
1759 4581 1836 4637 nt,

1944 4554 2106 4624 gavit,
2134 4553 2364 4608 dicens:
2416 4549 2472 4606 Si
2496 4551 2586 4606 ille
2615 4551 2720 4606 hoc
2749 4565 2844 4622 per
2892 4551 3192 4622 prophetiae
3243 4549 3520 4618 spiritum,

254 4675 420 4715 sensu
446 4658 672 4713 rationis
694 4660 920 4724 amisso,
951 4659 1034 4714 vel
1079 4660 1210 4731 quid
1240 4671 1427 4732 ageret
1468 4661 1551 4718 vel
1601 4662 1730 4733 quid
1760 4660 1840 4717 di-

256 4759 406 4804 ceret
465 4748 712 4804 funditus
759 4749 1055 4819 ignoraret.
1113 4749 1252 4806 Huic
1315 4749 1655 4808 Romualdus
1706 4751 1843 4807 nihil

256 4842 402 4896 aliud
429 4839 578 4908 fecit,
609 4840 714 4895 nisi
735 4841 1074 4898 solummodo
1093 4843 1338 4898 osculum
1365 4845 1616 4914 prtebuit,
1643 4852 1700 4900 et
1723 4859 1844 4915 pro-

260 4934 405 4988 tinus
451 4932 600 4987 illum
641 4932 710 4986 ad
755 4927 1178 4988 incolumitatem
1208 4934 1493 5004 pristinam
1544 4921 1840 5002 revocavit,

257 5035 314 5080 et
339 5041 464 5080 cum
495 5024 736 5094 inquieto
761 5025 977 5080 homine
999 5025 1125 5079 dum
1163 5040 1352 5094 pacem
1375 5025 1522 5093 fecit.
1549 5029 1617 5084 ad
1647 5029 1842 5084 mentis
1865 5086 1868 5087 ν

259 5131 381 5172 eum
404 5130 516 5170 sua:
527 5129 714 5186 pacem
736 5115 966 5170 reduxit.
988 5113 1274 5170 Referebat
1299 5126 1479 5170 autem
1501 5118 1838 5187 postmodum

259 5207 351 5263 ille
370 5207 461 5278 qui
483 5215 703 5263 curatus
722 5205 913 5270 fuerat,
939 5206 1153 5262 dicens:
1177 5204 1312 5272 Quia
1336 5221 1460 5261 cum
1487 5223 1644 5262 saera
1691 5207 1838 5264 beati

258 5301 362 5354 viri
391 5299 532 5355 labia
561 5308 781 5370 tangere
809 5299 1004 5365 merui,
1037 5299 1218 5354 statim
1248 5299 1466 5368 prodire
1493 5313 1560 5354 ex
1590 5315 1685 5357 ore
1718 5302 1835 5374 ejus

258 5389 413 5460 quasi
438 5391 772 5446 vehementis
797 5405 943 5446 anne
971 5389 1218 5460 spiritum
1257 5389 1422 5453 sensi,
1449 5391 1541 5459 qui
1568 5399 1735 5449 totam
1762 5393 1838 5446 fa-

261 5483 399 5538 ciem
425 5497 621 5545 meam,
653 5491 709 5536 et
729 5483 903 5552 ipsum
933 5482 1163 5551 denique
1187 5481 1419 5549 sinciput
1443 5482 1696 5551 perflatus.
1715 5499 1834 5536 om-

261 5586 386 5627 nem
419 5572 628 5627 cerebri
656 5573 934 5628 aestuantis
961 5573 1208 5634 ardorem
1237 5574 1482 5641 protinus
1509 5573 1783 5644 eﬂ'ugavit.

335 5728 482 5803 (ὖιῤ)
525 5729 824 5803 Vatrcod,
865 5742 1162 5803 urgeretur.

333 5800 480 5873 (515)
523 5801 838 5871 Elephantia
878 5800 972 5856 seu
1009 5803 1397 5872 elepltantiasis
1444 5801 1605 5873 lepra:
1632 5801 1840 5872 species

1943 4654 2000 4699 et
2047 4659 2154 4699 non
2187 4642 2362 4714 magis
2388 4658 2485 4713 per
2511 4643 2786 4700 diabolum
2830 4643 2992 4708 dixit,
3024 4657 3131 4696 non
3165 4656 3250 4696 me
3282 4641 3532 4709 omnipo-

1943 4746 2064 4793 tens
2112 4736 2254 4792 Deus
2281 4737 2333 4790 in
2362 4735 2467 4791 hoc
2498 4736 2798 4792 reclusorio
2827 4748 3178 4806 perseverare
3226 4732 3526 4802 permittat.

1945 4829 2176 4891 Dictum,
2199 4826 2510 4898 facturaque
2529 4836 2630 4884 est.
2654 4827 2789 4882 Nam
2810 4827 2900 4880 vix
2919 4823 3109 4896 paucis
3135 4823 3326 4878 diebus
3345 4831 3528 4877 trans-

1948 4921 2107 4987 actis,
2143 4919 2511 4989 lngelhertus,
2544 4919 2719 4974 fracto
2759 4915 3081 4983 reclusorio,
3126 4915 3246 4969 sine
3277 4913 3525 4984 magistri

1948 5013 2163 5068 licentia
2186 5012 2336 5077 abiit,
2361 5021 2416 5068 et
2438 5028 2561 5067 eum
2593 5012 2648 5066 in
2672 5011 2772 5066 hac
2800 5009 2928 5074 vita,
2956 5009 3098 5064 sicut
3133 5007 3353 5072 dicitur,
3387 5022 3528 5060 nun-

1947 5115 2110 5171 quam
2139 5098 2368 5153 ulterius
2396 5098 2550 5152 vidit.

2531 5183 2758 5241 CAPUT
2789 5182 2946 5238 LVII.

2014 5279 2093 5336 De
2121 5278 2440 5344 Gaudentio,
2481 5288 2530 5333 et
2566 5277 2826 5343 Berardo,
2861 5286 2911 5330 et
2945 5276 3203 5330 monacho
3247 5284 3455 5329 sanato.

2013 5396 2166 5450 Alius
2188 5394 2376 5461 frater,
2407 5390 2744 5449 Gaudentius
2769 5391 3008 5456 neruine,
3033 5389 3249 5446 abbatis
3277 5387 3529 5444 videlicet

1943 5485 2102 5554 hujus
2130 5484 2444 5540 Monasterii
2474 5482 2533 5538 S.
2564 5480 2732 5556 474
2755 5481 3003 5538 Vincenti
3031 5479 3180 5550 (516)
3204 5489 3376 5549 pater,
3401 5495 3522 5533 eum

1949 5591 2144 5647 magno
2194 5576 2410 5630 fervore
2457 5589 2777 5639 conversus,
2829 5572 3134 5628 ardentiori
3184 5573 3527 5640 postmodum

1945 5738 2053 5794 est,
2083 5729 2150 5782 de
2178 5744 2283 5792 qua
2306 5728 2518 5796 Celsus,
2549 5727 2768 5796 aliique.

2019 5792 2170 5869 (316)
2197 5798 2271 5854 De
2296 5792 2630 5853 monasterio
2653 5792 2713 5852 S.
2741 5795 3010 5853 Vincentii
3031 5795 3096 5850 de
3119 5793 3279 5850 Petra
3299 5792 3523 5850 Pertusa
