4118 6474
523 439 632 497 999

937 431 994 488 S.
1035 427 1235 484 PETRI
1277 423 1558 487 DAMIANI
1594 421 1742 478 OPP.
1767 417 1945 474 PARS
1978 415 2106 472 SEU
2135 411 2384 467 "l‘OdlUS
2417 408 2478 462 ll.
2504 435 2575 448 —
2609 399 3269 472 SANGTOllUM_VlT/E.

3632 407 3771 462 1000

524 547 716 616 spiritu
771 545 824 598 in
869 543 960 597 Dei
1005 549 1089 596 est
1146 539 1368 595 servitio
1420 544 1793 592 conversatus.
1851 531 1951 586 llic
1996 530 2096 584 ali-
2127 526 2406 616 Aicietate
2453 519 2764 616 Romualdi,
2790 519 2985 616 librum
3009 531 3167 584 quem
3195 510 3774 616 temperan-perdidit,

523 635 738 706 quando
768 649 798 687 a
847 634 906 686 Β.
936 630 1234 686 Romualdo
1268 629 1538 683 licentiam
1565 626 1741 697 petiit,
1789 640 1896 694 qua
1929 621 2092 676 vellet

524 734 718 778 cuncta
761 724 871 792 jam
907 724 1181 791 pulmenta
1207 719 1502 782 dimittere,
1533 725 1609 782 et,
1639 730 1777 785 pane
1802 728 1922 768 cum
1953 727 2090 783 aqua

523 820 827 873 contentus,
857 811 1029 878 pomis
1055 821 1268 877 quoque
1310 807 1423 860 sive
1456 805 1637 860 crudis
1665 803 1902 858 oleribus
1937 800 2092 856 victi-

527 909 661 967 tare.
703 898 816 952 lloc
853 899 1013 968 igitur
1035 897 1343 966 impetrato,
1371 908 1493 948 cum
1525 893 1578 946 in
1601 891 1788 946 eodem
1817 889 2092 959 pr0posito

528 984 932 1055 iufatigabiliter
976 992 1339 1054 permaneret,
1389 980 1655 1036 Tedaldus
1695 979 1911 1048 quidam
1957 977 2095 1032 alius

526 1075 716 1141 frater,
745 1075 1043 1134 inﬁrmitati
1071 1074 1215 1128 illius
1236 1073 1524 1128 indiscrete
1554 1071 1923 1140 compatieus,
1944 1068 2100 1124 adire

529 1168 844 1236 magistrum
896 1167 1127 1230 studuit,
1159 1172 1214 1220 et
1258 1163 1384 1233 quia
1437 1162 1608 1218 frater
1656 1160 1746 1215 ille
1795 1169 1904 1215 tam
1932 1172 2098 1228 grave

528 1257 736 1326 pondus
761 1265 979 1325 portare
1008 1269 1111 1309 non
1135 1263 1339 1323 posset,
1367 1253 1507 1306 hanc
1532 1251 1648 1321 ejus
1675 1249 2093 1304 obstinationem

530 1345 708 1416 frangi
739 1346 958 1400 omnino
984 1345 1182 1399 debere
1214 1341 1499 1413 suggessit.
1534 1338 1864 1396 Romualdus
1888 1347 2096 1402 autem,

529 1444 590 1488 ut
617 1446 743 1504 puta
767 1435 852 1488 vir
877 1433 1135 1504 simplicis
1155 1433 1353 1496 animi,
1377 1429 1596 1486 Tedaldi
1621 1428 1798 1484 verbis
1821 1440 2099 1482 assensum

533 1525 700 1590 dedit,
732 1533 787 1580 et
819 1523 1124 1578 Gaudentio
1155 1518 1276 1576 talis
1302 1521 1422 1574 vitze
1445 1519 1717 1575 licentiam
1740 1516 1986 1571 abstulit.
2009 1514 2101 1569 Ille

534 1629 664 1668 vero
695 1622 931 1685 gravrter
961 1611 1158 1677 ferens,
1205 1623 1545 1680 nequaquam
1584 1606 1820 1676 amplius
1843 1619 1966 1660 cum
1997 1603 2101 1658 Te-

460 1726 462 1728 -
535 1703 695 1756 daldo
736 1703 790 1756 in
837 1716 1019 1756 eremo
1068 1702 1123 1755 in
1157 1715 1262 1769 qua
1313 1714 1406 1754 eos
1465 1697 2103 1765 Bomualduslposuerat

534 1805 726 1858 passus
753 1799 837 1845 est
863 1790 1128 1854 habitare,
1160 1788 1255 1843 sed
1276 1786 1597 1858 lngelberto,
1629 1786 1719 1855 qui
1750 1801 1778 1838 a
1802 1782 2102 1840 Romualdo

2187 615 2302 684 jam
2327 612 2442 680 ejus
2467 611 2652 681 gratiae
2673 609 2978 671 restitutus,
2997 616 3051 660 ct
3077 604 3415 660 orationibus
3439 604 3770 668 sublevatus,

2192 704 2438 758 eumdem
2487 700 2682 754 librum
2724 710 3043 766 recuperare
3090 695 3288 748 meruit
3329 710 3341 747 :
3381 701 3438 747 et
3471 709 3630 762 quem
3667 692 3772 746 Te-

2194 792 2390 846 daldus
2449 806 2553 844 non
2607 790 2712 844 nisi
2761 803 2860 858 per
2905 785 3261 840 Romualdum
3310 783 3632 846 abstulerat,
3659 782 3770 850 jam

2195 879 2523 934 Romualdus
2547 880 2751 932 orando
2781 892 2880 947 pro
2909 877 3001 932 illo
3029 890 3151 930 cum
3174 874 3425 928 omnibus
3449 875 3609 929 simul
3651 875 3766 926 fra-

2199 967 2371 1024 tribus
2400 967 2610 1023 reddat.

2767 1054 2995 1112 CAPUT
3029 1055 3206 1111 LVlll.

2307 1144 2384 1198 De
2409 1143 2666 1212 discipulo
2703 1144 2754 1198 in
2783 1145 2912 1198 lecto
2946 1143 3225 1198 Rontualdi
3263 1159 3296 1196 a
3335 1143 3663 1198 daemonibus

2841 1215 3132 1268 verberato.

2270 1324 2577 1394 Aliquando
2603 1325 2685 1378 vir
2714 1323 3036 1379 venerabilis
3063 1325 3342 1395 cujusdam
3370 1340 3534 1379 causa
3581 1339 3775 1380 neces-

2207 1415 2386 1470 sitatis
2409 1414 2462 1467 in
2492 1415 2634 1468 viam
2665 1415 2745 1470 ire
2776 1415 3101 1482 disponens,
3131 1415 3222 1468 uni
3250 1414 3635 1484 discipulorum
3667 1415 3773 1468 cel-

2201 1508 2311 1562 lam
2336 1507 2632 1570 commisit,
2662 1515 2717 1561 et
2736 1521 2905 1574 usque
2926 1508 2993 1560 ad
3014 1523 3170 1561 suum
3194 1506 3426 1561 reditum
3450 1507 3502 1560 in
3533 1523 3594 1562 ea
3623 1507 3775 1559 illum

2201 1613 2422 1653 manere
2458 1599 2730 1668 prascepit.
2779 1597 2870 1652 Ille
2909 1613 3036 1652 vero
3061 1598 3410 1661 temerarius,
3444 1598 3569 1651 dum
3609 1597 3776 1651 debiti

2202 1690 2426 1745 honoris
2452 1689 2809 1744 reverentiam
2857 1690 3116 1759 magistro
3139 1706 3245 1743 non
3292 1699 3494 1754 servat,
3519 1691 3779 1743 audacter

2206 1780 2260 1835 in
2303 1781 2422 1852 ejus
2469 1791 2640 1836 strato
2678 1765 2865 1849 jacere
2900 1796 3006 1834 non
3053 1781 3278 1835 dubitat.
3312 1781 3452 1835 Ecce
3491 1789 3669 1834 autem
3723 1780 3776 1832 in

535 1878 834 1948 disjunctus
865 1879 1079 1944 fuerat,
1112 1893 1172 1934 se
1200 1877 1470 1945 subdidit,
1497 1885 1552 1930 et
1578 1876 1646 1949 ab
1673 1889 1738 1930 eo
1767 1889 2093 1932 consensum
2131 1871 2173 1928 Β
2201 1873 2318 1942 ipsa
2362 1882 2520 1928 nocte
2567 1872 2786 1944 maligni
2831 1874 3054 1944 spiritus
3103 1889 3264 1942 super
3295 1889 3416 1928 eum
3466 1875 3778 1927 immaniter

534 1971 804 2040 praedicta:
847 1968 1270 2025 conversationis
1309 1965 1539 2036 accepit.
1585 1965 1684 2019 llic
1725 1964 1906 2032 itaque
1955 1963 2102 2018 Gau-

537 2059 750 2113 dentius
780 2074 884 2112 non
909 2057 1076 2112 multo
1095 2064 1217 2126 post
1242 2066 1481 2124 tempore
1516 2053 1798 2107 defunctus
1822 2063 1937 2116 est,
1963 2060 2017 2105 et
2047 2051 2100 2104 in

537 2150 848 2204 cremeterio
875 2147 934 2201 Β.
970 2146 1240 2203 Vincentii
1274 2145 1430 2214 juxta
1467 2159 1663 2213 corpus
1688 2142 1909 2198 Berardi
1941 2157 2103 2196 vene-

533 2239 719 2294 rabilis
735 2234 1434 2305 viris,quiaequeRomuald_i
1463 2231 1757 2303 discipulus
1800 2230 1997 2295 fuerat,
2020 2238 2102 2284 est

539 2324 800 2391 sepultus.
842 2323 1172 2378 liomualdus
1197 2331 1399 2388 autem,
1427 2323 1552 2392 quia
1580 2321 1668 2376 ille
1697 2321 1750 2374 in
1779 2320 2106 2391 praevarica-

540 2412 684 2467 tione
727 2412 1098 2467 inobedientiaz
1129 2412 1292 2466 vitam
1319 2411 1552 2476 finierat,
1576 2410 1877 2465 orationem
1908 2423 2007 2476 pro
2035 2423 2101 2462 eo

539 2503 656 2557 ﬁeri
687 2505 899 2575 penitus
940 2503 1237 2558 interdixit.
1269 2503 1562 2572 Aliquanto
1587 2511 1764 2556 autem
1789 2509 1913 2570 post
1957 2508 2099 2555 tem-

539 2607 670 2662 pore
699 2593 996 2647 monachus
1017 2593 1235 2662 quidam
1267 2593 1506 2662 praedicti
1531 2589 1787 2655 cmuobii,
1814 2590 1939 2644 dum
1987 2604 2103 2642 ma-

541 2684 765 2736 tutinam
797 2683 1045 2753 synaxim
1075 2698 1197 2736 cum
1236 2681 1457 2751 reliquis
1487 2681 1746 2735 fratribus
1771 2678 2100 2744 celebraret,

540 2782 758 2841 repente
782 2781 886 2825 tam
911 2787 1088 2827 acrem
1106 2769 1342 2824 dolorem
1367 2771 1568 2824 sentire
1589 2769 1641 2822 in
1663 2768 1916 2824 dentibus
1935 2770 2102 2836 ctepit

539 2872 597 2915 ut
633 2862 744 2931 jam
789 2863 840 2915 in
875 2862 1039 2916 choro
1072 2861 1139 2916 ad
1169 2859 1504 2930 psallendum
1545 2869 1693 2914 stare
1727 2859 1949 2913 omnino
1987 2873 2096 2912 non

539 2958 741 3018 posset.
779 2949 882 3016 Qui
935 2950 1182 3020 protinus
1229 2950 1443 3012 exiens,
1487 2963 1650 3017 super
1687 2948 1994 3016 sepulcrum
2039 2961 2100 3001 se

541 3039 766 3093 Berardi
816 3048 979 3106 atque
1025 3038 1316 3092 Gaudentii
1375 3037 1718 3091 lamentando
1764 3035 2008 3104 jactavit,
2051 3026 2138 3089 et-

2203 1961 2438 2028 irruunt,
2487 1963 2819 2034 gravissimis
2867 1979 2989 2019 eum
3033 1965 3348 2019 verberibus
3393 1973 3664 2029 atterunt,
3714 1972 3774 2018 et

2201 2053 2502 2124 projectum
2541 2054 2609 2109 de
2646 2055 2789 2110 lecto
2831 2069 2972 2124 pene
3003 2057 3329 2109 seminecem
3377 2054 3778 2122 derelinquunt.

2208 2143 2404 2198 Merito
2423 2159 2656 2214 namque
2681 2154 2789 2199 tam
2820 2144 3080 2214 superbos
3103 2159 3212 2198 suae
3232 2143 3544 2199 offensionis
3571 2144 3778 2198 ultores

2200 2233 2445 2304 pertulit,
2485 2235 2578 2303 qui
2624 2235 2677 2289 in
2723 2237 2887 2289 talem
2921 2235 3099 2288 virum
3129 2236 3425 2304 postposita
3471 2234 3777 2289 humilitate

2201 2323 2468 2392 peccavit,
2498 2333 2553 2376 et
2597 2323 2720 2376 dum
2767 2323 2856 2393 pio
2894 2323 3153 2394 magistro
3184 2337 3286 2376 non
3331 2323 3779 2377 exhibuit'reve-

2203 2412 2458 2477 rentiam,
2480 2425 2548 2466 ex
2581 2411 2731 2465 duris
2767 2421 2823 2466 et
2868 2411 3048 2482 impiis
3071 2411 3236 2466 sensit
3273 2413 3521 2466 manibus
3547 2412 3782 2481 discipli-

2202 2515 2349 2554 nam.
2389 2498 2652 2554 Similiter
2688 2515 2906 2572 quoque
2952 2501 3290 2570 postmodum
3324 2502 3654 2556 venerabilis
3695 2503 3780 2556 vir

2203 2593 2307 2647 iter
2327 2601 2567 2655 acturus,
2598 2592 2763 2647 alium
2788 2594 2839 2646 in
2869 2593 3055 2647 eadem
3078 2592 3211 2646 cella
3238 2593 3554 2662 discipulum
3583 2593 3779 2647 dereli-

2203 2684 2340 2754 quit.
2373 2685 2472 2738 Gui
2518 2700 2639 2740 cum
2680 2685 2976 2755 discipulus
2999 2685 3205 2740 diceret
3234 2702 3247 2737 :
3281 2685 3558 2754 Magister,
3586 2700 3688 2755 ego
3716 2686 3772 2739 in

2203 2775 2344 2830 lecto
2377 2783 2468 2830 tuo
2513 2790 2620 2830 non
2663 2775 2840 2845 jaceo,
2889 2776 3016 2843 quia
3061 2775 3200 2840 quod
3231 2774 3321 2828 alii
3352 2779 3600 2844 contigit,
3637 2775 3773 2829 mihi

2204 2864 2372 2918 etiam
2399 2873 2793 2932 consequenter
2827 2863 3042 2916 evenire
3063 2862 3316 2926 formido,
3343 2861 3426 2916 ille
3455 2863 3729 2933 respondit
3754 2879 3770 2916 ;

2204 2951 2308 3007 Fili
2337 2952 2434 3016 mi,
2462 2952 2583 3020 jace
2605 2959 2659 3005 et
2685 2937 2859 3004 dormi
2887 2965 3140 3015 securus;
3173 2949 3262 3002 ille
3289 2950 3430 3004 enim
3454 2951 3506 3004 in
3532 2966 3598 3006 eo
3623 2966 3778 3006 recu-

2205 3041 2382 3108 bans,
2426 3042 2629 3096 idcirco
2670 3043 2722 3095 in
2761 3055 2952 3095 manus
2998 3041 3342 3095 inimicorum
3393 3040 3603 3107 incidit,
3649 3041 3778 3111 quia

543 3127 804 3181 medelam
826 3127 927 3181 sibi
953 3140 1048 3196 per
1074 3140 1168 3179 eos
1193 3125 1476 3194 provenire
1503 3137 1756 3194 sperans,
1790 3125 2028 3184 medium,
2045 3137 2103 3178 se
2143 3193 2173 3198 7_
2208 3129 2491 3198 parvitatis
2531 3142 2664 3184 mea:
2693 3127 2966 3183 licentiam
2999 3142 3103 3182 non
3127 3127 3357 3196 accepit,
3386 3137 3452 3182 tu
3475 3137 3657 3182 autem
3688 3143 3782 3184 ac—

544 3217 683 3272 inter
704 3193 988 3286 utrumque
1015 3193 1290 3270 constituit
1316 3213 1486 3283 (“517),
1511 3193 1744 3282 dumque
1773 3193 2176 3282 ibialiquaa-‘C
2208 3193 2365 3288 cepto
2403 3230 2693 3280 consensu,
2737 3215 2790 3269 in
2831 3217 2940 3270 Deo
2979 3230 3128 3284 spem
3161 3193 3318 3284 pone,
3342 3223 3397 3269 et
3429 3215 3544 3270 sine
3574 3231 3780 3286 pavore

546 3308 837 3377 diujacens
863 3318 1063 3374 oraret,
1093 3322 1215 3362 mox
1241 3321 1364 3363 eum
1392 3320 1613 3361 somnus
1641 3307 1929 3375 oppressit.
1958 3306 2103 3361 lllics

543 3414 675 3455 sane
725 3399 876 3454 videt
933 3399 1229 3454 Berardum
1290 3396 1713 3452 sacerdotalibus
1773 3398 2105 3453 ornamentis

544 3491 971 3564 splendidissime
1024 3491 1369 3553 decoratum,
1416 3495 1686 3542 tenentem
1738 3487 1793 3540 in
1859 3488 2106 3544 manibus

543 3582 740 3636 librum
773 3579 953 3634 aureis
979 3578 1172 3633 litteris
1201 3577 1484 3647 scriptmn,
1528 3584 1652 3630 ante
1691 3575 1860 3635 altare
1897 3576 2108 3631 scilicet

545 3680 780 3727 stantem
831 3679 886 3725 et
940 3671 1227 3724 missarum
1279 3667 1538 3724 solemnia
1594 3665 1982 3721 celebrantem.
2036 3667 2108 3721 At

547 3762 717 3816 cernit
774 3759 1134 3814 Gaudentium
1189 3766 1547 3822 maerentem,
1597 3755 1808 3809 tristem
1873 3756 2109 3812 demisso

546 3850 716 3914 vultu,
743 3858 862 3919 post
883 3858 1089 3918 tergum
1118 3846 1335 3902 Berardi
1360 3845 1544 3915 procul
1565 3845 1840 3910 assistere,
1863 3853 1939 3910 et,
1962 3844 2109 3900 velut

547 3939 1092 4003 excommunicatum,
1127 3937 1296 3992 sacris
1348 3935 1778 4006 appropinquare
1839 3936 2111 4006 mysteriis

549 4045 656 4082 non
700 4023 920 4082 audere.
951 4026 1052 4092 Qui
1100 4041 1220 4079 mox
1248 4024 1456 4079 locutus
1482 4032 1565 4078 est
1587 4023 1655 4086 ei.
1689 4023 1874 4078 dicens
1901 4022 2108 4091 :Vidcs,

551 4120 756 4187 inquit,
811 4117 1006 4180 frater,
1059 4117 1205 4170 illum
1259 4115 1481 4170 Berardi
1532 4115 1730 4169 lihrmn
1787 4115 2112 4170 mirabiliter

549 4208 896 4262 deauratum?
949 4208 1063 4277 Ego
1111 4221 1322 4276 quoque
1378 4206 1537 4261 talem
1583 4220 1681 4275 per
1727 4208 1907 4260 omnia
1962 4221 2110 4262 nunc

549 4297 824 4360 haberem,
857 4296 958 4350 nisi
999 4295 1146 4349 illum
1187 4296 1340 4361 mihi,
1373 4297 1499 4359 heu,
1530 4295 1661 4348 heu!
1697 4295 1964 4349 Tedaldus
1999 4309 2113 4350 mo-

551 4386 757 4442 nachus
785 4385 1111 4440 abstulisset.
1137 4385 1438 4453 Statimque
1459 4384 1628 4438 frater
1647 4385 1924 4455 evigilaus,
1949 4400 2111 4441 sanus

549 4487 606 4533 et
649 4475 956 4540 incolmnis,
985 4475 1169 4545 fugato
1199 4476 1345 4530 omni
1377 4475 1584 4541 dolore,
1615 4476 1873 4530 surrexit.
1910 4475 2112 4532 Deinde

551 4571 707 4625 laetus
745 4571 1007 4624 visionem
1046 4584 1196 4623 suam
1225 4569 1479 4624 fratribus
1509 4582 1605 4640 per
1634 4569 1876 4623 ordinem
1905 4568 2113 4630 retulit.

550 4662 703 4728 Quod
741 4659 1071 4715 Romualdus
1108 4660 1328 4713 audiens
1370 4658 1510 4714 illico
1551 4660 1808 4728 praecepit
1853 4658 2110 4714 fratribus

553 4760 611 4803 ut
651 4748 763 4815 jam
797 4748 1096 4803 Gaudentio
1135 4746 1431 4800 fraternam
1471 4747 1791 4800 charitatem
1835 4747 2114 4816 impende-

443 4908 467 4926 _
553 4850 691 4903 rent,
731 4849 892 4908 atque
932 4855 1027 4908 pro
1059 4854 1123 4893 eo
1149 4839 1360 4892 enixius
1386 4847 1622 4894 orarent.
1654 4837 1805 4893 Unde
1851 4853 1955 4892 non
1994 4838 2112 4892 sine
2141 4857 2144 4862 ι

555 4931 762 4986 ratione
789 4927 1249 5001 colligitur‘75
1287 4927 1428 4997 quod
1475 4926 1563 4982 ille
1609 4927 1700 4996 qui
1739 4939 1982 4998 privatus
2023 4943 2110 4984 so-

554 5133 642 5186 liic
685 5145 863 5185 sermo
893 5135 996 5190 est,
1028 5126 1179 5195 cujus
1202 5133 1258 5178 et
1286 5125 1487 5195 mentio
1524 5135 1828 5195 supracap.
1860 5120 1928 5174 45
1963 5121 2105 5195 facta

552 5203 672 5256 fuit.
717 5199 868 5270 Quod
894 5213 1023 5251 vero
1047 5190 1110 5249 ΒΣ
1139 5195 1368 5270 scriptor
1415 5193 1563 5249 addit
1596 5190 2104 5270 hujusimonasterii,

551 5287 674 5325 cum
718 5262 962 5339 proxime
1003 5262 1310 5339 antea__cjus
1358 5278 1465 5316 non
1491 5262 1826 5339 meminerit,
1862 5267 2110 5339 patenter

550 5343 695 5396 idem
720 5329 841 5392 'boc
885 5329 1269 5389 monasterium
1300 5346 1452 5394 esse,
1491 5331 1543 5396 in
1573 5345 1677 5397 quo
1702 5339 1811 5382 tum
1835 5329 2110 5397 scribebat

556 5419 715 5477 atque
753 5403 1198 5477 conversabatur,
1231 5400 1318 5477 illa
1346 5396 1615 5477 ostepsiva
1643 5396 1900 5477 particula
1933 5396 2108 5477 ηιξῃὶ-

553 5463 733 5532 ΐεεὶει.
771 5477 849 5530 Ad
886 5475 988 5528 hoc
1016 5463 1401 5529 monasterium
1433 5469 1516 5522 bis
1543 5463 1766 5528 missum
1795 5464 1960 5520 fuisse
2000 5463 2106 5518 Da-

554 5548 790 5599 mianum
817 5545 1049 5598 Joannes
1078 5542 1194 5609 ejus
1219 5539 1350 5593 Vitae
1375 5547 1576 5609 auctor_
1592 5536 1776 5609 refert.
1801 5534 1900 5602 Qui
1927 5542 2106 5588 autem

555 5615 712 5681 hujus
735 5616 800 5666 ad
822 5605 1355 5681 dictiunem'abbatis,
1386 5606 1578 5681 nonad
1602 5605 1826 5658 alteram
1852 5613 2109 5681 monaste-

556 5672 637 5742 rii:
662 5683 1006 5749 spectandum
1040 5697 1160 5734 esse
1196 5672 1535 5739 existiment,
1581 5690 1716 5749 opus
1739 5672 1999 5749 “profecto
2028 5680 2111 5749 est

558 5760 615 5802 ut
653 5742 873 5804 credant
921 5751 1233 5806 Damianum
1279 5749 1345 5802 ad
1386 5745 1679 5800 monachos
1735 5742 1792 5797 S.
1845 5742 2112 5797 Vincentii

2138 4535 2190 4595 D

2205 3307 2443 3376 quiesce.
2487 3305 2588 3370 Qui
2627 3303 2873 3360 videlicet
2914 3305 2968 3358 in
3008 3319 3105 3369 eo,
3150 3304 3290 3359 sicut
3323 3305 3508 3374 jussus
3554 3305 3774 3372 fuerat,

2199 3393 2395 3462 jacuit,
2419 3401 2476 3448 et
2497 3391 2700 3446 nullum
2731 3391 2952 3447 omnino
2999 3407 3184 3448 casum
3214 3393 3554 3448 adversitatis
3589 3393 3770 3447 incur-

2206 3484 2299 3538 rit.

2795 3569 3022 3628 CAPUT
3053 3571 3185 3626 LIX.

2205 3667 2286 3724 De
2333 3668 2550 3724 muliere
2600 3667 2654 3722 in
2704 3669 2985 3721 amentiam
3031 3684 3196 3732 versa,
3231 3675 3278 3721 et
3316 3667 3594 3722 Ποικιιαίάὶ
3625 3669 3778 3722 bene-

2761 3737 2987 3790 dictione
3013 3749 3220 3791 sanata.

2281 3847 2566 3904 Stecularis
2582 3849 2796 3917 quidam
2812 3849 2916 3912 vir,
2929 3847 3201 3902 Arduinus
3221 3850 3457 3914 nomine,
3480 3849 3780 3905 Romualdo

2214 3955 2274 3996 se
2303 3940 2370 3995 ad
2411 3939 2812 4009 suscipiendum
2845 3947 3047 3993 sanctae
3073 3941 3501 3994 conversationis
3532 3940 3775 3995 habitum

2209 4029 2458 4094 tradidit;
2490 4029 2682 4083 deinde
2711 4028 2947 4090 domum,
2981 4036 3036 4081 ut
3069 4043 3161 4082 sua
3192 4043 3417 4099 quaeque
3443 4030 3772 4097 disponeret,

2211 4120 2491 4175 remeavit.
2517 4120 2757 4188 Curaque
2784 4135 2903 4173 eum
2933 4134 3070 4173 uxor
3097 4135 3190 4174 sua
3218 4125 3520 4175 venientem
3537 4123 3779 4188 vidisset,

2209 4209 2444 4265 femineo
2461 4209 2714 4263 nimirum
2744 4208 2925 4263 furore
2947 4224 3227 4275 succensa,
3245 4209 3566 4264 exclamavit
3593 4212 3780 4266 adver-

2211 4314 2303 4354 sus
2314 4313 2456 4364 eum,
2475 4299 2661 4353 dicens
2681 4315 2693 4350 :
2714 4297 2823 4362 Sic,
2848 4300 2987 4353 bone
2999 4299 3098 4362 vir,
3117 4299 3184 4353 ab
3203 4298 3455 4354 haeretica
3469 4299 3560 4355 illo
3570 4311 3623 4355 et
3643 4303 3781 4355 anti-

2211 4409 2318 4461 quo
2333 4391 2620 4447 seductore
2641 4405 2786 4444 nunc
2807 4389 2976 4452 venis,
3005 4398 3060 4444 et
3087 4403 3176 4442 me
3201 4390 3454 4444 miseram
3483 4399 3538 4444 et
3557 4391 3783 4445 destiti:-

2215 4493 2322 4538 tam
2354 4482 2498 4536 omni
2532 4481 2766 4535 humano
2793 4479 2985 4534 solatio
3007 4479 3372 4548 derelinquis?
3398 4478 3463 4532 Et
3489 4480 3589 4534 hoc
3611 4480 3775 4543 dicto,

2214 4573 2459 4643 protinus
2500 4572 2553 4624 in
2579 4569 2868 4624 amentiam
2890 4569 3150 4623 vertitur.
3182 4577 3236 4622 et
3266 4569 3338 4622 ita
3365 4567 3544 4624 furere
3563 4581 3626 4624 et
3650 4585 3773 4624 con-

2215 4663 2459 4732 quassari
2503 4661 2668 4729 ccepit
2694 4674 2758 4713 ac
2781 4659 2827 4714 si
2861 4666 3157 4730 patenter-3
3182 4659 3444 4715 daemonio
3473 4669 3776 4715 vexaretur.

2216 4749 2456 4806 Habebat
2516 4757 2694 4804 autem
2733 4747 2820 4802 vir
2869 4758 3099 4802 sanctus
3136 4748 3440 4818 hujusniodi
3490 4755 3794 4804 consuetu-‘

2215 4841 2417 4913 dinem,
2449 4845 2506 4892 ut
2530 4839 2575 4892 si
2598 4837 2820 4907 quando
2844 4834 3040 4891 fratres
3068 4837 3119 4890 in
3151 4837 3292 4892 viam
3313 4837 3582 4908 dirigeret,
3613 4838 3756 4893 bene

2212 4929 2503 4985 dictionem
2521 4927 2656 4997 illis,
2685 4928 2808 4983 sive
2839 4941 3054 4997 panem,
3082 4927 3202 4982 sive
3219 4939 3456 4996 pomum,
3489 4942 3583 4982 seu
3607 4927 3764 4998 quod

2211 5125 2352 5179 hanc
2394 5119 2680 5191 Romualdi
2734 5119 3020 5191 historiam
3059 5120 3355 5184 direxisse,
3392 5121 3533 5190 quod
3561 5123 3771 5191 penitus

2212 5200 2366 5248 caret
2403 5190 2778 5244 fundamento.
2815 5189 2892 5242 De
2927 5190 3032 5243 hoc
3063 5201 3242 5244 autem
3273 5189 3599 5244 monasterio
3629 5206 3753 5245 men

2213 5264 2414 5316 tionem
2445 5259 2576 5314 facit
2612 5258 2804 5313 Petrus
2837 5258 3083 5328 Damiani
3125 5259 3175 5312 in
3204 5259 3362 5328 epist.
3402 5259 3472 5314 52
3532 5260 3654 5314 libri
3699 5277 3769 5326 1v_

2210 5343 2265 5386 et
2294 5331 2400 5384 alia
2445 5329 2512 5384 15
2560 5329 2684 5383 libri
2716 5344 2810 5382 vn.
2860 5327 3050 5382 Exstat
3093 5327 3268 5381 medio
3310 5329 3365 5382 in
3413 5329 3604 5383 itinere
3636 5331 3778 5384 inter

2211 5400 2438 5456 Callium
2478 5414 2542 5453 ac
2569 5398 3108 5465 Forosempronium:
3154 5396 3548 5468 Urbinalesque
3603 5399 3779 5453 Cano-

2213 5471 2334 5524 nici
2349 5468 2586 5531 ejusdem
2607 5468 2866 5522 reditibus
2883 5468 3142 5535 gaudent.

2280 5537 2427 5608 (517)
2465 5538 2589 5591 Haec
2613 5537 2774 5608 verba
2795 5577 2808 5600 ,
2843 5547 2889 5588 et
2922 5537 3173 5608 medelam
3201 5537 3302 5588 sibi
3339 5553 3429 5606 per
3470 5553 3556 5590 eos
3594 5552 3779 5608 proue-

2212 5606 2325 5662 nire
2354 5623 2588 5676 sperans,
2627 5607 2868 5676 medium_
2901 5607 3132 5676 seinter
3175 5616 3452 5673 utrumque
3487 5606 3778 5672 constituit,

2213 5679 2268 5733 in
2305 5672 2567 5732 Vaticano
2611 5677 2794 5728 codice
2839 5672 3249 5728 desiderantur.~
