4118 6480
197 315 316 384 [001
1577 308 1752 375 VITA
1799 317 1858 376 S.
1903 317 1950 377 Β

2068 311 2317 378 UALDI.
3554 319 3699 384 1002

192 458 426 518 cunque
453 441 613 500 aliud
643 441 820 499 daret.
863 439 1029 500 Unde
1056 438 1343 513 discipuli,
1389 445 1452 498 ut
1491 441 1713 513 experti
1739 438 2149 505 mul-A‘canis
2199 442 2445 516 efﬁgiem
2488 441 2790 515 simulans,
2837 459 2972 503 cum
3021 443 3169 500 4'77
3215 459 3425 520 magno
3466 444 3687 521 impetu

195 534 357 593 toties
408 532 658 597 fuerant,
701 535 925 588 certum
969 528 1241 587 tenebant
1294 529 1448 602 quod
1503 529 1551 585 si
1602 545 1676 587 ex
1723 529 1901 587 bene-
1991 532 2222 591 obviam
2264 533 2452 602 irruit,
2486 538 2540 589 et
2582 547 2800 606 equum
2838 534 2931 592 cui
2980 534 3288 605 insidebat,
3331 535 3411 592 ita
3448 542 3515 594 ut
3544 550 3689 609 pene

193 624 440 682 dictione
483 622 760 693 magistri,
803 619 1040 678 cuilibet
1078 624 1291 693 aegroto
1329 617 1475 674 476
1525 619 1899 693 porrigerent,
1991 623 2082 682 vir
2129 627 2358 680 sanctus
2404 630 2774 696 mergeretur,
2833 623 3132 683 exterruit.
3187 622 3542 698 Interrogati
3603 623 3694 681 di-

193 713 262 772 ad
296 713 541 771 salutem
579 711 750 769 illum
783 710 1132 769 incolumem
1172 717 1524 768 revocarent.
1559 710 1704 768 Nam
1745 717 1798 768 et
1828 725 1903 767 ex
1991 712 2198 786 scipuli
2244 711 2292 770 si
2346 727 2480 770 eum
2535 711 2832 783 vidissent,
2870 713 3392 771 'exhorrescentem
3455 711 3696 786 quidem

195 818 364 876 aqua,
402 801 559 860 unde
588 816 796 858 manus
823 800 949 874 ejus
976 799 1382 870 abluebantur,
1417 799 1612 871 plures
1641 799 1902 873 languidi
1992 818 2209 876 equum
2244 802 2612 876 conspexissc
2652 818 2710 860 se
2741 810 3027 868 asserunt.
3071 803 3170 860 sed
3203 802 3285 860 nil
3341 801 3454 860 tale
3491 801 3576 860 eis
3603 817 3702 875 ap-

197 906 347 966 εωρθ
385 890 632 948 restituti
667 895 806 948 Sunt
842 887 1094 946 sanitati
1135 888 1300 958 QUOd
1339 896 1529 946 tamen
1568 887 1904 946 cautiSSime
1993 895 2252 966 paruisse
2282 901 2576 952 testantur.
2610 893 2878 951 Illevero
2903 893 2983 950 ait
3015 912 3028 950 :
3065 893 3240 950 Miser
3273 892 3390 964 ille,
3421 892 3526 968 qui
3554 890 3697 950 olim

197 981 491 1056 oportebat
539 978 685 1049 ﬁeri,
742 993 816 1035 ne
869 977 918 1035 si
965 978 1055 1035 vir
1099 985 1335 1036 sanctus
1381 979 1490 1046 hoc
1537 977 1906 1051 aliquatenus
1993 982 2303 1056 praeclarus
2351 981 2594 1055 angelus
2647 982 2824 1040 fuisse
2871 982 3254 1056 cognoscitur,
3315 995 3472 1038 nunc
3519 994 3580 1037 se
3637 979 3701 1036 in

198 1069 668 1146 deprehenderet,
709 1067 772 1124 in
809 1067 1210 1141 gravissimam
1253 1067 1546 1125 tristitiam
1586 1067 1901 1124 deveniret.
1994 1074 2286 1132 immundi
2314 1075 2501 1148 specie
2529 1073 2687 1132 canis
2711 1073 3008 1131 ostendere
3036 1088 3150 1130 non
3186 1077 3439 1130 veretur,

201 1164 346 1223 Cum
372 1161 554 1236 igitur
587 1162 688 1218 diu
721 1161 842 1233 jam
879 1159 1095 1216 femina
1133 1159 1538 1216 miserabiliter
1577 1165 1904 1228 vexaretur,

202 1251 440 1327 quidam
481 1249 685 1306 fratres
728 1247 829 1320 qui
871 1248 1128 1316 aderant,
1178 1247 1248 1305 de
1303 1246 1700 1305 benedictione
1742 1245 1910 1318 panis

203 1355 379 1415 quam
423 1354 458 1396 a
499 1335 769 1409 magistro
812 1341 1199 1409 susceperant,
1256 1337 1308 1393 ei
1345 1335 1684 1408 particulam
1731 1333 1910 1391 tradi-
2375 1333 2669 1405 discordia,
2701 1347 2933 1410 uegetem
2960 1333 3314 1412 percutiebat.

206 1428 435 1486 derunt.
479 1424 694 1484 Deinde
739 1439 872 1482 cum
930 1423 1037 1480 hoc
1086 1422 1302 1482 mulier
1355 1422 1718 1492 "comedisset,
1771 1437 1913 1480 mox
2075 1427 2299 1486 Rursus
2318 1426 2430 1485 alio
2457 1435 2706 1500 tempore
2729 1443 2866 1485 cum
2895 1428 3309 1486 monasterium
3336 1424 3704 1486 Ancillarum

208 1522 401 1575 mente
429 1515 639 1582 sedata,
671 1513 742 1572 ab
768 1513 925 1572 omni
957 1513 1214 1572 redditur
1245 1514 1489 1572 insaniae
1519 1515 1711 1572 furore
1741 1513 1915 1570 liber—
1998 1514 2123 1584 Dei,
2156 1514 2313 1588 quod
2358 1521 2443 1573 est
2485 1516 2547 1573 in
2579 1515 2896 1573 Vallebona
2939 1514 3094 1586 (319),
3138 1522 3468 1573 construere
3507 1515 3704 1574 decre-

211 1607 374 1665 rima.
419 1605 564 1675 Quae
609 1603 872 1678 protinus
911 1603 1288 1677 omnipotenti
1335 1603 1454 1662 Deo
1485 1611 1540 1661 et
1588 1601 1912 1661 Romualdo
1999 1605 2195 1674 visset,
2222 1602 2506 1660 discordia
2536 1617 2676 1660 mox
2711 1603 2861 1660 inter
2890 1602 3071 1660 sancti
3103 1602 3214 1659 viri
3253 1600 3565 1674 discipulos
3589 1601 3707 1659 ori-

212 1693 431 1752 famulo
485 1692 610 1765 ejus
668 1697 1014 1764 recuperatae
1081 1692 1340 1750 sanitatis
1412 1692 1625 1764 gratias
1698 1690 1914 1761 retulit,
1999 1701 2114 1764 tur,
2168 1693 2305 1765 quia
2349 1691 2614 1749 videlicet
2656 1691 2756 1750 alii
2793 1693 3016 1762 nolunt,
3069 1693 3170 1752 alii
3215 1709 3373 1765 vero,
3418 1701 3481 1752 ut
3527 1693 3707 1763 fieret,

211 1791 267 1843 et
305 1785 432 1842 viro
467 1799 571 1843 suo
612 1782 1008 1842 conversionis
1045 1781 1337 1841 licentiam
1378 1783 1622 1842 ulterius
1664 1799 1778 1841 non
1812 1797 1980 1862 ne-B
2005 1785 2374 1841 vehementer
2400 1781 2698 1840 insistunt.
2737 1780 3000 1856 Cumque
3035 1789 3170 1841 ante
3199 1781 3594 1841 venerabilem
3620 1781 3709 1840 vi-

210 1873 388 1947 gavit.
871 1944 896 1947 h
926 1945 932 1947 _
965 1943 1104 1947 ____
1150 1943 1244 1947 ___
2008 1884 2140 1926 rum
2193 1875 2456 1942 utraeque
2509 1866 2919 1926 dissidentium
2966 1877 3152 1942 partes
3200 1867 3430 1926 diversa
3487 1873 3716 1927 utentes

861 1943 1104 2002 CAPUT
1149 1943 1269 2001 LX.
1347 2003 1353 2008 .
2008 1958 2349 2032 allegatione
2395 1957 2825 2030 contenderent,
2863 1959 3034 2031 cmpit
3086 1957 3352 2017 diabolus
3394 1963 3527 2016 ante
3581 1972 3714 2032 por-

642 2038 719 2090 De
742 2035 1066 2090 dmoniaco
1095 2035 1164 2089 ab
1195 2051 1251 2090 eo
1283 2039 1488 2091 curato.

2067 2048 2204 2107 11am
2241 2046 2402 2106 cellae
2429 2049 2594 2120 quasi
2630 2048 2836 2107 malleo
2881 2055 3140 2123 vegetem
3171 2049 3321 2117 (320)
3363 2048 3491 2107 sine
3530 2063 3716 2106 cessa-

286 2140 419 2199 Alio
473 2154 708 2214 quoquo
760 2146 1014 2213 tempore
1058 2155 1203 2214 puer
1249 2139 1482 2214 quidam
1531 2137 1923 2198 dmmoniacus
2014 2131 2166 2197 tione
2194 2144 2524 2212 percutere;
2553 2143 2605 2195 et
2636 2153 2734 2210 per
2759 2137 3090 2196 reboantem
3123 2136 3330 2196 silvam
3365 2136 3581 2195 crebris
3609 2151 3714 2195 au-

212 2225 287 2284 ad
338 2226 573 2286 beatum
615 2226 808 2285 virum
853 2227 1076 2284 delatus
1118 2235 1220 2284 est.
1267 2225 1375 2284 Cui
1424 2226 1523 2283 ille
1563 2225 1712 2283 nihil
1762 2224 1923 2284 aliud
2011 2231 2277 2289 diebatur
2329 2230 2668 2288 tunsionum
2723 2227 2931 2287 ictibus
2985 2229 3268 2287 intonare.
3317 2227 3537 2287 Deinde
3583 2243 3717 2286 cum

215 2316 351 2374 fecit
392 2315 501 2373 nisi
534 2332 634 2389 pro
672 2314 1067 2373 benedictione
1098 2313 1210 2372 sibi
1242 2315 1408 2387 panis
1443 2314 1781 2388 particulam
1813 2322 1923 2371 tra-
2009 2321 2132 2396 jam
2155 2334 2355 2378 omnes
2385 2318 2740 2377 unanimiter
2769 2317 3183 2376 monasterium
3221 2317 3348 2375 fieri
3379 2316 3725 2376 concordas-

215 2402 383 2461 didit.
429 2401 552 2472 Qua
594 2417 734 2460 ΙΠοΧ
783 2419 924 2476 ρυθν
971 2402 1070 2459 ille
1111 2402 1374 2474 t‘efeCtUS,
1419 2402 1720 2460 confestim
1763 2406 1848 2459 est
1893 2416 1925 2458 ἃ
2018 2415 2164 2478 sent,
2217 2423 2346 2465 ecce
2405 2406 2697 2478 malignus
2756 2406 2993 2478 spiritus
3047 2405 3271 2464 cunctis
3332 2404 3723 2476 audientibus,

215 2491 510 2549 daemonio
549 2490 842 2549 liberatus.
887 2491 1027 2549 Jure
1081 2491 1292 2564 quippe
1339 2497 1650 2564 postquam
1688 2489 1927 2548 benedi-
2019 2497 2265 2568 ululare,
2296 2495 2521 2570 plorare
2567 2503 2623 2554 et
2668 2494 2888 2554 ﬂebiles
2925 2511 3040 2554 non
3085 2495 3338 2554 cessabat
3367 2508 3536 2554 voces
3566 2495 3729 2554 emit-

217 2579 332 2639 ctio
369 2578 680 2639 Romualdi
711 2579 861 2637 male
898 2593 1224 2653 possessum
1255 2593 1460 2651 corpus
1491 2578 1752 2648 intravit,
1792 2577 1931 2634 inde
2018 2593 2152 2645 tere,
2184 2586 2476 2645 Postremo
2505 2594 2720 2658 autem,
2751 2601 2885 2644 cum
2904 2585 3027 2659 jam
3055 2584 3228 2642 divisi
3261 2583 3333 2642 ad
3362 2600 3537 2644 suum
3561 2584 3726 2659 quis-

216 2666 519 2726 confestim
582 2665 874 2740 malignus
919 2667 1155 2740 spiritus
1211 2669 1561 2725 cauteriatus
1622 2667 1760 2738 (318)
1824 2681 1930 2724 ex-
2015 2691 2129 2749 que
2175 2679 2559 2733 reverteretur
2603 2673 2948 2748 hospitium,
2988 2674 3440 2747 prosequebatur
3492 2689 3589 2734 eos
3630 2690 3734 2733 an-

220 2757 352 2816 ivit.
865 2827 1102 2838 mmm
1145 2827 1166 2838 ν
1192 2826 1270 2838 m
2019 2764 2216 2838 tiquus
2260 2763 2442 2822 hostis
2483 2779 2620 2822 cum
2665 2768 2820 2820 tanta
2871 2768 3201 2835 tempestate
3247 2768 3304 2820 et
3367 2761 3621 2834 turbine,
3677 2769 3734 2820 et

409 2923 420 2935 .
464 2919 480 2935 ἲ
531 2921 546 2935 τ
739 2922 750 2934 .
825 2827 1102 2935 ἏΟΑΡῙξΤ
1143 2826 1324 2935 ῙλΧῙχ
1545 2923 1555 2934 ο
2023 2826 2191 2925 quasi
2247 2851 2442 2910 omnia
2493 2858 2798 2910 ventorum
2848 2826 3058 2924 genera
3109 2864 3508 2922 commovens,
3556 2826 3734 2911 totam

223 2923 303 2976 De
359 2919 597 2986 diabolo,
653 2922 750 2990 qui
819 2920 1120 2976 Romualdo
1185 2924 1408 2975 mortem
1478 2923 1722 2976 minatus
1790 2919 1936 2973 cellae

2067 2939 2232 2997 llvam
2288 2939 2562 2998 radicitus
2613 2919 2879 2998 evellere.
2921 2945 3240 3012 putaretur.
3299 2919 3548 3009 Quidam
3603 2954 3742 2998 vero

837 3011 1104 3080 Ρανίθίθηῖ
1143 3010 1332 3076 Γνθθίί·
2026 3030 2273 3088 fratrum
2317 3029 2619 3103 increpans
2665 3043 2802 3087 eum
2839 3010 3036 3085 diiit:
3074 3026 3351 3100 Praecipio
3387 3025 3493 3084 tibi
3530 3025 3596 3084 in
3634 3041 3740 3085 no-

301 3113 614 3187 Nunquam
671 3120 861 3172 tamen
917 3113 1184 3171 diabolus
1244 3128 1276 3169 a
1330 3113 1510 3170 sancti
1564 3111 1672 3170 Viri
1723 3114 2189 3219 poteratcmine
2217 3125 2427 3178 sanctae
2459 3118 2777 3188 Trinitatis,
2806 3115 3109 3176 immunde
3135 3115 3396 3190 spiritus,
3423 3122 3488 3174 ut
3515 3114 3744 3174 desinas

224 3202 667 3278 impugnatione
700 3204 1012 3278 qumscere.
1050 3204 1118 3261 Et
1157 3203 1294 3276 quia
1329 3202 1548 3260 occulta
1584 3203 1703 3276 jam
1734 3201 1939 3258 adver-
1965 3201 2007 3219 υ
2032 3209 2232 3268 venire
2270 3216 2394 3282 post
2433 3225 2552 3267 nos,
2589 3209 2660 3266 Et
2687 3208 2766 3266 ita
2797 3208 3029 3281 fugatus
3071 3213 3172 3264 est.
3213 3205 3354 3264 Jure
3393 3205 3605 3280 quippe
3638 3220 3746 3264 au-

229 3309 332 3352 sus
365 3308 502 3351 eum
545 3291 747 3350 fraude
776 3292 863 3350 nil
901 3295 1136 3365 poterat,
1182 3306 1300 3350 non
1329 3291 1583 3349 cessabat
1621 3291 1787 3348 virus
1822 3305 1944 3348 suae
2032 3305 2153 3356 ctor
2204 3297 2527 3367 discordiae,
2589 3297 2903 3369 composita
2955 3311 3110 3367 pace,
3163 3293 3502 3368 compulsus
3558 3299 3642 3351 est
3684 3293 3749 3350 in

232 3382 476 3441 malitiae
513 3381 820 3440 visibiliter
858 3381 1269 3439 demonstrare.
1319 3381 1651 3454 Aliquando
1694 3395 1945 3452 namque
2033 3388 2233 3446 ﬂetum
2282 3400 2673 3458 prorumpere,
2711 3384 2813 3457 qui
2861 3383 3023 3456 prius
3071 3381 3416 3441 audiebatur
3462 3388 3752 3439 crescente

233 3470 327 3530 vir
367 3469 714 3529 venerabilis
746 3470 885 3528 dum
927 3471 988 3526 in
1027 3469 1172 3526 cella
1209 3467 1570 3539 consisteret,
1611 3483 1738 3526 ecce
1787 3466 1943 3524 mali-
2035 3473 2485 3550 rixaigaudere;
2519 3479 2575 3530 et
2597 3473 2692 3548 qui
2723 3478 2862 3530 tunc
2893 3470 3057 3545 quasi
3079 3470 3366 3529 circulum
3397 3469 3566 3528 vacui
3598 3468 3754 3529 vasis

235 3575 389 3634 gnus
437 3558 693 3632 spirittJS,
747 3564 812 3617 ut
863 3565 948 3616 est
1005 3573 1203 3615 revera
1263 3557 1610 3628 leterrimuS,
1662 3557 1944 3631 hispiduS,
2035 3565 2364 3622 abstrahere
2415 3569 2470 3620 et
2527 3567 2711 3634 partes
2745 3606 2760 3631 ,
2817 3559 3032 3634 quibus
3097 3564 3458 3632 compactum
3523 3558 3753 3627 fuerat,

239 3647 556 3721 horribilis;
614 3649 968 3707 immensum
1017 3646 1188 3721 οωρίι
1243 3653 1441 3705 sancto
1497 3647 1623 3704 νίΓο
1677 3653 1949 3705 terrorem
2037 3657 2315 3729 dissipare
2345 3652 2602 3723 tentavit,
2636 3650 2957 3711 constrictis
2990 3651 3112 3723 jam
3148 3652 3213 3708 in
3246 3649 3483 3710 vinculo
3520 3649 3677 3724 pacis
3704 3654 3763 3708 et

241 3740 518 3810 ίηευῑθτθν
560 3745 614 3796 εἴ
655 3754 788 3797 cum
825 3739 1005 3797 Πίωίο
1045 3737 1254 3797 furoris
1290 3737 1508 3810 impetu
1556 3743 1798 3794 mortem
1839 3734 1952 3793 Sibi
2040 3743 2331 3804 charitatis
2358 3757 2631 3815 compage
2659 3738 2988 3814 discipulis,
3023 3738 3200 3798 tristis
3227 3738 3528 3798 abscessit.

241 3825 521 3885 minitans
567 3826 871 3896 intentare.
923 3824 1188 3899 Cumque
1237 3823 1601 3884 Romualdus
1659 3823 1968 3882 auxilium'
2650 3846 2894 3905 CAPUT
2953 3845 3154 3904 LX1v_

245 3915 317 3974 de
348 3915 491 3974 coelo
526 3915 945 3989 imperterritus
984 3920 1289 3989 quaereret,
1341 3920 1396 3971 et
1441 3920 1504 3972 ut
1543 3912 1655 3970 sibi
1692 3910 1955 3969 Christus
2221 3926 2297 3978 De
2333 3923 2587 3977 districta
2624 3923 2742 3975 υίτα
2779 3935 2900 3990 quas
2931 3921 2988 3974 in
3026 3921 3218 3988 Sytrz'a
3256 3919 3578 3976 ducebatur,

247 4014 609 4068 succurreret
664 4005 1008 4064 fiducialiler
1057 4004 1426 4075 exclamaret,
1479 4017 1617 4060 mox
1679 4001 1956 4073 antiquus
2116 4007 2330 4066 Taliter
2362 4016 2556 4067 autem
2598 4007 2659 4065 in
2707 4006 2895 4082 Sytria
2947 4006 3094 4077 (321)
3137 4006 3443 4066 vivebatur
3482 4025 3549 4067 ac
3594 4005 3642 4067 si
3686 4022 3760 4066 ex

250 4096 433 4156 hostis
469 4093 777 4168 aufugiens
804 4094 996 4168 ipsum
1031 4095 1192 4152 cellae
1223 4092 1499 4165 parietem
1532 4095 1688 4148 tanto
1720 4087 1955 4146 iracun-
2048 4097 2428 4155 similitudine
2478 4113 2594 4154 non
2635 4096 2818 4153 solum
2864 4093 3138 4166 nominis,
3185 4095 3281 4153 sed
3329 4094 3504 4154 etiam
3552 4095 3765 4171 operis,

250 4183 365 4243 ἀίω
394 4183 528 4241 felle
567 4183 846 4256 PEPCUSSit
880 4181 1032 4256 (ΙΠοά
1072 4196 1305 4254 ἐξωνθηῖ
1335 4180 1448 4253 fagi
1490 4179 1740 4236 lablllam
1779 4177 1957 4235 unius
2049 4190 2228 4248 altera
2253 4189 2446 4248 denuo
2475 4189 2658 4247 Nitria
2686 4187 2991 4256 videretur,
3024 4203 3226 4248 omnes
3269 4187 3558 4262 siquidem
3593 4187 3770 4248 nudis

2594 1180 2838 1240 CAPUT
2892 1179 3102 1239 LXIII.

1993 1273 2126 1326 Item
2175 1270 2240 1324 de
2285 1271 2521 1332 diabolo,
2566 1273 2682 1339 qui,
2729 1276 2848 1325 orta
2877 1273 3021 1325 inter
3055 1270 3354 1339 discipulos
3404 1267 3700 1324 Βοττιααωί

253 4271 435 4330 cubiti
463 4270 664 4344 spatio,
698 4271 786 4328 vel
819 4285 885 4328 eo
915 4270 1166 4343 amplius
1199 4269 1344 4328 fidit.
1380 4268 1444 4326 In
1488 4264 1815 4325 habitaculo
1847 4264 1959 4337 igi-

255 4365 351 4420 tur
394 4365 650 4434 patenter
700 4359 946 4418 ostendit
989 4367 1203 4432 quanta
1249 4359 1529 4416 adversus
1584 4355 1959 4414 habitatorem

257 4450 490 4509 ﬂamma
547 4449 902 4508 crudelitatis
954 4449 1190 4517 exarsit,
1252 4455 1306 4506 et
1356 4446 1778 4521 quodammodo
1828 4445 1962 4502 scri-

257 4549 423 4618 ptum
470 4542 705 4617 reliquit
752 4543 814 4600 in
861 4542 1075 4615 pariete
1109 4540 1260 4616 quod
1302 4538 1593 4598 occultum
1629 4536 1861 4610 gerebat
1897 4533 1958 4591 in

261 4637 474 4690 mente.

883 4719 1125 4780 CAPUT
1158 4719 1341 4778 LXII.

259 4816 391 4871 Item
437 4813 503 4868 de
557 4812 793 4876 diabolo,
853 4813 951 4884 qui
1010 4818 1284 4867 exterrens
1348 4825 1543 4880 equum
1601 4807 1964 4865 Romualdum

890 4917 1126 4969 mergere
1152 4902 1344 4955 voluit.

332 5007 662 5082 Aliquando
709 5008 881 5066 etiam
925 5007 1064 5066 dum
1118 5004 1469 5064 venerabilis
1521 5005 1612 5062 vir
1662 5019 1792 5060 cum
1850 5002 1971 5060 suis

264 5097 561 5172 discipulis
616 5098 916 5171 equitaret,
970 5110 1096 5153 ecce
1150 5093 1444 5166 malignus
1509 5090 1746 5164 spiritus
1807 5089 1969 5148 rubei

273 5265 463 5380 “(319
521 5267 860 5328 Cauterialus,
912 5275 1108 5327 nempe
1160 5262 1386 5323 adustus,
1467 5261 1594 5311 vide
1662 5259 1973 5309 Glossarium

344 5343 474 5380 nan.
513 5351 516 5353 λ

344 5343 474 5378 nan.
513 5351 516 5353 ‘

500 5391 869 5458 incompertus
896 5387 1430 5458 esthhactenns‘eitus
1452 5384 1614 5455 hui-is
1635 5382 1970 5458 monasterii.

275 5443 607 5519 _De‘qubdagn
638 5443 858 5519 Martino
896 5452 1210 5505 Vallisbonae
1243 5443 1581 5519 abbate,nq'ni
1616 5449 1738 5515 post
1762 5443 1815 5494 B.
1851 5447 1969 5519 Alne

273 5504 527 5582 bros'iu'm,
547 5504 1006 5582 camanulgngem
1042 5504 1704 5582 pe_roravit.innl"erraiji_ze
1741 5504 1972 5582 concilio

274 5589 417 5642 anno
438 5567 587 5642 71438,
626 5567 1141 5642 diglllllilapuarii,
1176 5571 1387 5642 mentio
1407 5571 1465 5622 ﬁt
1495 5571 1549 5620 in
1580 5572 1722 5620 Actis
1756 5567 1972 5642 concilii

275 5629 659 5693 Florentini'ab
693 5629 910 5692 Horatio
934 5629 1233 5691 Justiui'ano
1266 5634 1440 5695 editis,
1472 5644 1590 5697 par.
1617 5643 1656 5695 I,
1687 5645 1737 5682 ιι.
1760 5629 1840 5680 20.

560 5747 819 5810 PATROL.
848 5742 1098 5807 CXLIV.

2050 4277 2295 4351 pedibus
2341 4276 2692 4348 incedentes,
2735 4292 2938 4335 omnes
2989 4275 3215 4346 inculti,
3249 4275 3452 4349 pallidi
3492 4282 3547 4335 et
3587 4276 3769 4334 nimia

2053 4368 2320 4427 omnium
2374 4382 2564 4424 rerum
2605 4365 2967 4424 extremitate
3012 4364 3285 4423 contenti.
3318 4364 3603 4424 Nonnulli
3632 4379 3769 4424 vero

2054 4457 2341 4515 damnatis
2375 4456 2573 4529 januis
2627 4455 2831 4529 clausi,
2863 4456 2940 4514 ita
2989 4456 3202 4514 mortui
3241 4455 3591 4514 videbantur
3620 4450 3769 4508 478

2056 4546 2294 4613 mundo,
2325 4543 2483 4602 velut
2514 4543 2575 4600 in
2621 4544 2883 4616 sepulcro
2906 4545 3031 4617 jam
3060 4544 3253 4617 positi.
3287 4541 3508 4601 Vinum
3549 4540 3631 4599 ibi
3661 4557 3768 4599 ne-

2059 4652 2150 4693 mo
2211 4639 2494 4704 noverat,
2551 4649 2655 4690 nec
2708 4633 2757 4690 si
2812 4633 2985 4691 etiam
3035 4631 3438 4706 gravissimam
3500 4629 3772 4705 quisquis

2059 4722 2461 4797 aegritudinem
2515 4728 2822 4796 pateretur.
2873 4720 2983 4780 Sed
3034 4737 3136 4779 cur
3185 4736 3289 4794 ego
3339 4722 3410 4778 de
3469 4719 3768 4778 monachis

2059 4813 2279 4886 loquor,
2317 4827 2450 4868 cum
2477 4818 2530 4868 et
2563 4809 2671 4884 ipsi
2699 4809 3118 4867 monachorum
3152 4809 3380 4881 famuli,
3402 4807 3516 4882 ipsi
3537 4821 3769 4881 quoque

2061 4902 2323 4962 custodes
2371 4915 2640 4974 pecorum
2691 4898 3057 4971 jejunarent,
3115 4896 3418 4956 silentium
3486 4904 3764 4967 tenerent,

2061 4990 2390 5066 disciplinas
2421 4989 2570 5046 inter
2602 5003 2662 5045 se
2696 4985 2947 5044 invicem
2999 4986 3273 5055 facerent,
3317 4995 3372 5043 et
3418 4986 3488 5044 de
3527 4985 3769 5061 quibus-

2063 5081 2202 5139 libet
2229 5079 2373 5151 (32'2)
2401 5075 2590 5134 verbis
2628 5073 3020 5150 pcenitentiam
3053 5074 3425 5146 ﬂagitarent?
3454 5073 3498 5134 Ο
3527 5088 3772 5133 aureum

2139 5254 2271 5311 (3‘20)
2297 5253 2466 5316 Hujus
2495 5251 2644 5316 νοτὶς
2679 5246 2870 5316 melior
2908 5247 3197 5316 explicatio
3241 5247 3456 5316 videtur
3478 5258 3620 5316 esse
3653 5247 3769 5316 ηιξ,

2075 5307 2234 5378 quam
2259 5307 2419 5368 tradit
2439 5315 2666 5380 Cangius
2689 5311 2756 5363 ad
2778 5321 2972 5380 vocem
2986 5307 3156 5380 γραεξ.
3191 5307 3535 5380 nempe-dolii
3559 5307 3770 5380 vinarli,

2077 5371 2221 5442 quod
2241 5371 2694 5442 sinecessalione
2716 5371 3069 5439 percutiebat,’
3102 5375 3218 5426 sive
3248 5371 3484 5438 iaciebat
3508 5374 3633 5424 ante
3654 5383 3774 5438 por-

2074 5439 2256 5491 tellam
2281 5440 2432 5492 cellae
2471 5439 2736 5491 diabolus.

2142 5502 2274 5570 ςξῃ)
2302 5502 2362 5570 _ln
2393 5501 2645 5570 Vaticano
2667 5497 3080 5570 codiceﬂlegitur
3105 5496 3318 5570 tuucjn
3353 5495 3556 5570 Sylria.

2137 5563 2271 5627 (322)
2302 5563 2359 5614 In
2396 5565 2515 5618 eod.
2549 5566 2668 5616 cod.
2692 5564 2750 5612 de
2774 5561 3073 5625 quibuslibet
3101 5560 3276 5610 otiosis
3304 5560 3492 5611 verbis.

3427 5727 3498 5788 32
