4118 6474
410 346 550 428 1003

874 366 933 425 S.
972 365 1196 425 PETRI
1233 363 1557 423 DAMIANI
1597 358 1756 423 OPP.
1798 360 1991 423 PARS
2036 358 2174 422 SEU
2215 359 2466 423 TOMUS
2500 363 2579 423 II.
2621 395 2690 408 —
2728 314 3183 432 SANCTORUM
3221 363 3448 424 VITIE.

3780 366 3923 429 1004

404 478 718 550 Romualdi
770 489 1048 547 saeculum
1095 486 1273 560 quod,
1306 487 1413 545 etsi
1461 491 1746 546 tormenta
1792 486 2359 560 persecuto-Aforas
2393 488 2575 562 ejecit.
2615 487 2727 547 Ubi
2771 487 2862 546 vir
2889 493 3120 546 sanctus
3158 482 3375 562 quanta
3408 487 3651 549 adversa
3689 506 3925 566 perpes-

404 594 542 638 rum
589 593 703 635 non
756 583 1010 644 noverat,
1057 584 1370 650 spontaneo
1421 584 1609 634 tamen
1664 577 1942 649 martyrio
2000 590 2119 633 non

403 668 674 729 carebat!
734 667 1015 735 Aureum,
1076 666 1339 739 inquam,
1399 665 1703 735 saeculum,
1762 665 1917 739 quod
1968 664 2121 722 inter

404 753 720 823 montium,
773 752 1055 811 silvarum
1103 753 1250 811 feras
1315 759 1394 810 tot
1451 752 1699 811 caelestis
1754 752 2118 811 Hierusalem

403 847 559 905 cives
584 842 791 902 alebat.
829 842 977 902 Cum
1005 859 1142 901 vero
1172 842 1256 900 ibi
1285 843 1488 901 fratres
1512 844 1635 917 jam
1666 843 1810 901 tanti
1839 848 2027 900 essent
2055 848 2122 900 ut

400 950 606 994 omnes
650 934 770 992 illic
804 933 1060 992 habitare
1113 933 1216 990 vix
1244 939 1495 1006 possent,
1551 939 1685 992 tunc
1732 934 2116 1006 Romualdus,

403 1020 751 1083 monasterio
788 1021 869 1080 ibi
900 1027 1223 1079 constructo
1264 1027 1320 1079 et
1358 1021 1560 1080 abbate
1587 1022 1912 1097 praeposito,
1936 1022 2120 1097 invio-

399 1111 584 1171 latum
638 1126 876 1170 servans
923 1110 1222 1167 silentium
1276 1110 1581 1168 Bifurcum
1625 1111 1854 1167 secessit
1901 1108 1973 1167 ad
2014 1110 2118 1166 ha-

399 1200 728 1260 bitandum.
774 1198 902 1257 Illic
955 1199 1114 1257 enim
1167 1198 1369 1255 volens
1420 1197 1691 1256 abbatem
1741 1197 2118 1272 spiritualiter

401 1287 618 1357 vivere,
650 1291 705 1345 et
729 1285 1091 1346 rectitudinis
1119 1287 1294 1343 vitam
1325 1285 1473 1355 (3'23)
1504 1292 1724 1357 tenere,
1762 1286 2013 1344 multam
2044 1285 2118 1344 ab

398 1394 470 1438 eo
495 1394 699 1454 passus
726 1383 809 1436 est
829 1375 1250 1452 persecutionis
1280 1376 1339 1433 in
1342 1376 1580 1449 juriam.

1029 1481 1275 1542 CAPUT
1320 1482 1495 1541 LXV.

397 1581 477 1634 De
496 1576 788 1649 prophetia
824 1574 1118 1631 Romualdi
1165 1575 1216 1627 et
1255 1573 1521 1643 colloquio
1561 1573 1679 1642 ejus
1721 1588 1840 1628 cum
1884 1574 2114 1630 Henrico

1183 1659 1328 1711 rege.

472 1734 698 1794 Interea
728 1735 1033 1807 imperator
1071 1730 1358 1790 Henricus
1388 1730 1459 1789 de
1493 1731 1940 1791 ultramontanis
1978 1750 2113 1808 par-

2200 591 2299 634 sus
2344 576 2436 645 sit,
2480 592 2601 635 non
2655 577 2847 636 solum
2898 577 2968 634 ab
3027 592 3095 635 eo
3148 576 3250 651 qui
3297 578 3512 651 ejectus
3565 578 3773 652 fuerat,
3821 580 3929 638 sed

2199 663 2370 722 etiam
2412 663 2485 721 ab
2526 664 2628 723 illo
2666 681 2837 739 quem
2887 665 3010 738 ipse
3056 682 3132 724 ex
3170 666 3294 724 suis
3318 666 3622 741 discipulis
3652 668 3928 728 abbatem

2199 754 2592 824 constituerat,
2633 753 2732 812 ille
2779 753 3016 829 quidem
3069 753 3319 828 perferre
3364 754 3783 828 patientissime
3814 772 3927 829 po-

2203 831 2338 908 tuit,
2361 856 2466 898 nos
2497 841 2727 913 referre,
2759 841 2984 899 etiamsi
3021 842 3243 900 adesset
3282 842 3572 914 facundia,
3608 860 3728 902 non
3758 844 3924 903 vale-

2201 943 2348 986 mus.
2385 928 2493 987 Sed
2532 929 2780 1003 qualiter
2816 929 2987 989 illum
3035 929 3188 989 Deus
3229 930 3287 988 in
3330 931 3555 989 cunctis
3605 931 3924 1005 adjuverit,

2197 1030 2318 1073 uno
2347 1017 2616 1089 exemplo
2639 1015 2963 1075 'monstrare
2984 1017 3251 1088 sufﬁciat,
3277 1024 3345 1076 ut
3373 1018 3646 1090 prudenti
3676 1018 3923 1078 cuilibet

2196 1102 2338 1176 quid
2365 1104 2537 1161 etiam
2566 1105 2627 1161 in
2656 1105 2898 1178 reliquis
2936 1106 3192 1163 evenerit
3221 1105 3561 1164 innotescat.

2816 1214 3061 1273 CAPUT
3095 1214 3299 1274 LXVI.

2195 1305 2272 1359 De
2323 1307 2602 1370 monacho,
2661 1322 2818 1382 quem
2869 1308 3124 1382 diabolus
3181 1311 3531 1382 strangulare
3587 1314 3772 1382 erepit,
3823 1311 3925 1368 sed

2744 1378 3081 1434 Romualdus
3140 1381 3365 1451 eripuit.

2264 1462 2584 1523 Monachus
2633 1464 2871 1539 quidam
2939 1483 3150 1525 vesano
3197 1466 3474 1527 adversus
3528 1485 3665 1528 eum
3718 1470 3923 1532 furore

2194 1566 2525 1623 succensus,
2555 1553 2740 1626 pilum
2793 1552 2936 1627 (326)
2981 1554 3219 1613 latenter
3266 1558 3522 1629 exacuit,
3562 1562 3617 1616 et
3648 1574 3784 1618 eum
3824 1577 3920 1619 re-

2194 1656 2436 1714 ponens,
2490 1648 2555 1701 ut
2617 1642 2852 1703 beatum
2908 1642 3101 1701 virum
3160 1644 3521 1717 interﬁceret,
3584 1653 3922 1722 exspectare

2194 1731 2435 1804 congrui
2463 1733 2823 1792 occasionem
2871 1735 3143 1808 temporis
3171 1735 3360 1811 cmpit.
3396 1736 3572 1796 Nocte
3602 1754 3742 1798 vero
3768 1739 3915 1799 dum

402 1828 559 1887 tibus
611 1827 671 1883 in
713 1822 941 1882 Italiam
983 1822 1129 1892 (324)
1170 1821 1434 1892 veniens,
1469 1821 1627 1880 misit
1654 1822 1818 1881 beato
1845 1824 1970 1881 viro
2005 1823 2173 1896 de-B
2197 1819 2501 1892 depressus
2532 1835 2732 1893 sopore
2759 1822 3095 1895 quiesceret,
3121 1839 3247 1882 ecce
3272 1822 3430 1882 videt
3455 1825 3777 1901 malignum
3804 1827 3924 1901 spi-

395 1913 773 1990 precatoriam
814 1911 1175 1985 legationem,
1210 1917 1276 1969 ut
1322 1908 1395 1968 ad
1428 1925 1567 1968 eum
1604 1909 1807 1967 venire
1842 1910 2115 1984 dignare-

399 2011 515 2075 tur,
542 1999 884 2077 promittens
917 2015 979 2057 se
1017 1998 1308 2058 facturum
1357 2013 1727 2072 quiscunque
1758 1998 2118 2073 praeciperet,

397 2092 456 2151 si
473 2107 655 2150 suum
681 2088 736 2148 ei
760 2086 1117 2164 colloquium
1146 2103 1265 2147 non
1290 2093 1543 2161 negaret.
1579 2087 1842 2160 Cumque
1871 2101 2113 2147 venera-

394 2182 533 2245 bilis
564 2182 653 2240 vir
680 2196 917 2255 prorsus
949 2179 1232 2238 abnueret
1269 2178 1567 2237 silentium
1602 2178 1887 2252 frangere,
1924 2195 2112 2254 cmpe-

395 2278 532 2332 runt
584 2286 786 2329 omnes
846 2266 1116 2341 discipuli
1171 2265 1531 2325 unanimiter
1577 2266 1745 2325 illum
1793 2266 2110 2340 obsecrare,

393 2360 687 2419 dicentes:
717 2358 1009 2431 Magister,
1050 2355 1213 2415 vides
1256 2355 1393 2429 quia
1433 2369 1537 2412 nos
1569 2353 1671 2428 qui
1703 2360 1754 2412 te
1788 2358 2109 2428 sequimur,

393 2452 540 2510 tanti
560 2452 686 2526 jam
709 2465 915 2509 sumus
952 2449 1105 2524 quod
1138 2446 1234 2523 hic
1263 2451 1645 2519 congruenter
1687 2444 1947 2504 habitare
1992 2464 2109 2506 non

390 2526 733 2615 poesumus;
789 2536 933 2595 vade
982 2551 1139 2610 ergo,
1182 2534 1231 2592 si
1280 2533 1481 2606 placet,
1523 2543 1579 2591 et
1609 2534 1943 2609 imperatori
1994 2551 2110 2594 ma-

391 2643 574 2704 gnum
610 2624 848 2699 aliquod
872 2623 1291 2684 monasterium
1325 2639 1542 2698 quaere,
1575 2629 1630 2680 et
1667 2623 2106 2684 multitudinem

390 2724 445 2777 te
498 2713 869 2790 sequentium
920 2713 1007 2772 ibi
1062 2708 1369 2770 constitue.
1428 2710 1656 2783 Quibus
1710 2713 1801 2771 vir
1852 2720 2103 2784 sanctus,

389 2798 583 2866 nescio
635 2804 685 2863 si
737 2807 963 2876 accepta
1004 2801 1127 2876 jam
1179 2799 1546 2871 revelatione,
1607 2805 1707 2858 aut
1752 2796 1947 2860 subita
2002 2800 2106 2861 Dei

2202 1909 2379 1967 ritum
2406 1910 2468 1966 in
2501 1925 2562 1967 se
2586 1909 2922 1969 immaniter
2959 1912 3300 1985 irruentem,
3330 1912 3432 1988 qui
3461 1921 3730 1975 retortam
3760 1915 3919 1989 (327)

2202 1997 2264 2055 in
2315 1996 2531 2055 collum
2580 1996 2706 2071 ejus
2760 2000 2994 2058 mittens
3025 2046 3040 2070 ,
3102 2008 3254 2060 tanta
3320 2003 3610 2062 ferocitate
3659 2005 3916 2065 conaba-

2202 2090 2296 2143 tur
2343 2091 2544 2158 guttur
2607 2085 2731 2158 ejus
2787 2088 3105 2162 astringere
3167 2096 3230 2148 ut
3281 2090 3406 2163 jam
3458 2091 3558 2150 ille
3614 2100 3920 2165 cogeretur

2199 2171 2469 2230 funditus
2506 2173 2790 2246 expirare.
2824 2174 2988 2234 Tunc
3037 2177 3355 2237 monachus
3399 2178 3461 2237 in
3504 2186 3765 2240 extremo
3788 2182 3912 2255 jam

2199 2260 2405 2334 Spiritu
2442 2261 2682 2335 positus,
2713 2263 3109 2322 Romualdum
3148 2272 3212 2323 ut
3258 2264 3369 2323 sibi
3398 2274 3761 2326 succurreret
3805 2268 3917 2327 ob—

2199 2351 2460 2410 secravit.
2487 2351 2617 2421 Qui,
2651 2358 2712 2411 ut
2741 2354 3024 2412 monacho
3062 2353 3384 2425 videbatur,
3425 2356 3692 2428 protinus
3727 2356 3911 2416 advo-

2198 2437 2346 2511 lans,
2368 2439 2439 2497 de
2466 2439 2738 2499 manibus
2762 2456 2898 2499 eum
2921 2441 3109 2517 iniqui
3132 2441 3312 2501 hostis
3332 2442 3567 2516 eripuit.
3602 2442 3713 2501 Hic
3729 2444 3915 2518 igitur

2198 2543 2335 2603 mox
2381 2537 2751 2604 experrectus
2796 2533 2866 2591 ad
2920 2532 3093 2607 pedes
3141 2533 3490 2595 venerabilis
3518 2535 3628 2593 viri
3655 2536 3916 2617 prostra-

2196 2625 2291 2679 tus
2313 2619 2667 2691 advolvitur,
2701 2629 2768 2680 ut
2794 2621 3121 2683 allisionem
3149 2622 3389 2684 cervicis
3426 2624 3666 2699 aspiciat
3702 2626 3911 2702 depre-

2192 2716 2386 2781 catur;
2414 2710 2674 2769 contiteri
2719 2711 2889 2769 etiam
2938 2713 3162 2771 crimen
3206 2712 3329 2771 suae
3377 2715 3613 2773 malitiae
3651 2731 3769 2774 non
3807 2732 3910 2776 ve-

2195 2804 2374 2857 retur.
2406 2798 2699 2857 Postremo
2744 2808 3097 2859 conservatae
3126 2801 3263 2860 vitae
3291 2802 3403 2860 sibi
3429 2804 3642 2876 gratias
3687 2806 3906 2879 retulit,

385 2890 1057 2973 inspirationeiidenter
1106 2889 1380 2961 scripsit:
1425 2887 1637 2947 Scitote
1695 2884 1835 2965 quia
1893 2891 2104 2948 montis
2191 2891 2247 2981 et
2323 2886 2720 2981 paenitentiam
2792 2887 3233 2981 tanti__reatus_
3247 2889 3488 2981 accepit.
3551 2890 3755 2981 Etita
3801 2896 3908 2969 qui

387 2981 605 3040 Amiati
640 2968 1053 3039 monasterium
1087 2992 1162 3033 ex
1196 2976 1349 3033 dono
1390 2976 1541 3047 regis
1574 2976 1894 3047 habebitis;
1921 2977 2105 3036 consi-
2190 2973 2513 3033 Romualdo
2572 2973 2751 3031 vitam
2794 2974 3105 3034 insidiatur
3147 2976 3296 3047 (328)
3339 2972 3583 3051 eripere,
3626 2979 3750 3052 jam
3802 2968 3907 3054 per

386 3068 581 3127 derate
612 3064 1013 3124 tantummodo
1057 3078 1232 3135 quem
1285 3060 1409 3119 illic
1451 3062 1717 3119 abbatem
1755 3062 2102 3122 constituere
2189 3062 2459 3121 eumdem
2510 3063 2942 3122 sanctissimum
2984 3066 3200 3138 virum,
3230 3074 3286 3125 et
3313 3083 3475 3126 suam
3516 3070 3732 3128 meruit
3778 3085 3909 3129 con-

387 3156 659 3215 debeatis.
689 3153 876 3228 Igitur
902 3150 1184 3210 inviolato
1215 3149 1446 3207 silentio
1482 3151 1737 3223 perrexit
1771 3153 1844 3209 ad
1883 3168 2094 3225 regem.
2121 3188 2165 3250 Β
2190 3166 2440 3250 servare,
2489 3150 2585 3211 cui
2631 3153 2849 3210 inferre
2897 3160 3140 3214 mortem
3185 3155 3428 3229 studuit,
3473 3172 3576 3231 per
3612 3173 3748 3216 eum
3784 3173 3908 3217 suae

387 3246 496 3305 Cui
524 3260 625 3303 rex
657 3242 923 3318 protinus
960 3255 1292 3314 assurgens,
1323 3255 1399 3297 ex
1439 3254 1648 3312 magno
1677 3240 1863 3299 cordis
1893 3237 2164 3301 ati‘ectu“
2190 3237 2516 3311 periculum
2546 3240 2746 3299 mortis
2775 3242 2976 3300 evasit.
3321 3246 3329 3250 '

383 3334 448 3393 in
479 3334 629 3394 hanc
661 3349 860 3393 vocem
886 3332 1096 3404 erupit,
1131 3330 1330 3389 dicens
1364 3354 1376 3387 :
1410 3329 1454 3389 Ο
1480 3332 1703 3389 utinam
1734 3333 1932 3391 anima
1976 3349 2103 3391 mea

384 3430 533 3484 esset
584 3422 648 3482 in
693 3438 927 3496 corpore
984 3425 1122 3480 tuo!
1170 3418 1355 3489 Quem
1408 3435 1564 3491 mox,
1622 3426 1686 3479 ut
1746 3420 2100 3495 loqueretur,

385 3512 720 3587 suppliciter
764 3510 1091 3580 obsecrans,
1152 3510 1275 3583 ipso
1328 3506 1420 3567 die
1463 3509 1571 3566 hoc
1631 3504 1943 3583 impetrare
1985 3526 2101 3570 non

387 3601 591 3677 potuit.

457 3692 687 3752 Postera
707 3698 904 3751 autem
928 3690 1042 3759 die,
1069 3689 1393 3761 Romualdo
1416 3689 1487 3747 ad
1508 3689 1782 3764 palatium
1811 3690 2099 3762 veniente,

383 3797 513 3842 ecce
569 3780 1021 3841 Teutonicorum
1080 3778 1399 3839 multitudo
1465 3777 1723 3837 certatim
1781 3779 1920 3836 hinc
1962 3778 2101 3837 inde

383 3874 782 3945 concurrunt,
849 3868 1033 3942 capita
1086 3867 1403 3924 salutantes
1458 3866 1759 3924 humiliter
1812 3866 2096 3937 ﬂectunt,

383 3956 552 4016 villos
587 3972 818 4033 quoque
852 3954 1109 4029 pellicere
1148 3953 1343 4018 vestis,
1376 3970 1490 4027 qua
1536 3961 1656 4011 erat
1694 3953 1957 4021 indutus,
1988 3970 2097 4012 an-

384 4048 483 4107 xie
514 4047 902 4121 decerpentes,
931 4062 1032 4120 pro
1072 4045 1251 4104 sacris
1303 4045 1567 4118 reliquiis
1595 4043 1654 4101 in
1689 4045 1932 4118 patriam
1959 4061 2096 4119 por-

361 4126 559 4197 ‘taturi
587 4137 837 4195 studiose
875 4135 1215 4194 recondunt.
1245 4129 1403 4205 Quae”
1427 4135 1816 4197 videlicet'res
1855 4153 2098 4196 venera-

382 4225 563 4284 bilem
594 4225 785 4283 virum
833 4231 987 4283 tanto
1032 4239 1275 4283 maerore
1303 4224 1507 4298 dejecit
1537 4232 1621 4295 ut,
1651 4225 1765 4284 nisi
1797 4225 2099 4299 discipulis

383 4308 532 4369 479
589 4311 951 4371 obstantibus
999 4314 1404 4387 acquiesceret,
1454 4312 1525 4370 ad
1575 4314 1781 4372 cellam
1835 4314 2098 4388 protinus

2763 3350 3006 3408 CAPUT
3063 3349 3299 3409 LXVII.

2182 3439 2260 3491 De
2281 3440 2600 3503 Romualdo,
2630 3442 2728 3509 qui
2767 3442 3154 3513 circumimus
3211 3446 3391 3513 aquis,
3424 3445 3604 3500 cibum
3653 3445 3766 3500 sibi
3807 3446 3906 3501 de-

2624 3511 2909 3578 ferendum
2966 3514 3173 3567 coalitus
3221 3511 3463 3583 agnouit.

2257 3594 2515 3655 Habebat
2580 3604 2772 3656 autem
2860 3596 3106 3659 Sanctus
3180 3601 3328 3672 (3'29)
3399 3603 3904 3674 consuetudinem,

2182 3701 2317 3744 cum
2358 3687 2770 3745 monasterium
2809 3692 3046 3758 teneret,
3079 3697 3161 3761 ut,
3202 3688 3317 3749 nisi
3355 3707 3487 3749 cum
3512 3690 3803 3766 jejunaret
3831 3692 3905 3750 ad

2183 3774 2556 3834 communem
2588 3794 2849 3835 mensam
2876 3795 3009 3837 cum
3041 3780 3318 3840 fratribus
3346 3781 3606 3857 quotidie
3636 3776 3904 3854 veniens,

2182 3881 2367 3924 unum
2416 3866 2653 3942 quidem
2701 3868 3069 3942 pulmentum
3118 3866 3265 3926 480
3322 3867 3687 3942 comederet;
3742 3864 3904 3946 post-

2182 3955 2421 4014 modum
2464 3973 2598 4015 vero
2645 3957 2895 4030 lectioni,
2938 3960 3030 4018 vel
3076 3960 3219 4035 quid
3265 3961 3439 4020 etiam
3488 3950 3641 4035 apud
3689 3976 3908 4020 unum-

2181 4058 2473 4118 quemque
2507 4053 2793 4119 ageretur,
2831 4047 3108 4121 intentus,
3144 4048 3215 4107 de
3256 4048 3496 4124 reliquis
3540 4065 3657 4108 non
3699 4057 3905 4123 gusta-

2179 4139 2285 4190 ret.
2333 4132 2828 4206 Quadragesimali
2882 4152 3018 4195 vero
3075 4143 3345 4210 tempore,
3403 4136 3516 4195 nisi
3564 4139 3902 4197 necessitate

2180 4219 2505 4279 iuevitabili-
2554 4228 2870 4295 cogeretur,
2915 4223 2975 4281 in
3013 4223 3226 4282 cellula
3265 4224 3481 4298 jugiter
3528 4222 3897 4303 morabatur.

2186 4310 2332 4369 Dum
2376 4311 2555 4385 igitur
2604 4314 2945 4388 praedictum
2998 4314 3330 4374 coenobium
3386 4316 3480 4373 vir
3526 4313 3899 4376 beatissimus

382 4399 700 4476 repedaret.
728 4394 1031 4474 Ingressus
1070 4399 1250 4472 igitur
1276 4399 1348 4456 ad
1381 4414 1593 4473 regem,
1621 4416 1741 4458 non
1770 4417 1949 4473 pauca
1987 4401 2098 4460 sibi
2156 4406 2416 4475 ,regeret,
2478 4400 2963 4475 quadragesimali
3005 4401 3129 4475 jam
3178 4402 3605 4477 propinquante
3646 4402 3895 4476 jejunio,

387 4492 615 4553 locutus
645 4490 715 4550 de
743 4489 1098 4549 restituendo
1116 4490 1248 4563 jure
1287 4488 1694 4559 Ecclesiarum,
1726 4489 1797 4548 de
1823 4491 2164 4567 violentia“
2183 4491 2478 4565 quarebat
2528 4507 2661 4551 cum
2713 4492 3013 4566 discipulis
3058 4510 3161 4567 per
3208 4492 3400 4552 vicina
3430 4493 3717 4553 montium
3747 4494 3894 4567 loca,

743 4544 1241 4657 nidﬁpiés'sfo’dé
1282 4597 1623 4654 pauperum,
1653 4544 1729 4645 et-
1759 4589 1881 4656 post
1912 4585 2095 4643 multa
2114 4544 2165 4604 Β
2183 4544 2283 4640 ubi
2306 4597 2567 4641 eremum
2600 4581 2781 4640 facere
2810 4544 3102 4655 potuisset.
3127 4582 3393 4655 Dumque
3414 4584 3615 4657 longas
3643 4582 3707 4642 in
3727 4544 3896 4658 quas:

360 4666 571 4734 unum
612 4672 723 4731 sibi
771 4687 874 4746 pro
927 4671 1049 4729 suis
1097 4668 1403 4743 discipulis
1450 4670 1868 4730 monasterium
1908 4673 2091 4745 petiit.
2183 4671 2360 4728 rendo
2421 4685 2611 4728 moras
2668 4671 3087 4744 protraherent,
3134 4678 3368 4744 repente
3418 4672 3586 4747 aquis
3630 4671 3896 4746 undique

383 4761 494 4820 (lui
525 4759 886 4834 postmodum
912 4772 1014 4815 rex
1039 4755 1252 4814 montis
1271 4755 1409 4827 (325)
1430 4755 1646 4813 Amiati
1675 4759 2093 4818 monasterium
2181 4757 2719 4817 circumﬂuentibus
2752 4758 2829 4816 ita
2867 4758 3123 4818 conclusi
3163 4767 3317 4832 sunt,
3356 4767 3420 4819 ut
3467 4775 3573 4818 nec
3619 4761 3731 4835 ipsi
3766 4760 3893 4836 jam

384 4847 618 4907 tradidit
644 4852 700 4906 et
727 4846 1011 4914 abbatem,
1045 4842 1183 4917 quia
1211 4841 1408 4901 multis
1435 4849 1555 4901 erat
1587 4844 1752 4905 malis
1779 4846 2092 4919 obnoxius,
2184 4845 2390 4916 redire,
2442 4861 2546 4904 nec
2590 4844 2661 4904 de
2701 4847 3047 4907 monasterio
3093 4850 3403 4922 quisquam
3444 4847 3656 4907 ad-eos
3701 4856 3896 4922 posset

451 5017 585 5084 (323)
613 5017 813 5071 ibidem
846 5018 939 5068 υἰα
954 5033 990 5055 νη
1007 5055 1019 5067 .

452 5091 583 5155 (324)
628 5089 888 5141 Baronius
935 5088 1080 5141 hunc
1129 5088 1340 5141 Henr-iet
1381 5089 1436 5139 in
1471 5088 1672 5142 Italiam
1705 5091 1992 5145 adventum
2027 5095 2095 5146 ad

386 5174 590 5216 annum
628 5161 747 5213 1022
780 5161 1032 5223 assignat.

451 5234 585 5298 (325)
644 5233 754 5284 Νοιι
825 5232 894 5283 de
949 5231 1308 5284 celeberrimo
1361 5232 1408 5283 S.
1477 5232 1763 5285 Salvatoris
1829 5237 2095 5287 monaste-

390 5306 490 5367 rio,
535 5304 681 5370 quod
732 5305 893 5355 modo
939 5303 1324 5354 Cistercienses
1377 5303 1622 5355 monachi
1682 5304 1940 5364 incolunt,
1998 5305 2096 5358 sed

390 5375 461 5429 de
490 5377 600 5428 alio
630 5374 691 5427 S.
725 5374 879 5426 Petri
914 5373 988 5424 ad
1040 5372 1231 5424 Virum
1264 5378 1572 5438 nuncupato
1608 5374 1663 5425 in
1693 5386 1824 5437 agro
1852 5375 2094 5439 Senensi,

392 5447 548 5498 etin
599 5446 826 5511 regione
885 5446 1084 5497 montis
1142 5444 1329 5495 Amiati
1392 5443 1515 5500 sito,
1575 5445 1661 5497 hic
1725 5457 1904 5499 sermo
1972 5459 2097 5498 esse

387 5515 637 5577 videtur;
701 5517 767 5569 de
824 5518 982 5581 cujus
1048 5515 1354 5569 donationis
1410 5516 1607 5579 pagina
1671 5529 1701 5567 a
1751 5518 1800 5569 S.
1866 5516 2095 5570 Henrico

394 5587 720 5650 imperatore
764 5588 891 5639 divo
941 5585 1236 5639 Romualdo
1282 5597 1424 5638 anno
1475 5585 1592 5638 1004
1638 5587 1884 5651 elargita,
1944 5600 2097 5641 men-

385 5658 463 5709 tio
506 5659 591 5710 est
628 5657 684 5708 in
730 5659 871 5709 notis
923 5657 989 5709 ad
1030 5660 1375 5708 monumenta
1410 5656 1591 5709 addita
1625 5657 1690 5708 ad
1725 5658 2004 5722 episto!am
2035 5660 2099 5711 de

2183 5017 2481 5079 Pandectis,
2523 5031 2643 5084 pag.
2689 5019 2800 5080 228,
2852 5018 2925 5072 οι.
2981 5018 3033 5073 ν.
3076 5014 3338 5073 Guidonis
3392 5015 3629 5073 Grandii
3676 5017 3892 5074 abbatis

2188 5091 2634 5144 Camaldutemis.

2242 5164 2381 5229 (3'36)
2428 5164 2608 5214 Pilum
2664 5169 2743 5216 est
2789 5178 3062 5218 armorum
3109 5176 3284 5229 genus
3333 5161 3527 5215 hastile
3566 5174 3691 5215 cum
3741 5162 3892 5216 ferro

2185 5234 2507 5297 trigonalem
2578 5235 2813 5299 ﬁguram
2901 5238 3258 5288 acuminatam
3348 5233 3667 5296 extollente,
3739 5235 3894 5297 juxta

2187 5304 2480 5368 Vegetium.
2536 5306 2725 5357 Verum
2783 5307 2839 5357 in
2910 5306 3178 5359 Gtossario
3228 5303 3439 5367 Gangii,
3487 5303 3616 5356 edit.
3679 5316 3741 5367 ιι,
3799 5305 3897 5358 ha-

2186 5374 2343 5427 betur
2373 5376 2684 5441 exemplum
2734 5390 2833 5441 pro
2868 5376 3114 5430 lanceam
3150 5376 3431 5442 cujusdam
3468 5373 3890 5439 signiﬁcatione,

2187 5459 2293 5512 qua
2326 5444 2536 5500 facilius
2564 5447 2798 5500 latenter
2828 5449 2905 5500 uti
2933 5452 3131 5514 potest.

2250 5517 2384 5583 (327)
2411 5519 2610 5582 Nempe
2642 5516 2850 5579 funem.
2878 5564 2885 5571 .

2248 5590 2381 5656 (328)
2406 5591 2514 5643 ναί.
2546 5590 2686 5652 cod.,
2714 5589 3103 5644 insidiabatur.

2252 5661 2385 5726 (3‘29)
2409 5660 2531 5712 Cod.
2560 5656 2690 5725 Vat,
2720 5661 2809 5713 vir
2833 5664 3069 5714 sanctus.
