4118 6440
234 336 373 409 1005

1615 334 1796 402 VITA
1838 339 1897 401 S.
1939 336 2353 401 ROMUALDI.

3601 339 3743 421 “illi

229 472 599 545 aliquatenus
628 466 1012 526 transvadare.
1047 464 1330 528 Vivebant
1357 472 1550 526 autem
1579 482 1655 524 ex
1684 464 2280 541 aliquan—Aderetur,
2338 473 2394 521 et
2448 464 2746 527 silentium
2799 477 2984 539 usque
3037 460 3113 523 ad
3164 468 3409 545 mortem
3461 473 3741 547 servare},

231 560 307 619 tis
346 558 630 621 castaneis
676 573 820 633 quas
864 573 1061 619 secum
1109 557 1448 617 detulerant.
1508 556 1771 630 Cumque
1827 556 1951 614 dies

231 647 574 708 Dominicus
628 646 972 717 advenisset,
1015 652 1073 705 et
1114 645 1227 705 alia
1283 646 1397 704 cibi
1445 662 1573 720 spes
1632 645 1793 703 nulla
1828 645 1950 718 jam

233 744 576 810 superesset,
619 743 916 810 cmperunt
955 736 1157 795 fratres
1193 734 1490 809 pauculas,
1532 749 1664 810 quas
1717 752 1945 795 reman-

235 837 449 900 serant,
503 835 797 888 castaneas
849 826 1180 902 deglubere,
1231 833 1287 886 et
1350 827 1469 899 jam
1525 826 1950 900 quodammodo

235 918 566 979 dubitantes
624 917 898 976 ultimum
949 932 1025 975 ex
1080 915 1166 975 eis
1213 915 1547 975 convivium
1605 930 1946 989 praeparare.

236 1006 598 1075 Romualdus
648 1012 862 1076 autem,
888 1012 954 1064 ut
1003 1013 1123 1065 erat
1165 1022 1390 1079 semper
1429 1006 1603 1065 alacri
1648 1006 1838 1076 vultu,
1880 1008 1952 1063 ti-

237 1096 439 1155 denter
484 1094 565 1153 ait
620 1093 776 1169 quia,
803 1094 918 1154 nisi
958 1095 1110 1154 Deus
1150 1094 1262 1153 sibi
1307 1088 1514 1168 p'anem
1552 1110 1652 1167 per
1698 1093 1950 1167 aliquem

238 1186 504 1256 mitteret,
548 1186 673 1260 ipso
712 1186 806 1244 die
850 1186 1182 1245 nullatenus
1225 1185 1618 1243 manducaret.
1672 1183 1953 1257 Discipuli

237 1292 375 1337 vero
420 1275 699 1334 mirantes
734 1275 886 1334 inter
925 1290 1005 1346 se,
1038 1275 1101 1334 in
1143 1290 1259 1349 qua
1295 1291 1393 1348 spe
1439 1274 1543 1331 hoc
1583 1272 1682 1330 ille
1730 1287 1952 1345 praesu-

236 1371 439 1433 meret,
496 1363 636 1423 certi
692 1369 879 1423 tamen
941 1363 1078 1436 quia
1124 1364 1395 1437 magister
1448 1364 1678 1421 incaute
1727 1360 1953 1435 aliquid

236 1466 450 1511 vovere
477 1467 597 1510 non
625 1457 831 1524 posset,
860 1451 1059 1510 cibum
1083 1451 1202 1525 jam
1231 1458 1403 1510 tanta;
1428 1448 1777 1509 solemnitati
1809 1464 1953 1507 con-

238 1556 454 1617 gruum
501 1546 799 1613 coeperunt
838 1540 1183 1599 ﬁducialiter
1227 1546 1576 1614 exspectare.
1631 1537 1807 1599 Sexta
1842 1536 1953 1610 igi-

223 1637 337 1691 .tur
366 1628 484 1688 diei
510 1628 653 1687 hora
684 1628 807 1700 jam
834 1628 1276 1703 propinquante,
1307 1643 1436 1686 ecce
1476 1636 1586 1686 tres
1618 1626 1733 1685 viri
1760 1625 1957 1686 onusti

241 1736 412 1795 pane,
442 1727 499 1779 et
526 1721 665 1781 vino
692 1725 749 1778 et
773 1719 905 1779 aliis
943 1720 1089 1779 cibis
1113 1720 1451 1787 adveniunt,
1483 1720 1583 1793 qui
1620 1735 1681 1778 se
1715 1719 1799 1784 de.
1823 1718 1954 1778 lon-

2030 556 2297 615 instituit.
2340 555 2490 615 Sane
2528 556 2738 630 viginti
2786 557 2957 614 annis
3002 564 3136 623 ante
3182 556 3363 629 finem
3408 556 3546 631 vitas
3590 573 3736 634 sum,

2029 644 2333 719 discipulis
2380 646 2503 705 suis
2547 645 2850 704 manifeste
2896 644 3262 718 praedixerat,
3308 646 3448 723 quia
3488 646 3557 719 in
3588 662 3739 722 prga-

2029 735 2180 794 dicto
2222 736 2569 794 monasterio
2606 740 2892 807 oporteret
2931 749 3066 793 eum
3107 736 3422 809 quiescere,
3455 736 3742 814 nulloque

2028 831 2250 882 astante
2296 824 2397 918 vel
2436 822 2637 882 funeri
2654 823 2974 918 exsequias
3018 823 3399 918 dependente,
3439 827 3739 918 expediret

2029 930 2167 973 eum
2222 915 2496 989 spiritum
2573 915 2867 975 exhalare.
2925 915 3096 974 Facto
3152 915 3347 990 itaque
3400 915 3736 990 reclusum),

2029 1022 2165 1065 cum
2193 1022 2359 1065 mens
2394 1009 2522 1081 ejus
2550 1007 2612 1065 in
2659 1022 2727 1065 eo
2765 1013 2930 1076 esset,
2956 1011 3022 1071 ut
3056 1021 3193 1066 mox
3229 1007 3454 1079 includi
3482 1009 3735 1084 deberet,

2032 1097 2204 1171 coepit
2243 1112 2452 1170 corpus
2498 1098 2624 1170 ejus
2669 1097 2854 1169 magis
2904 1096 3200 1172 magisque
3226 1097 3506 1181 molestiis
3542 1101 3740 1177 ingra-

2031 1201 2283 1256 vescere,
2310 1194 2367 1244 et
2412 1187 2685 1246 deorsum
2730 1188 2852 1261 jam
2904 1187 3065 1249 velut
3120 1205 3238 1249 non
3292 1195 3411 1255 tam
3458 1190 3739 1265 languore

2032 1290 2208 1349 quam
2249 1275 2521 1348 decrepiti
2559 1274 2925 1349 longaevitate
2972 1278 3119 1337 senii
3171 1279 3480 1343 declinare.
3505 1280 3652 1341 Nam
3701 1299 3740 1343 a

2034 1364 2224 1423 medio
2254 1363 2370 1422 fere
2398 1379 2551 1422 anno
2575 1363 2757 1422 nimia
2781 1364 2892 1422 sibi
2920 1365 3203 1438 ﬂegmatis
3221 1367 3575 1431 abundantia
3599 1384 3741 1430 cum

2033 1460 2159 1533 ipso
2190 1457 2312 1516 lassi
2339 1456 2634 1530 pulmonis
2663 1471 2920 1514 marcore
2960 1456 3300 1528 deﬂuxerat,
3331 1465 3387 1518 et
3412 1461 3578 1535 gravi
3601 1475 3740 1537 eum

2034 1547 2212 1607 tussis
2253 1544 2621 1604 anhelatione
2659 1545 2922 1603 vexabat.
2965 1546 3092 1606 Non
3143 1551 3332 1605 tamen
3375 1553 3608 1625 propter
3633 1548 3743 1611 hoc

2034 1634 2128 1693 vir
2163 1641 2414 1703 sanctus,
2458 1633 2551 1693 vel
2599 1633 2745 1693 lecto
2787 1633 3155 1706 decumbere,
3205 1634 3299 1693 vel
3345 1634 3403 1699 in
3450 1641 3739 1713 quantum

2035 1720 2307 1794 possibile
2348 1729 2486 1793 erat,
2534 1722 2687 1783 soliti
2758 1724 3012 1797 rigorem
3082 1724 3297 1798 jejunii
3374 1725 3744 1801 acquieverat

239 1810 479 1885 ginquis
509 1810 770 1884 partibus
810 1824 944 1868 cum
986 1808 1171 1867 multo
1209 1808 1402 1866 labore
1443 1806 1771 1881 pervenisse
1806 1803 1954 1874 (330)
1977 1807 2319 1887 Brelaxare.
2350 1808 2608 1879 Quadam
2637 1809 2815 1883 igitur
2850 1810 2945 1868 die
2968 1810 3139 1884 coepit
3173 1810 3455 1887 paulatim
3488 1816 3746 1888 corporis

241 1897 465 1959 dicunt.
508 1896 674 1956 Tunc
726 1898 920 1972 itaque
958 1895 1201 1971 spiritali
1257 1909 1458 1953 omnes
1504 1892 1707 1968 repleti
1748 1892 1959 1968 gaudio
1992 1894 2001 1895 “

246 1987 652 2051 benedicentes
702 1987 909 2060 Deum,
948 1986 1158 2059 pariter
1200 1984 1400 2045 cibum
1448 1987 1691 2045 sumunt
1732 1988 1788 2043 et
1822 1981 1961 2049 bear

244 2084 372 2141 tum
411 2079 609 2143 virum
645 2094 745 2153 per
785 2076 1200 2138 revelationem
1245 2076 1353 2134 hoc
1390 2073 1618 2137 caelitus
1654 2072 1961 2148 agnovisse

238 2166 641 2231 indubitanter
668 2176 1008 2244 agnoscunt.

818 2280 1062 2341 CAPUT
1122 2278 1385 2338 LXVIII.

349 2374 427 2427 De
451 2375 603 2444 pisce
629 2374 727 2442 qui
762 2374 1013 2428 inventus
1050 2375 1130 2426 est
1160 2372 1239 2444 in
1270 2369 1452 2423 arenti
1481 2366 1600 2421 rivo
1634 2366 1849 2421 meritis

943 2441 1260 2500 Romualdi.

319 2533 579 2604 Quodam
622 2541 873 2608 tempore
922 2532 1085 2592 venit
1138 2532 1231 2592 vir
1282 2526 1634 2591 venerabilis
1686 2524 1961 2598 Sytriam.

245 2620 363 2691 Qui
406 2636 542 2681 cum
575 2621 767 2681 adhuc
803 2621 1045 2696 jejunus
1077 2626 1242 2690 esset,
1283 2624 1340 2677 et
1385 2618 1590 2675 fratres
1629 2621 1696 2674 ut
1726 2619 1856 2687 pote
1900 2613 1964 2673 in

243 2710 444 2770 arduis
489 2710 785 2770 montibus
829 2711 1067 2785 piscem,
1099 2724 1274 2785 quem
1313 2708 1368 2765 ei
1413 2706 1484 2765 ad
1540 2701 1965 2764 comedendum

244 2805 614 2873 apponerent,
665 2813 783 2859 non
833 2799 1128 2867 haberent,
1175 2801 1474 2871 cmperunt
1522 2794 1676 2851 inter
1723 2798 1962 2866 sequo-

246 2887 557 2946 dammodo
593 2888 822 2947 confusi
856 2888 1210 2957 erubescere,
1237 2891 1293 2944 et
1322 2882 1463 2958 quid
1509 2896 1613 2955 pro
1639 2886 1759 2939 tam
1788 2894 1965 2938 vene-

249 2977 419 3035 rabili
465 2976 684 3049 hospite
728 2978 1027 3050 acquirere
1077 2975 1428 3050 potuissent,
1465 2971 1643 3030 anxie
1689 2969 1961 3044 cogitare.

247 3062 415 3123 Tunc
464 3065 634 3123 frater
676 3065 939 3137 quidam,
987 3069 1127 3138 puto
1178 3061 1464 3120 divinitus
1515 3059 1851 3132 inspiratus,
1893 3056 1965 3116 ad

2042 1897 2255 1954 virtute
2298 1896 2531 1956 destitui
2580 1905 2636 1954 et
2674 1897 2983 1971 ingruente
3026 1897 3289 1959 molestia
3329 1900 3568 1981 gravius
3610 1902 3747 1963 fati-

2041 1984 2186 2058 gari.
2216 1982 2347 2044 Sole
2372 1984 2571 2059 itaque
2590 1986 2713 2059 jam
2737 1985 2809 2055 ad
2833 2001 3104 2046 occasum
3142 1994 3438 2061 vergente,
3470 1991 3746 2065 praecepit

2042 2072 2271 2163 duobus
2315 2072 2587 2163 fratribus
2614 2073 2720 2150 qui
2755 2074 3036 2163 astabant,
3070 2070 3136 2151 ut
3158 2076 3312 2157 foras
3344 2077 3597 2163 exii-erit,
3627 2080 3746 2163 eel-

2043 2161 2185 2222 lulaa
2236 2168 2359 2236 post
2411 2177 2473 2220 se
2507 2160 2765 2234 januam'
2790 2160 3151 2237 clauderent;
3209 2160 3559 2227 celebraturi
3608 2160 3748 2228 vero

2044 2250 2156 2317 sibi
2199 2250 2513 2319 matutinos
2542 2249 2793 2325 hymnos
2827 2251 2901 2313 ad
2932 2267 3069 2311 eum
3111 2251 3372 2323 diluculo
3403 2264 3747 2329 remearent.

2043 2340 2307 2413 Cumque
2335 2337 2427 2403 illi
2455 2338 2526 2397 de
2553 2322 2681 2412 ejus
2709 2338 2826 2398 ﬁne
2853 2339 3081 2407 solliciti
3111 2340 3272 2412 velut
3292 2322 3475 2413 inviti
3495 2322 3749 2423 exirent,

2048 2444 2162 2495 non
2201 2428 2390 2491 statim
2425 2427 2498 2486 ad
2534 2427 2949 2501 quiescendum
2991 2435 3318 2503 properant,
3364 2430 3465 2502 sed
3511 2447 3588 2499 ne
3622 2448 3751 2502 mg-

2043 2518 2293 2593 gistrum
2346 2518 2509 2585 obire
2558 2518 2914 2591 contingeret
2960 2518 3149 2590 anxii,
3206 2520 3439 2592 pretiosi
3490 2521 3751 2589 thesauri

2046 2608 2331 2675 talentum
2381 2622 2555 2683 prope
2611 2606 2882 2667 cellulam
2936 2606 3178 2671 latentes
3230 2608 3561 2678 observant.
3618 2610 3751 2677 Ali-

2044 2698 2305 2773 quaudiu
2332 2698 2512 2779 igitur
2546 2705 2990 2769 oommorantes,
3024 2714 3162 2761 cum
3201 2699 3472 2774 deinceps
3508 2700 3753 2766 curiosis

2045 2785 2286 2851 auribus
2321 2785 2598 2844 attentius
2625 2785 3043 2856 auscultarent,
3072 2793 3130 2846 et
3154 2801 3345 2861 neque
3370 2793 3594 2854 motum
3613 2801 3750 2867 ιρι·-

2044 2874 2220 2948 poris,
2249 2889 2441 2947 neque
2471 2888 2681 2935 sonum
2720 2873 2878 2933 vocis
2920 2873 3214 2945 audirent,
3248 2875 3370 2949 jam
3416 2876 3574 2951 quod
3618 2892 3751 2940 eve-

2048 2970 2211 3022 nerat
2256 2962 2535 3022 veraciter
2572 2961 2889 3036 opinantes,
2928 2962 3185 3037 impulsa
3224 2964 3428 3037 janua,
3476 2966 3751 3032 velociter

2046 3053 2301 3123 irruunt,
2331 3050 2532 3110 lumen
2555 3050 2900 3121 accendunt,
2936 3059 2991 3109 et
3020 3050 3187 3113 beata
3221 3052 3420 3119 anima
3446 3054 3511 3119 in
3536 3053 3751 3117 cmlum

246 3154 467 3211 siccum
509 3169 658 3227 pene
704 3153 919 3223 rivum,
952 3152 1056 3226 qui
1104 3151 1274 3224 juxta
1323 3146 1768 3222 praeterﬂuebat,
1823 3146 2223 3228 cumcrapta,
2266 3139 2546 3228 supinum
2593 3138 2783 3228 jacere
2833 3146 3101 3228 sanctum
3137 3138 3381 3203 cadaver
3415 3139 3752 3223 inveniunt.

251 3225 620 3302 festinatione
646 3242 921 3313 cucurrit,
951 3225 1053 3301 ubi
1082 3241 1368 3299 nimirum
1400 3248 1454 3297 et
1479 3253 1649 3313 aqua:
1678 3237 1959 3309 exiguum
1992 3225 2023 3228 ⁷
2046 3227 2276 3288 Iacebat
2316 3227 2512 3300 itaque
2556 3226 2715 3284 velut
2760 3225 3018 3300 neglecta
3061 3233 3197 3285 tunc
3241 3229 3491 3313 ctelestis
3525 3245 3753 3306 marga-

253 3338 403 3403 erat;
443 3331 619 3405 piscis
645 3347 782 3390 vero
819 3330 942 3389 illic
974 3331 1134 3389 visus
1162 3345 1466 3403 nunquam
1496 3328 1727 3401 penitus
1758 3327 1963 3384 fuerat.
2048 3316 2180 3386 rita,
2210 3316 2271 3374 in
2304 3315 2519 3405 summi
2549 3314 3403 3405 Ροείωοάυᾲωλΐθὲἱξῄωωΐὶυω
3432 3318 3750 3383 honorifice

255 3402 662 3494 Coepit—itaque
701 3419 874 3477 frater
918 3420 1103 3477 Deum
1151 3402 1355 3474 devote
1397 3413 1721 3485 deposcere,
1761 3419 1827 3470 ut
1865 3411 1967 3485 qui
2048 3404 2395 3479 reponenda.
2430 3404 2726 3494 Nimirum;
2760 3402 2976 3494 quisic
2999 3403 3164 3476 obiit,
3202 3414 3266 3463 ut
3293 3407 3583 3481 praedixit,
3606 3408 3756 3487 illnc

257 3491 583 3564 Israelitico
599 3506 813 3581 populo
855 3522 1067 3580 aquam
1108 3501 1296 3576 potuit
1345 3516 1418 3558 ex
1457 3498 1615 3556 arida
1646 3505 1804 3571 petra
1832 3514 1967 3573 pro-
2049 3494 2316 3553 transivit
2357 3509 2471 3567 quo
2506 3492 2774 3581 speravit.
2816 3491 2981 3550 Vixit
3028 3501 3222 3555 autem
3261 3497 3354 3555 vir
3383 3496 3753 3571 beatissimus

256 3594 465 3655 ducere
518 3580 700 3667 (Nam.
743 3608 867 3667 xx;
918 3595 1096 3652 Εωοά.
1145 3593 1314 3663 xvu),
1364 3589 1485 3662 ipse
1541 3587 1651 3645 sibi
1714 3588 1971 3661 dignare-
2049 3592 2281 3643 centum
2312 3583 2520 3656 viginti
2556 3580 2702 3638 482
2727 3583 2915 3653 annis,
2945 3599 3019 3642 ex
3050 3585 3267 3659 quibus
3291 3585 3498 3667 viginti
3527 3604 3752 3664 expen-

260 3692 354 3744 tur
391 3656 607 3758 piscem
652 3686 712 3745 in
752 3656 939 3745 arenti
974 3684 1165 3744 rivulo
1205 3682 1615 3744 demonstrare.
1652 3656 1967 3738 Confestim
2044 3672 2133 3732 'dit
2168 3673 2230 3731 iu
2275 3671 2508 3744 saeculo,
2551 3677 2665 3730 tres
2705 3672 2879 3730 duxit
2918 3671 2982 3730 in
3031 3656 3399 3755 monasterio,
3435 3656 3755 3752 nonaginta

259 3777 460 3851 igitur,
511 3777 687 3834 missa
739 3792 918 3836 manu
972 3777 1035 3834 in
1088 3776 1303 3849 exigua
1350 3792 1526 3850 aqua,
1564 3771 1705 3829 481
1754 3773 1970 3846 piscem

262 3864 492 3939 reperit,
533 3866 634 3940 qui
681 3866 847 3924 beato
886 3866 1014 3924 viro
1067 3866 1137 3924 ad
1189 3866 1561 3924 refectionem
1608 3863 1972 3921 abundanter

262 3951 526 4012 sufﬁcere
573 3956 778 4027 potuit.
832 3954 950 4013 Deo
1001 3954 1216 4013 scilicet
1270 3970 1437 4015 servo
1481 3971 1586 4013 suo
1639 3951 1972 4026 providente

262 4040 620 4115 convivium,
650 4042 958 4101 inventum
989 4049 1073 4102 est
1110 4044 1170 4101 in
1208 4058 1414 4101 saxoso
1459 4049 1514 4099 et
1550 4039 1711 4098 arido
1752 4046 1967 4109 monte,

266 4131 429 4191 velut
475 4132 540 4191 in
582 4133 802 4206 piscosa
838 4132 1011 4205 valle,
1058 4132 1369 4190 vivarium.
1412 4130 1524 4190 Sed
1567 4131 1706 4203 quia
1744 4129 1813 4187 de
1851 4127 1971 4185 vita

266 4220 417 4279 beati
455 4220 568 4280 viri
606 4222 752 4295 hmo,
784 4238 919 4297 quae
959 4222 1238 4281 nimirum
1267 4237 1448 4295 pauca
1485 4219 1556 4277 de
1594 4217 1794 4276 multis
1821 4214 1972 4273 dicta

267 4315 424 4381 sunt,
453 4309 715 4372 sufﬁcere
732 4311 1046 4383 credimus,
1060 4313 1183 4388 jam
1208 4311 1280 4370 ad
1302 4309 1610 4369 transitum
1640 4305 1964 4365 veniamus.

850 4422 1093 4482 CAPUT
1162 4423 1366 4481 LXIX.

764 4499 841 4551 De
876 4499 1115 4552 transitu
1156 4496 1469 4553 Romualdz'.

343 4586 443 4647 Vir
470 4586 718 4661 denique
748 4595 981 4647 sanctus
1005 4603 1108 4662 per
1145 4587 1327 4646 multa
1361 4586 1474 4645 alia
1516 4580 1794 4642 habitavit
1823 4579 1970 4653 loca,

269 4676 453 4736 multa
503 4677 618 4735 alia
664 4677 951 4751 praecipue
992 4693 1025 4735 a
1064 4676 1186 4735 suis
1218 4674 1521 4749 discipulis
1548 4686 1850 4747 perpessus
1890 4673 1975 4727 est

270 4764 443 4837 mala,
480 4765 646 4839 plura
688 4782 919 4842 quoque
962 4782 1064 4840 per
1113 4782 1249 4825 eum
1302 4774 1442 4825 sunt
1481 4766 1627 4822 facta
1673 4761 1972 4830 miracula,

271 4869 404 4929 quae
449 4869 556 4913 nos
591 4854 911 4914 describere
955 4856 1083 4913 ideo
1121 4855 1640 4929 praetermittimus,
1671 4854 1809 4927 quia
1854 4852 1977 4909 lon-

271 4945 447 5018 gioris
477 4945 610 5019 styli
649 4944 1037 5019 prolixitatem
1076 4942 1346 5002 vitamus.
1387 4944 1518 5002 Post
1557 4949 1762 5001 cuncta
1800 4942 1979 5016 igitur

275 5034 693 5093 habitationum
746 5049 988 5094 suarum
1039 5032 1181 5101 loca,
1237 5024 1375 5090 cum.
1415 5032 1536 5105 jam
1576 5032 1755 5089 finem
1804 5046 1977 5089 suum

273 5124 580 5182 imminere
656 5125 1026 5199 conspiceret,
1102 5121 1332 5181 tandem
1425 5122 1495 5179 ad
1563 5121 1979 5179 monasterium

273 5213 427 5288 quod
470 5214 532 5271 in
571 5213 732 5272 Valle
765 5214 835 5272 de
868 5212 1062 5271 Castro
1108 5216 1529 5279 construxerat,
1560 5210 1751 5278 rediit,
1784 5210 1983 5282 ibique

275 5301 757 5376 propinquantem
783 5301 1008 5360 obitum
1038 5300 1439 5359 indubitanter
1476 5302 1832 5371 exspectans,
1872 5296 1985 5353 cel-

275 5389 389 5449 lam
430 5391 541 5450 sibi
578 5408 714 5452 cum
751 5392 998 5452 oratorio
1036 5390 1173 5465 (331)
1207 5387 1504 5460 aedificari,
1549 5388 1609 5469 ip
1638 5403 1754 5461 qua
1792 5386 1981 5461 reclu-

330 5581 474 5650 ~(330)
501 5581 725 5645 Ibidem,
750 5582 1054 5648 pervenisse
1086 5580 1162 5634 ad
1194 5592 1304 5633 eos.

340 5643 475 5717 (33!)
507 5652 556 5704 s.
588 5643 765 5707 Blasio
791 5652 925 5706 illud
957 5652 1263 5713 dedimus,
1294 5648 1444 5707 unde
1466 5649 1522 5703 et
1549 5657 1767 5708 eramus
1796 5645 1846 5697 8.
1879 5643 1990 5707 Bla-

2046 3768 2267 3834 septem
2304 3760 2363 3818 in
2391 3760 2688 3819 eremitico
2720 3760 2994 3834 transegit
3025 3761 3333 3835 proposito.
3375 3762 3546 3823 Nunc
3575 3765 3757 3839 igitur

2050 3849 2201 3907 inter
2236 3848 2400 3907 vivos
2436 3848 2682 3907 coelestis
2725 3848 3088 3908 Hierusalem
3128 3849 3347 3923 lapides
3381 3848 3756 3914 ineﬂ‘abiliter

2050 3938 2277 4008 rutilat,
2305 3954 2438 3996 cum
2466 3938 2666 4010 ignitis
2686 3932 3315 4012 beatorum’spirituu‘m
3334 3939 3543 4011 turmis
3559 3942 3755 4011 exsul-

2051 4035 2152 4098 tat,
2202 4028 2613 4087 candidissima
2663 4025 2806 4085 stola
2853 4026 3304 4087 immortalitatis
3356 4016 3639 4102 induitur,
3699 4041 3756 4092 et

2050 4118 2122 4174 ab
2152 4115 2275 4189 ipso
2302 4131 2434 4191 rege
2460 4132 2664 4190 regum
2692 4115 2956 4175 vibrante
2981 4116 3045 4174 in
3063 4122 3411 4192 perpetuum
3434 4117 3757 4181 diademate

2050 4210 2375 4264 coronatur.

2677 4310 2921 4371 CAPUT
2963 4311 3137 4372 LXX.

2160 4410 2237 4462 De
2260 4406 2586 4461 daemoniaco
2614 4420 2716 4476 per
2728 4405 3065 4475 particulam
3093 4407 3264 4462 cilicii
3286 4407 3404 4476 ejus
3434 4416 3650 4471 sanato.

1984 4528 2035 4586 D
2128 4495 2260 4555 Post
2285 4495 2739 4555 sacratissimum
2765 4502 2958 4554 autem
2993 4496 3107 4555 viri
3134 4497 3480 4557 venerabilis
3504 4498 3751 4576 obitum,

2056 4592 2274 4662 quanta
2303 4583 2719 4663 miraculorum
2749 4584 2919 4661 signa
2944 4600 3047 4657 per
3074 4600 3209 4643 eum
3235 4585 3391 4645 Deus
3419 4587 3753 4661 ostenderit,

2054 4674 2186 4748 quis
2215 4678 2434 4746 quaeret
2466 4678 2748 4730 transacta
2783 4671 2990 4745 legere,
3038 4687 3173 4730 cum
3213 4673 3544 4746 frequenter
3571 4674 3759 4735 valeat

2055 4770 2110 4820 et
2132 4775 2283 4819 nova
2314 4758 2552 4817 videre?
2582 4758 2728 4828 Quia
2756 4758 2934 4831 igitur
2972 4775 3039 4817 ea
3074 4776 3207 4835 quae
3239 4761 3391 4835 apud
3420 4762 3756 4838 sepulcrum

2056 4851 2183 4925 ejus
2221 4848 2393 4916 ﬁunt,
2426 4848 2705 4905 miracula
2743 4854 2898 4904 tanta
2944 4854 3100 4920 sunt,
3133 4853 3198 4906 ut
3230 4848 3445 4909 melius
3485 4860 3759 4925 putemus

2057 4944 2265 4997 cuncta
2302 4935 2533 4994 silentio
2574 4936 2867 5008 praeterire
2904 4950 3077 5009 quam
3118 4952 3302 5010 pauca
3340 4954 3606 5012 narrare;
3646 4941 3763 5001 duo

2060 5027 2442 5094 solummodo,
2474 5041 2605 5099 quae
2644 5040 2743 5097 per
2775 5025 3046 5083 eumdem
3092 5026 3492 5089 beatissimum
3536 5032 3764 5091 confes-

2062 5135 2247 5180 sorem
2307 5116 2448 5174 alibi
2496 5116 2640 5173 facta
2714 5122 2870 5187 sunt,
2925 5115 3170 5177 sulliciat
3223 5119 3391 5179 nobis
3451 5137 3761 5195 exponere.

2062 5209 2328 5283 Denique
2388 5207 2558 5262 frater
2596 5203 2856 5278 quidam,
2909 5205 3011 5279 qui
3054 5207 3235 5266 sancti
3282 5207 3395 5266 viri
3442 5209 3765 5285 discipulus

2062 5299 2268 5370 fuerat,
2296 5312 2534 5372 parvam
2571 5294 2868 5355 basilicam
2908 5312 3010 5370 pro
3048 5298 3244 5357 anima
3274 5315 3380 5358 sua
3417 5303 3768 5363 monasterio

2064 5387 2317 5459 dederat,
2346 5386 2417 5445 ad
2458 5401 2633 5460 quam
2686 5383 2950 5444 videlicet
3001 5385 3296 5446 basilicam
3342 5390 3769 5451 extremitatem

2066 5569 2187 5694 iis?
2207 5570 2370 5694 stcta,
2395 5579 2497 5633 per
2519 5566 2746 5623 milliare
2769 5582 2802 5622 a
2820 5569 2966 5631 Valle
2986 5569 3249 5623 Castreusi
3270 5572 3515 5637 emnobto
3538 5572 3771 5640 dictum,

2175 5653 2205 5694 e
2233 5653 2314 5694 ur.

2175 5653 2314 5695 etur.
