4118 6458
383 346 519 420 1007

377 485 626 546 manicas
651 487 1007 560 prtescissam
1036 503 1113 545 ex
1142 487 1293 546 beati
1323 487 1436 545 viri
1466 486 1655 546 cilicio
1681 486 1862 557 misit,
1895 492 1951 543 et
1978 485 2089 544 sub
2107 485 2161 544 A

376 573 544 632 altari
623 574 933 633 honorifice
1004 575 1239 634 recondi
1307 576 1598 649 praecepit.
1659 575 1843 644 Quam
1893 581 2087 632 tamen

375 663 614 736 gerulus
641 662 749 721 sub
775 663 964 734 altari,
997 664 1144 723 sicut
1185 665 1388 738 jussus
1436 665 1644 734 fuerat,
1677 663 1952 722 collocare
1983 679 2086 721 ne-

376 751 577 826 glexit,
609 753 708 810 sed
748 752 982 811 missam
1031 754 1093 811 in
1137 755 1285 812 rima
1324 754 1557 828 parietis
1592 753 1822 812 incaute
1873 750 2086 810 dereli-

375 843 520 916 quit.
556 842 794 902 Factum
830 851 915 902 est
955 849 1148 918 postea
1187 851 1251 904 ut
1295 845 1685 904 daamoniacus
1729 843 1969 918 quidam
2012 841 2084 900 ad

371 931 706 1004 praedictam
756 931 1064 990 duceretur
1121 932 1443 991 ecclesiam.
1488 930 1752 1006 Cumque
1790 936 1983 988 astans
2019 930 2084 987 in

371 1020 583 1091 medio,
633 1021 748 1080 huc
796 1019 1050 1093 illucque
1103 1027 1297 1080 rotans
1340 1026 1528 1095 caput,
1575 1025 1776 1080 cuncta
1821 1018 2084 1092 undique

368 1107 854 1182 circumspiceret,
883 1109 1114 1166 tandem
1165 1115 1354 1168 torvos
1387 1109 1587 1167 oculos
1640 1109 1700 1165 in
1741 1108 1935 1180 ipsum
1980 1123 2082 1179 pa-

371 1196 574 1254 rietem
628 1195 956 1255 terribiliter
999 1198 1170 1270 erepit
1204 1199 1462 1272 inﬁgere,
1504 1202 1559 1254 et
1606 1197 1867 1256 intentus
1917 1196 2081 1267 illuc,

369 1283 475 1344 ubi
520 1286 701 1344 sancti
739 1286 912 1346 cilicii
953 1287 1175 1361 jacebat
1218 1287 1516 1361 particula,
1561 1285 1779 1344 crebris
1817 1301 1934 1343 non
1959 1301 2082 1343 ces-

369 1373 533 1431 sabat
587 1374 824 1433 vocibus
877 1375 1201 1433 exclamare
1249 1398 1262 1433 :
1316 1375 1419 1433 Ille
1476 1390 1568 1433 me
1616 1374 1796 1448 ejicit,
1843 1372 1944 1431 ille
1991 1388 2084 1431 me

367 1463 557 1538 ejicit;
591 1471 649 1522 et
671 1464 749 1522 ita
776 1465 1054 1534 clamans,
1102 1465 1370 1538 protinus
1413 1465 1486 1523 ab
1531 1480 1598 1524 eo
1644 1464 1927 1538 expulsus
1974 1469 2078 1521 est.

368 1549 523 1610 Hinc
566 1569 700 1626 ergo
733 1555 863 1627 jure
909 1555 1303 1628 perpenditur,
1355 1554 1501 1629 quid
1552 1571 1652 1626 per
1708 1553 2082 1627 semetipsum

370 1640 528 1712 apud
563 1641 824 1699 divinam
847 1642 1211 1700 clementiam
1244 1643 1546 1716 impetrare
1578 1657 1692 1700 non
1724 1642 1922 1714 possit,
1951 1647 2084 1698 ante

370 1730 540 1802 cujus
600 1729 999 1789 brevissimam
1066 1731 1394 1789 vestimenti
1451 1729 1792 1804 particulam
1853 1729 2084 1788 daemon

845 358 904 418 S.
946 323 1169 418 PETRI
1205 355 1528 418 DAMIANI
1566 356 1724 419 OPP.
1764 354 1959 418 PARS
2002 355 2140 417 SEU
2181 354 2430 418 TOMUS
2469 357 2544 416 II.
2587 391 2649 403 —
2693 356 3144 418 SANCTOBUM
3183 357 3410 418 VITZE.

3744 364 3889 425 1008

2507 547 2512 550 .
2765 483 3008 543 CAPUT
3042 483 3273 543 LXXII.

2247 575 2322 627 De
2370 588 2586 644 corpore
2638 573 2932 630 Romualdi
2980 590 3113 628 sano
3165 580 3294 644 post
3353 577 3788 646 quinquennium

2899 664 3136 718 invento.

2240 752 2373 810 Post
2411 750 2876 826 quinquennium
2922 766 3057 810 vero
3094 767 3128 809 a
3165 750 3346 809 sancti
3377 752 3490 810 viri
3527 752 3710 826 obitu,
3748 754 3885 815 data
3941 821 3945 823 _

2167 841 2466 898 monachis
2491 840 2562 898 ab
2593 840 2898 914 apostolica
2937 840 3070 898 sede
3099 839 3351 909 licentia,
3383 849 3447 899 ut
3483 857 3660 915 supra
3698 859 3883 904 vene-

2167 928 2348 986 rabile
2387 936 2591 1003 corpus
2643 929 2770 1002 ejus
2807 929 2986 987 altare
3020 936 3440 1002 construerent,
3481 932 3600 989 Azo
3637 932 3881 1005 quidam

2165 1021 2339 1078 frater
2384 1021 2593 1079 silvam
2640 1021 2822 1100 petiit,
2857 1028 3143 1095 quatenus
3190 1023 3469 1080 modicam
3520 1039 3749 1096 capsam
3791 1025 3876 1082 fa-

2166 1116 2334 1179 ceret,
2365 1125 2497 1183 qum
2526 1111 2709 1168 sancti
2759 1111 3102 1168 confessoris
3139 1126 3264 1168 ossa
3305 1117 3360 1168 et
3400 1111 3700 1184 pulverem
3746 1118 3880 1172 tan-

2167 1198 2464 1257 tummodo
2513 1215 2716 1272 capere
2770 1199 3066 1273 potuisset.
3124 1200 3300 1258 Nocte
3355 1200 3536 1275 igitur
3592 1202 3880 1276 insecuta,

2167 1287 2474 1346 dormienti
2519 1287 2751 1346 cuidam
2795 1288 2961 1346 fratri
3011 1289 3358 1346 venerabilis
3405 1289 3646 1362 quidam
3697 1306 3882 1349 senex

2166 1376 2448 1448 apparuit,
2486 1392 2661 1449 quem
2705 1376 2973 1450 protinus
3026 1376 3404 1450 interrogans,
3441 1378 3523 1435 ait
3577 1398 3592 1436 :
3647 1379 3755 1439 Ubi
3796 1385 3884 1438 est

2165 1464 2346 1536 hujus
2377 1465 2707 1523 monasterii
2745 1464 2948 1538 prior?
2975 1465 3141 1534 Quod
3179 1481 3312 1523 cum
3351 1465 3451 1524 ille
3480 1482 3541 1525 se
3587 1471 3731 1528 scire
3770 1489 3878 1531 ne—

2167 1557 2345 1625 garet,
2377 1553 2534 1611 illico
2581 1569 2762 1611 senex
2807 1552 3073 1611 addidit:
3109 1553 3216 1611 Pro
3262 1545 3611 1627 fabricanda,
3662 1559 3878 1633 inquit,

2167 1654 2332 1712 capsa
2359 1640 2445 1697 ire
2483 1639 2544 1697 in
2585 1640 2791 1698 silvam
2824 1641 3062 1708 studuit,
3105 1641 3202 1698 sed
3244 1640 3393 1699 beati
3421 1643 3535 1702 viri
3575 1660 3781 1720 corpus
3814 1649 3877 1706 in

2167 1735 2285 1788 tam
2320 1729 2601 1802 exiguum
2636 1731 2937 1789 vasculum
2987 1746 3098 1788 non
3129 1731 3382 1790 intrabit.
3427 1733 3660 1794 Postera
3698 1737 3878 1810 igitur

370 1820 522 1875 stare
567 1832 684 1875 non
731 1818 940 1891 potuit;
974 1824 1029 1876 et
1076 1820 1178 1893 qui
1223 1819 1358 1878 talia
1393 1820 1601 1878 absens
1646 1819 1902 1888 exhibet,
1939 1817 2081 1892 quid
2102 1818 2259 1897 Bdie
2306 1818 2485 1891 prior,
2543 1819 2854 1892 composita
2909 1835 3100 1891 capsa,
3159 1819 3488 1891 revertitur,
3543 1829 3598 1879 et
3653 1839 3790 1882 mox
3843 1842 3878 1885 a

369 1919 472 1978 per
497 1904 750 1980 corporis
778 1907 1144 1979 praesentiam
1174 1923 1289 1965 non
1323 1907 1598 1966 exercet?

965 2015 1209 2075 CAPUT
1239 2015 1442 2074 LXXI.

450 2107 526 2162 De
552 2108 756 2184 viilico,
785 2109 883 2178 qui
907 2124 1126 2164 vaccam
1154 2109 1364 2234 rapuit,
1398 2110 1448 2161 et
1472 2107 1660 2161 statim
1689 2108 1988 2162 exstinctus

1172 2195 1225 2234 es
1255 2221 1268 2234 .

1172 2195 1268 2234 ρει.

379 2307 384 2309 -
443 2265 578 2325 Alio
640 2281 871 2341 quoque
945 2271 1196 2340 tempore
1256 2265 1394 2339 (332)
1451 2264 1778 2324 Castaldius
1843 2264 2079 2338 quidam

373 2355 739 2428 pauperculae
787 2353 1019 2412 mulieri
1083 2369 1311 2412 vaccam
1378 2343 1658 2410 violenter
1711 2351 1965 2422 abstulit,
2027 2359 2084 2409 et

372 2457 501 2500 eam
553 2441 957 2500 vociferantem
1006 2442 1323 2515 multisque
1369 2441 1637 2514 precibus
1686 2441 2081 2499 obsecrantem

370 2529 575 2588 audire
623 2529 982 2602 contempsit.
1020 2527 1147 2587 'Illa
1208 2529 1471 2602 protinus
1535 2543 1863 2598 accurrens,
1933 2528 2078 2586 duos

370 2616 720 2691 gallinarum
753 2619 946 2692 pullos
984 2619 1052 2677 ad
1093 2618 1390 2677 ecclesiam
1428 2634 1602 2692 quam
1642 2635 1815 2691 supra
1855 2633 2074 2677 memo-

369 2707 648 2778 ravimus,
682 2707 909 2780 detulit,
935 2714 991 2765 et
1019 2722 1114 2766 eos
1144 2723 1338 2766 secum
1375 2715 1505 2766 ante
1542 2707 1719 2765 altare
1748 2708 2074 2781 projiciens,

366 2795 703 2870 hujusmodi
751 2796 941 2855 verbis
990 2795 1237 2854 clamare
1284 2795 1553 2854 ﬂebiliter
1595 2797 1766 2870 erepit
1819 2821 1831 2855 :
1890 2797 2074 2855 Hem!

370 2881 440 2942 S.‘
485 2883 824 2954 Romualde,
881 2885 1095 2942 exaudi
1139 2884 1429 2953 miseram,
1476 2900 1550 2942 ne
1594 2885 1874 2959 despicias
1920 2887 2078 2944 deso-

357 2964 564 3044 latam,
612 2980 667 3030 et
708 2973 881 3032 redde
933 2972 1079 3030 mihi
1122 2972 1581 3045 gubernatricem
1629 2990 1815 3032 meam
1862 2975 2075 3050 injuste

368 3058 516 3116 483
563 3061 864 3121 sublatam.
913 3062 1059 3120 Mira
1097 3066 1218 3120 rest
1272 3062 1386 3120 Vix
1433 3065 1621 3121 adhuc
1664 3064 1898 3124 villicus
1936 3083 2068 3124 cum

368 3148 492 3222 ipsa
536 3148 736 3220 rapina
767 3149 906 3221 (333)
935 3165 968 3206 a
1014 3151 1184 3207 domo
1233 3149 1497 3208 mulieris
1545 3152 1781 3224 abierat,
1822 3163 1876 3212 et
1927 3170 2067 3213 con-

368 3235 534 3294 tinuo
558 3236 868 3295 emissione
901 3237 1121 3308 sagittae
1156 3251 1483 3310 percussus,
1515 3254 1744 3299 vaccam
1783 3243 1843 3299 in
1873 3241 2073 3300 eodem

367 3321 494 3383 loco
533 3324 770 3395 dimisit,
827 3325 1034 3384 deinde
1087 3327 1332 3384 domum
1379 3329 1744 3403 perveniens,
1813 3331 2077 3403 protinus

366 3412 673 3487 expiravit.
1916 3410 1917 3413 “

429 3557 566 3623 (33?)
635 3559 745 3612 Hoc
809 3563 1028 3613 nomine
1092 3575 1124 3614 a
1197 3562 1568 3626 Longobardis
1636 3563 1908 3624 villarum,
1981 3577 2079 3618 seu

365 3630 690 3693 praediorum
738 3631 827 3684 vel
875 3632 1120 3684 locorum
1183 3634 1434 3686 custodes
1495 3639 1547 3686 et
1601 3635 2081 3688 administratores

363 3699 805 3763 appellabantur;
843 3703 950 3754 imo
986 3707 1039 3754 et
1078 3716 1188 3754 non
1221 3716 1344 3755 raro
1375 3705 1475 3768 ipsi
1509 3709 1830 3764 castrorum,
1868 3706 2083 3758 urbium

363 3775 418 3822 et
435 3769 666 3834 alicujus
684 3773 844 3825 etiam
860 3774 1154 3838 provinciae
1174 3773 1415 3836 praefecti
1439 3791 1451 3827 :
1477 3775 1599 3839 Lege
1619 3772 1845 3827 Glossar.
1872 3777 2077 3840 Cangii.

415 3841 552 3905 (333)
607 3842 664 3895 in
729 3843 972 3896 Vaticano
1048 3844 1238 3898 codice
1311 3848 1391 3897 sic
1446 3848 1645 3911 legitur
1699 3868 1710 3896 :
1773 3847 1908 3898 Cum
1961 3848 2082 3910 ipsa

362 3913 567 3974 rapina
599 3914 879 3966 emissione
923 3914 1132 3977 sagittas
1176 3929 1212 3966 a
1236 3915 1407 3975 ,domo
1453 3918 1704 3971 mulieris
1754 3917 1992 3981 abierat,
2029 3922 2079 3972 et

363 3984 618 4040 continuo
640 3999 933 4051 percussus,
971 3999 1206 4047 vaccam,
1239 3992 1344 4041 etc.

2164 1908 2359 1975 fratre,
2413 1907 2515 1979 qui
2557 1907 2841 1966 visionem
2894 1903 3132 1978 viderat,
3178 1922 3310 1980 quze
3353 1907 3524 1967 illum
3579 1926 3748 1978 causa
3802 1914 3878 1971 ad

2164 1995 2368 2053 silvam
2433 1995 2752 2067 invitasset,
2795 1996 3131 2069 inquiritur.
3187 1996 3348 2067 Quod
3396 2014 3529 2057 cum
3567 1999 3669 2058 ille
3717 2000 3878 2060 velut

2165 2084 2358 2143 labore
2390 2085 2649 2143 defessus
2686 2083 2876 2141 dicere
2915 2084 3211 2154 noluisset,
3254 2085 3412 2145 illico
3450 2087 3647 2160 frater,
3689 2095 3746 2147 et
3782 2091 3877 2148 sui

2164 2188 2397 2230 causam
2441 2171 2667 2230 itineris
2715 2171 2925 2243 retulit,
2965 2179 3020 2230 et
3063 2175 3216 2246 quod
3251 2175 3373 2248 ipse
3418 2177 3660 2250 viderat,
3693 2195 3876 2253 expo-

2165 2256 2356 2316 nendo
2374 2275 2472 2332 per
2497 2258 2759 2316 ordinem
2783 2274 2896 2317 non
2919 2260 3144 2318 celavit.
3166 2261 3400 2321 Defosso
3420 2263 3599 2335 igitur
3621 2266 3875 2336 tumulo,

2165 2348 2243 2404 ita
2291 2346 2708 2421 propemodum
2757 2352 2942 2405 totum
3001 2350 3181 2406 sancti
3231 2350 3343 2408 viri
3401 2366 3611 2423 corpus
3667 2367 3876 2410 sanum

2163 2434 2571 2508 illibatumque
2609 2435 2922 2509 reperiunt,
2967 2436 3124 2495 velut
3178 2437 3322 2496 tunc
3363 2439 3568 2511 fuerat,
3610 2455 3746 2498 cum
3795 2457 3881 2500 se-

2165 2524 2418 2596 pulturas
2471 2524 2618 2584 illud
2671 2524 2938 2598 primitus
2998 2526 3371 2594 tradiderunt,
3434 2535 3675 2601 excepto
3723 2529 3879 2602 quod

2163 2613 2351 2677 tenuis
2389 2615 2658 2688 queedam
2697 2614 2950 2673 mucoris
2997 2614 3211 2688 lanugo
3253 2615 3312 2673 in
3359 2615 3709 2688 quibusdam
3753 2617 3881 2690 ejus

2162 2705 2438 2764 membris
2467 2705 2791 2764 excrevisse
2817 2704 3143 2763 videbatur.
3179 2703 3405 2779 Bejecta
3438 2705 3615 2778 igitur
3653 2707 3879 2766 modica

2161 2799 2327 2869 capsa
2377 2810 2508 2868 quae
2556 2795 2698 2851 facta
2742 2795 2948 2863 fuerat,
2993 2793 3148 2851 illico
3197 2808 3300 2850 vas
3346 2799 3548 2866 aptum
3599 2795 3671 2852 ad
3712 2811 3879 2854 men-

2159 2899 2357 2941 suram
2390 2883 2538 2940 beati
2580 2881 2833 2955 corporis
2869 2885 3215 2954 praeparant,
3249 2887 3305 2938 et
3342 2881 3402 2938 in
3448 2898 3516 2940 eo
3543 2889 3875 2942 sanctarum

2158 2971 2538 3047 reliquiarum
2592 2969 2906 3044 patrocinia
2955 2968 3349 3041 recondentes,
3393 2971 3645 3046 desuper
3700 2972 3880 3031 altare

2158 3063 2493 3122 solemniter
2538 3065 2892 3119 consecrant.
2928 3058 3080 3118 Obiit
3126 3065 3320 3117 autem
3367 3060 3458 3118 vir
3503 3060 3878 3121 beatissimus

2164 3153 2525 3214 Romualdus
2544 3151 2766 3210 decimo
2789 3153 2950 3210 tertio
2976 3150 3371 3209 Kalendarum
3394 3152 3422 3210 J
3434 3153 3689 3210 uliarum
3709 3153 3878 3225 (334),

2168 3248 2443 3315 regnante
2468 3240 2712 3299 Domino
2739 3246 2932 3298 nostro
2961 3240 2990 3298 J
2997 3255 3097 3298 esu
3125 3238 3371 3310 Christo,
3402 3239 3503 3314 qui
3532 3257 3664 3299 cum
3706 3241 3880 3298 Patre

2160 3338 2215 3390 et
2279 3331 2498 3404 Spiritu
2571 3336 2768 3389 sancto
2846 3331 2988 3389 vivit
3041 3338 3096 3389 et
3153 3331 3436 3403 gloriatur
3490 3348 3590 3404 per
3640 3331 3874 3390 inﬁnita

2161 3421 2372 3480 saecula
2406 3420 2773 3480 saeculorum.
2807 3422 3018 3480 Amen.

2227 3567 2362 3627 (334)
2427 3565 2535 3620 Hac
2593 3567 2680 3620 die
2738 3568 2792 3619 in
2859 3566 3253 3620 Camaldulensi
3323 3568 3750 3632 congregatione
3823 3572 3881 3622 et

2161 3637 2446 3690 nonnullis
2480 3640 2640 3690 etiam
2675 3641 2730 3690 in
2772 3641 2904 3691 locis
2941 3640 3052 3690 divi
3107 3639 3382 3693 Romualdi
3442 3639 3705 3692 festivitas
3763 3640 3877 3704 agl-

2166 3712 2294 3768 tur;
2348 3721 2534 3761 verum
2585 3711 2650 3762 ab
2692 3710 2992 3762 universali
3050 3710 3287 3764 Ecclesia
3329 3714 3556 3775 septimo
3607 3710 3884 3765 Februarii

2165 3780 2255 3832 die
2304 3782 2415 3844 :qui
2471 3781 2840 3833 translationis
2897 3785 2978 3833 est
3033 3783 3279 3846 corporis
3327 3783 3374 3833 S.
3436 3783 3733 3844 Bomualdi)
3797 3795 3887 3834 ce-

2163 3850 2425 3910 lebratur,
2463 3864 2585 3903 cum
2622 3854 2704 3903 SS.
2742 3854 2985 3905 Gervasii
3036 3856 3089 3906 et
3146 3854 3362 3906 Protasii
3417 3853 3594 3907 oﬂlclo
3645 3853 3764 3906 dies
3820 3853 3886 3904 29

2159 3922 2300 3985 junii
2331 3923 2403 3974 sit
2425 3923 2706 3986 impedita.

1189 4325 1530 4452 VlTA
1651 4328 2180 4496 SANCTI
2300 4328 3064 4460 RODULPHI

1749 4553 2079 4656 _EPISCOPI
2134 4554 2496 4617 EUGIIBINI

2096 4729 2164 4770 ET

1345 4881 1437 4995 S.
1531 4882 2170 4997 DOMINICI
2250 4879 2912 4995 LORICATI.

1001 5096 1200 5176 (Anno
1231 5097 1447 5162 Christi
1486 5098 1654 5172 1063,
1704 5099 1780 5161 26
1822 5097 2012 5161 Junii.
2066 5132 2146 5144 —
2187 5099 2361 5162 Anno
2392 5098 2614 5166 Christi
2653 5099 2828 5178 1062,
2870 5101 2889 5161 1
2936 5098 3269 5182 Octobris.)

1764 5268 1928 5332 Cum
1969 5271 2295 5348 anonymi
2338 5273 2524 5333 notis.

385 5574 830 5637 Anewsn'run.
875 5614 950 5628 —
996 5573 1393 5653 Praeceperat
1431 5573 1488 5634 ei
1535 5572 1904 5637 Alexander
1951 5582 2139 5655 pont.
2171 5595 2371 5655 max.
2408 5584 2479 5638 ut
2521 5577 2640 5638 sibi
2681 5572 3117 5655 prwscriberet
3154 5571 3501 5654 quidpiam
3557 5573 3886 5634 memoria

473 5655 773 5731 dignum,
824 5663 882 5718 et
941 5656 1112 5735 quod
1163 5661 1422 5734 propter
1475 5654 1823 5716 utilitatem
1886 5654 1964 5716 in
2023 5654 2301 5737 publicis
2360 5654 2808 5718 monumentis
2871 5657 3021 5716 484
3089 5655 3422 5715 asservari
3496 5658 3882 5715 mereretur.
