4118 6446
248 313 388 376 1009

1156 319 1336 378 VITA
1380 317 1483 380 SS.
1527 318 1910 378 BODULPHI
1950 318 2044 376 ET
2087 315 2429 377 DOMINICI
2469 313 2843 376 LORICATI.

3619 315 3759 378 1010

329 439 569 522 Scribit
622 444 827 521 igitur
866 461 1097 520 mores,
1144 447 1359 507 vitam
1408 453 1468 506 et
1521 445 1945 506 sanctissima
1998 449 2173 518 gesta
2242 440 2557 522 Rodulphi
2614 441 2888 520 episwpi
2939 437 3298 522 Eugubini,
3335 446 3395 500 et
3437 438 3759 504 Dominici

331 521 628 604 Loricati.
677 524 804 584 Hos
843 525 1165 604 proximis
1205 525 1422 587 diebus
1463 526 1636 587 diem
1677 542 1874 585 suum.
1917 523 2140 584 obiisse
2179 521 2690 604 certior/factus
2717 527 2856 581 erat
2880 567 2895 595 ,
2942 526 3000 581 et
3043 521 3501 604 ecc__ut7iusque
3549 523 3755 604 inter:

327 603 432 664 itu
462 620 599 694 non
624 599 875 694 parum
902 605 1212 694 molestim
1247 613 1633 684 perceperat.
1679 605 1758 694 De
1795 605 2250 694 Petrqu‘uoque
2291 599 2630 694 Rodat/mi.
2651 599 2886 694 fratre,
2935 607 2995 694 et
3037 599 3189 662 aliis
3233 599 3616 663 monasterii
3655 603 3760 664 sui

327 679 694 757 monachis,
731 685 875 746 vita).
900 679 1260 748 sanctitate
1288 702 1366 748 ac
1394 679 1877 748 conversatione
1905 679 2360 759 celeberrimis,
2391 679 2700 742 non-nihil
2725 681 3016 759 attingit.

886 853 1298 914 PROLOGUS.

319 942 543 1002 Domno
580 943 954 1003 ALE‘XANDRO
988 944 1321 1004 beatissimo
1361 958 1523 1017 papze
1564 943 1793 1002 PETRUS
1829 959 1961 1017 pec-

242 1039 399 1092 cator
427 1033 745 1092 monachus
777 1035 1136 1093 servitutem.

1967 863 2159 925 Aque
2223 854 2707 927 redargutionum
2771 859 2942 926 atque
3009 853 3434 927 correptionum
3502 852 3766 928 longiora

2041 943 2290 1016 ﬂagella,
2338 949 2614 1015 tanquam
2661 941 2982 1018 quaestione
3017 940 3241 1015 pulsato
3281 941 3618 1000 sententiam
3668 941 3761 1001 in-

2045 1033 2257 1105 ferens,
2292 1049 2392 1106 per
2444 1032 2832 1107 quadraginta
2882 1031 3004 1089 dies
3056 1030 3228 1090 illum
3275 1031 3414 1089 vino
3475 1029 3766 1088 abstinere

318 1119 603 1194 Praecepit
653 1121 1114 1180 mihibeatitudo
1156 1129 1270 1191 tua,
1307 1119 1655 1179 venerabilis
1692 1125 1869 1194 pater,
1902 1123 1968 1178 ut
2045 1123 2313 1196 praecepi,
2356 1129 2412 1180 et
2447 1130 2636 1180 tamen
2670 1121 3009 1190 intentione,
3044 1126 3107 1180 ut
3146 1125 3371 1179 tantum
3399 1120 3470 1180 ad
3507 1135 3766 1194 praesens

246 1224 554 1286 nunquam
603 1210 709 1268 tibi
758 1211 978 1269 litteras
1014 1212 1321 1281 mitterem,
1367 1226 1499 1284 quae
1548 1211 1674 1267 leve
1721 1209 1882 1283 quid,
1915 1215 1969 1265 et

247 1297 541 1357 oblivione
567 1299 834 1371 dignum,
862 1315 928 1357 ac
952 1299 1230 1358 frivolum
1260 1299 1661 1366 continerent;
1694 1315 1838 1371 quas
1864 1299 1970 1356 sci-

248 1385 400 1456 licet,
443 1402 581 1444 mox
632 1393 698 1445 ut
749 1387 926 1446 lector
976 1387 1354 1447 transiliendo
1404 1388 1764 1461 percurrerit,
1819 1387 1966 1445 edax

247 1475 483 1534 ﬂamma
504 1477 830 1548 consumit;
870 1476 968 1535 sed
1001 1477 1109 1534 tale
1133 1476 1235 1534 tibi
1257 1491 1482 1550 semper
1508 1475 1726 1549 aliquid
1763 1477 1969 1534 scribe-

250 1581 394 1636 rem,
423 1567 575 1644 quod
605 1575 658 1625 et
699 1568 770 1626 ad
805 1567 1246 1627 aedificationem
1288 1567 1604 1638 legentium
1644 1566 1880 1640 suscipi,
1909 1572 1965 1624 et

248 1653 402 1713 inter
473 1655 786 1730 scripturas
859 1661 1180 1713 mereretur
1235 1655 1594 1712 authenticas
1664 1654 1962 1712 reservari.

247 1745 414 1806 Unde
441 1747 594 1807 Patri
623 1742 922 1807 luminum
949 1746 1192 1820 agendae
1223 1753 1356 1806 sunt
1386 1746 1608 1819 gratiae,
1639 1746 1741 1820 qui
1775 1761 1963 1803 sacra-

247 1834 404 1893 rium
433 1836 519 1894 tui
556 1836 802 1910 pectoris
830 1837 940 1894 hoc
976 1836 1109 1910 igne
1140 1836 1230 1894 sui
1258 1831 1472 1893 amoris
1507 1835 1785 1901 accendit,
1819 1839 1883 1892 ut
1912 1840 1969 1892 et

245 1920 309 1980 in
346 1925 722 1998 antiquorum
759 1925 991 1986 Patrum
1027 1924 1237 1983 studiis
1267 1923 1482 1997 jugiter
1511 1923 1836 1998 requiescas
1866 1940 1878 1993 ;
1913 1928 1970 1980 et

243 2011 504 2087 insuper,
539 2015 588 2072 si
628 2013 729 2085 qui
771 2013 874 2071 tibi
912 2013 1182 2072 videntur
1231 2012 1446 2081 idonei,
1485 2012 1558 2070 ad
1599 2009 1968 2070 scribendum

246 2114 344 2160 eos
371 2117 685 2175 provocare
716 2118 830 2161 non
857 2101 1141 2175 negligas.

326 2198 379 2254 A
418 2195 583 2253 vobis
627 2193 821 2266 itaque
871 2208 1058 2266 nuper
1105 2208 1388 2266 egressus,
1435 2206 1570 2249 cum
1620 2190 2028 2279 FlorentinasB

246 2287 414 2350 urbis
465 2283 682 2342 moenia
736 2282 911 2352 subii,
954 2281 1196 2340 nuntius
1245 2281 1392 2339 mihi
1445 2295 1586 2338 mox
1635 2279 1969 2352 repentinus

245 2375 512 2443 accurrit,
547 2372 649 2447 qui
690 2371 838 2428 mihi
875 2370 1030 2428 diem
1070 2370 1329 2428 medium
1367 2369 1428 2426 in
1471 2368 1734 2427 tenebras
1775 2368 1963 2438 vertit,

246 2465 636 2536 omniumque
681 2475 946 2519 meorum
1004 2459 1292 2518 viscerum
1351 2473 1529 2517 venas
1589 2457 1968 2516 amarissimte

247 2553 551 2628 legationis
584 2549 715 2608 felle
745 2548 1056 2622 complevit
1085 2567 1100 2619 ;
1143 2548 1475 2622 episcopum
1507 2547 1722 2606 scilicet
1767 2549 1966 2621 Eugu-

248 2644 460 2702 binum
498 2655 622 2698 esse
658 2637 1022 2709 defunctum,
1062 2637 1230 2711 cujus
1269 2637 1474 2712 utique
1509 2638 1887 2707 conversatio,
1919 2636 1966 2694 si

252 2730 546 2793 recolitur,
578 2743 695 2786 non
747 2726 1111 2785 mediocriter
1148 2727 1432 2785 aediﬁcare
1479 2726 1683 2800 poterit
1722 2726 1968 2785 audien-

255 2825 358 2879 tes.
390 2819 558 2878 Valet
603 2817 857 2876 enimet
912 2817 982 2874 ad
1039 2815 1480 2888 exprimendam
1515 2803 1688 2874 'recte
1735 2817 1966 2874 vivendi

253 2909 520 2977 formam,
579 2912 635 2963 et
698 2905 768 2962 ad
821 2904 1208 2963 adhibendam
1287 2905 1642 2978 corrigendis
1709 2905 1968 2963 moribus

250 2995 638 3070 disciplinam.
693 2992 838 3050 Nam
891 2998 1022 3050 ante
1078 2993 1196 3050 fere
1257 2994 1625 3066 septennium
1682 2986 1780 3052 ille
1832 3009 1966 3052 cum

250 3090 434 3142 matre
476 3087 530 3140 et
576 3080 724 3150 (335)
763 3079 991 3138 duobus
1037 3079 1313 3138 fratribus
1367 3097 1425 3140 se
1470 3082 1761 3155 paulisper
1803 3087 1967 3140 aetate

249 3169 730 3245 prmcedentibus,
787 3168 970 3225 servis
1047 3167 1327 3227 duntaxat
1393 3169 1653 3227 libertate
1719 3169 1964 3238 donatis,

249 3267 500 3319 castrum
532 3274 701 3318 suum
753 3257 898 3314 mihi
937 3258 1381 3332 inexpugnabili
1423 3259 1749 3317 munitione
1793 3259 1969 3317 valla-

252 3352 375 3406 tum
405 3362 537 3405 cum
564 3345 858 3415 omnibus,
895 3361 1028 3419 quas
1063 3346 1154 3404 sui
1179 3347 1332 3418 juris
1358 3355 1538 3414 erant,
1567 3348 1799 3420 prandiis
1829 3363 1967 3406 con-

252 3437 406 3508 tulit,
438 3443 611 3512 atque
637 3436 707 3495 ad
736 3452 996 3494 eremum
1031 3437 1294 3509 veniens,
1334 3439 1595 3497 habitum
1636 3439 1966 3497 monasticae

253 3530 631 3606 professionis
659 3529 832 3600 (336).

810 3621 1054 3682 CAPUT
1091 3617 1406 3680 PRIMUM.

690 3715 750 3771 S.
779 3716 1102 3788 Rodulphus
1129 3718 1189 3785 ﬁt
1218 3712 1528 3767 monachus.

325 3801 736 3861 Monasterium
795 3803 965 3876 plane
1023 3804 1082 3861 in
1143 3815 1345 3859 eorum
1412 3796 1770 3870 possessione
1828 3812 1965 3853 con-

253 3889 602 3960 struximus,
630 3890 700 3948 de
732 3893 903 3964 cujus
932 3907 1093 3950 nunc
1131 3895 1323 3948 sancto
1354 3891 1640 3945 conventu
1681 3883 1966 3955 regulari-

252 3985 336 4038 ter
363 3980 674 4050 victitante,
705 3981 842 4038 satis
871 3980 931 4038 in
963 3980 1211 4040 Domino
1235 3975 1617 4051 gratulamur,
1649 3974 1750 4032 ubi
1786 3982 1966 4032 matre

253 4077 308 4128 et
359 4070 551 4139 fratre,
583 4070 684 4144 qui
729 4070 1019 4128 infirmior
1068 4075 1174 4140 est,
1215 4065 1558 4134 constitutis,
1590 4065 1695 4122 iste
1743 4063 1966 4122 Rodul-

250 4158 425 4230 phus,
451 4157 552 4232 qui
585 4159 949 4230 postmodum
980 4159 1051 4217 ad
1083 4158 1443 4231 episcopatus
1472 4153 1703 4212 culmen
1733 4159 1967 4210 evectus

250 4254 356 4317 est,
411 4253 466 4303 et
518 4246 720 4306 Petrus
771 4247 1190 4321 primogenitus
1233 4247 1427 4312 frater,
1478 4241 1828 4300 eremiticam
1877 4241 1966 4297 vi-

252 4342 368 4392 tam
409 4331 555 4390 485
606 4342 722 4395 tam
766 4338 1146 4402 continenter,
1193 4342 1308 4392 tam
1353 4331 1610 4390 districte
1653 4331 1966 4400 duxerunt,

253 4431 315 4483 ut
354 4431 411 4482 et
455 4425 829 4486 audientibus
871 4427 1209 4501 praedicaret
1255 4438 1352 4481 eos
1384 4422 1537 4480 fama
1565 4420 1880 4490 mirabiles,
1914 4427 1971 4476 et

250 4513 696 4573 conviventibus
731 4515 848 4573 vita
899 4518 1244 4573 monstraret
1286 4509 1565 4581 insignes.
1611 4508 1762 4565 Sane
1806 4509 1853 4565 si
1899 4507 1970 4565 de

252 4603 416 4662 Petro
465 4603 675 4662 vellem
716 4610 923 4663 cuncta
975 4603 1190 4661 referre
1237 4615 1369 4674 qum
1414 4603 1751 4670 suppetunt,
1808 4597 1969 4669 prius

251 4692 524 4750 schedula
559 4693 816 4751 fortassis
863 4693 971 4750 ista
1019 4692 1289 4749 deﬁceret
1337 4703 1470 4746 cum
1516 4687 1706 4744 adhuc
1740 4685 1968 4743 dicendi

250 4783 488 4840 materia
518 4794 855 4855 superesset.
911 4783 1054 4838 Nam
1114 4789 1176 4840 ut
1217 4797 1248 4838 e
1296 4779 1497 4837 multis
1544 4792 1728 4836 unum
1768 4777 1966 4834 saltem

2049 1210 2224 1268 illum
2263 1225 2396 1268 cum
2431 1209 2652 1268 caeteris
2690 1210 2764 1267 ab
2803 1208 3052 1268 incautis
3111 1209 3476 1268 sermonibus
3512 1209 3763 1266 deterre-

2049 1317 2194 1371 rem,
2252 1299 2618 1373 postmodum
2676 1315 2812 1358 vero
2861 1301 3205 1358 sententiam
3251 1299 3514 1358 discretas
3557 1298 3765 1358 remis-

2049 1387 2234 1446 sionis
2272 1388 2669 1446 moderamine
2704 1393 3103 1460 temperarem.
3137 1386 3247 1447 Sed
3282 1403 3414 1446 cum
3456 1403 3548 1445 me
3577 1387 3762 1446 conti-

2048 1479 2223 1549 gisset
2292 1477 2537 1536 diversis
2594 1478 2885 1537 intentum
2937 1494 3058 1536 esse
3113 1479 3379 1550 negotiis,
3427 1492 3616 1552 neque
3657 1477 3768 1537 hoc

2047 1565 2198 1623 mihi
2246 1564 2492 1639 quilibet
2546 1565 2607 1624 in
2661 1568 2998 1624 memoriam
3052 1573 3389 1635 revocasset,
3414 1567 3609 1639 elapso
3645 1564 3764 1639 jam

2047 1657 2380 1731 praescripto
2433 1657 2658 1716 dierum
2710 1657 2946 1727 circulo,
3001 1657 3229 1714 tandem
3282 1656 3608 1715 recordatus
3659 1671 3764 1713 ex-

2047 1747 2202 1821 pavi,
2235 1753 2291 1804 et
2319 1747 2462 1820 quid
2493 1761 2568 1803 ex
2598 1746 2860 1820 injuncta
2888 1746 2999 1804 sibi
3023 1745 3361 1820 paenitentia
3395 1745 3596 1803 Petrus
3625 1746 3768 1819 egis-

2049 1843 2134 1894 set
2163 1835 2442 1894 attonitus
2480 1835 2800 1908 exquisivi.
2848 1835 3115 1894 Fratrum
3154 1834 3348 1906 itaque
3387 1833 3768 1892 relationibus

2051 1924 2226 1981 didici
2274 1923 2674 1996 paenitentiam
2717 1937 2840 1981 esse
2886 1928 3192 1996 peractam.
3235 1921 3534 1992 Pmnituit,
3565 1921 3766 1992 fateor,

2050 2015 2288 2089 prolatae
2327 2013 2647 2085 sententiae,
2694 2014 2788 2071 sed
2821 2013 3080 2087 gaudens
3111 2011 3429 2072 admiratus
3467 2025 3598 2070 sum
3640 2017 3769 2069 tan-

2052 2108 2166 2160 tam
2189 2102 2602 2182 ptenitentiam
2646 2101 2840 2161 fratris
2892 2107 2956 2160 ut
2993 2117 3096 2175 pro
3135 2115 3253 2160 uno
3291 2101 3413 2158 solo
3451 2100 3627 2158 verbo
3670 2099 3767 2158 in-

2051 2192 2312 2251 consulte
2349 2191 2568 2265 prolato
2608 2196 2722 2249 tam
2768 2192 2994 2264 longam
3041 2188 3441 2264 pcenitentiam
3474 2186 3767 2262 praetulis-

2051 2289 2154 2352 set,
2188 2289 2242 2340 et
2281 2298 2470 2356 neque
2506 2296 2608 2358 per
2649 2298 2710 2340 se
2758 2295 2948 2356 neque
2999 2297 3100 2356 per
3150 2279 3296 2339 alios
3340 2277 3765 2350 indulgentiam

2054 2372 2418 2446 postulasset.

2725 2458 2969 2518 CAPUT
3002 2459 3076 2518 II.

2051 2551 2472 2622 S..Rodulphus
2541 2551 2687 2605 nihil
2739 2550 2808 2604 de
2854 2551 3036 2619 rigore
3085 2551 3381 2606 monastico
3430 2547 3654 2620 deponit
3705 2546 3765 2603 in

2742 2623 3078 2692 episcopatu.

2125 2725 2290 2784 Nunc
2316 2726 2494 2800 igitur
2541 2727 2612 2784 ad
2657 2726 3011 2801 episcopum,
3039 2743 3072 2784 a
3118 2741 3234 2800 quo
3279 2728 3546 2799 coeperat,
3576 2737 3766 2783 sermo

2051 2822 2330 2875 recurrat.
2360 2815 2639 2885 Quamvis
2669 2816 2826 2874 enim
2869 2815 3072 2874 Petrus
3111 2815 3288 2886 idem,
3322 2821 3387 2872 ut
3423 2815 3609 2888 major
3645 2815 3768 2870 erat

2051 2912 2238 2975 aetate,
2278 2905 2668 2965 nihilominus
2716 2905 2888 2963 etiam
2934 2905 2994 2963 in
3035 2905 3203 2963 ardui
3255 2903 3531 2978 propositi
3571 2907 3628 2960 et
3672 2901 3762 2958 di-

2051 2995 2262 3053 strictaa
2286 2997 2423 3054 vitae
2452 3010 2679 3069 semper
2707 2993 3054 3069 praecederet
3083 2994 3309 3064 itinere,
3338 2992 3433 3050 hic
3469 2997 3660 3050 tamen
3690 2989 3763 3048 ad

2051 3082 2417 3142 sacerdotalis
2432 3081 2606 3140 ofﬁcii
2629 3082 2762 3156 jura
2790 3086 3105 3154 promotus,
3129 3079 3279 3154 quod
3308 3080 3369 3138 in
3397 3094 3590 3137 eremo
3604 3076 3762 3136 'didi-

2050 3170 2127 3229 cit
2177 3171 2238 3230 in
2290 3170 2541 3230 Ecclesia
2588 3187 2705 3230 non
2757 3171 2970 3230 omisit.
3001 3169 3231 3228 Eisdem
3280 3166 3765 3244 quippeterebat

2053 3275 2279 3333 semper
2371 3261 2631 3318 membra
2712 3260 2939 3331 ciliciis,
3006 3259 3222 3317 eisdem
3298 3262 3601 3316 contentus
3644 3260 3766 3314 erat

2050 3349 2387 3422 perexiguis
2425 3347 2737 3406 admodum
2784 3363 2850 3404 ac
2896 3345 3342 3419 despicabilibus
3380 3344 3758 3402 indumentis.

2051 3436 2226 3495 Plane
2255 3438 2398 3494 dum
2425 3435 2710 3509 juvenilis
2734 3436 2920 3492 aetatis
2951 3435 3257 3507 ingruente
3296 3439 3504 3491 natura
3530 3431 3757 3502 gravis-

2050 3526 2258 3583 simam
2299 3540 2451 3599 saepe
2490 3529 2778 3597 pateretur
2805 3522 3083 3592 acediam,
3118 3521 3488 3594 laquearibus
3526 3519 3760 3578 cellulas

2051 3614 2344 3672 funiculos
2382 3611 2727 3681 innectebat,
2757 3611 2952 3684 sicque
2982 3609 3142 3668 ulnis
3169 3608 3401 3666 insertis
3425 3605 3761 3681 psalmodite

2051 3705 2242 3762 studio
2300 3702 2590 3778 pendulus
2648 3701 2966 3759 insistebat.
3019 3701 3336 3772 Nunquam
3383 3699 3569 3772 adipe,
3602 3714 3758 3757 nun-

2051 3806 2224 3862 quam
2285 3791 2433 3861 ovis,
2465 3790 2555 3847 vel
2610 3804 2771 3846 caseo
2830 3788 3184 3847 vescebatur.
3228 3786 3297 3845 In
3351 3787 3570 3845 eisdem
3624 3801 3760 3845 vero

2050 3896 2184 3954 quae
2213 3878 2650 3951 apponebantur
2680 3874 2891 3934 eduliis
2928 3873 3252 3941 continens,
3287 3889 3421 3931 eum
3463 3871 3761 3945 frugalitas

2050 3968 2360 4037 cruciabat,
2394 3973 2459 4025 ut
2492 3965 2866 4024 discumbens
2900 3980 3013 4022 non
3059 3971 3173 4022 tam
3202 3980 3262 4022 se
3297 3964 3554 4021 reticeret
3582 3976 3757 4036 quam

2049 4065 2308 4128 certaret,
2361 4064 2416 4114 et
2472 4056 2819 4115 intestinum
2873 4053 3066 4128 potius
3111 4057 3260 4111 esset
3308 4053 3463 4124 gula;
3515 4049 3757 4121 bellum,

2051 4148 2204 4224 quod
2255 4147 2619 4204 extrinsecus
2666 4145 2970 4203 videbatur
3019 4159 3144 4202 esse
3185 4142 3546 4201 convivium.
3594 4139 3761 4214 Saepe

2051 4234 2304 4308 pugnavi
2350 4241 2414 4293 ut
2452 4235 2656 4292 saltem
2705 4234 2762 4290 in
2806 4232 3043 4290 hiemali
3082 4232 3457 4290 inclementia
3508 4230 3757 4304 frigoris,

2051 4333 2152 4383 aut
2196 4322 2496 4396 papyrinte
2523 4322 2633 4380 sibi
2675 4327 2879 4379 storeae
2911 4329 3224 4378 stramenta
3267 4327 3634 4394 supponeret,
3659 4325 3763 4396 aut

2052 4412 2294 4470 vestitus
2325 4409 2528 4468 saltem
2556 4416 2719 4468 nocte
2758 4410 3053 4467 dormiret.
3085 4410 3159 4466 At
3187 4409 3285 4466 ille
3317 4409 3381 4466 in
3421 4407 3577 4467 nuda
3613 4406 3761 4480 ligni

2053 4501 2249 4560 tabula
2287 4499 2503 4570 nudus,
2535 4499 2655 4558 sola
2686 4505 2990 4557 contentus
3029 4496 3278 4554 interula
3315 4497 3621 4556 cubitabat.
3651 4495 3762 4554 Ec-

2053 4590 2285 4648 clesiam
2313 4602 2481 4661 porro
2506 4587 2813 4660 deputabat
2839 4585 3176 4659 hospitium,
3210 4584 3541 4644 solitudinis
3568 4593 3762 4644 autem

2053 4679 2323 4738 cellulam
2373 4675 2767 4736 habitaculum
2814 4675 3176 4733 decernebat.
3232 4674 3523 4733 Inconditi
3575 4674 3764 4749 siquiv

2051 4769 2184 4825 dem
2215 4783 2405 4826 mores
2434 4765 2656 4840 populi,
2687 4772 2742 4822 et
2771 4763 3218 4836 indisciplinatae
3243 4764 3514 4834 cervices,
3545 4769 3601 4822 et
3637 4762 3764 4822 leve

251 4869 500 4928 breviter
530 4851 796 4936 referam,
829 4869 970 4926 dum
1000 4870 1060 4926 in
1095 4867 1348 4942 capitulo
1379 4865 1831 4931 consideremus,
1867 4865 2020 4942 ali-_
2047 4858 2260 4930 jugum
2311 4859 2535 4916 (Matth.
2573 4859 2659 4924 x1)
2721 4852 3366 4942 Dominiunequaquam
3397 4851 3530 4942 Asibi
3582 4851 3765 4942 patie-

249 4958 482 5030 quando
523 4958 594 5016 de
644 4933 964 5030 disciplinis
1011 4933 1378 5028 regularibus
1431 4955 1808 5027 disputantes,
1849 4933 2029 5023 ille,D
2057 4944 2268 5000 bantur
2297 4943 2558 5016 imponi;
2600 4943 2696 5000 sed
2729 4939 3072 4998 muneribus
3095 4939 3352 5030 terrenis
3390 4938 3618 5009 intenti,
3644 4954 3761 5030 non

249 5055 312 5107 ut
369 5053 490 5104 erat
538 5046 816 5115 novitius,
851 5059 1039 5103 unum
1091 5060 1165 5101 ex
1221 5043 1486 5100 saeculari
1547 5042 1970 5100 consuetudine

248 5131 644 5191 inordinatum
706 5131 944 5206 protulit
995 5130 1264 5188 verbum.
1305 5127 1473 5186 Tunc
1529 5144 1632 5201 ego
1667 5129 1830 5187 velut
1885 5128 1971 5185 ira

252 5228 563 5294 permotus,
592 5222 736 5281 dura
766 5221 902 5280 satis
941 5219 1110 5279 illum
1152 5218 1478 5277 invectione
1507 5217 1782 5292 corripui,
1817 5222 1968 5291 post-

317 5382 480 5454 (335)_
532 5382 638 5454 Ex_
679 5381 1016 5454 nobilissima
1091 5379 1624 5454 ﬁugubtnawgente
1675 5376 1956 5454 Gabriellia

253 5440 548 5510 prognatos
616 5444 785 5498 fuisse
860 5445 1011 5496 viros
1089 5440 1253 5494 hosce
1318 5440 1662 5494 venerabiles
1755 5441 1955 5504 scripta

256 5505 852 5574 nonnulla_testan_tui'_.
909 5507 982 5574 De
1040 5503 1338 5568 Rodulpbo,
1391 5502 1531 5574 sicut
1585 5504 1639 5574 et
1685 5501 1754 5553 de
1806 5501 1957 5574 Petrp

259 5567 427 5632 fratre
476 5567 584 5632 hic
647 5568 1123 5632 agitinamtanug,
1196 5561 1386 5632 ieram
1450 5567 1518 5632 de
1572 5563 1742 5616 altero
1801 5561 1956 5632 nihil.

258 5631 412 5686 nunc
468 5631 652 5684 tamen
681 5624 889 5682 'talsse
966 5630 1016 5681 Β.
1088 5627 1300 5682 Fortem
1362 5625 1597 5680 fortasse
1649 5624 1958 5690 negandum

2051 5049 2124 5091 ex
2164 5049 2262 5090 ore
2305 5032 2593 5104 pontificis
2646 5031 2746 5090 Dei
2791 5030 2980 5100 verbo,
3017 5027 3115 5086 sed
3165 5025 3312 5082 486
3365 5035 3640 5101 tanquam
3693 5027 3766 5085 de

2053 5123 2324 5181 manibus
2370 5121 2655 5195 prmsidis,
2692 5119 3011 5180 commodis
3057 5117 3384 5176 inhiabant.
3420 5117 3561 5176 Haec
3605 5116 3765 5176 enim

2054 5212 2211 5286 regio
2241 5226 2356 5286 quo
2395 5211 2579 5284 magis
2622 5210 2921 5268 invenitur
2954 5207 3146 5266 aliena
3175 5206 3417 5277 divitiis,
3459 5221 3526 5266 eo
3567 5204 3764 5281 copio-

2054 5384 2165 5435 non
2203 5371 2322 5434 erit,
2359 5369 2560 5435 quippe
2595 5371 2687 5434 qut
2736 5383 2806 5435 ex
2854 5368 3044 5435 eodem
3091 5365 3501 5435 Gabrielltomm
3539 5377 3763 5432 genere,

2059 5433 2251 5487 eodem
2309 5427 2551 5491 'sa'aciil'o,
2610 5427 2687 5483 'ac
2757 5433 2814 5482 in
2883 5431 3076 5483 eodem
3149 5427 3488 5482 Avellanensl
3543 5427 3764 5491 intona;

2058 5496 2257 5564 sterlo__
2283 5496 2486 5564 vixisse
2537 5488 2702 5564 apud
2764 5491 3139 5564 ειμιθρζῆῌμιιῃἠ
3165 5491 3465 5564 Ferrarlum
3521 5488 3767 5557 aliosque

2061 5559 2347 5618 reperitur.
2391 5557 2461 5608 De
2496 5567 2561 5608 eo
2594 5551 2718 5606 nota
2750 5556 2836 5618 die
2865 5553 2995 5618 [aii
3022 5551 3390 5618 Bollandiani,

2123 5614 2258 5686 (336)
2294 5621 2437 5673 Adde
2465 5617 2688 5683 accepit,
2725 5620 2784 5670 ut
2815 5617 2871 5670 in
2902 5615 3276 5672 Mablllonlana
3306 5614 3559 5672 editione.
