4118 6446
370 290 506 355 1011
837 295 894 357 S.
941 296 1166 356 PETRI
1203 296 1527 356 DAMIANI
1565 298 1721 358 OPP.
1766 296 1957 358 PARS
1998 298 2138 359 SEU
2177 295 2428 357 TOMUS
2466 295 2542 355 II.
2583 327 2650 338 —
2690 293 3149 355 SANCTORUM
3187 293 3411 353 VITIE.
3743 294 3885 356 1012

278 483 282 487 ,
371 410 498 477 eius
526 418 807 479 exuberat
833 418 1007 478 vitiis.
1033 420 1122 478 Ab
1155 424 1343 489 fegeno
1399 422 1688 497 siquidem
1717 423 2314 484 denominariAbene
2360 422 2633 495 prodigus
2672 420 2734 477 in
2774 435 3051 492 pauperes
3088 418 3469 492 dispergebat.
3510 418 3883 494 Congregans

373 505 610 567 videtur
640 506 997 580 Eugubium,
1028 509 1120 568 vel
1151 525 1324 581 egens
1355 510 1525 570 bono.
1555 511 1803 585 Ideoque
1834 528 1926 570 me
1960 512 2081 569 vim
2142 512 2497 587 .annualiter
2522 513 2832 584 synodum,
2884 509 3119 568 nullum
3150 516 3395 567 assuetae
3426 509 3755 580 oblationis,
3786 512 3884 569 vel

370 594 673 672 ingerente
725 604 976 669 coactus,
1019 599 1334 657 Ecclesiam
1390 616 1565 674 quam
1607 601 1904 658 dimiserat
1952 609 2083 659 voto

365 686 649 746 retinebat
678 686 894 758 ofﬁcio;
931 689 988 746 in
1023 704 1215 748 eremo
1252 695 1439 747 tamen
1486 691 1944 762 perseverantius
1972 690 2082 748 ha-

374 772 610 835 hilabat.

1040 849 1284 908 CAPUT
1314 850 1416 907 III.

875 940 1229 994 Abstinentia
1274 940 1573 1011 Rodulphi.

372 1120 379 1125 ,
445 1034 920 1121 Quandocumque
985 1046 1291 1121 impetrare
1356 1054 1573 1122 poterat
1627 1054 1693 1107 ut
1744 1046 2082 1121 hujusmodi

366 1135 535 1212 panis
571 1133 635 1195 in
676 1147 870 1203 eremo
914 1136 1098 1207 ﬁeret,
1138 1135 1341 1195 edebat
1388 1152 1620 1211 panem,
1652 1153 1767 1195 non
1814 1137 2080 1208 fratrum,

367 1240 485 1301 non
524 1224 778 1298 denique
818 1240 1171 1299 puerorum;
1211 1227 1310 1285 sed
1353 1240 1487 1284 eum
1524 1225 1627 1299 qui
1680 1225 1771 1283 vel
1816 1240 1891 1283 ex
1936 1238 2082 1297 puro

365 1313 528 1373 ﬁeret
574 1312 809 1384 hordeo,
864 1313 958 1372 vel
1006 1329 1081 1372 ex
1132 1314 1403 1373 cantabro
1452 1315 1666 1389 potius,
1698 1315 1853 1389 quod
1901 1312 2080 1386 proji-

367 1392 644 1483 ciendum
672 1398 917 1461 canibus
942 1398 1013 1460 de
1047 1417 1367 1476 puerorum
1401 1401 1653 1475 panibus
1692 1400 2079 1459 remansisset.

362 1480 436 1549 Et
488 1480 618 1549 licet
671 1497 880 1562 praeter
921 1489 1263 1548 celebriores
1301 1489 1425 1547 dies
1477 1490 1585 1548 hoc
1635 1498 1782 1548 esset
1826 1489 2080 1563 quotidie

361 1576 512 1659 pane
555 1583 882 1649 contentus,
931 1592 1272 1635 mensuram
1320 1585 1510 1636 tamen
1566 1577 1841 1635 attentius
1896 1576 2078 1650 aaqui-

369 1665 501 1724 tatis
545 1664 815 1725 lancibus
871 1665 1250 1740 appendebat.
1311 1665 1475 1723 Unde
1532 1665 1678 1723 mihi
1731 1666 2081 1739 quandoque

2168 600 2477 658 xeniorum
2518 614 2794 657 canonem
2832 614 2865 655 a
2902 597 3126 656 clericis
3174 597 3335 669 exigi
3369 598 3749 671 permittebat,
3780 599 3885 657 sed

2166 706 2240 748 ne
2308 706 2343 747 a
2422 690 2596 763 lapsis
2676 689 2913 762 quidem
2997 686 3371 763 commodum
3430 687 3685 761 aliquod,
3729 685 3882 743 487

2165 784 2373 850 praeter
2417 776 2598 835 solam
2642 776 3064 850 paenitentiam,
3107 775 3442 850 requirebat
3491 792 3503 830 :
3549 775 3737 847 Absit,
3780 776 3881 835 in-

2166 866 2389 940 quiens,
2450 871 2516 923 ut
2569 866 2858 940 synodum
2916 865 3207 935 vendam;
3252 864 3442 937 lapsos
3481 865 3656 924 etiam
3688 865 3883 939 potius

2167 954 2382 1027 erigam
2426 970 2603 1028 quam
2650 971 2725 1012 ex
2767 970 2967 1014 eorum
3017 954 3396 1013 cadaveribus
3439 957 3676 1014 corvino
3720 971 3885 1016 more

2166 1044 2561 1118 pinguescam.
2598 1044 2797 1103 Taedet
2845 1044 3090 1102 ulterius
3134 1043 3435 1102 scribendo
3472 1044 3799 1119 procedere,
3827 1050 3886 1103 et

2164 1134 2326 1192 velut
2362 1141 2629 1207 paternas
2664 1150 2699 1191 a
2754 1136 2980 1208 pictura
3022 1148 3234 1193 manus
3276 1133 3439 1193 dolor
3483 1135 3712 1194 videtur
3755 1130 3883 1194 Iea-

2166 1236 2298 1279 reus
2332 1221 2478 1294 (337)
2504 1220 2792 1280 cohibere.

2430 1308 2435 1313 θ
2459 1291 2467 1294 ’
2852 1292 3097 1351 CAPUT
3125 1291 3224 1352 IV.

2758 1385 2915 1439 Felia:
2941 1385 3120 1439 obitus
3143 1384 3280 1454 ejus.

2234 1487 2342 1547 His
2371 1487 2552 1560 igitur
2589 1494 2642 1545 et
2675 1487 3011 1562 hujusmodi
3044 1487 3327 1546 virtutum
3362 1488 3600 1548 ﬂoribus
3631 1491 3883 1549 adorna-

2165 1582 2310 1646 tum,
2346 1575 2512 1650 quasi
2541 1575 2795 1633 candens
2834 1575 3031 1634 lilium
3063 1577 3392 1636 immaturae
3426 1578 3628 1637 mortis
3665 1579 3884 1652 pruina

2162 1662 2412 1734 decoxit,
2441 1663 2519 1720 ita
2544 1671 2608 1720 ut
2635 1678 2767 1720 cum
2799 1664 2900 1720 vix
2932 1664 3165 1737 triginta
3204 1663 3336 1737 plus
3365 1664 3561 1726 minus
3586 1666 3886 1725 videretur

365 1752 721 1828 conciuest'us
772 1760 856 1812 est
900 1753 1039 1827 quia
1086 1754 1136 1811 si
1182 1754 1295 1811 sibi
1344 1769 1615 1812 mensura
1654 1754 2476 1839 concederetur,Bannorum,
2519 1751 2590 1808 ad
2639 1767 2795 1809 vera}
2824 1751 2990 1810 .lucis
3023 1753 3333 1812 Auctorem
3387 1770 3462 1813 ex
3504 1755 3612 1813 bac
3656 1754 3886 1814 infelici

365 1838 525 1904 hunc
554 1841 827 1901 eumdem
864 1857 1076 1917 panem
1116 1844 1406 1916 prurienti
1436 1843 1591 1918 gulae
1620 1843 1838 1917 largius
1875 1842 2081 1901 indul-

363 1920 544 2014 geret.
574 1926 759 1989 Tanta
785 1918 1001 2007 quippe
1026 1929 1414 2004 juvenculum
1446 1930 1743 1989 hominem
1773 1930 2085 2003 castigabat

368 1946 435 2004 ge
503 1945 544 1988 t.
574 1945 759 1989 "tanta
785 1946 1001 2007 quippe
1026 1945 1414 2004 Juvencuium
1446 1945 1743 1989 hominem
1773 1945 2080 2003 casuganat

368 1945 586 2094 magia,
618 2026 683 2079 ut
713 2020 1107 2094 undecunque
1142 2019 1415 2079 solatium
1451 2019 1716 2079 alimenti
1748 2020 2080 2094 perciperet,

365 2088 550 2189 vacuo
575 2088 775 2165 ventre
803 2088 1132 2167 stomachus
1157 2122 1273 2166 non
1304 2114 1550 2166 curaret.
1585 2088 2083 2180 Aliquando-vero

366 2194 555 2277 etiam.
575 2194 781 2255 diebus
821 2194 1141 2254 Dominicis
1172 2196 1541 2269 pulmentum
1577 2196 1864 2270 nesciens,
1896 2196 2083 2272 pomis

371 2282 599 2343 tantum
630 2289 686 2342 et
713 2300 863 2358 pane
913 2300 1048 2344 cum
1076 2300 1228 2358 aqua
1257 2285 1509 2344 vivebat.
1551 2280 1760 2345 Ferreo
1797 2286 1944 2345 circa
1980 2303 2083 2361 pe-

367 2376 497 2431 ctus
534 2370 753 2430 circulo
784 2371 1000 2446 jugiter
1036 2372 1407 2447 cingebatur;
1450 2389 1623 2446 quem
1664 2380 1853 2432 tamen
1892 2374 2083 2434 circu-

369 2458 497 2543 lum
524 2459 773 2543 subiillia
797 2460 1144 2533 dimersum,
1174 2461 1316 2520 dum
1349 2476 1545 2527 coram,
1581 2462 1858 2520 fratribus
1892 2462 2083 2521 nuda-

369 2534 559 2624 retur,
638 2530 978 2626 diligentius
1056 2530 1397 2612 occultabat.
1477 2551 1791 2626 Nunquam
1870 2552 2085 2611 scilicet

366 2641 619 2723 capitulo
669 2641 960 2723 confessor
1017 2644 1308 2721 intererat,
1350 2643 1414 2702 in
1466 2658 1583 2716 quo
1632 2658 1747 2703 non
1806 2642 2085 2717 acciperet

367 2722 755 2806 disciplinam,
813 2737 870 2790 et
896 2722 1047 2792 tunc
1080 2734 1328 2792 festivus
1373 2732 1720 2805 exsultabat,
1760 2733 1810 2791 si
1855 2748 1973 2792 non
2009 2731 2084 2791 ab

364 2826 492 2916 uno
520 2812 764 2916 tantum,
794 2819 892 2916 sed
930 2835 964 2916 a
1014 2818 1242 2916 duobus
1287 2820 1566 2896 ﬂagellari
1600 2821 1877 2916 fratribus
1910 2821 2082 2896 jube-

375 2891 554 2997 réiur.
587 2904 763 2997 Saepe
790 2898 1192 2987 paenitentiam
1239 2891 1476 2970 centum
1511 2898 1858 2997 suscipiebat
1899 2891 2085 2971 anno-

373 2994 530 3076 ium,
580 2992 756 3076 quam
795 2994 1013 3056 scilicet
1044 3013 1146 3072 per
1183 2998 1393 3073 viginti
1431 3000 1553 3058 dies
1582 2990 1851 3059 allisione
1888 3015 2085 3075 scopa-

366 3074 534 3177 :um,
581 3074 936 3177 caét'erisque
969 3086 1327 3160 paenitentiae
1378 3084 1652 3145 remediis
1703 3074 2080 3160 persolvebat.

373 3162 723 3253 Psalterium
778 3162 1057 3250 quotidie,
1110 3190 1244 3233 cum
1299 3174 1415 3234 duo
1469 3190 1588 3232 non
1640 3181 1852 3250 posset,
1897 3192 2087 3237 unum

366 3260 584 3345 saltem
606 3260 738 3345 'non
773 3262 1098 3338 negligebat
1128 3262 1388 3338 implere.
1419 3263 1581 3334 Quod
1611 3263 1914 3337 nimirum,
1956 3282 2089 3325 cum

372 3340 619 3433 essetin
676 3340 890 3411 cellula
944 3351 1310 3425 constitutus,
1357 3359 1575 3412 armata
1617 3356 1804 3430 scopis
1847 3362 2092 3432 utraque

382 3438 595 3525 manu,
613 3438 794 3500 totum
828 3455 963 3501 cum
993 3440 1301 3515 disciplina
1324 3443 1665 3503 continuare
1692 3450 2088 3504 consueverat.

446 3506 627 3619 tigris
658 3537 851 3590 autem
882 3547 1015 3589 cum
1045 3530 1107 3588 in
1137 3506 1507 3604 expeditione
1538 3538 1687 3592 esset
1722 3534 1917 3610 aliqua
1953 3550 2092 3594 con-

370 3610 658 3701 stitutus,
690 3616 1050 3694 quantalibet
1089 3619 1452 3695 intempestae
1487 3622 1671 3681 noctis
1706 3623 2094 3698 profunditate

375 3700 768 3799 consurgeret,
803 3710 981 3771 nudis
1004 3727 1231 3787 semper
1257 3712 1528 3772 cruribus
1554 3721 1611 3771 et
1635 3714 1879 3788 pedibus
1908 3730 2093 3788 usque

379 3794 522 3886 eum
562 3794 963 3874 'dilucesceret,
998 3800 1241 3876 psallere
1289 3817 1407 3860 non
1451 3802 1725 3861 cessabat.
1769 3801 1952 3872 Quam
2002 3803 2093 3861 vi-

383 3888 588 3951 delicet
657 3890 1169 3962 consuetudinem,
1225 3892 1368 3949 dum
1420 3891 1483 3949 in
1549 3889 1693 3949 cella
1739 3892 2090 3962 consisteret,

374 3962 588 4059 diebus
621 3993 688 4038 ac
727 3974 993 4038 noctibus
1033 3979 1160 4038 sine
1194 3976 1510 4037 cessatione
1554 3979 1835 4038 servabat.
1878 3978 2094 4050 Quam-

381 4066 527 4151 libet
584 4067 782 4151 gravis
848 4068 1059 4127 bruma
1127 4068 1451 4143 rigesceret,
1506 4070 1866 4145 simplicibus
1917 4071 2095 4130 soccis

379 4147 683 4217 muniebat
717 4156 911 4230 pedes,
945 4173 1078 4217 cum
1118 4162 1311 4217 tamen
1352 4159 1525 4219 frater
1563 4163 1689 4231 ejus
1719 4160 1857 4220 solis
1890 4159 2095 4218 calceis

371 4240 694 4305 contentus
749 4252 916 4304 esset.
962 4246 1129 4321 Saepe
1173 4263 1266 4305 me
1319 4263 1422 4320 per
1471 4247 1835 4307 clementiam
1885 4250 2094 4309 Christi

384 4326 721 4393 terribiliter
745 4333 1065 4407 adjurabat,
1097 4342 1163 4394 ut
1191 4335 1241 4392 si
1283 4335 1517 4408 quando
1556 4336 1811 4396 fortassis
1848 4338 2092 4397 excede-

2163 1842 2296 1900 luce
2343 1840 2615 1914 migravit
2671 1839 2839 1910 (338).
2901 1843 3312 1898 Consummatus
3389 1842 3543 1899 enim
3593 1847 3653 1899 in
3710 1845 3884 1909 brevi,

2163 1931 2313 1990 sicut
2373 1928 2667 2009 Scriptura
2724 1929 2982 2002 loquitur
3013 1974 3026 1999 ,
3088 1932 3329 2001 explevit
3388 1937 3629 2003 tempora
3681 1934 3882 1990 multa.

2162 2025 2379 2079 Placita
2419 2024 2561 2076 enim
2604 2025 2720 2075 erat
2759 2022 2864 2075 Deo
2914 2022 3101 2075 anima
3146 2023 3302 2076 illius
3333 2022 3481 2093 (Sap.
3512 2022 3711 2096 V1)..Et
3749 2023 3887 2097 jure

2165 2116 2602 2169 consummatus
2636 2109 2696 2165 in
2723 2108 2910 2179 brevi,
2944 2108 3129 2167 multa
3163 2117 3413 2183 tempora
3440 2110 3654 2168 dicitur
3677 2110 3883 2185 exple-

2164 2197 2342 2265 visse,
2371 2198 2529 2271 quia,
2563 2197 2704 2255 dum
2733 2198 2795 2255 in
2822 2213 2891 2255 eo
2922 2212 3100 2270 parvo
3129 2197 3283 2271 quod
3315 2197 3467 2256 vixit
3488 2199 3733 2274 justitiee
3764 2204 3885 2258 tra-

2167 2287 2367 2345 mitem
2415 2286 2639 2357 tenuit,
2687 2294 2971 2361 quantum
3020 2287 3091 2344 ad
3145 2302 3206 2343 se
3261 2287 3456 2344 omnia
3510 2292 3767 2359 tempora
3817 2288 3885 2345 in

2166 2376 2514 2450 obsequium
2554 2375 2877 2435 Conditoris
2907 2374 3205 2448 expendit.
3240 2374 3417 2433 Plane
3445 2374 3728 2450 quidquid
3760 2374 3887 2434 illic

2166 2465 2238 2524 de
2269 2472 2464 2525 sancto
2491 2464 2619 2524 viro
2650 2464 2942 2538 Sapientia
2968 2462 3244 2536 loquitur,
3275 2463 3353 2521 ita
3398 2463 3537 2523 huic
3558 2478 3662 2536 per
3685 2464 3887 2524 omnia

2167 2555 2450 2629 congruit,
2505 2569 2571 2612 ac
2626 2553 2674 2611 si
2726 2552 2798 2611 de
2843 2552 2945 2610 illo
2993 2552 3316 2625 specialiter
3366 2550 3649 2609 diceretur
3681 2571 3693 2609 :
3725 2554 3887 2609 Sene-

2169 2651 2306 2711 ctus,
2336 2644 2547 2719 inquit,
2581 2646 2909 2700 venerabilis
2939 2648 3037 2714 est,
3068 2659 3176 2699 non
3220 2642 3485 2698 diuturna
3528 2658 3625 2697 nec
3661 2656 3887 2699 numero

2170 2752 2437 2791 annorum
2478 2738 2809 2806 computata.
2847 2734 2983 2791 Cani
3010 2736 3139 2788 sunt
3168 2736 3350 2787 autem
3393 2748 3581 2788 sensus
3624 2733 3881 2797 hantim's,

2170 2829 2222 2879 et
2266 2829 2399 2879 aetas
2439 2824 2728 2878 senectutis
2754 2823 2872 2875 vita
2901 2822 3278 2885 immaculata,
3304 2822 3529 2891 placens
3555 2823 3682 2877 Deo.
3708 2814 3887 2879 ’Unde

2168 2919 2226 2969 et
2266 2910 2528 2984 sequitur
2558 2932 2570 2965 :
2600 2912 2797 2965 Factus
2839 2909 3089 2971 dilectus,
3121 2912 3171 2962 et
3215 2911 3402 2963 vivens
3439 2912 3583 2964 inter
3626 2912 3883 2980 peccatao

2168 3015 2275 3063 res,
2322 3000 2623 3054 translatus
2675 3001 2772 3053 est.
2830 2996 3044 3067 Raptus
3095 3000 3193 3061 est,
3247 3012 3314 3051 ne
3369 3000 3590 3054 malitia
3645 3004 3885 3055 mutaret

2172 3088 2504 3143 intellectum
2551 3084 2688 3155 ejus,
2717 3074 2815 3141 aut
2859 3102 2927 3141 ne
2970 3087 3117 3156 ﬁctio
3154 3087 3425 3158 deciperet
3467 3091 3709 3144 animam
3737 3086 3879 3157 εγω.

2170 3168 2400 3249 Propter
2423 3178 2518 3232 hoc
2535 3179 2855 3248 properavit
2884 3176 3106 3231 educere
3130 3176 3290 3232 illum
3321 3177 3388 3232 de
3414 3178 3589 3233 medio
3616 3176 3886 3249 iniquita-

2172 3270 2244 3324 tis
2274 3268 2475 3341 (Ibid.).

2848 3336 3091 3396 CAPUT
3139 3336 3209 3397 ν.

2418 3430 2552 3486 Vita
2581 3428 2908 3484 venerabilis
2936 3429 3048 3483 viri
3073 3429 3346 3485 Dominict'
3372 3426 3631 3486 Loriodti.

2247 3535 2358 3597 Sed
2385 3552 2536 3607 ecce,
2567 3537 2711 3596 dum
2744 3537 2922 3612 hujus
2959 3537 3217 3612 epistolae
3247 3537 3503 3611 gerulus,
3544 3536 3645 3611 qui
3672 3536 3747 3596 ad
3780 3544 3888 3597 vbs

2172 3625 2370 3684 veniat
2396 3627 2680 3699 quaeritur
2717 3634 2772 3684 et
2809 3641 2923 3684 non
2958 3627 3230 3701 suppetit,
3259 3632 3493 3700 repente
3528 3624 3690 3684 aliud
3726 3625 3887 3701 quod

2173 3715 2413 3773 uberius
2449 3715 2522 3773 ad
2554 3715 3001 3775 aedificationem
3033 3716 3306 3790 proiicere
3343 3715 3546 3784 valeat,
3577 3716 3627 3772 si
3664 3715 3887 3774 scriba-

2173 3809 2292 3874 tur,
2332 3805 2604 3863 occurrit.
2634 3805 2705 3863 Et
2744 3805 3003 3863 fortassis
3043 3804 3116 3862 ob
3162 3805 3269 3863 hoc
3308 3804 3552 3863 nuntius
3599 3803 3747 3862 mihi
3792 3820 3893 3864 su-

2174 3910 2352 3968 perna
2395 3894 2771 3968 dispositione
2824 3894 3206 3965 subtrahitur,
3244 3900 3310 3953 ut
3357 3893 3611 3966 interim,
3655 3901 3892 3953 vacante

2176 3997 2288 4053 me,
2319 3981 2507 4056 stylus
2534 3982 2605 4041 ad
2643 3981 2805 4041 aliud
2837 3983 3236 4040 transferatur.
3274 3979 3378 4039 Vir
3404 3979 3597 4056 itaque
3630 3981 3737 4041 Dei
3773 3981 3892 4043 Do-

2175 4068 2426 4129 minicus
2459 4078 2635 4145 pater,
2665 4078 2721 4130 et
2751 4071 3027 4132 dominus
3066 4085 3232 4129 meus
3268 4078 3401 4129 ante
3427 4087 3648 4130 annum
3678 4072 3893 4131 defun-

2177 4164 2302 4217 ctus
2328 4166 2430 4229 est,
2465 4159 2632 4233 cujus
2682 4161 2798 4218 vita
2846 4160 2894 4217 si
2928 4159 3228 4229 scribatur,
3262 4175 3467 4218 vereor
3509 4176 3584 4218 ne
3635 4162 3896 4222 fortassis

2177 4263 2212 4304 a
2257 4248 2606 4322 quibusdam
2667 4248 2943 4306 fratribus
2998 4247 3363 4306 incredibilis
3406 4247 3717 4322 judicetur.
3774 4249 3888 4311 Sed

2178 4337 2327 4395 absit
2364 4354 2398 4395 a
2436 4353 2529 4395 me
2570 4337 2935 4396 mendacium
2968 4336 3238 4396 scribere.
3273 4336 3418 4395 Nam
3449 4339 3551 4412 qui
3587 4340 3890 4399 veritatem

364 4410 491 4497 “ret,
530 4436 897 4498 nequaquam
951 4438 1043 4480 me
1101 4423 1174 4481 ab
1228 4427 1353 4495 ejus
1408 4424 1764 4500 correptione
1806 4426 2280 4503 subduce-_pro
2304 4428 2527 4487 viribus
2564 4431 2845 4487 veraciter
2874 4428 3016 4499 colo,
3046 4433 3437 4487 commentum
3466 4410 3725 4488 iallaciae
3770 4445 3890 4489 non

381 4492 529 4584 rem,
560 4492 659 4571 sed
686 4492 919 4591 omnem
959 4510 1018 4570 in
1063 4528 1131 4572 eo
1172 4492 1494 4588 disciplinae
1532 4492 1793 4590 modum,
1825 4518 1927 4593 qui
1965 4492 2437 4581 mo-Dadmitto.
2492 4517 2693 4591 Neque
2732 4517 2890 4574 enim
2938 4492 3084 4574 illud
3139 4532 3244 4575 nos
3292 4514 3428 4575 latet
3468 4518 3745 4591 Apostoli,
3786 4520 3891 4593 qui

378 4592 582 4683 nachis
626 4599 958 4672 debebatur,
1013 4602 1334 4678 implerem.
1392 4604 1477 4663 Ita
1520 4606 1690 4679 plane
1733 4614 1787 4666 et
1834 4592 2093 4683 regulam
2176 4620 2311 4663 cum
2355 4606 2727 4679 praemisisset
2764 4625 2776 4661 :
2819 4608 2883 4662 Si
2917 4607 3162 4663 Christus
3200 4622 3308 4662 non
3344 4610 3664 4672 resurremit,
3702 4592 3891 4666 inanis

384 4680 656 4750 monachi
700 4700 757 4750 et
786 4692 1182 4752 auctoritatem
1219 4692 1466 4768 episcopi
1512 4696 1620 4753 sub
1656 4697 1877 4756 alterna
1903 4680 2092 4757 Vvicis—
2178 4698 2258 4749 est
2310 4710 2433 4761 ergo
2477 4694 2803 4764 Pt‘wdicatio
2850 4701 3068 4761 nostra;
3100 4701 3307 4766 ριέθεῑο
3350 4694 3655 4768 subiunxit
3685 4715 3696 4753 ε
3726 4699 3891 4754 Inve-

383 4772 639 4841 situdine
667 4778 1036 4841 laudabiliter
1059 4782 1416 4842 observabat.
1448 4784 1778 4858 Opportune
1805 4787 2092 4860 siquidem
2176 4786 2363 4838 nimur
2400 4788 2577 4838 autem
2633 4778 2780 4836 488
2832 4788 2883 4838 ηε
2908 4785 3048 4851 falsi
3077 4787 3236 4839 testes
3274 4787 3393 4849 Dei,
3422 4786 3680 4855 quoniam
3730 4788 3889 4842 testi-

364 4872 449 4949 ‘et
526 4862 910 4945 inopportune
981 4871 1156 4930 verbo
1229 4873 1659 4945 praedicationis
1714 4873 1982 4944 instabat,
2041 4884 2097 4934 et
2176 4875 2415 4927 monium
2490 4872 2736 4926 discimus
2815 4873 3075 4929 adversus
3147 4877 3335 4940 Deum,
3392 4878 3489 4945 qui
3539 4877 3890 4933 suscitaverit

386 4948 672 5034 quidquid
723 4958 1053 5019 domesticis
1091 4960 1390 5035 subripere
1435 4962 1663 5022 valebat
1706 4964 2000 5037 expensis,
2042 4972 2098 5024 et

428 5169 583 5241 X337)
642 5167 831 5227 laurus
893 5170 1088 5224 Daedali
1158 5170 1319 5231 illius,
1382 5173 1624 5237 paternis
1700 5172 1917 5225 monitis
1986 5186 2094 5226 non

382 5241 786 5307 obtemperans,
829 5242 1032 5295 misere
1084 5243 1261 5308 periit,
1303 5256 1370 5296 ex
1416 5244 1599 5296 Ovidio
1635 5243 1726 5296 lib.
1770 5257 1873 5297 vni
1923 5242 2095 5296 Meta-

386 5311 631 5379 πιονριιηΔ
650 5311 1004 5366 Πιωιιοηίιιε.

447 5384 584 5450 (338)
637 5382 844 5439 Nullam
908 5383 1186 5450 Rodulpho
1252 5388 1659 5440 venerationem
1722 5389 1790 5441 ab
1860 5389 2086 5453 Eugubi-

389 5454 477 5509 nis
531 5454 774 5510 exhiberi
832 5457 1267 5511 animadvertunt
1329 5456 1669 5512 Bollandistae
1719 5460 1786 5513 ad
1837 5461 1978 5513 diem
2036 5462 2097 5512 ‘26

391 5523 588 5598 lanii:
609 5526 802 5598 terum
832 5538 835 5539 '
862 5530 983 5595 ejus
1039 5530 1303 5583 memoria
1369 5534 1542 5583 exstat
1600 5533 1656 5583 in
1711 5532 2098 5598 martyrologio

393 5592 739 5654 Benedictibo
772 5592 1048 5667 "Menardi,
1108 5601 1162 5656 in
1229 5602 1537 5667 menologto
1594 5592 1877 5668 Bucelltni',
1931 5605 1987 5656 et
2011 5592 2100 5661 ἰιι

2180 4960 2472 5023 Christum,
2506 4976 2663 5029 quem
2707 4976 2815 5015 non
2847 4963 3156 5027 suscitavit,
3197 4964 3248 5017 si
3290 4966 3493 5017 mortui
3544 4979 3651 5017 non
3697 4978 3885 5018 resur-

2178 5173 2422 5239 catalogo
2485 5171 2731 5228 Ferrarii.
2788 5171 2878 5233 qui
2936 5169 3081 5222 cultu
3132 5169 3348 5235 publico
3399 5184 3521 5223 eum
3571 5173 3714 5235 apud
3776 5173 3884 5223 Eu-

2177 5243 2409 5308 gubtnos
2457 5241 2709 5293 honorari
2766 5241 2822 5291 in
2873 5242 3017 5293 notis
3058 5241 3125 5292 ad
3168 5243 3345 5307 ipsum
3385 5243 3687 5306 catalogum
3739 5243 3889 5294 indi-

2178 5315 2352 5372 cavit;
2414 5314 2555 5377 quod
2617 5316 2775 5365 etiam
2827 5312 3117 5365 Jacobillus
3168 5314 3378 5375 repetit,
3434 5313 3641 5365 addens
3686 5325 3890 5378 corpus

2178 5387 2299 5450 ejus
2348 5388 2400 5436 in
2454 5386 2626 5437 veteri
2674 5385 2953 5448 Eugubina
3007 5384 3245 5436 ecclesia
3298 5384 3594 5448 humatum,
3649 5385 3774 5437 inde
3827 5385 3884 5437 in

2181 5459 2404 5508 alteram
2446 5457 2762 5509 translatum
2803 5457 2991 5519 fuisse,
3040 5454 3422 5520 conditumque
3464 5455 3564 5508 sub
3613 5467 3709 5508 ara
3760 5459 3887 5522 eius

2181 5532 2386 5582 nomini
2416 5540 2591 5582 sacra.
