  <div class='ocr_page' id='page_1' title='image "/cluster/home/n/w/nwhite01/storage/ocr_20150623/144/umn.31951002477437p/548.png"; bbox 0 0 4118 6442; ppageno 0'>
   <div class='ocr_carea' id='block_1_1' title="bbox 254 307 398 367">
    <p class='ocr_par' dir='ltr' id='par_1_1' title="bbox 254 307 398 367">
     <span class='ocr_line' id='line_1_1' title="bbox 254 307 398 367; baseline 0 -2"><span class='ocrx_word' id='word_1_1' title='bbox 254 307 398 367; x_wconf 77' lang='grc'>1013</span> 
     </span>
    </p>
   </div>
   <div class='ocr_carea' id='block_1_2' title="bbox 251 519 1975 596">
    <p class='ocr_par' dir='ltr' id='par_1_2' title="bbox 251 519 1975 596">
     <span class='ocr_line' id='line_1_2' title="bbox 251 519 1975 596; baseline 0 -16"><span class='ocrx_word' id='word_1_2' title='bbox 251 521 471 592; x_wconf 82' lang='lat' dir='ltr'>verbis,</span> <span class='ocrx_word' id='word_1_3' title='bbox 502 526 570 579; x_wconf 91' lang='lat' dir='ltr'>ut</span> <span class='ocrx_word' id='word_1_4' title='bbox 592 536 710 579; x_wconf 90' lang='lat' dir='ltr'>non</span> <span class='ocrx_word' id='word_1_5' title='bbox 732 520 960 579; x_wconf 88' lang='lat' dir='ltr'>diutius</span> <span class='ocrx_word' id='word_1_6' title='bbox 991 519 1390 591; x_wconf 91' lang='lat' dir='ltr'>immoremur,</span> <span class='ocrx_word' id='word_1_7' title='bbox 1421 519 1481 577; x_wconf 90' lang='lat' dir='ltr'>iu</span> <span class='ocrx_word' id='word_1_8' title='bbox 1510 529 1776 596; x_wconf 90' lang='lat' dir='ltr'>promptu</span> <span class='ocrx_word' id='word_1_9' title='bbox 1801 521 1975 580; x_wconf 83' lang='lat' dir='ltr'>lector</span> 
     </span>
    </p>
   </div>
   <div class='ocr_carea' id='block_1_3' title="bbox 254 606 1972 683">
    <p class='ocr_par' dir='ltr' id='par_1_3' title="bbox 254 606 1972 683">
     <span class='ocr_line' id='line_1_3' title="bbox 254 606 1972 683; baseline 0 -16"><span class='ocrx_word' id='word_1_10' title='bbox 254 607 549 683; x_wconf 83' lang='lat' dir='ltr'>intelligit,</span> <span class='ocrx_word' id='word_1_11' title='bbox 581 608 858 681; x_wconf 88' lang='lat' dir='ltr'>quoniam</span> <span class='ocrx_word' id='word_1_12' title='bbox 901 608 1004 682; x_wconf 90' lang='lat' dir='ltr'>qui</span> <span class='ocrx_word' id='word_1_13' title='bbox 1043 607 1137 665; x_wconf 85' lang='lat' dir='ltr'>vel</span> <span class='ocrx_word' id='word_1_14' title='bbox 1187 606 1397 676; x_wconf 90' lang='lat' dir='ltr'>Deum,</span> <span class='ocrx_word' id='word_1_15' title='bbox 1447 608 1537 666; x_wconf 92' lang='lat' dir='ltr'>vel</span> <span class='ocrx_word' id='word_1_16' title='bbox 1593 609 1695 668; x_wconf 93' lang='lat' dir='ltr'>Dei</span> <span class='ocrx_word' id='word_1_17' title='bbox 1740 624 1972 668; x_wconf 91' lang='lat' dir='ltr'>servum</span> 
     </span>
    </p>
   </div>
   <div class='ocr_carea' id='block_1_4' title="bbox 253 695 1972 773">
    <p class='ocr_par' dir='ltr' id='par_1_4' title="bbox 253 695 1972 773">
     <span class='ocr_line' id='line_1_4' title="bbox 253 695 1972 773; baseline -0.001 -15"><span class='ocrx_word' id='word_1_18' title='bbox 253 695 529 758; x_wconf 86' lang='lat' dir='ltr'>mirabile</span> <span class='ocrx_word' id='word_1_19' title='bbox 568 698 709 773; x_wconf 91' lang='lat' dir='ltr'>quid</span> <span class='ocrx_word' id='word_1_20' title='bbox 742 698 945 757; x_wconf 86' lang='lat' dir='ltr'>fecisse</span> <span class='ocrx_word' id='word_1_21' title='bbox 983 698 1283 770; x_wconf 84' lang='lat' dir='ltr'>conﬁngit,</span> <span class='ocrx_word' id='word_1_22' title='bbox 1324 714 1440 757; x_wconf 91' lang='lat' dir='ltr'>non</span> <span class='ocrx_word' id='word_1_23' title='bbox 1491 698 1661 758; x_wconf 93' lang='lat' dir='ltr'>modo</span> <span class='ocrx_word' id='word_1_24' title='bbox 1713 700 1972 758; x_wconf 79' lang='lat' dir='ltr'>fabricati</span> 
     </span>
    </p>
   </div>
   <div class='ocr_carea' id='block_1_5' title="bbox 252 788 1973 865">
    <p class='ocr_par' dir='ltr' id='par_1_5' title="bbox 252 788 1973 865">
     <span class='ocr_line' id='line_1_5' title="bbox 252 788 1973 865; baseline -0.001 -14"><span class='ocrx_word' id='word_1_25' title='bbox 252 788 535 865; x_wconf 66' lang='lat' dir='ltr'>praeconii</span> <span class='ocrx_word' id='word_1_26' title='bbox 560 789 875 863; x_wconf 66' lang='lat' dir='ltr'>praemium</span> <span class='ocrx_word' id='word_1_27' title='bbox 897 804 1013 846; x_wconf 90' lang='lat' dir='ltr'>non</span> <span class='ocrx_word' id='word_1_28' title='bbox 1049 796 1323 860; x_wconf 91' lang='lat' dir='ltr'>meretur,</span> <span class='ocrx_word' id='word_1_29' title='bbox 1346 806 1551 849; x_wconf 91' lang='lat' dir='ltr'>verum</span> <span class='ocrx_word' id='word_1_30' title='bbox 1576 791 1750 849; x_wconf 89' lang='lat' dir='ltr'>etiam</span> <span class='ocrx_word' id='word_1_31' title='bbox 1776 788 1973 849; x_wconf 89' lang='lat' dir='ltr'>adver-</span> 
     </span>
    </p>
   </div>
   <div class='ocr_carea' id='block_1_6' title="bbox 256 876 1971 952">
    <p class='ocr_par' dir='ltr' id='par_1_6' title="bbox 256 876 1971 952">
     <span class='ocr_line' id='line_1_6' title="bbox 256 876 1971 952; baseline 0.001 -16"><span class='ocrx_word' id='word_1_32' title='bbox 256 893 359 937; x_wconf 89' lang='lat' dir='ltr'>sus</span> <span class='ocrx_word' id='word_1_33' title='bbox 395 892 533 936; x_wconf 91' lang='lat' dir='ltr'>eum</span> <span class='ocrx_word' id='word_1_34' title='bbox 563 892 742 951; x_wconf 90' lang='lat' dir='ltr'>quem</span> <span class='ocrx_word' id='word_1_35' title='bbox 772 876 1125 951; x_wconf 85' lang='lat' dir='ltr'>laudaverat,</span> <span class='ocrx_word' id='word_1_36' title='bbox 1162 878 1375 937; x_wconf 87' lang='lat' dir='ltr'>falsum</span> <span class='ocrx_word' id='word_1_37' title='bbox 1404 880 1806 939; x_wconf 87' lang='lat' dir='ltr'>testimonium</span> <span class='ocrx_word' id='word_1_38' title='bbox 1837 894 1971 952; x_wconf 93' lang='lat' dir='ltr'>pro-</span> 
     </span>
    </p>
   </div>
   <div class='ocr_carea' id='block_1_7' title="bbox 261 965 885 1027">
    <p class='ocr_par' dir='ltr' id='par_1_7' title="bbox 261 965 885 1027">
     <span class='ocr_line' id='line_1_7' title="bbox 261 965 885 1027; baseline -0.006 0"><span class='ocrx_word' id='word_1_39' title='bbox 261 965 465 1027; x_wconf 83' lang='lat' dir='ltr'>tulisse</span> <span class='ocrx_word' id='word_1_40' title='bbox 500 965 885 1025; x_wconf 86' lang='lat' dir='ltr'>convincitur.</span> 
     </span>
    </p>
   </div>
   <div class='ocr_carea' id='block_1_8' title="bbox 931 1034 1299 1096">
    <p class='ocr_par' dir='ltr' id='par_1_8' title="bbox 931 1034 1299 1096">
     <span class='ocr_line' id='line_1_8' title="bbox 931 1034 1299 1096; baseline 0.003 -3"><span class='ocrx_word' id='word_1_41' title='bbox 931 1034 1174 1094; x_wconf 70' lang='lat' dir='ltr'><strong>CAPUT</strong></span> <span class='ocrx_word' id='word_1_42' title='bbox 1203 1038 1299 1096; x_wconf 92' lang='lat' dir='ltr'>VI.</span> 
     </span>
    </p>
   </div>
   <div class='ocr_carea' id='block_1_9' title="bbox 776 1128 1445 1184">
    <p class='ocr_par' dir='ltr' id='par_1_9' title="bbox 776 1128 1445 1184">
     <span class='ocr_line' id='line_1_9' title="bbox 776 1128 1445 1184; baseline 0.001 -1"><span class='ocrx_word' id='word_1_43' title='bbox 776 1130 866 1184; x_wconf 86' lang='lat' dir='ltr'>Fit</span> <span class='ocrx_word' id='word_1_44' title='bbox 890 1128 1181 1183; x_wconf 85' lang='lat' dir='ltr'>monachus</span> <span class='ocrx_word' id='word_1_45' title='bbox 1204 1130 1445 1184; x_wconf 85' lang='lat' dir='ltr'>eremita.</span> 
     </span>
    </p>
   </div>
   <div class='ocr_carea' id='block_1_10' title="bbox 330 1233 1971 1309">
    <p class='ocr_par' dir='ltr' id='par_1_10' title="bbox 330 1233 1971 1309">
     <span class='ocr_line' id='line_1_10' title="bbox 330 1233 1971 1309; baseline -0.001 -13"><span class='ocrx_word' id='word_1_46' title='bbox 330 1233 670 1296; x_wconf 90' lang='lat' dir='ltr'>Dominicus</span> <span class='ocrx_word' id='word_1_47' title='bbox 712 1236 912 1309; x_wconf 87' lang='lat' dir='ltr'>itaque</span> <span class='ocrx_word' id='word_1_48' title='bbox 964 1249 1098 1293; x_wconf 92' lang='lat' dir='ltr'>cum</span> <span class='ocrx_word' id='word_1_49' title='bbox 1142 1239 1290 1291; x_wconf 87' lang='lat' dir='ltr'>esset</span> <span class='ocrx_word' id='word_1_50' title='bbox 1334 1233 1397 1291; x_wconf 91' lang='lat' dir='ltr'>in</span> <span class='ocrx_word' id='word_1_51' title='bbox 1439 1234 1653 1293; x_wconf 61' lang='lat' dir='ltr'>saeculo</span> <span class='ocrx_word' id='word_1_52' title='bbox 1706 1234 1971 1307; x_wconf 86' lang='lat' dir='ltr'>clericus,</span> 
     </span>
    </p>
   </div>
   <div class='ocr_carea' id='block_1_11' title="bbox 257 1323 1974 1400">
    <p class='ocr_par' dir='ltr' id='par_1_11' title="bbox 257 1323 1974 1400">
     <span class='ocr_line' id='line_1_11' title="bbox 257 1323 1974 1400; baseline 0.001 -16"><span class='ocrx_word' id='word_1_53' title='bbox 257 1324 397 1398; x_wconf 86' lang='lat' dir='ltr'>quia</span> <span class='ocrx_word' id='word_1_54' title='bbox 447 1330 586 1383; x_wconf 89' lang='lat' dir='ltr'>tunc</span> <span class='ocrx_word' id='word_1_55' title='bbox 621 1325 937 1385; x_wconf 89' lang='lat' dir='ltr'>simoniaca</span> <span class='ocrx_word' id='word_1_56' title='bbox 978 1323 1207 1398; x_wconf 86' lang='lat' dir='ltr'>vigebat</span> <span class='ocrx_word' id='word_1_57' title='bbox 1245 1325 1502 1397; x_wconf 57' lang='lat' dir='ltr'>haeresis,</span> <span class='ocrx_word' id='word_1_58' title='bbox 1548 1341 1683 1400; x_wconf 59' lang='lat' dir='ltr'>quae</span> <span class='ocrx_word' id='word_1_59' title='bbox 1715 1333 1772 1384; x_wconf 93' lang='lat' dir='ltr'>et</span> <span class='ocrx_word' id='word_1_60' title='bbox 1816 1342 1974 1385; x_wconf 92' lang='lat' dir='ltr'>nunc</span> 
     </span>
    </p>
   </div>
   <div class='ocr_carea' id='block_1_12' title="bbox 259 1414 1970 1490">
    <p class='ocr_par' dir='ltr' id='par_1_12' title="bbox 259 1414 1970 1490">
     <span class='ocr_line' id='line_1_12' title="bbox 259 1414 1970 1490; baseline 0 -17"><span class='ocrx_word' id='word_1_61' title='bbox 259 1414 487 1474; x_wconf 89' lang='lat' dir='ltr'>utinam</span> <span class='ocrx_word' id='word_1_62' title='bbox 514 1431 751 1489; x_wconf 87' lang='lat' dir='ltr'>prorsus</span> <span class='ocrx_word' id='word_1_63' title='bbox 789 1422 938 1476; x_wconf 89' lang='lat' dir='ltr'>esset</span> <span class='ocrx_word' id='word_1_64' title='bbox 974 1414 1278 1487; x_wconf 88' lang='lat' dir='ltr'>exstincta,</span> <span class='ocrx_word' id='word_1_65' title='bbox 1330 1422 1397 1474; x_wconf 91' lang='lat' dir='ltr'>ut</span> <span class='ocrx_word' id='word_1_66' title='bbox 1443 1418 1739 1490; x_wconf 75' lang='lat' dir='ltr'>presbyter</span> <span class='ocrx_word' id='word_1_67' title='bbox 1788 1416 1970 1487; x_wconf 81' lang='lat' dir='ltr'>fieret,</span> 
     </span>
    </p>
   </div>
   <div class='ocr_carea' id='block_1_13' title="bbox 260 1507 1972 1584">
    <p class='ocr_par' dir='ltr' id='par_1_13' title="bbox 260 1507 1972 1584">
     <span class='ocr_line' id='line_1_13' title="bbox 260 1507 1972 1584; baseline 0.001 -21"><span class='ocrx_word' id='word_1_68' title='bbox 260 1521 298 1563; x_wconf 89' lang='lat' dir='ltr'>a</span> <span class='ocrx_word' id='word_1_69' title='bbox 340 1507 678 1580; x_wconf 89' lang='lat' dir='ltr'>parentibus</span> <span class='ocrx_word' id='word_1_70' title='bbox 719 1507 847 1582; x_wconf 89' lang='lat' dir='ltr'>ejus</span> <span class='ocrx_word' id='word_1_71' title='bbox 896 1508 1026 1566; x_wconf 90' lang='lat' dir='ltr'>data</span> <span class='ocrx_word' id='word_1_72' title='bbox 1077 1513 1162 1566; x_wconf 93' lang='lat' dir='ltr'>est</span> <span class='ocrx_word' id='word_1_73' title='bbox 1199 1508 1465 1582; x_wconf 91' lang='lat' dir='ltr'>episcopo</span> <span class='ocrx_word' id='word_1_74' title='bbox 1507 1509 1751 1567; x_wconf 69' lang='lat' dir='ltr'>hirciuaa</span> <span class='ocrx_word' id='word_1_75' title='bbox 1804 1508 1972 1584; x_wconf 91' lang='lat' dir='ltr'>pellis</span> 
     </span>
    </p>
   </div>
   <div class='ocr_carea' id='block_1_14' title="bbox 258 1593 1972 1671">
    <p class='ocr_par' dir='ltr' id='par_1_14' title="bbox 258 1593 1972 1671">
     <span class='ocr_line' id='line_1_14' title="bbox 258 1593 1972 1671; baseline 0.001 -18"><span class='ocrx_word' id='word_1_76' title='bbox 258 1593 440 1667; x_wconf 85' lang='lat' dir='ltr'>aluta,</span> <span class='ocrx_word' id='word_1_77' title='bbox 489 1596 652 1668; x_wconf 88' lang='lat' dir='ltr'>quia,</span> <span class='ocrx_word' id='word_1_78' title='bbox 692 1596 842 1655; x_wconf 90' lang='lat' dir='ltr'>sicut</span> <span class='ocrx_word' id='word_1_79' title='bbox 878 1597 960 1654; x_wconf 90' lang='lat' dir='ltr'>ait</span> <span class='ocrx_word' id='word_1_80' title='bbox 1008 1596 1355 1671; x_wconf 82' lang='lat' dir='ltr'>Apostolus:</span> <span class='ocrx_word' id='word_1_81' title='bbox 1384 1600 1754 1668; x_wconf 80' lang='lat' dir='ltr'>Diligentibus</span> <span class='ocrx_word' id='word_1_82' title='bbox 1802 1603 1972 1655; x_wconf 88' lang='lat' dir='ltr'>Deum</span> 
     </span>
    </p>
   </div>
   <div class='ocr_carea' id='block_1_15' title="bbox 259 1689 1973 1761">
    <p class='ocr_par' dir='ltr' id='par_1_15' title="bbox 259 1689 1973 1761">
     <span class='ocr_line' id='line_1_15' title="bbox 259 1689 1973 1761; baseline 0.004 -19"><span class='ocrx_word' id='word_1_83' title='bbox 259 1689 444 1743; x_wconf 85' lang='lat' dir='ltr'>omnia</span> <span class='ocrx_word' id='word_1_84' title='bbox 496 1694 850 1761; x_wconf 82' lang='lat' dir='ltr'>cooperantur</span> <span class='ocrx_word' id='word_1_85' title='bbox 893 1692 952 1745; x_wconf 87' lang='lat' dir='ltr'>in</span> <span class='ocrx_word' id='word_1_86' title='bbox 999 1691 1192 1746; x_wconf 88' lang='lat' dir='ltr'>bonum</span> <span class='ocrx_word' id='word_1_87' title='bbox 1248 1691 1416 1761; x_wconf 84' lang='lat' dir='ltr'>(Rom.</span> <span class='ocrx_word' id='word_1_88' title='bbox 1474 1692 1620 1760; x_wconf 87' lang='lat' dir='ltr'>VIlI),</span> <span class='ocrx_word' id='word_1_89' title='bbox 1677 1690 1802 1748; x_wconf 71' lang='lat' dir='ltr'>haec</span> <span class='ocrx_word' id='word_1_90' title='bbox 1854 1706 1973 1749; x_wconf 87' lang='lat' dir='ltr'>una</span> 
     </span>
    </p>
   </div>
   <div class='ocr_carea' id='block_1_16' title="bbox 255 1773 3763 1928">
    <p class='ocr_par' dir='ltr' id='par_1_16' title="bbox 255 1773 3763 1928">
     <span class='ocr_line' id='line_1_16' title="bbox 255 1773 3763 1853; baseline -0.003 -19"><span class='ocrx_word' id='word_1_91' title='bbox 255 1773 410 1839; x_wconf 83' lang='lat' dir='ltr'>beati</span> <span class='ocrx_word' id='word_1_92' title='bbox 460 1776 574 1835; x_wconf 91' lang='lat' dir='ltr'>viri</span> <span class='ocrx_word' id='word_1_93' title='bbox 616 1776 785 1851; x_wconf 90' lang='lat' dir='ltr'>culpa</span> <span class='ocrx_word' id='word_1_94' title='bbox 826 1776 1146 1835; x_wconf 90' lang='lat' dir='ltr'>multorum</span> <span class='ocrx_word' id='word_1_95' title='bbox 1182 1784 1307 1849; x_wconf 91' lang='lat' dir='ltr'>post</span> <span class='ocrx_word' id='word_1_96' title='bbox 1362 1778 1647 1836; x_wconf 87' lang='lat' dir='ltr'>bonorum</span> <span class='ocrx_word' id='word_1_97' title='bbox 1699 1773 2285 1853; x_wconf 82' lang='lat' dir='ltr'>probaturBdicens:</span> <span class='ocrx_word' id='word_1_98' title='bbox 2317 1773 2460 1825; x_wconf 78' lang='lat' dir='ltr'>Ecce</span> <span class='ocrx_word' id='word_1_99' title='bbox 2495 1773 2760 1824; x_wconf 84' lang='lat' dir='ltr'>diabolus</span> <span class='ocrx_word' id='word_1_100' title='bbox 2806 1773 2969 1835; x_wconf 80' lang='lat' dir='ltr'>abiit,</span> <span class='ocrx_word' id='word_1_101' title='bbox 3016 1778 3145 1821; x_wconf 93' lang='lat' dir='ltr'>ecce</span> <span class='ocrx_word' id='word_1_102' title='bbox 3194 1778 3593 1837; x_wconf 79' lang='lat' dir='ltr'>nequ1s31mus</span> <span class='ocrx_word' id='word_1_103' title='bbox 3646 1773 3763 1824; x_wconf 87' lang='lat' dir='ltr'>mei</span> 
     </span>
     <span class='ocr_line' id='line_1_17' title="bbox 255 1851 3763 1928; baseline 0.002 -8"><span class='ocrx_word' id='word_1_104' title='bbox 255 1852 548 1922; x_wconf 81' lang='lat' dir='ltr'>exstitisse</span> <span class='ocrx_word' id='word_1_105' title='bbox 594 1864 854 1923; x_wconf 89' lang='lat' dir='ltr'>materia.</span> <span class='ocrx_word' id='word_1_106' title='bbox 893 1864 1040 1923; x_wconf 90' lang='lat' dir='ltr'>Nam</span> <span class='ocrx_word' id='word_1_107' title='bbox 1066 1865 1173 1924; x_wconf 92' lang='lat' dir='ltr'>hoc</span> <span class='ocrx_word' id='word_1_108' title='bbox 1201 1881 1412 1928; x_wconf 83' lang='lat' dir='ltr'>pavore</span> <span class='ocrx_word' id='word_1_109' title='bbox 1444 1866 1797 1928; x_wconf 78' lang='lat' dir='ltr'>perterritus.</span> <span class='ocrx_word' id='word_1_110' title='bbox 1830 1856 1989 1926; x_wconf 46' lang='lat' dir='ltr'>con-&#39;</span> <span class='ocrx_word' id='word_1_111' title='bbox 2054 1855 2242 1914; x_wconf 82' lang='lat' dir='ltr'>COI‘diS</span> <span class='ocrx_word' id='word_1_112' title='bbox 2300 1854 2584 1914; x_wconf 63' lang='lat' dir='ltr'>habitator</span> <span class='ocrx_word' id='word_1_113' title='bbox 2650 1853 2897 1928; x_wconf 56' lang='lat' dir='ltr'>311mg“,</span> <span class='ocrx_word' id='word_1_114' title='bbox 2964 1866 3175 1925; x_wconf 73' lang='lat' dir='ltr'>meque</span> <span class='ocrx_word' id='word_1_115' title='bbox 3237 1851 3491 1911; x_wconf 67' lang='grc' dir='ltr'>ΠθΧίδυε</span> <span class='ocrx_word' id='word_1_116' title='bbox 3547 1853 3763 1926; x_wconf 62' lang='lat' dir='ltr'>(imbus</span> 
     </span>
    </p>
   </div>
   <div class='ocr_carea' id='block_1_17' title="bbox 253 1852 1972 1940">
    <p class='ocr_par' dir='ltr' id='par_1_17' title="bbox 253 1852 1972 1940">
     <span class='ocr_line' id='line_1_18' title="bbox 253 1852 1972 1940; baseline 0.003 -20"><span class='ocrx_word' id='word_1_117' title='bbox 253 1852 548 1922; x_wconf 81' lang='lat' dir='ltr'>exstitisse</span> <span class='ocrx_word' id='word_1_118' title='bbox 594 1864 854 1923; x_wconf 89' lang='lat' dir='ltr'>materia.</span> <span class='ocrx_word' id='word_1_119' title='bbox 893 1864 1040 1923; x_wconf 90' lang='lat' dir='ltr'>Nam</span> <span class='ocrx_word' id='word_1_120' title='bbox 1066 1865 1173 1924; x_wconf 92' lang='lat' dir='ltr'>hoc</span> <span class='ocrx_word' id='word_1_121' title='bbox 1201 1881 1412 1940; x_wconf 88' lang='lat' dir='ltr'>pavore</span> <span class='ocrx_word' id='word_1_122' title='bbox 1441 1866 1797 1940; x_wconf 89' lang='lat' dir='ltr'>perterritus,</span> <span class='ocrx_word' id='word_1_123' title='bbox 1830 1883 1972 1926; x_wconf 92' lang='lat' dir='ltr'>con-</span> 
     </span>
    </p>
   </div>
   <div class='ocr_carea' id='block_1_18' title="bbox 258 1952 1975 2031">
    <p class='ocr_par' dir='ltr' id='par_1_18' title="bbox 258 1952 1975 2031">
     <span class='ocr_line' id='line_1_19' title="bbox 258 1952 1975 2031; baseline 0.004 -22"><span class='ocrx_word' id='word_1_124' title='bbox 258 1952 489 2027; x_wconf 90' lang='lat' dir='ltr'>tempsit</span> <span class='ocrx_word' id='word_1_125' title='bbox 545 1953 849 2026; x_wconf 71' lang='lat' dir='ltr'>saeculum,</span> <span class='ocrx_word' id='word_1_126' title='bbox 906 1952 1099 2012; x_wconf 89' lang='lat' dir='ltr'>induit</span> <span class='ocrx_word' id='word_1_127' title='bbox 1163 1956 1538 2027; x_wconf 88' lang='lat' dir='ltr'>monachum,</span> <span class='ocrx_word' id='word_1_128' title='bbox 1608 1956 1975 2031; x_wconf 87' lang='lat' dir='ltr'>arduumque</span> 
     </span>
    </p>
   </div>
   <div class='ocr_carea' id='block_1_19' title="bbox 261 2042 1969 2120">
    <p class='ocr_par' dir='ltr' id='par_1_19' title="bbox 261 2042 1969 2120">
     <span class='ocr_line' id='line_1_20' title="bbox 261 2042 1969 2120; baseline 0.005 -22"><span class='ocrx_word' id='word_1_129' title='bbox 261 2055 401 2099; x_wconf 89' lang='lat' dir='ltr'>mox</span> <span class='ocrx_word' id='word_1_130' title='bbox 441 2042 755 2101; x_wconf 70' lang='lat' dir='ltr'>eremiticaa</span> <span class='ocrx_word' id='word_1_131' title='bbox 801 2044 958 2116; x_wconf 75' lang='lat' dir='ltr'>vitze,</span> <span class='ocrx_word' id='word_1_132' title='bbox 1006 2051 1281 2117; x_wconf 85' lang='lat' dir='ltr'>tauquam</span> <span class='ocrx_word' id='word_1_133' title='bbox 1328 2045 1573 2104; x_wconf 87' lang='lat' dir='ltr'>bellator</span> <span class='ocrx_word' id='word_1_134' title='bbox 1624 2046 1969 2120; x_wconf 85' lang='lat' dir='ltr'>intrepidus,</span> 
     </span>
    </p>
   </div>
   <div class='ocr_carea' id='block_1_20' title="bbox 140 2126 1969 2208">
    <p class='ocr_par' dir='ltr' id='par_1_20' title="bbox 140 2126 1969 2208">
     <span class='ocr_line' id='line_1_21' title="bbox 140 2126 1969 2208; baseline 0.003 -21"><span class='ocrx_word' id='word_1_135' title='bbox 140 2148 143 2151; x_wconf 48' lang='grc' dir='ltr'>π</span> <span class='ocrx_word' id='word_1_136' title='bbox 255 2126 504 2203; x_wconf 89' lang='lat' dir='ltr'>arripuit</span> <span class='ocrx_word' id='word_1_137' title='bbox 552 2129 902 2190; x_wconf 90' lang='lat' dir='ltr'>institutum.</span> <span class='ocrx_word' id='word_1_138' title='bbox 961 2130 1074 2190; x_wconf 92' lang='lat' dir='ltr'>Sed</span> <span class='ocrx_word' id='word_1_139' title='bbox 1124 2133 1265 2208; x_wconf 87' lang='lat' dir='ltr'>quia</span> <span class='ocrx_word' id='word_1_140' title='bbox 1308 2131 1460 2192; x_wconf 89' lang='lat' dir='ltr'>male</span> <span class='ocrx_word' id='word_1_141' title='bbox 1512 2140 1811 2208; x_wconf 84' lang='lat' dir='ltr'>promotus</span> <span class='ocrx_word' id='word_1_142' title='bbox 1864 2142 1969 2207; x_wconf 90' lang='lat' dir='ltr'>est,</span> 
     </span>
    </p>
   </div>
   <div class='ocr_carea' id='block_1_21' title="bbox 255 2216 1971 2296">
    <p class='ocr_par' dir='ltr' id='par_1_21' title="bbox 255 2216 1971 2296">
     <span class='ocr_line' id='line_1_22' title="bbox 255 2216 1971 2296; baseline 0.005 -21"><span class='ocrx_word' id='word_1_143' title='bbox 255 2216 440 2278; x_wconf 90' lang='lat' dir='ltr'>donec</span> <span class='ocrx_word' id='word_1_144' title='bbox 488 2217 733 2290; x_wconf 88' lang='lat' dir='ltr'>advixit,</span> <span class='ocrx_word' id='word_1_145' title='bbox 780 2220 1123 2279; x_wconf 88' lang='lat' dir='ltr'>sacrosancti</span> <span class='ocrx_word' id='word_1_146' title='bbox 1164 2220 1364 2280; x_wconf 90' lang='lat' dir='ltr'>altaris</span> <span class='ocrx_word' id='word_1_147' title='bbox 1394 2236 1677 2296; x_wconf 91' lang='lat' dir='ltr'>usurpare</span> <span class='ocrx_word' id='word_1_148' title='bbox 1705 2223 1971 2283; x_wconf 89' lang='lat' dir='ltr'>ministe-</span> 
     </span>
    </p>
   </div>
   <div class='ocr_carea' id='block_1_22' title="bbox 257 2305 1968 2387">
    <p class='ocr_par' dir='ltr' id='par_1_22' title="bbox 257 2305 1968 2387">
     <span class='ocr_line' id='line_1_23' title="bbox 257 2305 1968 2387; baseline 0.004 -22"><span class='ocrx_word' id='word_1_149' title='bbox 257 2305 416 2366; x_wconf 88' lang='lat' dir='ltr'>rium</span> <span class='ocrx_word' id='word_1_150' title='bbox 451 2322 569 2367; x_wconf 92' lang='lat' dir='ltr'>non</span> <span class='ocrx_word' id='word_1_151' title='bbox 606 2309 994 2383; x_wconf 69' lang='lat' dir='ltr'>praesumpsit.</span> <span class='ocrx_word' id='word_1_152' title='bbox 1035 2308 1211 2382; x_wconf 89' lang='lat' dir='ltr'>Virgo</span> <span class='ocrx_word' id='word_1_153' title='bbox 1242 2325 1427 2383; x_wconf 90' lang='lat' dir='ltr'>usque</span> <span class='ocrx_word' id='word_1_154' title='bbox 1458 2311 1531 2369; x_wconf 93' lang='lat' dir='ltr'>ad</span> <span class='ocrx_word' id='word_1_155' title='bbox 1571 2310 1794 2370; x_wconf 90' lang='lat' dir='ltr'>obitum</span> <span class='ocrx_word' id='word_1_156' title='bbox 1835 2314 1968 2387; x_wconf 88' lang='lat' dir='ltr'>fuit,</span> 
     </span>
    </p>
   </div>
   <div class='ocr_carea' id='block_1_23' title="bbox 259 2393 1970 2470">
    <p class='ocr_par' dir='ltr' id='par_1_23' title="bbox 259 2393 1970 2470">
     <span class='ocr_line' id='line_1_24' title="bbox 259 2393 1970 2470; baseline 0.005 -18"><span class='ocrx_word' id='word_1_157' title='bbox 259 2393 442 2455; x_wconf 84' lang='lat' dir='ltr'>vitam</span> <span class='ocrx_word' id='word_1_158' title='bbox 473 2397 827 2458; x_wconf 89' lang='lat' dir='ltr'>eremiticam</span> <span class='ocrx_word' id='word_1_159' title='bbox 857 2414 976 2458; x_wconf 89' lang='lat' dir='ltr'>non</span> <span class='ocrx_word' id='word_1_160' title='bbox 1005 2398 1222 2470; x_wconf 91' lang='lat' dir='ltr'>omisit,</span> <span class='ocrx_word' id='word_1_161' title='bbox 1259 2398 1361 2458; x_wconf 91' lang='lat' dir='ltr'>ubi</span> <span class='ocrx_word' id='word_1_162' title='bbox 1392 2398 1674 2459; x_wconf 88' lang='lat' dir='ltr'>nimirum</span> <span class='ocrx_word' id='word_1_163' title='bbox 1707 2400 1816 2460; x_wconf 89' lang='lat' dir='ltr'>sub</span> <span class='ocrx_word' id='word_1_164' title='bbox 1844 2417 1970 2461; x_wconf 91' lang='lat' dir='ltr'>ma-</span> 
     </span>
    </p>
   </div>
   <div class='ocr_carea' id='block_1_24' title="bbox 257 2481 1970 2561">
    <p class='ocr_par' dir='ltr' id='par_1_24' title="bbox 257 2481 1970 2561">
     <span class='ocr_line' id='line_1_25' title="bbox 257 2481 1970 2561; baseline 0.005 -20"><span class='ocrx_word' id='word_1_165' title='bbox 257 2481 497 2557; x_wconf 84' lang='lat' dir='ltr'>gisterio</span> <span class='ocrx_word' id='word_1_166' title='bbox 543 2486 722 2546; x_wconf 89' lang='lat' dir='ltr'>sancti</span> <span class='ocrx_word' id='word_1_167' title='bbox 769 2487 882 2546; x_wconf 92' lang='lat' dir='ltr'>viri</span> <span class='ocrx_word' id='word_1_168' title='bbox 920 2486 1180 2559; x_wconf 90' lang='lat' dir='ltr'>Joannis,</span> <span class='ocrx_word' id='word_1_169' title='bbox 1218 2488 1319 2561; x_wconf 90' lang='lat' dir='ltr'>qui</span> <span class='ocrx_word' id='word_1_170' title='bbox 1348 2488 1651 2548; x_wconf 79' lang='lat' dir='ltr'>dicebatur</span> <span class='ocrx_word' id='word_1_171' title='bbox 1674 2488 1745 2547; x_wconf 94' lang='lat' dir='ltr'>de</span> <span class='ocrx_word' id='word_1_172' title='bbox 1774 2495 1970 2550; x_wconf 88' lang='lat' dir='ltr'>monte</span> 
     </span>
    </p>
   </div>
   <div class='ocr_carea' id='block_1_25' title="bbox 258 2572 1967 2651">
    <p class='ocr_par' dir='ltr' id='par_1_25' title="bbox 258 2572 1967 2651">
     <span class='ocr_line' id='line_1_26' title="bbox 258 2572 1967 2651; baseline 0.004 -19"><span class='ocrx_word' id='word_1_173' title='bbox 258 2572 500 2646; x_wconf 86' lang='lat' dir='ltr'>Feretri,</span> <span class='ocrx_word' id='word_1_174' title='bbox 532 2591 634 2650; x_wconf 91' lang='lat' dir='ltr'>per</span> <span class='ocrx_word' id='word_1_175' title='bbox 668 2576 957 2651; x_wconf 90' lang='lat' dir='ltr'>plurimos</span> <span class='ocrx_word' id='word_1_176' title='bbox 996 2577 1150 2636; x_wconf 81' lang='lat' dir='ltr'>vixit</span> <span class='ocrx_word' id='word_1_177' title='bbox 1176 2594 1379 2637; x_wconf 91' lang='lat' dir='ltr'>annos.</span> <span class='ocrx_word' id='word_1_178' title='bbox 1411 2578 1479 2637; x_wconf 93' lang='lat' dir='ltr'>In</span> <span class='ocrx_word' id='word_1_179' title='bbox 1508 2578 1608 2637; x_wconf 92' lang='lat' dir='ltr'>illa</span> <span class='ocrx_word' id='word_1_180' title='bbox 1633 2578 1814 2651; x_wconf 86' lang='lat' dir='ltr'>igitur</span> <span class='ocrx_word' id='word_1_181' title='bbox 1841 2595 1967 2639; x_wconf 91' lang='lat' dir='ltr'>ere-</span> 
     </span>
    </p>
   </div>
   <div class='ocr_carea' id='block_1_26' title="bbox 258 2663 1968 2741">
    <p class='ocr_par' dir='ltr' id='par_1_26' title="bbox 258 2663 1968 2741">
     <span class='ocr_line' id='line_1_27' title="bbox 258 2663 1968 2741; baseline 0.005 -19"><span class='ocrx_word' id='word_1_182' title='bbox 258 2677 376 2735; x_wconf 89' lang='lat' dir='ltr'>mo,</span> <span class='ocrx_word' id='word_1_183' title='bbox 425 2678 559 2737; x_wconf 74' lang='lat' dir='ltr'>quae</span> <span class='ocrx_word' id='word_1_184' title='bbox 606 2663 824 2724; x_wconf 91' lang='lat' dir='ltr'>scilicet</span> <span class='ocrx_word' id='word_1_185' title='bbox 862 2672 984 2724; x_wconf 89' lang='lat' dir='ltr'>erat</span> <span class='ocrx_word' id='word_1_186' title='bbox 1031 2665 1093 2723; x_wconf 86' lang='lat' dir='ltr'>in</span> <span class='ocrx_word' id='word_1_187' title='bbox 1134 2665 1371 2740; x_wconf 83' lang='lat' dir='ltr'>regione</span> <span class='ocrx_word' id='word_1_188' title='bbox 1409 2683 1543 2741; x_wconf 63' lang='lat' dir='ltr'>quae</span> <span class='ocrx_word' id='word_1_189' title='bbox 1597 2667 1808 2728; x_wconf 92' lang='lat' dir='ltr'>dicitur</span> <span class='ocrx_word' id='word_1_190' title='bbox 1855 2670 1968 2730; x_wconf 86' lang='lat' dir='ltr'>Lu-</span> 
     </span>
    </p>
   </div>
   <div class='ocr_carea' id='block_1_27' title="bbox 253 2749 1969 2823">
    <p class='ocr_par' dir='ltr' id='par_1_27' title="bbox 253 2749 1969 2823">
     <span class='ocr_line' id='line_1_28' title="bbox 253 2749 1969 2823; baseline 0.005 -15"><span class='ocrx_word' id='word_1_191' title='bbox 253 2750 400 2809; x_wconf 86' lang='lat' dir='ltr'>ceoli</span> <span class='ocrx_word' id='word_1_192' title='bbox 457 2749 615 2823; x_wconf 86' lang='lat'>(339),</span> <span class='ocrx_word' id='word_1_193' title='bbox 679 2751 1008 2823; x_wconf 90' lang='lat' dir='ltr'>constituta,</span> <span class='ocrx_word' id='word_1_194' title='bbox 1082 2753 1278 2812; x_wconf 89' lang='lat' dir='ltr'>decem</span> <span class='ocrx_word' id='word_1_195' title='bbox 1330 2760 1387 2813; x_wconf 90' lang='lat' dir='ltr'>et</span> <span class='ocrx_word' id='word_1_196' title='bbox 1438 2761 1564 2814; x_wconf 91' lang='lat' dir='ltr'>octo</span> <span class='ocrx_word' id='word_1_197' title='bbox 1620 2755 1969 2817; x_wconf 86' lang='lat' dir='ltr'>videbantur</span> 
     </span>
    </p>
   </div>
   <div class='ocr_carea' id='block_1_28' title="bbox 255 2837 1968 2917">
    <p class='ocr_par' dir='ltr' id='par_1_28' title="bbox 255 2837 1968 2917">
     <span class='ocr_line' id='line_1_29' title="bbox 255 2837 1968 2917; baseline 0.005 -21"><span class='ocrx_word' id='word_1_198' title='bbox 255 2837 486 2897; x_wconf 70' lang='lat' dir='ltr'>cellulze</span> <span class='ocrx_word' id='word_1_199' title='bbox 512 2838 584 2896; x_wconf 90' lang='lat' dir='ltr'>ad</span> <span class='ocrx_word' id='word_1_200' title='bbox 624 2838 1008 2901; x_wconf 90' lang='lat' dir='ltr'>habitandum</span> <span class='ocrx_word' id='word_1_201' title='bbox 1051 2840 1331 2901; x_wconf 86' lang='lat' dir='ltr'>fratribus</span> <span class='ocrx_word' id='word_1_202' title='bbox 1374 2843 1682 2917; x_wconf 65' lang='lat' dir='ltr'>deputatae,</span> <span class='ocrx_word' id='word_1_203' title='bbox 1731 2843 1834 2903; x_wconf 89' lang='lat' dir='ltr'>ubi</span> <span class='ocrx_word' id='word_1_204' title='bbox 1880 2844 1968 2904; x_wconf 90' lang='lat' dir='ltr'>ni-</span> 
     </span>
    </p>
   </div>
   <div class='ocr_carea' id='block_1_29' title="bbox 252 2925 1965 3006">
    <p class='ocr_par' dir='ltr' id='par_1_29' title="bbox 252 2925 1965 3006">
     <span class='ocr_line' id='line_1_30' title="bbox 252 2925 1965 3006; baseline 0.005 -23"><span class='ocrx_word' id='word_1_205' title='bbox 252 2925 473 2985; x_wconf 89' lang='lat' dir='ltr'>mirum</span> <span class='ocrx_word' id='word_1_206' title='bbox 496 2925 606 2985; x_wconf 88' lang='lat' dir='ltr'>sub</span> <span class='ocrx_word' id='word_1_207' title='bbox 625 2926 734 2984; x_wconf 89' lang='lat' dir='ltr'>hac</span> <span class='ocrx_word' id='word_1_208' title='bbox 753 2927 953 3000; x_wconf 86' lang='lat' dir='ltr'>regula</span> <span class='ocrx_word' id='word_1_209' title='bbox 972 2929 1299 3001; x_wconf 87' lang='lat' dir='ltr'>vivebatur,</span> <span class='ocrx_word' id='word_1_210' title='bbox 1329 2937 1392 2989; x_wconf 92' lang='lat' dir='ltr'>ut</span> <span class='ocrx_word' id='word_1_211' title='bbox 1423 2946 1457 2987; x_wconf 90' lang='lat' dir='ltr'>n</span> <span class='ocrx_word' id='word_1_212' title='bbox 1470 2947 1728 3006; x_wconf 88' lang='lat' dir='ltr'>unquam</span> <span class='ocrx_word' id='word_1_213' title='bbox 1757 2932 1965 2992; x_wconf 90' lang='lat' dir='ltr'>viuum</span> 
     </span>
    </p>
   </div>
   <div class='ocr_carea' id='block_1_30' title="bbox 250 3014 1965 3092">
    <p class='ocr_par' dir='ltr' id='par_1_30' title="bbox 250 3014 1965 3092">
     <span class='ocr_line' id='line_1_31' title="bbox 250 3014 1965 3092; baseline 0.005 -20"><span class='ocrx_word' id='word_1_214' title='bbox 250 3014 534 3086; x_wconf 89' lang='lat' dir='ltr'>biberent,</span> <span class='ocrx_word' id='word_1_215' title='bbox 565 3031 870 3091; x_wconf 88' lang='lat' dir='ltr'>nunquam</span> <span class='ocrx_word' id='word_1_216' title='bbox 911 3016 1081 3092; x_wconf 89' lang='lat' dir='ltr'>adipe</span> <span class='ocrx_word' id='word_1_217' title='bbox 1111 3017 1389 3077; x_wconf 89' lang='lat' dir='ltr'>alimenta</span> <span class='ocrx_word' id='word_1_218' title='bbox 1416 3021 1746 3091; x_wconf 89' lang='lat' dir='ltr'>condirent;</span> <span class='ocrx_word' id='word_1_219' title='bbox 1775 3037 1965 3081; x_wconf 92' lang='lat' dir='ltr'>unum</span> 
     </span>
    </p>
   </div>
   <div class='ocr_carea' id='block_1_31' title="bbox 248 3102 2028 3214">
    <p class='ocr_par' dir='ltr' id='par_1_31' title="bbox 248 3102 2028 3214">
     <span class='ocr_line' id='line_1_32' title="bbox 248 3102 2028 3214; baseline 0.006 -53"><span class='ocrx_word' id='word_1_220' title='bbox 248 3102 313 3161; x_wconf 89' lang='lat' dir='ltr'>in</span> <span class='ocrx_word' id='word_1_221' title='bbox 349 3102 650 3163; x_wconf 89' lang='lat' dir='ltr'>Dominica</span> <span class='ocrx_word' id='word_1_222' title='bbox 678 3104 792 3177; x_wconf 92' lang='lat' dir='ltr'>die,</span> <span class='ocrx_word' id='word_1_223' title='bbox 829 3106 925 3163; x_wconf 91' lang='lat' dir='ltr'>sed</span> <span class='ocrx_word' id='word_1_224' title='bbox 956 3112 1012 3164; x_wconf 93' lang='lat' dir='ltr'>et</span> <span class='ocrx_word' id='word_1_225' title='bbox 1034 3107 1241 3195; x_wconf 82' lang='lat' dir='ltr'>quinta</span> <span class='ocrx_word' id='word_1_226' title='bbox 1274 3107 1419 3166; x_wconf 90' lang='lat' dir='ltr'>feria</span> <span class='ocrx_word' id='word_1_227' title='bbox 1456 3110 1822 3183; x_wconf 87' lang='lat' dir='ltr'>pulmentum</span> <span class='ocrx_word' id='word_1_228' title='bbox 1862 3127 1963 3172; x_wconf 90' lang='lat' dir='ltr'>su-</span> <span class='ocrx_word' id='word_1_229' title='bbox 1982 3153 2028 3214; x_wconf 66' lang='grc' dir='ltr'>Ο</span> 
     </span>
    </p>
   </div>
   <div class='ocr_carea' id='block_1_32' title="bbox 248 3184 1962 3276">
    <p class='ocr_par' dir='ltr' id='par_1_32' title="bbox 248 3184 1962 3276">
     <span class='ocr_line' id='line_1_33' title="bbox 248 3184 1962 3276; baseline 0.007 -27"><span class='ocrx_word' id='word_1_230' title='bbox 248 3198 494 3263; x_wconf 88' lang='lat' dir='ltr'>merent,</span> <span class='ocrx_word' id='word_1_231' title='bbox 547 3193 808 3269; x_wconf 89' lang='lat' dir='ltr'>quinque</span> <span class='ocrx_word' id='word_1_232' title='bbox 865 3209 967 3268; x_wconf 90' lang='lat' dir='ltr'>per</span> <span class='ocrx_word' id='word_1_233' title='bbox 1004 3184 1425 3271; x_wconf 77' lang='lat' dir='ltr'>hebdomadam</span> <span class='ocrx_word' id='word_1_234' title='bbox 1465 3199 1670 3263; x_wconf 88' lang='lat' dir='ltr'>diebus</span> <span class='ocrx_word' id='word_1_235' title='bbox 1705 3200 1769 3259; x_wconf 92' lang='lat' dir='ltr'>in</span> <span class='ocrx_word' id='word_1_236' title='bbox 1813 3217 1962 3276; x_wconf 90' lang='lat' dir='ltr'>pane</span> 
     </span>
    </p>
   </div>
   <div class='ocr_carea' id='block_1_33' title="bbox 246 3281 1958 3357">
    <p class='ocr_par' dir='ltr' id='par_1_33' title="bbox 246 3281 1958 3357">
     <span class='ocr_line' id='line_1_34' title="bbox 246 3281 1958 3357; baseline 0.007 -19"><span class='ocrx_word' id='word_1_237' title='bbox 246 3286 305 3338; x_wconf 91' lang='lat' dir='ltr'>et</span> <span class='ocrx_word' id='word_1_238' title='bbox 344 3295 496 3354; x_wconf 88' lang='lat' dir='ltr'>aqua</span> <span class='ocrx_word' id='word_1_239' title='bbox 536 3281 833 3356; x_wconf 88' lang='lat' dir='ltr'>jejunium</span> <span class='ocrx_word' id='word_1_240' title='bbox 873 3283 1273 3357; x_wconf 89' lang='lat' dir='ltr'>celebrarent;</span> <span class='ocrx_word' id='word_1_241' title='bbox 1314 3286 1453 3346; x_wconf 91' lang='lat' dir='ltr'>solis</span> <span class='ocrx_word' id='word_1_242' title='bbox 1500 3295 1696 3348; x_wconf 89' lang='lat' dir='ltr'>autem</span> <span class='ocrx_word' id='word_1_243' title='bbox 1746 3290 1958 3350; x_wconf 91' lang='lat' dir='ltr'>oratio-</span> 
     </span>
    </p>
   </div>
   <div class='ocr_carea' id='block_1_34' title="bbox 248 3370 1955 3454">
    <p class='ocr_par' dir='ltr' id='par_1_34' title="bbox 248 3370 1955 3454">
     <span class='ocr_line' id='line_1_35' title="bbox 248 3370 1955 3454; baseline 0.008 -26"><span class='ocrx_word' id='word_1_244' title='bbox 248 3370 424 3429; x_wconf 90' lang='lat' dir='ltr'>nibus</span> <span class='ocrx_word' id='word_1_245' title='bbox 486 3378 773 3445; x_wconf 88' lang='lat' dir='ltr'>vacautes,</span> <span class='ocrx_word' id='word_1_246' title='bbox 826 3374 920 3432; x_wconf 88' lang='lat' dir='ltr'>vel</span> <span class='ocrx_word' id='word_1_247' title='bbox 968 3389 1253 3434; x_wconf 90' lang='lat' dir='ltr'>manuum</span> <span class='ocrx_word' id='word_1_248' title='bbox 1291 3378 1563 3452; x_wconf 89' lang='lat' dir='ltr'>operibus</span> <span class='ocrx_word' id='word_1_249' title='bbox 1604 3380 1955 3454; x_wconf 89' lang='lat' dir='ltr'>insistentes,</span> 
     </span>
    </p>
   </div>
   <div class='ocr_carea' id='block_1_35' title="bbox 247 3458 1955 3541">
    <p class='ocr_par' dir='ltr' id='par_1_35' title="bbox 247 3458 1955 3541">
     <span class='ocr_line' id='line_1_36' title="bbox 247 3458 1955 3541; baseline 0.008 -25"><span class='ocrx_word' id='word_1_250' title='bbox 247 3474 369 3517; x_wconf 91' lang='lat' dir='ltr'>non</span> <span class='ocrx_word' id='word_1_251' title='bbox 415 3458 831 3533; x_wconf 84' lang='lat' dir='ltr'>agriculturam</span> <span class='ocrx_word' id='word_1_252' title='bbox 873 3461 1237 3531; x_wconf 88' lang='lat' dir='ltr'>exercebant,</span> <span class='ocrx_word' id='word_1_253' title='bbox 1279 3480 1397 3524; x_wconf 89' lang='lat' dir='ltr'>non</span> <span class='ocrx_word' id='word_1_254' title='bbox 1438 3468 1675 3541; x_wconf 60' lang='lat' dir='ltr'>prandia,</span> <span class='ocrx_word' id='word_1_255' title='bbox 1716 3469 1807 3526; x_wconf 91' lang='lat' dir='ltr'>vel</span> <span class='ocrx_word' id='word_1_256' title='bbox 1845 3469 1955 3529; x_wconf 91' lang='lat' dir='ltr'>ali-</span> 
     </span>
    </p>
   </div>
   <div class='ocr_carea' id='block_1_36' title="bbox 244 3547 1955 3632">
    <p class='ocr_par' dir='ltr' id='par_1_36' title="bbox 244 3547 1955 3632">
     <span class='ocr_line' id='line_1_37' title="bbox 244 3547 1955 3632; baseline 0.008 -29"><span class='ocrx_word' id='word_1_257' title='bbox 244 3560 422 3620; x_wconf 89' lang='lat' dir='ltr'>quam</span> <span class='ocrx_word' id='word_1_258' title='bbox 451 3547 857 3620; x_wconf 87' lang='lat' dir='ltr'>substantiam,</span> <span class='ocrx_word' id='word_1_259' title='bbox 910 3554 1117 3622; x_wconf 69' lang='lat' dir='ltr'>prseter</span> <span class='ocrx_word' id='word_1_260' title='bbox 1153 3564 1339 3610; x_wconf 90' lang='lat' dir='ltr'>unum</span> <span class='ocrx_word' id='word_1_261' title='bbox 1381 3555 1735 3626; x_wconf 85' lang='lat' dir='ltr'>sagmarium</span> <span class='ocrx_word' id='word_1_262' title='bbox 1766 3556 1955 3632; x_wconf 91' lang='lat' dir='ltr'>possi-</span> 
     </span>
    </p>
   </div>
   <div class='ocr_carea' id='block_1_37' title="bbox 245 3635 1957 3719">
    <p class='ocr_par' dir='ltr' id='par_1_37' title="bbox 245 3635 1957 3719">
     <span class='ocr_line' id='line_1_38' title="bbox 245 3635 1957 3719; baseline 0.008 -26"><span class='ocrx_word' id='word_1_263' title='bbox 245 3635 478 3694; x_wconf 88' lang='lat' dir='ltr'>debant.</span> <span class='ocrx_word' id='word_1_264' title='bbox 518 3636 665 3695; x_wconf 83' lang='lat' dir='ltr'>Cum</span> <span class='ocrx_word' id='word_1_265' title='bbox 696 3653 813 3713; x_wconf 93' lang='lat' dir='ltr'>quo</span> <span class='ocrx_word' id='word_1_266' title='bbox 842 3639 1061 3697; x_wconf 89' lang='lat' dir='ltr'>scilicet</span> <span class='ocrx_word' id='word_1_267' title='bbox 1098 3639 1274 3699; x_wconf 89' lang='lat' dir='ltr'>asello</span> <span class='ocrx_word' id='word_1_268' title='bbox 1314 3641 1408 3700; x_wconf 94' lang='lat' dir='ltr'>vel</span> <span class='ocrx_word' id='word_1_269' title='bbox 1446 3660 1595 3719; x_wconf 92' lang='lat' dir='ltr'>equo</span> <span class='ocrx_word' id='word_1_270' title='bbox 1634 3661 1790 3704; x_wconf 90' lang='lat' dir='ltr'>unus</span> <span class='ocrx_word' id='word_1_271' title='bbox 1835 3653 1957 3706; x_wconf 90' lang='lat' dir='ltr'>erat</span> 
     </span>
    </p>
   </div>
   <div class='ocr_carea' id='block_1_38' title="bbox 246 3722 1956 3803">
    <p class='ocr_par' dir='ltr' id='par_1_38' title="bbox 246 3722 1956 3803">
     <span class='ocr_line' id='line_1_39' title="bbox 246 3722 1956 3803; baseline 0.008 -23"><span class='ocrx_word' id='word_1_272' title='bbox 246 3722 527 3796; x_wconf 89' lang='lat' dir='ltr'>minister,</span> <span class='ocrx_word' id='word_1_273' title='bbox 581 3726 688 3801; x_wconf 89' lang='lat' dir='ltr'>qui</span> <span class='ocrx_word' id='word_1_274' title='bbox 724 3726 815 3784; x_wconf 91' lang='lat' dir='ltr'>vel</span> <span class='ocrx_word' id='word_1_275' title='bbox 866 3727 938 3784; x_wconf 88' lang='lat' dir='ltr'>ad</span> <span class='ocrx_word' id='word_1_276' title='bbox 984 3727 1385 3803; x_wconf 87' lang='lat' dir='ltr'>acquirendas,</span> <span class='ocrx_word' id='word_1_277' title='bbox 1441 3730 1534 3788; x_wconf 88' lang='lat' dir='ltr'>vel</span> <span class='ocrx_word' id='word_1_278' title='bbox 1576 3732 1648 3789; x_wconf 88' lang='lat' dir='ltr'>ad</span> <span class='ocrx_word' id='word_1_279' title='bbox 1691 3735 1956 3794; x_wconf 90' lang='lat' dir='ltr'>terendas</span> 
     </span>
    </p>
   </div>
   <div class='ocr_carea' id='block_1_39' title="bbox 245 3812 1954 3892">
    <p class='ocr_par' dir='ltr' id='par_1_39' title="bbox 245 3812 1954 3892">
     <span class='ocr_line' id='line_1_40' title="bbox 245 3812 1954 3892; baseline 0.007 -22"><span class='ocrx_word' id='word_1_280' title='bbox 245 3813 444 3887; x_wconf 84' lang='lat' dir='ltr'>fruges</span> <span class='ocrx_word' id='word_1_281' title='bbox 495 3812 837 3874; x_wconf 87' lang='lat' dir='ltr'>indeliciens</span> <span class='ocrx_word' id='word_1_282' title='bbox 875 3816 1251 3887; x_wconf 88' lang='lat' dir='ltr'>discurrebat,</span> <span class='ocrx_word' id='word_1_283' title='bbox 1284 3817 1555 3892; x_wconf 90' lang='lat' dir='ltr'>solusque</span> <span class='ocrx_word' id='word_1_284' title='bbox 1585 3835 1683 3880; x_wconf 92' lang='lat' dir='ltr'>eos</span> <span class='ocrx_word' id='word_1_285' title='bbox 1714 3822 1778 3880; x_wconf 92' lang='lat' dir='ltr'>in</span> <span class='ocrx_word' id='word_1_286' title='bbox 1807 3839 1954 3882; x_wconf 92' lang='lat' dir='ltr'>cun-</span> 
     </span>
    </p>
   </div>
   <div class='ocr_carea' id='block_1_40' title="bbox 241 3901 1951 3988">
    <p class='ocr_par' dir='ltr' id='par_1_40' title="bbox 241 3901 1951 3988">
     <span class='ocr_line' id='line_1_41' title="bbox 241 3901 1951 3988; baseline 0.009 -30"><span class='ocrx_word' id='word_1_287' title='bbox 241 3901 349 3959; x_wconf 89' lang='lat' dir='ltr'>ctis</span> <span class='ocrx_word' id='word_1_288' title='bbox 396 3903 833 3964; x_wconf 88' lang='lat' dir='ltr'>necessitatibus</span> <span class='ocrx_word' id='word_1_289' title='bbox 863 3908 1237 3978; x_wconf 87' lang='lat' dir='ltr'>sustentabat,</span> <span class='ocrx_word' id='word_1_290' title='bbox 1269 3907 1519 3967; x_wconf 89' lang='lat' dir='ltr'>Joannes</span> <span class='ocrx_word' id='word_1_291' title='bbox 1558 3911 1791 3979; x_wconf 89' lang='lat' dir='ltr'>scilicet,</span> <span class='ocrx_word' id='word_1_292' title='bbox 1849 3916 1951 3988; x_wconf 91' lang='lat' dir='ltr'>qui</span> 
     </span>
    </p>
   </div>
   <div class='ocr_carea' id='block_1_41' title="bbox 242 3990 1945 4064">
    <p class='ocr_par' dir='ltr' id='par_1_41' title="bbox 242 3990 1945 4064">
     <span class='ocr_line' id='line_1_42' title="bbox 242 3990 1945 4064; baseline 0.008 -17"><span class='ocrx_word' id='word_1_293' title='bbox 242 3990 612 4063; x_wconf 90' lang='lat' dir='ltr'>postmodum</span> <span class='ocrx_word' id='word_1_294' title='bbox 658 3991 769 4051; x_wconf 91' lang='lat' dir='ltr'>loci</span> <span class='ocrx_word' id='word_1_295' title='bbox 806 3993 983 4053; x_wconf 91' lang='lat' dir='ltr'>abbas</span> <span class='ocrx_word' id='word_1_296' title='bbox 1013 3995 1215 4064; x_wconf 86' lang='lat' dir='ltr'>factus,</span> <span class='ocrx_word' id='word_1_297' title='bbox 1259 3997 1368 4056; x_wconf 90' lang='lat' dir='ltr'>sub</span> <span class='ocrx_word' id='word_1_298' title='bbox 1402 3997 1641 4058; x_wconf 91' lang='lat' dir='ltr'>honesta</span> <span class='ocrx_word' id='word_1_299' title='bbox 1670 4003 1821 4061; x_wconf 89' lang='lat' dir='ltr'>rexit</span> <span class='ocrx_word' id='word_1_300' title='bbox 1847 4004 1945 4061; x_wconf 87' lang='lat' dir='ltr'>ad-</span> 
     </span>
    </p>
   </div>
   <div class='ocr_carea' id='block_1_42' title="bbox 242 4081 1951 4165">
    <p class='ocr_par' dir='ltr' id='par_1_42' title="bbox 242 4081 1951 4165">
     <span class='ocr_line' id='line_1_43' title="bbox 242 4081 1951 4165; baseline 0.009 -28"><span class='ocrx_word' id='word_1_301' title='bbox 242 4081 670 4141; x_wconf 89' lang='lat' dir='ltr'>ministratione</span> <span class='ocrx_word' id='word_1_302' title='bbox 690 4090 1067 4144; x_wconf 87' lang='lat' dir='ltr'>conventum.</span> <span class='ocrx_word' id='word_1_303' title='bbox 1099 4085 1400 4146; x_wconf 81' lang='lat' dir='ltr'>Tenebant</span> <span class='ocrx_word' id='word_1_304' title='bbox 1427 4095 1621 4148; x_wconf 90' lang='lat' dir='ltr'>autem</span> <span class='ocrx_word' id='word_1_305' title='bbox 1648 4108 1748 4165; x_wconf 92' lang='lat' dir='ltr'>per</span> <span class='ocrx_word' id='word_1_306' title='bbox 1778 4099 1951 4154; x_wconf 88' lang='lat' dir='ltr'>totam</span> 
     </span>
    </p>
   </div>
   <div class='ocr_carea' id='block_1_43' title="bbox 245 4167 1954 4253">
    <p class='ocr_par' dir='ltr' id='par_1_43' title="bbox 245 4167 1954 4253">
     <span class='ocr_line' id='line_1_44' title="bbox 245 4167 1954 4253; baseline 0.009 -27"><span class='ocrx_word' id='word_1_307' title='bbox 245 4167 662 4228; x_wconf 88' lang='lat' dir='ltr'>hebdomadam</span> <span class='ocrx_word' id='word_1_308' title='bbox 700 4170 957 4233; x_wconf 89' lang='lat' dir='ltr'>districta</span> <span class='ocrx_word' id='word_1_309' title='bbox 1006 4190 1253 4233; x_wconf 87' lang='lat' dir='ltr'>censura</span> <span class='ocrx_word' id='word_1_310' title='bbox 1291 4176 1609 4249; x_wconf 89' lang='lat' dir='ltr'>silentium,</span> <span class='ocrx_word' id='word_1_311' title='bbox 1637 4182 1796 4253; x_wconf 92' lang='lat' dir='ltr'>quod</span> <span class='ocrx_word' id='word_1_312' title='bbox 1843 4185 1954 4242; x_wconf 87' lang='lat' dir='ltr'>uti-</span> 
     </span>
    </p>
   </div>
   <div class='ocr_carea' id='block_1_44' title="bbox 243 4258 1950 4342">
    <p class='ocr_par' dir='ltr' id='par_1_44' title="bbox 243 4258 1950 4342">
     <span class='ocr_line' id='line_1_45' title="bbox 243 4258 1950 4342; baseline 0.011 -26"><span class='ocrx_word' id='word_1_313' title='bbox 243 4273 360 4333; x_wconf 92' lang='lat' dir='ltr'>que</span> <span class='ocrx_word' id='word_1_314' title='bbox 380 4258 684 4321; x_wconf 90' lang='lat' dir='ltr'>Dominica</span> <span class='ocrx_word' id='word_1_315' title='bbox 703 4262 795 4321; x_wconf 89' lang='lat' dir='ltr'>die</span> <span class='ocrx_word' id='word_1_316' title='bbox 820 4272 948 4337; x_wconf 91' lang='lat' dir='ltr'>post</span> <span class='ocrx_word' id='word_1_317' title='bbox 970 4281 1299 4340; x_wconf 88' lang='lat' dir='ltr'>vesperum,</span> <span class='ocrx_word' id='word_1_318' title='bbox 1323 4268 1639 4342; x_wconf 88' lang='lat' dir='ltr'>cibumque</span> <span class='ocrx_word' id='word_1_319' title='bbox 1662 4272 1950 4335; x_wconf 86' lang='lat' dir='ltr'>solventes</span> 
     </span>
    </p>
   </div>
   <div class='ocr_carea' id='block_1_45' title="bbox 246 4347 1949 4434">
    <p class='ocr_par' dir='ltr' id='par_1_45' title="bbox 246 4347 1949 4434">
     <span class='ocr_line' id='line_1_46' title="bbox 246 4347 1949 4434; baseline 0.01 -29"><span class='ocrx_word' id='word_1_320' title='bbox 246 4347 535 4407; x_wconf 88' lang='lat' dir='ltr'>habebant</span> <span class='ocrx_word' id='word_1_321' title='bbox 579 4350 860 4426; x_wconf 90' lang='lat' dir='ltr'>loquendi</span> <span class='ocrx_word' id='word_1_322' title='bbox 898 4353 1152 4413; x_wconf 88' lang='lat' dir='ltr'>invicem</span> <span class='ocrx_word' id='word_1_323' title='bbox 1200 4372 1385 4431; x_wconf 87' lang='lat' dir='ltr'>usque</span> <span class='ocrx_word' id='word_1_324' title='bbox 1416 4360 1489 4416; x_wconf 92' lang='lat' dir='ltr'>ad</span> <span class='ocrx_word' id='word_1_325' title='bbox 1544 4363 1949 4434; x_wconf 91' lang='lat' dir='ltr'>completionis</span> 
     </span>
    </p>
   </div>
   <div class='ocr_carea' id='block_1_46' title="bbox 244 4436 1948 4523">
    <p class='ocr_par' dir='ltr' id='par_1_46' title="bbox 244 4436 1948 4523">
     <span class='ocr_line' id='line_1_47' title="bbox 244 4436 1948 4523; baseline 0.009 -29"><span class='ocrx_word' id='word_1_326' title='bbox 244 4436 498 4496; x_wconf 83' lang='lat' dir='ltr'>oﬂicium</span> <span class='ocrx_word' id='word_1_327' title='bbox 544 4438 888 4502; x_wconf 89' lang='lat' dir='ltr'>libertatem.</span> <span class='ocrx_word' id='word_1_328' title='bbox 921 4443 1105 4502; x_wconf 87' lang='lat' dir='ltr'>Nudis</span> <span class='ocrx_word' id='word_1_329' title='bbox 1136 4453 1413 4519; x_wconf 80' lang='lat' dir='ltr'>praeterea</span> <span class='ocrx_word' id='word_1_330' title='bbox 1448 4450 1695 4523; x_wconf 91' lang='lat' dir='ltr'>pedibus</span> <span class='ocrx_word' id='word_1_331' title='bbox 1723 4459 1778 4511; x_wconf 89' lang='lat' dir='ltr'>et</span> <span class='ocrx_word' id='word_1_332' title='bbox 1802 4451 1948 4509; x_wconf 87' lang='lat'><strong>489</strong></span> 
     </span>
    </p>
   </div>
   <div class='ocr_carea' id='block_1_47' title="bbox 1179 305 2853 371">
    <p class='ocr_par' dir='ltr' id='par_1_47' title="bbox 1179 305 2853 371">
     <span class='ocr_line' id='line_1_48' title="bbox 1179 305 2853 371; baseline 0.001 -9"><span class='ocrx_word' id='word_1_333' title='bbox 1179 305 1358 364; x_wconf 89' lang='lat' dir='ltr'>VITA</span> <span class='ocrx_word' id='word_1_334' title='bbox 1401 305 1505 366; x_wconf 90' lang='lat' dir='ltr'>SS.</span> <span class='ocrx_word' id='word_1_335' title='bbox 1547 307 1929 371; x_wconf 84' lang='lat' dir='ltr'>RODULPHI</span> <span class='ocrx_word' id='word_1_336' title='bbox 1969 306 2064 366; x_wconf 89' lang='lat' dir='ltr'>ET</span> <span class='ocrx_word' id='word_1_337' title='bbox 2102 305 2444 367; x_wconf 85' lang='lat' dir='ltr'>DOMINIGI</span> <span class='ocrx_word' id='word_1_338' title='bbox 2480 305 2853 369; x_wconf 76' lang='lat' dir='ltr'>LOBJCATI.</span> 
     </span>
    </p>
   </div>
   <div class='ocr_carea' id='block_1_48' title="bbox 249 425 3889 508">
    <p class='ocr_par' dir='ltr' id='par_1_48' title="bbox 249 425 3889 508">
     <span class='ocr_line' id='line_1_49' title="bbox 249 425 3889 508; baseline -0.002 -17"><span class='ocrx_word' id='word_1_339' title='bbox 249 440 393 506; x_wconf 82' lang='lat' dir='ltr'>gunt</span> <span class='ocrx_word' id='word_1_340' title='bbox 445 437 499 503; x_wconf 86' lang='grc' dir='ltr'>(Ι</span> <span class='ocrx_word' id='word_1_341' title='bbox 550 435 668 491; x_wconf 79' lang='lat' dir='ltr'>Cor.</span> <span class='ocrx_word' id='word_1_342' title='bbox 713 436 842 501; x_wconf 89' lang='lat' dir='ltr'>xv).</span> <span class='ocrx_word' id='word_1_343' title='bbox 894 432 963 489; x_wconf 91' lang='lat' dir='ltr'>In</span> <span class='ocrx_word' id='word_1_344' title='bbox 1014 431 1228 506; x_wconf 89' lang='lat' dir='ltr'>quibus</span> <span class='ocrx_word' id='word_1_345' title='bbox 1282 431 1607 506; x_wconf 64' lang='lat' dir='ltr'>apostolicae</span> <span class='ocrx_word' id='word_1_346' title='bbox 1664 434 2266 508; x_wconf 73' lang='lat' dir='ltr'>sententimApensas</span> <span class='ocrx_word' id='word_1_347' title='bbox 2292 432 2355 490; x_wconf 92' lang='lat' dir='ltr'>in</span> <span class='ocrx_word' id='word_1_348' title='bbox 2384 436 2586 490; x_wconf 91' lang='lat' dir='ltr'>ventre</span> <span class='ocrx_word' id='word_1_349' title='bbox 2618 430 2795 489; x_wconf 89' lang='lat' dir='ltr'>simul</span> <span class='ocrx_word' id='word_1_350' title='bbox 2820 428 3076 488; x_wconf 90' lang='lat' dir='ltr'>haberet.</span> <span class='ocrx_word' id='word_1_351' title='bbox 3118 426 3301 485; x_wconf 90' lang='lat' dir='ltr'>Tanta</span> <span class='ocrx_word' id='word_1_352' title='bbox 3331 425 3543 501; x_wconf 89' lang='lat' dir='ltr'>quippe</span> <span class='ocrx_word' id='word_1_353' title='bbox 3575 441 3765 486; x_wconf 88' lang='lat' dir='ltr'>mace-</span> <span class='ocrx_word' id='word_1_354' title='bbox 3868 444 3889 465; x_wconf 66' lang='grc' dir='ltr'><strong>τ</strong></span> 
     </span>
    </p>
   </div>
   <div class='ocr_carea' id='block_1_49' title="bbox 3631 299 3769 365">
    <p class='ocr_par' dir='ltr' id='par_1_49' title="bbox 3631 299 3769 365">
     <span class='ocr_line' id='line_1_50' title="bbox 3631 299 3769 365; baseline 0.007 -4"><span class='ocrx_word' id='word_1_355' title='bbox 3631 299 3769 365; x_wconf 72' lang='grc'>1014</span> 
     </span>
    </p>
   </div>
   <div class='ocr_carea' id='block_1_50' title="bbox 2054 513 3761 592">
    <p class='ocr_par' dir='ltr' id='par_1_50' title="bbox 2054 513 3761 592">
     <span class='ocr_line' id='line_1_51' title="bbox 2054 513 3761 592; baseline -0.004 -11"><span class='ocrx_word' id='word_1_356' title='bbox 2054 522 2334 581; x_wconf 90' lang='lat' dir='ltr'>rabantur</span> <span class='ocrx_word' id='word_1_357' title='bbox 2359 520 2555 579; x_wconf 91' lang='lat' dir='ltr'>inedia</span> <span class='ocrx_word' id='word_1_358' title='bbox 2599 525 2667 579; x_wconf 91' lang='lat' dir='ltr'>ut</span> <span class='ocrx_word' id='word_1_359' title='bbox 2700 519 2898 577; x_wconf 90' lang='lat' dir='ltr'>aridus</span> <span class='ocrx_word' id='word_1_360' title='bbox 2924 516 3091 592; x_wconf 89' lang='lat' dir='ltr'>panis</span> <span class='ocrx_word' id='word_1_361' title='bbox 3119 513 3549 590; x_wconf 89' lang='lat' dir='ltr'>constiparetur</span> <span class='ocrx_word' id='word_1_362' title='bbox 3577 515 3639 573; x_wconf 91' lang='lat' dir='ltr'>in</span> <span class='ocrx_word' id='word_1_363' title='bbox 3666 515 3761 574; x_wconf 90' lang='lat' dir='ltr'>ili-</span> 
     </span>
    </p>
   </div>
   <div class='ocr_carea' id='block_1_51' title="bbox 2051 605 3054 684">
    <p class='ocr_par' dir='ltr' id='par_1_51' title="bbox 2051 605 3054 684">
     <span class='ocr_line' id='line_1_52' title="bbox 2051 605 3054 684; baseline -0.007 -14"><span class='ocrx_word' id='word_1_364' title='bbox 2051 613 2164 670; x_wconf 90' lang='lat' dir='ltr'>bus</span> <span class='ocrx_word' id='word_1_365' title='bbox 2188 626 2254 669; x_wconf 91' lang='lat' dir='ltr'>ac</span> <span class='ocrx_word' id='word_1_366' title='bbox 2289 608 2479 684; x_wconf 84' lang='lat' dir='ltr'>digeri</span> <span class='ocrx_word' id='word_1_367' title='bbox 2499 606 2731 666; x_wconf 89' lang='lat' dir='ltr'>difﬁcile</span> <span class='ocrx_word' id='word_1_368' title='bbox 2755 605 3054 681; x_wconf 87' lang='lat' dir='ltr'>potuisset.</span> 
     </span>
    </p>
   </div>
   <div class='ocr_carea' id='block_1_52' title="bbox 2124 691 3764 771">
    <p class='ocr_par' dir='ltr' id='par_1_52' title="bbox 2124 691 3764 771">
     <span class='ocr_line' id='line_1_53' title="bbox 2124 691 3764 771; baseline -0.005 -14"><span class='ocrx_word' id='word_1_369' title='bbox 2124 698 2253 757; x_wconf 92' lang='lat' dir='ltr'>Illic</span> <span class='ocrx_word' id='word_1_370' title='bbox 2281 697 2459 755; x_wconf 91' lang='lat' dir='ltr'>etiam</span> <span class='ocrx_word' id='word_1_371' title='bbox 2492 697 2732 771; x_wconf 89' lang='lat' dir='ltr'>quidam</span> <span class='ocrx_word' id='word_1_372' title='bbox 2761 696 2935 753; x_wconf 88' lang='lat' dir='ltr'>frater</span> <span class='ocrx_word' id='word_1_373' title='bbox 2962 699 3102 765; x_wconf 90' lang='lat' dir='ltr'>erat,</span> <span class='ocrx_word' id='word_1_374' title='bbox 3140 693 3243 769; x_wconf 90' lang='lat' dir='ltr'>qui</span> <span class='ocrx_word' id='word_1_375' title='bbox 3282 708 3433 767; x_wconf 65' lang='lat' dir='ltr'>saape</span> <span class='ocrx_word' id='word_1_376' title='bbox 3460 691 3764 766; x_wconf 85' lang='lat' dir='ltr'>vagabuu-</span> 
     </span>
    </p>
   </div>
   <div class='ocr_carea' id='block_1_53' title="bbox 2053 779 3763 861">
    <p class='ocr_par' dir='ltr' id='par_1_53' title="bbox 2053 779 3763 861">
     <span class='ocr_line' id='line_1_54' title="bbox 2053 779 3763 861; baseline -0.004 -16"><span class='ocrx_word' id='word_1_377' title='bbox 2053 787 2163 845; x_wconf 91' lang='lat' dir='ltr'>dus</span> <span class='ocrx_word' id='word_1_378' title='bbox 2194 787 2390 861; x_wconf 88' lang='lat' dir='ltr'>egredi</span> <span class='ocrx_word' id='word_1_379' title='bbox 2425 785 2497 844; x_wconf 92' lang='lat' dir='ltr'>de</span> <span class='ocrx_word' id='word_1_380' title='bbox 2524 785 2668 844; x_wconf 90' lang='lat' dir='ltr'>cella</span> <span class='ocrx_word' id='word_1_381' title='bbox 2695 789 3031 856; x_wconf 88' lang='lat' dir='ltr'>tentaverat,</span> <span class='ocrx_word' id='word_1_382' title='bbox 3088 799 3265 858; x_wconf 89' lang='lat' dir='ltr'>quem</span> <span class='ocrx_word' id='word_1_383' title='bbox 3305 782 3558 841; x_wconf 89' lang='lat' dir='ltr'>Joannes</span> <span class='ocrx_word' id='word_1_384' title='bbox 3605 779 3763 856; x_wconf 90' lang='lat' dir='ltr'>prior</span> 
     </span>
    </p>
   </div>
   <div class='ocr_carea' id='block_1_54' title="bbox 2051 869 3759 953">
    <p class='ocr_par' dir='ltr' id='par_1_54' title="bbox 2051 869 3759 953">
     <span class='ocr_line' id='line_1_55' title="bbox 2051 869 3759 953; baseline -0.005 -18"><span class='ocrx_word' id='word_1_385' title='bbox 2051 876 2251 947; x_wconf 91' lang='lat' dir='ltr'>eremi,</span> <span class='ocrx_word' id='word_1_386' title='bbox 2298 881 2469 952; x_wconf 90' lang='lat' dir='ltr'>prout</span> <span class='ocrx_word' id='word_1_387' title='bbox 2500 875 2743 948; x_wconf 90' lang='lat' dir='ltr'>dignum</span> <span class='ocrx_word' id='word_1_388' title='bbox 2784 881 2924 945; x_wconf 89' lang='lat' dir='ltr'>erat,</span> <span class='ocrx_word' id='word_1_389' title='bbox 2978 874 3140 947; x_wconf 91' lang='lat' dir='ltr'>prius</span> <span class='ocrx_word' id='word_1_390' title='bbox 3178 879 3403 932; x_wconf 89' lang='lat' dir='ltr'>austere</span> <span class='ocrx_word' id='word_1_391' title='bbox 3460 869 3759 953; x_wconf 78' lang='lat' dir='ltr'>corripuit,</span> 
     </span>
    </p>
   </div>
   <div class='ocr_carea' id='block_1_55' title="bbox 2051 958 3764 1043">
    <p class='ocr_par' dir='ltr' id='par_1_55' title="bbox 2051 958 3764 1043">
     <span class='ocr_line' id='line_1_56' title="bbox 2051 958 3764 1043; baseline -0.004 -20"><span class='ocrx_word' id='word_1_392' title='bbox 2051 964 2257 1024; x_wconf 92' lang='lat' dir='ltr'>deinde</span> <span class='ocrx_word' id='word_1_393' title='bbox 2288 965 2349 1023; x_wconf 90' lang='lat' dir='ltr'>in</span> <span class='ocrx_word' id='word_1_394' title='bbox 2380 980 2486 1022; x_wconf 91' lang='lat' dir='ltr'>sua</span> <span class='ocrx_word' id='word_1_395' title='bbox 2519 961 2827 1038; x_wconf 64' lang='lat' dir='ltr'>praesentia</span> <span class='ocrx_word' id='word_1_396' title='bbox 2863 961 3138 1036; x_wconf 87' lang='lat' dir='ltr'>vapulare</span> <span class='ocrx_word' id='word_1_397' title='bbox 3170 959 3458 1035; x_wconf 77' lang='lat' dir='ltr'>praecepit.</span> <span class='ocrx_word' id='word_1_398' title='bbox 3500 958 3764 1043; x_wconf 67' lang='lat' dir='ltr'>Cumque</span> 
     </span>
    </p>
   </div>
   <div class='ocr_carea' id='block_1_56' title="bbox 2046 1044 3763 1128">
    <p class='ocr_par' dir='ltr' id='par_1_56' title="bbox 2046 1044 3763 1128">
     <span class='ocr_line' id='line_1_57' title="bbox 2046 1044 3763 1128; baseline -0.004 -17"><span class='ocrx_word' id='word_1_399' title='bbox 2046 1051 2291 1128; x_wconf 90' lang='lat' dir='ltr'>jubente</span> <span class='ocrx_word' id='word_1_400' title='bbox 2319 1053 2597 1127; x_wconf 89' lang='lat' dir='ltr'>magistro</span> <span class='ocrx_word' id='word_1_401' title='bbox 2631 1066 2693 1108; x_wconf 91' lang='lat' dir='ltr'>se</span> <span class='ocrx_word' id='word_1_402' title='bbox 2720 1049 2985 1124; x_wconf 87' lang='lat' dir='ltr'>coepisset</span> <span class='ocrx_word' id='word_1_403' title='bbox 3022 1048 3285 1119; x_wconf 90' lang='lat' dir='ltr'>induere,</span> <span class='ocrx_word' id='word_1_404' title='bbox 3327 1044 3574 1120; x_wconf 89' lang='lat' dir='ltr'>superbe</span> <span class='ocrx_word' id='word_1_405' title='bbox 3607 1045 3763 1104; x_wconf 91' lang='lat' dir='ltr'>locu-</span> 
     </span>
    </p>
   </div>
   <div class='ocr_carea' id='block_1_57' title="bbox 2053 1135 3765 1215">
    <p class='ocr_par' dir='ltr' id='par_1_57' title="bbox 2053 1135 3765 1215">
     <span class='ocr_line' id='line_1_58' title="bbox 2053 1135 3765 1215; baseline -0.005 -13"><span class='ocrx_word' id='word_1_406' title='bbox 2053 1152 2146 1202; x_wconf 92' lang='lat' dir='ltr'>tus</span> <span class='ocrx_word' id='word_1_407' title='bbox 2178 1149 2279 1202; x_wconf 89' lang='lat' dir='ltr'>est.</span> <span class='ocrx_word' id='word_1_408' title='bbox 2311 1143 2501 1214; x_wconf 84' lang='lat' dir='ltr'>Quem</span> <span class='ocrx_word' id='word_1_409' title='bbox 2532 1157 2737 1200; x_wconf 89' lang='lat' dir='ltr'>rursus</span> <span class='ocrx_word' id='word_1_410' title='bbox 2761 1139 3034 1215; x_wconf 83' lang='lat' dir='ltr'>magister</span> <span class='ocrx_word' id='word_1_411' title='bbox 3062 1139 3228 1209; x_wconf 83' lang='lat' dir='ltr'>exui,</span> <span class='ocrx_word' id='word_1_412' title='bbox 3261 1153 3465 1197; x_wconf 89' lang='lat' dir='ltr'>rursus</span> <span class='ocrx_word' id='word_1_413' title='bbox 3492 1135 3765 1213; x_wconf 76' lang='lat' dir='ltr'>praecepit</span> 
     </span>
    </p>
   </div>
   <div class='ocr_carea' id='block_1_58' title="bbox 2051 1225 3759 1301">
    <p class='ocr_par' dir='ltr' id='par_1_58' title="bbox 2051 1225 3759 1301">
     <span class='ocr_line' id='line_1_59' title="bbox 2051 1225 3759 1301; baseline -0.004 -11"><span class='ocrx_word' id='word_1_414' title='bbox 2051 1233 2364 1292; x_wconf 90' lang='lat' dir='ltr'>verberari.</span> <span class='ocrx_word' id='word_1_415' title='bbox 2400 1231 2514 1291; x_wconf 89' lang='lat' dir='ltr'>Sed</span> <span class='ocrx_word' id='word_1_416' title='bbox 2551 1231 2742 1290; x_wconf 90' lang='lat' dir='ltr'>adhuc</span> <span class='ocrx_word' id='word_1_417' title='bbox 2778 1229 2951 1288; x_wconf 91' lang='lat' dir='ltr'>etiam</span> <span class='ocrx_word' id='word_1_418' title='bbox 2981 1244 3040 1287; x_wconf 89' lang='lat' dir='ltr'>se</span> <span class='ocrx_word' id='word_1_419' title='bbox 3069 1226 3278 1287; x_wconf 88' lang='lat' dir='ltr'>vestire</span> <span class='ocrx_word' id='word_1_420' title='bbox 3307 1225 3612 1301; x_wconf 90' lang='lat' dir='ltr'>incipiens,</span> <span class='ocrx_word' id='word_1_421' title='bbox 3658 1240 3759 1283; x_wconf 86' lang='lat' dir='ltr'>su-</span> 
     </span>
    </p>
   </div>
   <div class='ocr_carea' id='block_1_59' title="bbox 2051 1314 3765 1397">
    <p class='ocr_par' dir='ltr' id='par_1_59' title="bbox 2051 1314 3765 1397">
     <span class='ocr_line' id='line_1_60' title="bbox 2051 1314 3765 1397; baseline -0.005 -16"><span class='ocrx_word' id='word_1_422' title='bbox 2051 1321 2299 1397; x_wconf 90' lang='lat' dir='ltr'>perbum</span> <span class='ocrx_word' id='word_1_423' title='bbox 2343 1320 2483 1394; x_wconf 89' lang='lat' dir='ltr'>quid</span> <span class='ocrx_word' id='word_1_424' title='bbox 2524 1320 2757 1379; x_wconf 79' lang='lat' dir='ltr'>efﬂuere</span> <span class='ocrx_word' id='word_1_425' title='bbox 2808 1335 2927 1377; x_wconf 93' lang='lat' dir='ltr'>non</span> <span class='ocrx_word' id='word_1_426' title='bbox 2975 1317 3236 1375; x_wconf 90' lang='lat' dir='ltr'>cessavit.</span> <span class='ocrx_word' id='word_1_427' title='bbox 3301 1314 3395 1375; x_wconf 89' lang='lat' dir='ltr'>Sic</span> <span class='ocrx_word' id='word_1_428' title='bbox 3443 1314 3629 1386; x_wconf 89' lang='lat' dir='ltr'>tertio,</span> <span class='ocrx_word' id='word_1_429' title='bbox 3681 1314 3765 1374; x_wconf 90' lang='lat' dir='ltr'>sic</span> 
     </span>
    </p>
   </div>
   <div class='ocr_carea' id='block_1_60' title="bbox 2053 1404 3762 1486">
    <p class='ocr_par' dir='ltr' id='par_1_60' title="bbox 2053 1404 3762 1486">
     <span class='ocr_line' id='line_1_61' title="bbox 2053 1404 3762 1486; baseline -0.005 -15"><span class='ocrx_word' id='word_1_430' title='bbox 2053 1416 2277 1486; x_wconf 89' lang='lat' dir='ltr'>quarto,</span> <span class='ocrx_word' id='word_1_431' title='bbox 2317 1419 2371 1471; x_wconf 91' lang='lat' dir='ltr'>et</span> <span class='ocrx_word' id='word_1_432' title='bbox 2400 1411 2450 1469; x_wconf 90' lang='lat' dir='ltr'>si</span> <span class='ocrx_word' id='word_1_433' title='bbox 2482 1411 2591 1469; x_wconf 87' lang='lat' dir='ltr'>rite</span> <span class='ocrx_word' id='word_1_434' title='bbox 2623 1416 2808 1481; x_wconf 90' lang='lat' dir='ltr'>teneo,</span> <span class='ocrx_word' id='word_1_435' title='bbox 2848 1424 3035 1483; x_wconf 90' lang='lat' dir='ltr'>usque</span> <span class='ocrx_word' id='word_1_436' title='bbox 3069 1407 3259 1467; x_wconf 85' lang='lat' dir='ltr'>sexies</span> <span class='ocrx_word' id='word_1_437' title='bbox 3307 1404 3665 1465; x_wconf 83' lang='lat' dir='ltr'>verberatus&#39;</span> <span class='ocrx_word' id='word_1_438' title='bbox 3676 1412 3762 1463; x_wconf 92' lang='lat' dir='ltr'>est</span> 
     </span>
    </p>
   </div>
   <div class='ocr_carea' id='block_1_61' title="bbox 2052 1493 3762 1558">
    <p class='ocr_par' dir='ltr' id='par_1_61' title="bbox 2052 1493 3762 1558">
     <span class='ocr_line' id='line_1_62' title="bbox 2052 1493 3762 1558; baseline -0.002 -1"><span class='ocrx_word' id='word_1_439' title='bbox 2052 1515 2159 1558; x_wconf 92' lang='lat' dir='ltr'>nec</span> <span class='ocrx_word' id='word_1_440' title='bbox 2187 1499 2546 1558; x_wconf 90' lang='lat' dir='ltr'>emendatus.</span> <span class='ocrx_word' id='word_1_441' title='bbox 2584 1497 2811 1556; x_wconf 81' lang='lat' dir='ltr'>Exutus</span> <span class='ocrx_word' id='word_1_442' title='bbox 2854 1495 3010 1554; x_wconf 90' lang='lat' dir='ltr'>enim</span> <span class='ocrx_word' id='word_1_443' title='bbox 3056 1500 3112 1553; x_wconf 91' lang='lat' dir='ltr'>et</span> <span class='ocrx_word' id='word_1_444' title='bbox 3164 1494 3469 1554; x_wconf 88' lang='lat' dir='ltr'>reindutus</span> <span class='ocrx_word' id='word_1_445' title='bbox 3510 1493 3762 1553; x_wconf 87' lang='lat' dir='ltr'>humilia</span> 
     </span>
    </p>
   </div>
   <div class='ocr_carea' id='block_1_62' title="bbox 2050 1584 3756 1663">
    <p class='ocr_par' dir='ltr' id='par_1_62' title="bbox 2050 1584 3756 1663">
     <span class='ocr_line' id='line_1_63' title="bbox 2050 1584 3756 1663; baseline -0.002 -16"><span class='ocrx_word' id='word_1_446' title='bbox 2050 1589 2396 1663; x_wconf 90' lang='lat' dir='ltr'>respondere</span> <span class='ocrx_word' id='word_1_447' title='bbox 2425 1604 2544 1646; x_wconf 90' lang='lat' dir='ltr'>non</span> <span class='ocrx_word' id='word_1_448' title='bbox 2573 1585 2777 1662; x_wconf 91' lang='lat' dir='ltr'>potuit.</span> <span class='ocrx_word' id='word_1_449' title='bbox 2815 1585 3068 1660; x_wconf 90' lang='lat' dir='ltr'>Septima</span> <span class='ocrx_word' id='word_1_450' title='bbox 3096 1600 3234 1643; x_wconf 92' lang='lat' dir='ltr'>vero</span> <span class='ocrx_word' id='word_1_451' title='bbox 3258 1584 3384 1641; x_wconf 92' lang='lat' dir='ltr'>vice</span> <span class='ocrx_word' id='word_1_452' title='bbox 3416 1584 3756 1657; x_wconf 85' lang='lat' dir='ltr'>ﬂagellatus,</span> 
     </span>
    </p>
   </div>
   <div class='ocr_carea' id='block_1_63' title="bbox 2050 1672 3761 1752">
    <p class='ocr_par' dir='ltr' id='par_1_63' title="bbox 2050 1672 3761 1752">
     <span class='ocr_line' id='line_1_64' title="bbox 2050 1672 3761 1752; baseline -0.002 -15"><span class='ocrx_word' id='word_1_453' title='bbox 2050 1694 2187 1737; x_wconf 88' lang='lat' dir='ltr'>cum</span> <span class='ocrx_word' id='word_1_454' title='bbox 2216 1694 2276 1737; x_wconf 92' lang='lat' dir='ltr'>se</span> <span class='ocrx_word' id='word_1_455' title='bbox 2305 1677 2573 1752; x_wconf 76' lang='lat' dir='ltr'>cmpisset</span> <span class='ocrx_word' id='word_1_456' title='bbox 2616 1676 2880 1745; x_wconf 85' lang='lat' dir='ltr'>induere,</span> <span class='ocrx_word' id='word_1_457' title='bbox 2931 1675 3085 1733; x_wconf 90' lang='lat' dir='ltr'>clara</span> <span class='ocrx_word' id='word_1_458' title='bbox 3115 1672 3287 1748; x_wconf 74' lang='lat' dir='ltr'>ccepit</span> <span class='ocrx_word' id='word_1_459' title='bbox 3316 1689 3459 1732; x_wconf 91' lang='lat' dir='ltr'>voce</span> <span class='ocrx_word' id='word_1_460' title='bbox 3489 1673 3761 1743; x_wconf 90' lang='lat' dir='ltr'>clamare,</span> 
     </span>
    </p>
   </div>
   <div class='ocr_carea' id='block_1_64' title="bbox 2056 1762 3764 1837">
    <p class='ocr_par' dir='ltr' id='par_1_64' title="bbox 2056 1762 3764 1837">
     <span class='ocr_line' id='line_1_65' title="bbox 2056 1762 3764 1837; baseline -0.001 -11"><span class='ocrx_word' id='word_1_461' title='bbox 2056 1767 2285 1826; x_wconf 87' lang='lat' dir='ltr'>dicens:</span> <span class='ocrx_word' id='word_1_462' title='bbox 2317 1767 2460 1825; x_wconf 84' lang='lat' dir='ltr'>Ecce</span> <span class='ocrx_word' id='word_1_463' title='bbox 2495 1765 2760 1824; x_wconf 91' lang='lat' dir='ltr'>diabolus</span> <span class='ocrx_word' id='word_1_464' title='bbox 2806 1764 2969 1835; x_wconf 91' lang='lat' dir='ltr'>abiit,</span> <span class='ocrx_word' id='word_1_465' title='bbox 3016 1778 3145 1821; x_wconf 93' lang='lat' dir='ltr'>ecce</span> <span class='ocrx_word' id='word_1_466' title='bbox 3194 1762 3593 1837; x_wconf 90' lang='lat' dir='ltr'>nequissimus</span> <span class='ocrx_word' id='word_1_467' title='bbox 3646 1765 3764 1824; x_wconf 90' lang='lat' dir='ltr'>mei</span> 
     </span>
    </p>
   </div>
   <div class='ocr_carea' id='block_1_65' title="bbox 2054 1932 3761 2021">
    <p class='ocr_par' dir='ltr' id='par_1_65' title="bbox 2054 1932 3761 2021">
     <span class='ocr_line' id='line_1_66' title="bbox 2054 1932 3761 2021; baseline -0.001 -16"><span class='ocrx_word' id='word_1_468' title='bbox 2054 1946 2416 2021; x_wconf 88' lang='lat' dir='ltr'>astringebar</span> <span class='ocrx_word' id='word_1_469' title='bbox 2447 1945 2694 2005; x_wconf 71' lang='lat' dir='ltr'>effractis</span> <span class='ocrx_word' id='word_1_470' title='bbox 2725 1932 2974 2003; x_wconf 82' lang='lat' dir='ltr'>liberum</span> <span class='ocrx_word' id='word_1_471' title='bbox 3004 1940 3334 2015; x_wconf 89' lang='lat' dir='ltr'>dereliquit.</span> <span class='ocrx_word' id='word_1_472' title='bbox 3375 1941 3625 2018; x_wconf 88' lang='lat' dir='ltr'>Jamjam</span> <span class='ocrx_word' id='word_1_473' title='bbox 3656 1943 3761 2003; x_wconf 92' lang='lat' dir='ltr'>do-</span> 
     </span>
    </p>
   </div>
   <div class='ocr_carea' id='block_1_66' title="bbox 2040 2031 3763 2110">
    <p class='ocr_par' dir='ltr' id='par_1_66' title="bbox 2040 2031 3763 2110">
     <span class='ocr_line' id='line_1_67' title="bbox 2040 2031 3763 2110; baseline -0.001 -16"><span class='ocrx_word' id='word_1_474' title='bbox 2040 2035 2216 2095; x_wconf 83' lang='lat' dir='ltr'>mino</span> <span class='ocrx_word' id='word_1_475' title='bbox 2254 2043 2309 2094; x_wconf 88' lang='lat' dir='ltr'>et</span> <span class='ocrx_word' id='word_1_476' title='bbox 2348 2033 2623 2110; x_wconf 89' lang='lat' dir='ltr'>magistro</span> <span class='ocrx_word' id='word_1_477' title='bbox 2667 2050 2796 2093; x_wconf 90' lang='lat' dir='ltr'>meo</span> <span class='ocrx_word' id='word_1_478' title='bbox 2837 2032 3084 2091; x_wconf 87' lang='lat' dir='ltr'>libenter</span> <span class='ocrx_word' id='word_1_479' title='bbox 3129 2031 3461 2105; x_wconf 88' lang='lat' dir='ltr'>obtempero</span> <span class='ocrx_word' id='word_1_480' title='bbox 3514 2031 3763 2106; x_wconf 82' lang='lat' dir='ltr'>ejusque</span> 
     </span>
    </p>
   </div>
   <div class='ocr_carea' id='block_1_67' title="bbox 2053 2120 3763 2197">
    <p class='ocr_par' dir='ltr' id='par_1_67' title="bbox 2053 2120 3763 2197">
     <span class='ocr_line' id='line_1_68' title="bbox 2053 2120 3763 2197; baseline -0.002 -13"><span class='ocrx_word' id='word_1_481' title='bbox 2053 2141 2148 2184; x_wconf 90' lang='lat' dir='ltr'>me</span> <span class='ocrx_word' id='word_1_482' title='bbox 2177 2125 2551 2185; x_wconf 90' lang='lat' dir='ltr'>subdendum</span> <span class='ocrx_word' id='word_1_483' title='bbox 2578 2123 2803 2197; x_wconf 79' lang='lat' dir='ltr'>legibus</span> <span class='ocrx_word' id='word_1_484' title='bbox 2852 2137 2953 2196; x_wconf 91' lang='lat' dir='ltr'>per</span> <span class='ocrx_word' id='word_1_485' title='bbox 2993 2120 3189 2179; x_wconf 90' lang='lat' dir='ltr'>omnia</span> <span class='ocrx_word' id='word_1_486' title='bbox 3240 2120 3594 2194; x_wconf 87' lang='lat' dir='ltr'>repromitto.</span> <span class='ocrx_word' id='word_1_487' title='bbox 3635 2120 3763 2181; x_wconf 87' lang='lat' dir='ltr'>Hoc</span> 
     </span>
    </p>
   </div>
   <div class='ocr_carea' id='block_1_68' title="bbox 2051 2209 3758 2283">
    <p class='ocr_par' dir='ltr' id='par_1_68' title="bbox 2051 2209 3758 2283">
     <span class='ocr_line' id='line_1_69' title="bbox 2051 2209 3758 2283; baseline -0.002 -8"><span class='ocrx_word' id='word_1_488' title='bbox 2051 2216 2223 2275; x_wconf 92' lang='lat' dir='ltr'>modo</span> <span class='ocrx_word' id='word_1_489' title='bbox 2250 2217 2424 2276; x_wconf 87' lang='lat' dir='ltr'>frater</span> <span class='ocrx_word' id='word_1_490' title='bbox 2451 2214 2550 2275; x_wconf 89' lang='lat' dir='ltr'>ille</span> <span class='ocrx_word' id='word_1_491' title='bbox 2574 2215 2647 2274; x_wconf 89' lang='lat' dir='ltr'>ad</span> <span class='ocrx_word' id='word_1_492' title='bbox 2671 2210 3021 2273; x_wconf 88' lang='lat' dir='ltr'>humilitatis</span> <span class='ocrx_word' id='word_1_493' title='bbox 3042 2210 3364 2270; x_wconf 89' lang='lat' dir='ltr'>custodiam</span> <span class='ocrx_word' id='word_1_494' title='bbox 3391 2209 3583 2283; x_wconf 89' lang='lat' dir='ltr'>rediit,</span> <span class='ocrx_word' id='word_1_495' title='bbox 3617 2217 3673 2270; x_wconf 93' lang='lat' dir='ltr'>et</span> <span class='ocrx_word' id='word_1_496' title='bbox 3696 2212 3758 2271; x_wconf 88' lang='lat' dir='ltr'>in</span> 
     </span>
    </p>
   </div>
   <div class='ocr_carea' id='block_1_69' title="bbox 2052 2297 3763 2381">
    <p class='ocr_par' dir='ltr' id='par_1_69' title="bbox 2052 2297 3763 2381">
     <span class='ocr_line' id='line_1_70' title="bbox 2052 2297 3763 2381; baseline -0.004 -16"><span class='ocrx_word' id='word_1_497' title='bbox 2052 2304 2262 2365; x_wconf 92' lang='lat' dir='ltr'>cellula</span> <span class='ocrx_word' id='word_1_498' title='bbox 2280 2304 2499 2381; x_wconf 89' lang='lat' dir='ltr'>jugiter</span> <span class='ocrx_word' id='word_1_499' title='bbox 2522 2317 2921 2379; x_wconf 88' lang='lat' dir='ltr'>perseverans,</span> <span class='ocrx_word' id='word_1_500' title='bbox 2953 2300 3024 2359; x_wconf 93' lang='lat' dir='ltr'>de</span> <span class='ocrx_word' id='word_1_501' title='bbox 3052 2304 3258 2358; x_wconf 63' lang='lat' dir='ltr'>caetero</span> <span class='ocrx_word' id='word_1_502' title='bbox 3286 2297 3763 2375; x_wconf 85' lang='lat' dir='ltr'>irreprehensibi-</span> 
     </span>
    </p>
   </div>
   <div class='ocr_carea' id='block_1_70' title="bbox 2051 2393 2379 2454">
    <p class='ocr_par' dir='ltr' id='par_1_70' title="bbox 2051 2393 2379 2454">
     <span class='ocr_line' id='line_1_71' title="bbox 2051 2393 2379 2454; baseline 0.003 -3"><span class='ocrx_word' id='word_1_503' title='bbox 2051 2393 2181 2454; x_wconf 91' lang='lat' dir='ltr'>liter</span> <span class='ocrx_word' id='word_1_504' title='bbox 2209 2394 2379 2453; x_wconf 83' lang='lat' dir='ltr'>vixit.</span> 
     </span>
    </p>
   </div>
   <div class='ocr_carea' id='block_1_71' title="bbox 2704 2459 3105 2521">
    <p class='ocr_par' dir='ltr' id='par_1_71' title="bbox 2704 2459 3105 2521">
     <span class='ocr_line' id='line_1_72' title="bbox 2704 2459 3105 2521; baseline -0.005 0"><span class='ocrx_word' id='word_1_505' title='bbox 2704 2461 2950 2521; x_wconf 89' lang='lat' dir='ltr'>CAPUT</span> <span class='ocrx_word' id='word_1_506' title='bbox 2978 2459 3105 2520; x_wconf 92' lang='lat' dir='ltr'>VII.</span> 
     </span>
    </p>
   </div>
   <div class='ocr_carea' id='block_1_72' title="bbox 2406 2555 3395 2626">
    <p class='ocr_par' dir='ltr' id='par_1_72' title="bbox 2406 2555 3395 2626">
     <span class='ocr_line' id='line_1_73' title="bbox 2406 2555 3395 2626; baseline -0.003 -15"><span class='ocrx_word' id='word_1_507' title='bbox 2406 2557 2498 2611; x_wconf 87' lang='lat' dir='ltr'>Fit</span> <span class='ocrx_word' id='word_1_508' title='bbox 2520 2557 2582 2612; x_wconf 92' lang='lat' dir='ltr'>B.</span> <span class='ocrx_word' id='word_1_509' title='bbox 2609 2556 2761 2610; x_wconf 70' lang='lat' dir='ltr'>Petri</span> <span class='ocrx_word' id='word_1_510' title='bbox 2782 2556 3046 2623; x_wconf 73' lang='lat' dir='ltr'>Damiani</span> <span class='ocrx_word' id='word_1_511' title='bbox 3070 2555 3395 2626; x_wconf 77' lang='lat' dir='ltr'>discipulus.</span> 
     </span>
    </p>
   </div>
   <div class='ocr_carea' id='block_1_73' title="bbox 2123 2658 3756 2741">
    <p class='ocr_par' dir='ltr' id='par_1_73' title="bbox 2123 2658 3756 2741">
     <span class='ocr_line' id='line_1_74' title="bbox 2123 2658 3756 2741; baseline -0.002 -19"><span class='ocrx_word' id='word_1_512' title='bbox 2123 2664 2323 2739; x_wconf 89' lang='lat' dir='ltr'>Longe</span> <span class='ocrx_word' id='word_1_513' title='bbox 2354 2677 2489 2721; x_wconf 91' lang='lat' dir='ltr'>vero</span> <span class='ocrx_word' id='word_1_514' title='bbox 2521 2668 2668 2737; x_wconf 92' lang='lat' dir='ltr'>post,</span> <span class='ocrx_word' id='word_1_515' title='bbox 2714 2658 2987 2733; x_wconf 85' lang='lat' dir='ltr'>magistro</span> <span class='ocrx_word' id='word_1_516' title='bbox 3033 2661 3328 2741; x_wconf 78' lang='lat' dir='ltr'>praebente</span> <span class='ocrx_word' id='word_1_517' title='bbox 3386 2673 3756 2729; x_wconf 89' lang='lat' dir='ltr'>consensum,</span> 
     </span>
    </p>
   </div>
   <div class='ocr_carea' id='block_1_74' title="bbox 2051 2746 3762 2827">
    <p class='ocr_par' dir='ltr' id='par_1_74' title="bbox 2051 2746 3762 2827">
     <span class='ocr_line' id='line_1_75' title="bbox 2051 2746 3762 2827; baseline -0.004 -15"><span class='ocrx_word' id='word_1_518' title='bbox 2051 2752 2322 2827; x_wconf 88' lang='lat' dir='ltr'>dignatus</span> <span class='ocrx_word' id='word_1_519' title='bbox 2360 2755 2448 2810; x_wconf 91' lang='lat' dir='ltr'>est</span> <span class='ocrx_word' id='word_1_520' title='bbox 2492 2751 2583 2809; x_wconf 90' lang='lat' dir='ltr'>vir</span> <span class='ocrx_word' id='word_1_521' title='bbox 2611 2755 2845 2811; x_wconf 90' lang='lat' dir='ltr'>sanctus</span> <span class='ocrx_word' id='word_1_522' title='bbox 2874 2746 3184 2827; x_wconf 61' lang='lat' dir='ltr'>praedictus</span> <span class='ocrx_word' id='word_1_523' title='bbox 3227 2748 3375 2809; x_wconf 88' lang='lat' dir='ltr'>mihi</span> <span class='ocrx_word' id='word_1_524' title='bbox 3422 2748 3653 2825; x_wconf 87' lang='lat' dir='ltr'>misero,</span> <span class='ocrx_word' id='word_1_525' title='bbox 3702 2752 3762 2806; x_wconf 90' lang='lat' dir='ltr'>et</span> 
     </span>
    </p>
   </div>
   <div class='ocr_carea' id='block_1_75' title="bbox 2047 2838 3756 2919">
    <p class='ocr_par' dir='ltr' id='par_1_75' title="bbox 2047 2838 3756 2919">
     <span class='ocr_line' id='line_1_76' title="bbox 2047 2838 3756 2919; baseline -0.001 -19"><span class='ocrx_word' id='word_1_526' title='bbox 2047 2857 2222 2915; x_wconf 90' lang='lat' dir='ltr'>quem</span> <span class='ocrx_word' id='word_1_527' title='bbox 2271 2842 2393 2915; x_wconf 89' lang='lat' dir='ltr'>ipse</span> <span class='ocrx_word' id='word_1_528' title='bbox 2437 2839 2726 2914; x_wconf 90' lang='lat' dir='ltr'>suscipere</span> <span class='ocrx_word' id='word_1_529' title='bbox 2775 2838 3131 2919; x_wconf 86' lang='lat' dir='ltr'>dignaretur,</span> <span class='ocrx_word' id='word_1_530' title='bbox 3186 2839 3450 2913; x_wconf 86' lang='lat' dir='ltr'>indigno,</span> <span class='ocrx_word' id='word_1_531' title='bbox 3507 2838 3656 2897; x_wconf 90' lang='lat' dir='ltr'>mira</span> <span class='ocrx_word' id='word_1_532' title='bbox 3692 2855 3756 2919; x_wconf 5' lang='lat' dir='ltr'>pse</span> 
     </span>
    </p>
   </div>
   <div class='ocr_carea' id='block_1_76' title="bbox 2048 2918 3757 3005">
    <p class='ocr_par' dir='ltr' id='par_1_76' title="bbox 2048 2918 3757 3005">
     <span class='ocr_line' id='line_1_77' title="bbox 2048 2918 3757 3005; baseline -0.002 -16"><span class='ocrx_word' id='word_1_533' title='bbox 2048 2945 2286 3005; x_wconf 88' lang='lat' dir='ltr'>prorsus</span> <span class='ocrx_word' id='word_1_534' title='bbox 2313 2926 2645 2989; x_wconf 87' lang='lat' dir='ltr'>humilitate</span> <span class='ocrx_word' id='word_1_535' title='bbox 2673 2926 3049 2997; x_wconf 88' lang='lat' dir='ltr'>committere,</span> <span class='ocrx_word' id='word_1_536' title='bbox 3076 2933 3133 2985; x_wconf 90' lang='lat' dir='ltr'>et</span> <span class='ocrx_word' id='word_1_537' title='bbox 3160 2927 3309 2987; x_wconf 91' lang='lat' dir='ltr'>sicut</span> <span class='ocrx_word' id='word_1_538' title='bbox 3341 2927 3535 2987; x_wconf 90' lang='lat' dir='ltr'>abbati</span> <span class='ocrx_word' id='word_1_539' title='bbox 3560 2918 3757 2986; x_wconf 87' lang='lat' dir='ltr'>mona-</span> 
     </span>
    </p>
   </div>
   <div class='ocr_carea' id='block_1_77' title="bbox 2045 3013 3825 3092">
    <p class='ocr_par' dir='ltr' id='par_1_77' title="bbox 2045 3013 3825 3092">
     <span class='ocr_line' id='line_1_78' title="bbox 2045 3013 3825 3092; baseline -0.006 -14"><span class='ocrx_word' id='word_1_540' title='bbox 2045 3018 2226 3080; x_wconf 90' lang='lat' dir='ltr'>chum</span> <span class='ocrx_word' id='word_1_541' title='bbox 2255 3018 2586 3092; x_wconf 87' lang='lat' dir='ltr'>subjugare.</span> <span class='ocrx_word' id='word_1_542' title='bbox 2616 3015 2723 3075; x_wconf 90' lang='lat' dir='ltr'>Cui</span> <span class='ocrx_word' id='word_1_543' title='bbox 2751 3014 3030 3076; x_wconf 90' lang='lat' dir='ltr'>nimirum</span> <span class='ocrx_word' id='word_1_544' title='bbox 3057 3015 3340 3091; x_wconf 61' lang='lat' dir='ltr'>praestitit,</span> <span class='ocrx_word' id='word_1_545' title='bbox 3370 3032 3486 3075; x_wconf 91' lang='lat' dir='ltr'>non</span> <span class='ocrx_word' id='word_1_546' title='bbox 3514 3013 3749 3089; x_wconf 87' lang='lat' dir='ltr'>accepit.</span> <span class='ocrx_word' id='word_1_547' title='bbox 3816 3059 3825 3067; x_wconf 94' lang='lat'>.</span> 
     </span>
    </p>
   </div>
   <div class='ocr_carea' id='block_1_78' title="bbox 2048 3104 3751 3187">
    <p class='ocr_par' dir='ltr' id='par_1_78' title="bbox 2048 3104 3751 3187">
     <span class='ocr_line' id='line_1_79' title="bbox 2048 3104 3751 3187; baseline -0.004 -16"><span class='ocrx_word' id='word_1_548' title='bbox 2048 3111 2118 3171; x_wconf 90' lang='lat' dir='ltr'>Et</span> <span class='ocrx_word' id='word_1_549' title='bbox 2163 3125 2339 3187; x_wconf 91' lang='lat' dir='ltr'>quem</span> <span class='ocrx_word' id='word_1_550' title='bbox 2376 3123 2738 3187; x_wconf 79' lang='lat' dir='ltr'>Susceperam</span> <span class='ocrx_word' id='word_1_551' title='bbox 2784 3107 2949 3167; x_wconf 90' lang='lat' dir='ltr'>velut</span> <span class='ocrx_word' id='word_1_552' title='bbox 2976 3106 3038 3166; x_wconf 91' lang='lat' dir='ltr'>in</span> <span class='ocrx_word' id='word_1_553' title='bbox 3073 3107 3427 3183; x_wconf 90' lang='lat' dir='ltr'>subjectione</span> <span class='ocrx_word' id='word_1_554' title='bbox 3459 3104 3751 3178; x_wconf 88' lang='lat' dir='ltr'>clientem,</span> 
     </span>
    </p>
   </div>
   <div class='ocr_carea' id='block_1_79' title="bbox 2046 3194 3758 3276">
    <p class='ocr_par' dir='ltr' id='par_1_79' title="bbox 2046 3194 3758 3276">
     <span class='ocr_line' id='line_1_80' title="bbox 2046 3194 3758 3276; baseline -0.005 -15"><span class='ocrx_word' id='word_1_555' title='bbox 2046 3200 2269 3276; x_wconf 83' lang='lat' dir='ltr'>gaudeo</span> <span class='ocrx_word' id='word_1_556' title='bbox 2295 3215 2388 3259; x_wconf 91' lang='lat' dir='ltr'>me</span> <span class='ocrx_word' id='word_1_557' title='bbox 2416 3198 2476 3256; x_wconf 90' lang='lat' dir='ltr'>in</span> <span class='ocrx_word' id='word_1_558' title='bbox 2505 3194 2941 3269; x_wconf 74' lang='lat' dir='ltr'>scholaﬂhristi</span> <span class='ocrx_word' id='word_1_559' title='bbox 2966 3213 3101 3256; x_wconf 90' lang='lat' dir='ltr'>vere</span> <span class='ocrx_word' id='word_1_560' title='bbox 3126 3195 3541 3271; x_wconf 82' lang='lat' dir='ltr'>phiIOSOphum</span> <span class='ocrx_word' id='word_1_561' title='bbox 3567 3210 3758 3270; x_wconf 87' lang='lat' dir='ltr'>perce-</span> 
     </span>
    </p>
   </div>
   <div class='ocr_carea' id='block_1_80' title="bbox 2046 3285 3756 3366">
    <p class='ocr_par' dir='ltr' id='par_1_80' title="bbox 2046 3285 3756 3366">
     <span class='ocr_line' id='line_1_81' title="bbox 2046 3285 3756 3366; baseline -0.002 -16"><span class='ocrx_word' id='word_1_562' title='bbox 2046 3292 2197 3366; x_wconf 89' lang='lat' dir='ltr'>pisse</span> <span class='ocrx_word' id='word_1_563' title='bbox 2240 3291 2547 3349; x_wconf 89' lang='lat' dir='ltr'>doctorem.</span> <span class='ocrx_word' id='word_1_564' title='bbox 2584 3287 2727 3346; x_wconf 89' lang='lat' dir='ltr'>Tota</span> <span class='ocrx_word' id='word_1_565' title='bbox 2765 3286 2980 3361; x_wconf 92' lang='lat' dir='ltr'>quippe</span> <span class='ocrx_word' id='word_1_566' title='bbox 3020 3287 3140 3345; x_wconf 89' lang='lat' dir='ltr'>vita</span> <span class='ocrx_word' id='word_1_567' title='bbox 3179 3288 3305 3359; x_wconf 89' lang='lat' dir='ltr'>ejus</span> <span class='ocrx_word' id='word_1_568' title='bbox 3336 3285 3664 3360; x_wconf 76' lang='lat' dir='ltr'>praedicatio</span> <span class='ocrx_word' id='word_1_569' title='bbox 3697 3293 3756 3347; x_wconf 87' lang='lat' dir='ltr'>et</span> 
     </span>
    </p>
   </div>
   <div class='ocr_carea' id='block_1_81' title="bbox 2044 3372 3754 3447">
    <p class='ocr_par' dir='ltr' id='par_1_81' title="bbox 2044 3372 3754 3447">
     <span class='ocr_line' id='line_1_82' title="bbox 2044 3372 3754 3447; baseline -0.001 -11"><span class='ocrx_word' id='word_1_570' title='bbox 2044 3376 2368 3445; x_wconf 70' lang='lat' dir='ltr'>aediﬁcatio,</span> <span class='ocrx_word' id='word_1_571' title='bbox 2417 3374 2677 3434; x_wconf 91' lang='lat' dir='ltr'>doctrina</span> <span class='ocrx_word' id='word_1_572' title='bbox 2722 3381 2846 3432; x_wconf 88' lang='lat' dir='ltr'>erat</span> <span class='ocrx_word' id='word_1_573' title='bbox 2876 3381 2931 3432; x_wconf 86' lang='lat' dir='ltr'>et</span> <span class='ocrx_word' id='word_1_574' title='bbox 2959 3373 3284 3447; x_wconf 86' lang='lat' dir='ltr'>disciplina.</span> <span class='ocrx_word' id='word_1_575' title='bbox 3323 3372 3434 3433; x_wconf 92' lang='lat' dir='ltr'>Sed</span> <span class='ocrx_word' id='word_1_576' title='bbox 3463 3374 3600 3447; x_wconf 90' lang='lat' dir='ltr'>quia</span> <span class='ocrx_word' id='word_1_577' title='bbox 3647 3389 3754 3435; x_wconf 89' lang='lat' dir='ltr'>nos</span> 
     </span>
    </p>
   </div>
   <div class='ocr_carea' id='block_1_82' title="bbox 2044 3460 3751 3538">
    <p class='ocr_par' dir='ltr' id='par_1_82' title="bbox 2044 3460 3751 3538">
     <span class='ocr_line' id='line_1_83' title="bbox 2044 3460 3751 3538; baseline -0.001 -13"><span class='ocrx_word' id='word_1_578' title='bbox 2044 3465 2330 3525; x_wconf 91' lang='lat' dir='ltr'>nonnulla</span> <span class='ocrx_word' id='word_1_579' title='bbox 2348 3464 2528 3538; x_wconf 90' lang='lat' dir='ltr'>hujus</span> <span class='ocrx_word' id='word_1_580' title='bbox 2554 3462 2738 3522; x_wconf 91' lang='lat' dir='ltr'>sancti</span> <span class='ocrx_word' id='word_1_581' title='bbox 2762 3461 2875 3520; x_wconf 90' lang='lat' dir='ltr'>viri</span> <span class='ocrx_word' id='word_1_582' title='bbox 2902 3460 3068 3533; x_wconf 90' lang='lat' dir='ltr'>dicta,</span> <span class='ocrx_word' id='word_1_583' title='bbox 3104 3462 3196 3521; x_wconf 91' lang='lat' dir='ltr'>vel</span> <span class='ocrx_word' id='word_1_584' title='bbox 3225 3463 3369 3521; x_wconf 87' lang='lat' dir='ltr'>facta</span> <span class='ocrx_word' id='word_1_585' title='bbox 3395 3478 3496 3536; x_wconf 91' lang='lat' dir='ltr'>per</span> <span class='ocrx_word' id='word_1_586' title='bbox 3519 3460 3751 3523; x_wconf 89' lang='lat' dir='ltr'>diversa</span> 
     </span>
    </p>
   </div>
   <div class='ocr_carea' id='block_1_83' title="bbox 2043 3551 3752 3629">
    <p class='ocr_par' dir='ltr' id='par_1_83' title="bbox 2043 3551 3752 3629">
     <span class='ocr_line' id='line_1_84' title="bbox 2043 3551 3752 3629; baseline -0.001 -16"><span class='ocrx_word' id='word_1_587' title='bbox 2043 3553 2288 3614; x_wconf 91' lang='lat' dir='ltr'>dictatus</span> <span class='ocrx_word' id='word_1_588' title='bbox 2318 3552 2500 3612; x_wconf 90' lang='lat' dir='ltr'>nostri</span> <span class='ocrx_word' id='word_1_589' title='bbox 2538 3555 2662 3629; x_wconf 88' lang='lat' dir='ltr'>jam</span> <span class='ocrx_word' id='word_1_590' title='bbox 2698 3551 2976 3628; x_wconf 90' lang='lat' dir='ltr'>opuscula</span> <span class='ocrx_word' id='word_1_591' title='bbox 3003 3552 3339 3626; x_wconf 87' lang='lat' dir='ltr'>sparsimus,</span> <span class='ocrx_word' id='word_1_592' title='bbox 3369 3568 3489 3625; x_wconf 85' lang='lat' dir='ltr'>non</span> <span class='ocrx_word' id='word_1_593' title='bbox 3519 3551 3752 3612; x_wconf 90' lang='lat' dir='ltr'>videtur</span> 
     </span>
    </p>
   </div>
   <div class='ocr_carea' id='block_1_84' title="bbox 2043 3643 3751 3720">
    <p class='ocr_par' dir='ltr' id='par_1_84' title="bbox 2043 3643 3751 3720">
     <span class='ocr_line' id='line_1_85' title="bbox 2043 3643 3751 3720; baseline -0.001 -16"><span class='ocrx_word' id='word_1_594' title='bbox 2043 3644 2383 3717; x_wconf 90' lang='lat' dir='ltr'>absurdum,</span> <span class='ocrx_word' id='word_1_595' title='bbox 2415 3643 2465 3703; x_wconf 91' lang='lat' dir='ltr'>si</span> <span class='ocrx_word' id='word_1_596' title='bbox 2496 3643 2697 3702; x_wconf 90' lang='lat' dir='ltr'>eadem</span> <span class='ocrx_word' id='word_1_597' title='bbox 2748 3644 2861 3714; x_wconf 91' lang='lat' dir='ltr'>hic,</span> <span class='ocrx_word' id='word_1_598' title='bbox 2906 3660 3040 3720; x_wconf 67' lang='lat' dir='ltr'>quae</span> <span class='ocrx_word' id='word_1_599' title='bbox 3087 3650 3278 3703; x_wconf 90' lang='lat' dir='ltr'>tamen</span> <span class='ocrx_word' id='word_1_600' title='bbox 3318 3660 3437 3717; x_wconf 69' lang='lat' dir='ltr'>prae</span> <span class='ocrx_word' id='word_1_601' title='bbox 3479 3643 3751 3704; x_wconf 90' lang='lat' dir='ltr'>manibus</span> 
     </span>
    </p>
   </div>
   <div class='ocr_carea' id='block_1_85' title="bbox 2042 3732 3745 3815">
    <p class='ocr_par' dir='ltr' id='par_1_85' title="bbox 2042 3732 3745 3815">
     <span class='ocr_line' id='line_1_86' title="bbox 2042 3732 3745 3815; baseline -0.004 -21"><span class='ocrx_word' id='word_1_602' title='bbox 2042 3735 2349 3804; x_wconf 90' lang='lat' dir='ltr'>habentur,</span> <span class='ocrx_word' id='word_1_603' title='bbox 2397 3749 2463 3793; x_wconf 92' lang='lat' dir='ltr'>eo</span> <span class='ocrx_word' id='word_1_604' title='bbox 2492 3732 2614 3806; x_wconf 90' lang='lat' dir='ltr'>ipso</span> <span class='ocrx_word' id='word_1_605' title='bbox 2645 3732 2792 3807; x_wconf 79' lang='lat' dir='ltr'>stylo</span> <span class='ocrx_word' id='word_1_606' title='bbox 2816 3748 2933 3808; x_wconf 92' lang='lat' dir='ltr'>quo</span> <span class='ocrx_word' id='word_1_607' title='bbox 2967 3736 3177 3808; x_wconf 88' lang='lat' dir='ltr'>scripta</span> <span class='ocrx_word' id='word_1_608' title='bbox 3205 3740 3343 3791; x_wconf 91' lang='lat' dir='ltr'>sunt</span> <span class='ocrx_word' id='word_1_609' title='bbox 3368 3748 3745 3815; x_wconf 91' lang='lat' dir='ltr'>apponamus.</span> 
     </span>
    </p>
   </div>
   <div class='ocr_carea' id='block_1_86' title="bbox 2045 3820 3745 3893">
    <p class='ocr_par' dir='ltr' id='par_1_86' title="bbox 2045 3820 3745 3893">
     <span class='ocr_line' id='line_1_87' title="bbox 2045 3820 3745 3893; baseline -0.002 -9"><span class='ocrx_word' id='word_1_610' title='bbox 2045 3823 2194 3884; x_wconf 90' lang='lat' dir='ltr'>Sane</span> <span class='ocrx_word' id='word_1_611' title='bbox 2241 3822 2515 3881; x_wconf 88' lang='lat' dir='ltr'>facilioris</span> <span class='ocrx_word' id='word_1_612' title='bbox 2555 3828 2641 3879; x_wconf 91' lang='lat' dir='ltr'>est</span> <span class='ocrx_word' id='word_1_613' title='bbox 2688 3821 2883 3880; x_wconf 88' lang='lat' dir='ltr'>exitus</span> <span class='ocrx_word' id='word_1_614' title='bbox 2924 3838 2998 3879; x_wconf 92' lang='lat' dir='ltr'>ex</span> <span class='ocrx_word' id='word_1_615' title='bbox 3054 3820 3260 3879; x_wconf 86' lang='lat' dir='ltr'>dolatis</span> <span class='ocrx_word' id='word_1_616' title='bbox 3302 3820 3478 3893; x_wconf 80' lang='lat' dir='ltr'>lignis</span> <span class='ocrx_word' id='word_1_617' title='bbox 3508 3821 3745 3881; x_wconf 89' lang='lat' dir='ltr'>domum</span> 
     </span>
    </p>
   </div>
   <div class='ocr_carea' id='block_1_87' title="bbox 2042 3907 3749 3991">
    <p class='ocr_par' dir='ltr' id='par_1_87' title="bbox 2042 3907 3749 3991">
     <span class='ocr_line' id='line_1_88' title="bbox 2042 3907 3749 3991; baseline -0.001 -22"><span class='ocrx_word' id='word_1_618' title='bbox 2042 3917 2378 3970; x_wconf 89' lang='lat' dir='ltr'>construere</span> <span class='ocrx_word' id='word_1_619' title='bbox 2408 3925 2585 3983; x_wconf 88' lang='lat' dir='ltr'>quam</span> <span class='ocrx_word' id='word_1_620' title='bbox 2610 3908 2858 3967; x_wconf 89' lang='lat' dir='ltr'>dolando</span> <span class='ocrx_word' id='word_1_621' title='bbox 2891 3907 3067 3967; x_wconf 90' lang='lat' dir='ltr'>simul</span> <span class='ocrx_word' id='word_1_622' title='bbox 3097 3914 3153 3967; x_wconf 85' lang='lat' dir='ltr'>et</span> <span class='ocrx_word' id='word_1_623' title='bbox 3181 3909 3570 3991; x_wconf 78' lang='lat' dir='ltr'>construendo</span> <span class='ocrx_word' id='word_1_624' title='bbox 3595 3907 3749 3968; x_wconf 88' lang='lat' dir='ltr'>labo-</span> 
     </span>
    </p>
   </div>
   <div class='ocr_carea' id='block_1_88' title="bbox 2041 3996 3745 4073">
    <p class='ocr_par' dir='ltr' id='par_1_88' title="bbox 2041 3996 3745 4073">
     <span class='ocr_line' id='line_1_89' title="bbox 2041 3996 3745 4073; baseline -0.001 -15"><span class='ocrx_word' id='word_1_625' title='bbox 2041 4001 2122 4058; x_wconf 91' lang='lat' dir='ltr'>ris</span> <span class='ocrx_word' id='word_1_626' title='bbox 2152 3998 2493 4057; x_wconf 86' lang='lat' dir='ltr'>exercitium</span> <span class='ocrx_word' id='word_1_627' title='bbox 2528 3999 2843 4071; x_wconf 89' lang='lat' dir='ltr'>geminare.</span> <span class='ocrx_word' id='word_1_628' title='bbox 2876 3996 3022 4055; x_wconf 90' lang='lat' dir='ltr'>Nam</span> <span class='ocrx_word' id='word_1_629' title='bbox 3053 4003 3108 4055; x_wconf 91' lang='lat' dir='ltr'>et</span> <span class='ocrx_word' id='word_1_630' title='bbox 3144 3997 3215 4055; x_wconf 93' lang='lat' dir='ltr'>de</span> <span class='ocrx_word' id='word_1_631' title='bbox 3246 3997 3456 4073; x_wconf 89' lang='lat' dir='ltr'>templo</span> <span class='ocrx_word' id='word_1_632' title='bbox 3484 3997 3745 4060; x_wconf 85' lang='lat' dir='ltr'>Salomo-</span> 
     </span>
    </p>
   </div>
   <div class='ocr_carea' id='block_1_89' title="bbox 2040 4087 3744 4163">
    <p class='ocr_par' dir='ltr' id='par_1_89' title="bbox 2040 4087 3744 4163">
     <span class='ocr_line' id='line_1_90' title="bbox 2040 4087 3744 4163; baseline 0.001 -18"><span class='ocrx_word' id='word_1_633' title='bbox 2040 4087 2134 4146; x_wconf 89' lang='lat' dir='ltr'>nis</span> <span class='ocrx_word' id='word_1_634' title='bbox 2157 4088 2436 4161; x_wconf 88' lang='lat' dir='ltr'>scriptum</span> <span class='ocrx_word' id='word_1_635' title='bbox 2454 4091 2538 4144; x_wconf 88' lang='lat' dir='ltr'>est</span> <span class='ocrx_word' id='word_1_636' title='bbox 2557 4106 2568 4144; x_wconf 91' lang='lat'>:</span> <span class='ocrx_word' id='word_1_637' title='bbox 2587 4090 2789 4142; x_wconf 86' lang='lat' dir='ltr'>Domus</span> <span class='ocrx_word' id='word_1_638' title='bbox 2809 4092 2990 4142; x_wconf 86' lang='lat' dir='ltr'>autem</span> <span class='ocrx_word' id='word_1_639' title='bbox 3014 4104 3131 4143; x_wconf 87' lang='lat' dir='ltr'>cum</span> <span class='ocrx_word' id='word_1_640' title='bbox 3153 4088 3515 4158; x_wconf 64' lang='lat' dir='ltr'>adiﬁcaretur</span> <span class='ocrx_word' id='word_1_641' title='bbox 3534 4091 3744 4163; x_wconf 85' lang='lat' dir='ltr'>lapidi-</span> 
     </span>
    </p>
   </div>
   <div class='ocr_carea' id='block_1_90' title="bbox 2043 4168 3746 4250">
    <p class='ocr_par' dir='ltr' id='par_1_90' title="bbox 2043 4168 3746 4250">
     <span class='ocr_line' id='line_1_91' title="bbox 2043 4168 3746 4250; baseline 0.002 -16"><span class='ocrx_word' id='word_1_642' title='bbox 2043 4180 2159 4243; x_wconf 87' lang='lat' dir='ltr'>bus,</span> <span class='ocrx_word' id='word_1_643' title='bbox 2208 4180 2274 4233; x_wconf 86' lang='lat' dir='ltr'>de</span> <span class='ocrx_word' id='word_1_644' title='bbox 2316 4174 2461 4233; x_wconf 86' lang='lat'>490</span> <span class='ocrx_word' id='word_1_645' title='bbox 2497 4179 2699 4234; x_wconf 85' lang='lat' dir='ltr'>dolatis</span> <span class='ocrx_word' id='word_1_646' title='bbox 2744 4184 2908 4249; x_wconf 84' lang='lat' dir='ltr'>atque</span> <span class='ocrx_word' id='word_1_647' title='bbox 2931 4181 3188 4250; x_wconf 82' lang='lat' dir='ltr'>perfectis</span> <span class='ocrx_word' id='word_1_648' title='bbox 3213 4168 3605 4250; x_wconf 33' lang='lat' dir='ltr'>adiﬁcata&#39;est</span> <span class='ocrx_word' id='word_1_649' title='bbox 3625 4201 3644 4250; x_wconf 87' lang='lat'><strong><em>;</em></strong></span> <span class='ocrx_word' id='word_1_650' title='bbox 3694 4186 3746 4238; x_wconf 83' lang='lat' dir='ltr'>et</span> 
     </span>
    </p>
   </div>
   <div class='ocr_carea' id='block_1_91' title="bbox 2037 4271 3746 4339">
    <p class='ocr_par' dir='ltr' id='par_1_91' title="bbox 2037 4271 3746 4339">
     <span class='ocr_line' id='line_1_92' title="bbox 2037 4271 3746 4339; baseline 0.002 -15"><span class='ocrx_word' id='word_1_651' title='bbox 2037 4271 2290 4339; x_wconf 85' lang='lat' dir='ltr'>malleus,</span> <span class='ocrx_word' id='word_1_652' title='bbox 2337 4274 2387 4324; x_wconf 90' lang='lat' dir='ltr'>et</span> <span class='ocrx_word' id='word_1_653' title='bbox 2434 4271 2657 4333; x_wconf 81' lang='lat' dir='ltr'>securis,</span> <span class='ocrx_word' id='word_1_654' title='bbox 2703 4274 2753 4323; x_wconf 89' lang='lat' dir='ltr'>et</span> <span class='ocrx_word' id='word_1_655' title='bbox 2804 4286 2956 4325; x_wconf 88' lang='lat' dir='ltr'>omne</span> <span class='ocrx_word' id='word_1_656' title='bbox 3003 4272 3414 4338; x_wconf 80' lang='lat' dir='ltr'>ferramentum,</span> <span class='ocrx_word' id='word_1_657' title='bbox 3462 4287 3573 4327; x_wconf 87' lang='lat' dir='ltr'>non</span> <span class='ocrx_word' id='word_1_658' title='bbox 3619 4277 3746 4327; x_wconf 87' lang='lat' dir='ltr'>sunt</span> 
     </span>
    </p>
   </div>
   <div class='ocr_carea' id='block_1_92' title="bbox 2038 4357 3741 4430">
    <p class='ocr_par' dir='ltr' id='par_1_92' title="bbox 2038 4357 3741 4430">
     <span class='ocr_line' id='line_1_93' title="bbox 2038 4357 3741 4430; baseline 0.004 -17"><span class='ocrx_word' id='word_1_659' title='bbox 2038 4357 2237 4415; x_wconf 86' lang='lat' dir='ltr'>audita</span> <span class='ocrx_word' id='word_1_660' title='bbox 2292 4359 2350 4413; x_wconf 81' lang='lat' dir='ltr'>in</span> <span class='ocrx_word' id='word_1_661' title='bbox 2425 4359 2601 4423; x_wconf 89' lang='lat' dir='ltr'>domo,</span> <span class='ocrx_word' id='word_1_662' title='bbox 2668 4374 2789 4413; x_wconf 86' lang='lat' dir='ltr'>cum</span> <span class='ocrx_word' id='word_1_663' title='bbox 2842 4360 3207 4429; x_wconf 66' lang='lat' dir='ltr'>aediﬁcaretur</span> <span class='ocrx_word' id='word_1_664' title='bbox 3281 4360 3385 4429; x_wconf 86' lang='lat' dir='ltr'>(III</span> <span class='ocrx_word' id='word_1_665' title='bbox 3448 4363 3582 4430; x_wconf 81' lang='lat' dir='ltr'>Reg.</span> <span class='ocrx_word' id='word_1_666' title='bbox 3637 4361 3741 4429; x_wconf 84' lang='lat' dir='ltr'>Vl).</span> 
     </span>
    </p>
   </div>
   <div class='ocr_carea' id='block_1_93' title="bbox 2036 4444 3740 4521">
    <p class='ocr_par' dir='ltr' id='par_1_93' title="bbox 2036 4444 3740 4521">
     <span class='ocr_line' id='line_1_94' title="bbox 2036 4444 3740 4521; baseline 0.001 -18"><span class='ocrx_word' id='word_1_667' title='bbox 2036 4444 2334 4504; x_wconf 89' lang='lat' dir='ltr'>Habemus</span> <span class='ocrx_word' id='word_1_668' title='bbox 2378 4453 2433 4503; x_wconf 92' lang='lat' dir='ltr'>et</span> <span class='ocrx_word' id='word_1_669' title='bbox 2478 4461 2603 4515; x_wconf 89' lang='lat' dir='ltr'>nos,</span> <span class='ocrx_word' id='word_1_670' title='bbox 2653 4447 2824 4520; x_wconf 87' lang='lat' dir='ltr'>juxta</span> <span class='ocrx_word' id='word_1_671' title='bbox 2866 4455 3080 4506; x_wconf 75' lang='lat' dir='ltr'>nostrm</span> <span class='ocrx_word' id='word_1_672' title='bbox 3119 4460 3330 4505; x_wconf 88' lang='lat' dir='ltr'>manus</span> <span class='ocrx_word' id='word_1_673' title='bbox 3370 4447 3740 4521; x_wconf 88' lang='lat' dir='ltr'>imperitiam,</span> 
     </span>
    </p>
   </div>
   <div class='ocr_carea' id='block_1_94' title="bbox 244 4513 3742 4611">
    <p class='ocr_par' dir='ltr' id='par_1_94' title="bbox 244 4513 3742 4611">
     <span class='ocr_line' id='line_1_95' title="bbox 244 4513 3742 4611; baseline 0.007 -27"><span class='ocrx_word' id='word_1_674' title='bbox 244 4527 516 4588; x_wconf 91' lang='lat' dir='ltr'>cruribus</span> <span class='ocrx_word' id='word_1_675' title='bbox 545 4529 762 4603; x_wconf 86' lang='lat' dir='ltr'>jugiter</span> <span class='ocrx_word' id='word_1_676' title='bbox 792 4531 853 4589; x_wconf 90' lang='lat' dir='ltr'>in</span> <span class='ocrx_word' id='word_1_677' title='bbox 886 4530 1111 4591; x_wconf 92' lang='lat' dir='ltr'>cellulis</span> <span class='ocrx_word' id='word_1_678' title='bbox 1138 4513 1535 4597; x_wconf 79' lang='lat' dir='ltr'>morabantur.</span> <span class='ocrx_word' id='word_1_679' title='bbox 1566 4540 1727 4599; x_wconf 88' lang='lat' dir='ltr'>Dixit</span> <span class='ocrx_word' id='word_1_680' title='bbox 1751 4513 2241 4609; x_wconf 80' lang='lat' dir='ltr'>autemDpolitOS</span> <span class='ocrx_word' id='word_1_681' title='bbox 2300 4535 2539 4609; x_wconf 76' lang='lat' dir='ltr'>lapides.</span> <span class='ocrx_word' id='word_1_682' title='bbox 2592 4513 2746 4609; x_wconf 53' lang='lat' dir='ltr'>alios</span> <span class='ocrx_word' id='word_1_683' title='bbox 2803 4537 3009 4611; x_wconf 78' lang='lat' dir='ltr'>utique</span> <span class='ocrx_word' id='word_1_684' title='bbox 3058 4536 3271 4596; x_wconf 71' lang='lat' dir='ltr'>SlliﬁCit</span> <span class='ocrx_word' id='word_1_685' title='bbox 3324 4513 3510 4607; x_wconf 45' lang='lat' dir='ltr'>“Chi-8,</span> <span class='ocrx_word' id='word_1_686' title='bbox 3563 4542 3627 4594; x_wconf 74' lang='lat' dir='ltr'>llt</span> <span class='ocrx_word' id='word_1_687' title='bbox 3678 4513 3742 4595; x_wconf 65' lang='grc' dir='ltr'>Ῐῐί</span> 
     </span>
    </p>
   </div>
   <div class='ocr_carea' id='block_1_95' title="bbox 244 4617 1944 4701">
    <p class='ocr_par' dir='ltr' id='par_1_95' title="bbox 244 4617 1944 4701">
     <span class='ocr_line' id='line_1_96' title="bbox 244 4617 1944 4701; baseline 0.011 -27"><span class='ocrx_word' id='word_1_688' title='bbox 244 4617 391 4675; x_wconf 88' lang='lat' dir='ltr'>mihi</span> <span class='ocrx_word' id='word_1_689' title='bbox 430 4619 586 4692; x_wconf 92' lang='lat' dir='ltr'>quia,</span> <span class='ocrx_word' id='word_1_690' title='bbox 621 4635 755 4678; x_wconf 92' lang='lat' dir='ltr'>cum</span> <span class='ocrx_word' id='word_1_691' title='bbox 800 4621 1154 4681; x_wconf 87' lang='lat' dir='ltr'>cohabitaret</span> <span class='ocrx_word' id='word_1_692' title='bbox 1190 4626 1434 4695; x_wconf 86' lang='lat' dir='ltr'>Ansoni,</span> <span class='ocrx_word' id='word_1_693' title='bbox 1477 4629 1745 4701; x_wconf 84' lang='lat' dir='ltr'>religioso</span> <span class='ocrx_word' id='word_1_694' title='bbox 1785 4631 1944 4692; x_wconf 90' lang='lat' dir='ltr'>vide-</span> 
     </span>
    </p>
   </div>
   <div class='ocr_carea' id='block_1_96' title="bbox 244 4706 1948 4796">
    <p class='ocr_par' dir='ltr' id='par_1_96' title="bbox 244 4706 1948 4796">
     <span class='ocr_line' id='line_1_97' title="bbox 244 4706 1948 4796; baseline 0.012 -32"><span class='ocrx_word' id='word_1_695' title='bbox 244 4706 375 4766; x_wconf 89' lang='lat' dir='ltr'>licet</span> <span class='ocrx_word' id='word_1_696' title='bbox 425 4710 552 4768; x_wconf 92' lang='lat' dir='ltr'>viro</span> <span class='ocrx_word' id='word_1_697' title='bbox 599 4726 771 4783; x_wconf 90' lang='lat' dir='ltr'>quem</span> <span class='ocrx_word' id='word_1_698' title='bbox 827 4719 883 4769; x_wconf 87' lang='lat' dir='ltr'>et</span> <span class='ocrx_word' id='word_1_699' title='bbox 926 4713 1048 4787; x_wconf 85' lang='lat' dir='ltr'>ipse</span> <span class='ocrx_word' id='word_1_700' title='bbox 1097 4715 1239 4786; x_wconf 87' lang='lat' dir='ltr'>vidi,</span> <span class='ocrx_word' id='word_1_701' title='bbox 1291 4720 1548 4791; x_wconf 88' lang='lat' dir='ltr'>quotidie</span> <span class='ocrx_word' id='word_1_702' title='bbox 1606 4740 1706 4796; x_wconf 91' lang='lat' dir='ltr'>per</span> <span class='ocrx_word' id='word_1_703' title='bbox 1746 4740 1948 4785; x_wconf 88' lang='lat' dir='ltr'>omnes</span> 
     </span>
    </p>
   </div>
   <div class='ocr_carea' id='block_1_97' title="bbox 242 4796 1945 4889">
    <p class='ocr_par' dir='ltr' id='par_1_97' title="bbox 242 4796 1945 4889">
     <span class='ocr_line' id='line_1_98' title="bbox 242 4796 1945 4889; baseline 0.011 -34"><span class='ocrx_word' id='word_1_704' title='bbox 242 4796 412 4856; x_wconf 89' lang='lat' dir='ltr'>horas</span> <span class='ocrx_word' id='word_1_705' title='bbox 442 4798 747 4857; x_wconf 89' lang='lat' dir='ltr'>cauouicas</span> <span class='ocrx_word' id='word_1_706' title='bbox 778 4799 1143 4874; x_wconf 85' lang='lat' dir='ltr'>disciplinam</span> <span class='ocrx_word' id='word_1_707' title='bbox 1185 4805 1415 4865; x_wconf 89' lang='lat' dir='ltr'>sibimet</span> <span class='ocrx_word' id='word_1_708' title='bbox 1454 4809 1705 4871; x_wconf 85' lang='lat' dir='ltr'>invicem</span> <span class='ocrx_word' id='word_1_709' title='bbox 1750 4831 1945 4889; x_wconf 90' lang='lat' dir='ltr'>scopa-</span> 
     </span>
    </p>
   </div>
   <div class='ocr_carea' id='block_1_98' title="bbox 241 4886 1947 4961">
    <p class='ocr_par' dir='ltr' id='par_1_98' title="bbox 241 4886 1947 4961">
     <span class='ocr_line' id='line_1_99' title="bbox 241 4886 1947 4961; baseline 0.011 -18"><span class='ocrx_word' id='word_1_710' title='bbox 241 4900 370 4944; x_wconf 87' lang='lat' dir='ltr'>rum</span> <span class='ocrx_word' id='word_1_711' title='bbox 403 4886 614 4945; x_wconf 92' lang='lat' dir='ltr'>ictibus</span> <span class='ocrx_word' id='word_1_712' title='bbox 642 4887 996 4960; x_wconf 87' lang='lat' dir='ltr'>ingerebant.</span> <span class='ocrx_word' id='word_1_713' title='bbox 1029 4889 1138 4958; x_wconf 88' lang='lat' dir='ltr'>Qui</span> <span class='ocrx_word' id='word_1_714' title='bbox 1170 4892 1435 4953; x_wconf 90' lang='lat' dir='ltr'>videlicet</span> <span class='ocrx_word' id='word_1_715' title='bbox 1483 4899 1643 4957; x_wconf 89' lang='lat' dir='ltr'>Anso</span> <span class='ocrx_word' id='word_1_716' title='bbox 1689 4900 1800 4961; x_wconf 90' lang='lat' dir='ltr'>sibi</span> <span class='ocrx_word' id='word_1_717' title='bbox 1840 4886 1947 4961; x_wconf 56' lang='lat' dir='ltr'>tu.</span> 
     </span>
    </p>
   </div>
   <div class='ocr_carea' id='block_1_99' title="bbox 241 4974 1949 5063">
    <p class='ocr_par' dir='ltr' id='par_1_99' title="bbox 241 4974 1949 5063">
     <span class='ocr_line' id='line_1_100' title="bbox 241 4974 1949 5063; baseline 0.01 -31"><span class='ocrx_word' id='word_1_718' title='bbox 241 4974 473 5046; x_wconf 87' lang='lat' dir='ltr'>quando</span> <span class='ocrx_word' id='word_1_719' title='bbox 518 4984 868 5050; x_wconf 89' lang='lat' dir='ltr'>conquestus</span> <span class='ocrx_word' id='word_1_720' title='bbox 908 4983 997 5035; x_wconf 90' lang='lat' dir='ltr'>est</span> <span class='ocrx_word' id='word_1_721' title='bbox 1043 4980 1193 5052; x_wconf 90' lang='lat' dir='ltr'>quod</span> <span class='ocrx_word' id='word_1_722' title='bbox 1252 4997 1462 5042; x_wconf 87' lang='lat' dir='ltr'>novem</span> <span class='ocrx_word' id='word_1_723' title='bbox 1520 4984 1733 5045; x_wconf 88' lang='lat' dir='ltr'>diarias</span> <span class='ocrx_word' id='word_1_724' title='bbox 1782 4991 1949 5063; x_wconf 87' lang='lat' dir='ltr'>panis</span> 
     </span>
    </p>
   </div>
   <div class='ocr_carea' id='block_1_100' title="bbox 298 5114 1949 5191">
    <p class='ocr_par' dir='ltr' id='par_1_100' title="bbox 298 5114 1949 5191">
     <span class='ocr_line' id='line_1_101' title="bbox 298 5114 1949 5191; baseline 0.01 -24"><span class='ocrx_word' id='word_1_725' title='bbox 298 5114 434 5191; x_wconf 77' lang='lat' dir='ltr'>(_3_39l</span> <span class='ocrx_word' id='word_1_726' title='bbox 496 5116 776 5191; x_wconf 72' lang='lat' dir='ltr'>Luceolum</span> <span class='ocrx_word' id='word_1_727' title='bbox 831 5120 1021 5191; x_wconf 79' lang='lat' dir='ltr'>civitas</span> <span class='ocrx_word' id='word_1_728' title='bbox 1076 5121 1304 5175; x_wconf 72' lang='lat' dir='ltr'>Umbriae</span> <span class='ocrx_word' id='word_1_729' title='bbox 1373 5127 1743 5189; x_wconf 87' lang='lat' dir='ltr'>antiquissima</span> <span class='ocrx_word' id='word_1_730' title='bbox 1804 5132 1949 5191; x_wconf 83' lang='lat' dir='ltr'>inter</span> 
     </span>
    </p>
   </div>
   <div class='ocr_carea' id='block_1_101' title="bbox 226 5185 1945 5263">
    <p class='ocr_par' dir='ltr' id='par_1_101' title="bbox 226 5185 1945 5263">
     <span class='ocr_line' id='line_1_102' title="bbox 226 5185 1945 5263; baseline 0.01 -27"><span class='ocrx_word' id='word_1_731' title='bbox 226 5185 549 5263; x_wconf 45' lang='lat' dir='ltr'>.Caldeusem</span> <span class='ocrx_word' id='word_1_732' title='bbox 588 5194 645 5263; x_wconf 88' lang='lat' dir='ltr'>et</span> <span class='ocrx_word' id='word_1_733' title='bbox 685 5189 1013 5263; x_wconf 78' lang='lat' dir='ltr'>Eugubiuam</span> <span class='ocrx_word' id='word_1_734' title='bbox 1058 5195 1247 5263; x_wconf 73' lang='lat' dir='ltr'>urbem</span> <span class='ocrx_word' id='word_1_735' title='bbox 1276 5194 1420 5263; x_wconf 10' lang='lat' dir='ltr'>rolim</span> <span class='ocrx_word' id='word_1_736' title='bbox 1463 5185 1581 5261; x_wconf 80' lang='lat' dir='ltr'>sita,</span> <span class='ocrx_word' id='word_1_737' title='bbox 1620 5212 1739 5263; x_wconf 65' lang='lat' dir='ltr'>quas</span> <span class='ocrx_word' id='word_1_738' title='bbox 1788 5185 1945 5255; x_wconf 81' lang='lat' dir='ltr'>modo</span> 
     </span>
    </p>
   </div>
   <div class='ocr_carea' id='block_1_102' title="bbox 240 5254 1941 5331">
    <p class='ocr_par' dir='ltr' id='par_1_102' title="bbox 240 5254 1941 5331">
     <span class='ocr_line' id='line_1_103' title="bbox 240 5254 1941 5331; baseline 0.011 -26"><span class='ocrx_word' id='word_1_739' title='bbox 240 5254 427 5331; x_wconf 79' lang='lat' dir='ltr'>vulgo</span> <span class='ocrx_word' id='word_1_740' title='bbox 464 5254 844 5331; x_wconf 76' lang='lat' dir='ltr'>Ponterexzoli,</span> <span class='ocrx_word' id='word_1_741' title='bbox 900 5274 1040 5327; x_wconf 89' lang='lat' dir='ltr'>pons</span> <span class='ocrx_word' id='word_1_742' title='bbox 1094 5261 1328 5325; x_wconf 82' lang='lat' dir='ltr'>Riccioli,</span> <span class='ocrx_word' id='word_1_743' title='bbox 1387 5254 1650 5331; x_wconf 76' lang='lat' dir='ltr'>corrupto</span> <span class='ocrx_word' id='word_1_744' title='bbox 1691 5271 1941 5325; x_wconf 90' lang='lat' dir='ltr'>vocabuli</span> 
     </span>
    </p>
   </div>
   <div class='ocr_carea' id='block_1_103' title="bbox 239 5328 1950 5400">
    <p class='ocr_par' dir='ltr' id='par_1_103' title="bbox 239 5328 1950 5400">
     <span class='ocr_line' id='line_1_104' title="bbox 239 5328 1950 5400; baseline 0.01 -23"><span class='ocrx_word' id='word_1_745' title='bbox 239 5329 455 5400; x_wconf 80' lang='lat' dir='ltr'>nomine</span> <span class='ocrx_word' id='word_1_746' title='bbox 497 5328 620 5400; x_wconf 86' lang='lat' dir='ltr'>loco</span> <span class='ocrx_word' id='word_1_747' title='bbox 655 5333 836 5394; x_wconf 83' lang='lat' dir='ltr'>pontis</span> <span class='ocrx_word' id='word_1_748' title='bbox 889 5333 1120 5395; x_wconf 80' lang='lat' dir='ltr'>Luceoli,</span> <span class='ocrx_word' id='word_1_749' title='bbox 1167 5341 1524 5400; x_wconf 81' lang='lat' dir='ltr'>nuncupatur.</span> <span class='ocrx_word' id='word_1_750' title='bbox 1555 5328 1689 5390; x_wconf 51' lang='lat' dir='ltr'>&#39;Hoc</span> <span class='ocrx_word' id='word_1_751' title='bbox 1734 5353 1950 5395; x_wconf 85' lang='lat' dir='ltr'>monas-</span> 
     </span>
    </p>
   </div>
   <div class='ocr_carea' id='block_1_104' title="bbox 222 5398 1942 5473">
    <p class='ocr_par' dir='ltr' id='par_1_104' title="bbox 222 5398 1942 5473">
     <span class='ocr_line' id='line_1_105' title="bbox 222 5398 1942 5473; baseline 0.01 -26"><span class='ocrx_word' id='word_1_752' title='bbox 222 5398 431 5473; x_wconf 36' lang='lat' dir='ltr'>vterium</span> <span class='ocrx_word' id='word_1_753' title='bbox 474 5410 507 5450; x_wconf 77' lang='grc' dir='ltr'><strong><em>ο,</em></strong></span> <span class='ocrx_word' id='word_1_754' title='bbox 552 5399 616 5473; x_wconf 25' lang='lat' dir='ltr'>AS.</span> <span class='ocrx_word' id='word_1_755' title='bbox 657 5401 946 5457; x_wconf 83' lang='lat' dir='ltr'>Romualdo</span> <span class='ocrx_word' id='word_1_756' title='bbox 990 5398 1478 5459; x_wconf 78' lang='lat' dir='ltr'>Camaldulensium</span> <span class='ocrx_word' id='word_1_757' title='bbox 1531 5412 1759 5473; x_wconf 88' lang='lat' dir='ltr'>parente</span> <span class='ocrx_word' id='word_1_758' title='bbox 1816 5424 1942 5465; x_wconf 91' lang='lat' dir='ltr'>con-</span> 
     </span>
    </p>
   </div>
   <div class='ocr_carea' id='block_1_105' title="bbox 240 5469 1948 5538">
    <p class='ocr_par' dir='ltr' id='par_1_105' title="bbox 240 5469 1948 5538">
     <span class='ocr_line' id='line_1_106' title="bbox 240 5469 1948 5538; baseline 0.011 -19"><span class='ocrx_word' id='word_1_759' title='bbox 240 5471 501 5521; x_wconf 85' lang='lat' dir='ltr'>structum</span> <span class='ocrx_word' id='word_1_760' title='bbox 543 5469 711 5524; x_wconf 83' lang='lat' dir='ltr'>fuisse</span> <span class='ocrx_word' id='word_1_761' title='bbox 761 5472 909 5526; x_wconf 84' lang='lat' dir='ltr'>circa</span> <span class='ocrx_word' id='word_1_762' title='bbox 957 5475 1169 5528; x_wconf 88' lang='lat' dir='ltr'>decima</span> <span class='ocrx_word' id='word_1_763' title='bbox 1207 5478 1393 5530; x_wconf 77' lang='lat' dir='ltr'>smculi</span> <span class='ocrx_word' id='word_1_764' title='bbox 1432 5469 1612 5538; x_wconf 42' lang='lat' dir='ltr'>ﬂne’m,</span> <span class='ocrx_word' id='word_1_765' title='bbox 1665 5479 1722 5533; x_wconf 90' lang='lat' dir='ltr'>in</span> <span class='ocrx_word' id='word_1_766' title='bbox 1772 5481 1948 5537; x_wconf 80' lang='lat' dir='ltr'>Fontis</span> 
     </span>
    </p>
   </div>
   <div class='ocr_carea' id='block_1_106' title="bbox 241 5537 1273 5600">
    <p class='ocr_par' dir='ltr' id='par_1_106' title="bbox 241 5537 1273 5600">
     <span class='ocr_line' id='line_1_107' title="bbox 241 5537 1273 5600; baseline 0.008 -9"><span class='ocrx_word' id='word_1_767' title='bbox 241 5537 510 5592; x_wconf 73' lang='lat' dir='ltr'>Avellanm</span> <span class='ocrx_word' id='word_1_768' title='bbox 541 5541 799 5597; x_wconf 79' lang='lat' dir='ltr'>chronica</span> <span class='ocrx_word' id='word_1_769' title='bbox 830 5556 929 5598; x_wconf 87' lang='lat' dir='ltr'>ms.</span> <span class='ocrx_word' id='word_1_770' title='bbox 968 5547 1273 5600; x_wconf 79' lang='lat' dir='ltr'>adnotatur.</span> 
     </span>
    </p>
   </div>
   <div class='ocr_carea' id='block_1_107' title="bbox 311 5610 1948 5679">
    <p class='ocr_par' dir='ltr' id='par_1_107' title="bbox 311 5610 1948 5679">
     <span class='ocr_line' id='line_1_108' title="bbox 311 5610 1948 5679; baseline 0.008 -14"><span class='ocrx_word' id='word_1_771' title='bbox 311 5610 448 5678; x_wconf 70' lang='lat'>(340)</span> <span class='ocrx_word' id='word_1_772' title='bbox 515 5613 602 5668; x_wconf 74' lang='lat' dir='ltr'>Est</span> <span class='ocrx_word' id='word_1_773' title='bbox 658 5616 979 5679; x_wconf 81' lang='lat' dir='ltr'>opusculum</span> <span class='ocrx_word' id='word_1_774' title='bbox 1037 5630 1113 5673; x_wconf 77' lang='grc' dir='ltr'>ιι.</span> <span class='ocrx_word' id='word_1_775' title='bbox 1178 5616 1355 5674; x_wconf 75' lang='lat' dir='ltr'>Teuzo</span> <span class='ocrx_word' id='word_1_776' title='bbox 1414 5624 1593 5676; x_wconf 87' lang='lat' dir='ltr'>autem</span> <span class='ocrx_word' id='word_1_777' title='bbox 1651 5623 1948 5678; x_wconf 75' lang='lat' dir='ltr'>monachus</span> 
     </span>
    </p>
   </div>
   <div class='ocr_carea' id='block_1_108' title="bbox 2036 4623 3743 4700">
    <p class='ocr_par' dir='ltr' id='par_1_108' title="bbox 2036 4623 3743 4700">
     <span class='ocr_line' id='line_1_109' title="bbox 2036 4623 3743 4700; baseline 0.002 -19"><span class='ocrx_word' id='word_1_778' title='bbox 2036 4629 2323 4682; x_wconf 89' lang='lat' dir='ltr'>structura</span> <span class='ocrx_word' id='word_1_779' title='bbox 2371 4624 2676 4696; x_wconf 88' lang='lat' dir='ltr'>duntaxat,</span> <span class='ocrx_word' id='word_1_780' title='bbox 2724 4624 2801 4683; x_wconf 91' lang='lat' dir='ltr'>ita</span> <span class='ocrx_word' id='word_1_781' title='bbox 2846 4633 2911 4684; x_wconf 92' lang='lat' dir='ltr'>ut</span> <span class='ocrx_word' id='word_1_782' title='bbox 2953 4625 3175 4684; x_wconf 89' lang='lat' dir='ltr'>inventi</span> <span class='ocrx_word' id='word_1_783' title='bbox 3206 4630 3360 4696; x_wconf 87' lang='lat' dir='ltr'>sunt,</span> <span class='ocrx_word' id='word_1_784' title='bbox 3404 4623 3743 4700; x_wconf 89' lang='lat' dir='ltr'>simpliciter</span> 
     </span>
    </p>
   </div>
   <div class='ocr_carea' id='block_1_109' title="bbox 2036 4711 2394 4779">
    <p class='ocr_par' dir='ltr' id='par_1_109' title="bbox 2036 4711 2394 4779">
     <span class='ocr_line' id='line_1_110' title="bbox 2036 4711 2394 4779; baseline -0.003 -8"><span class='ocrx_word' id='word_1_785' title='bbox 2036 4711 2394 4779; x_wconf 90' lang='lat' dir='ltr'>ordinemus.</span> 
     </span>
    </p>
   </div>
   <div class='ocr_carea' id='block_1_110' title="bbox 2677 4781 3098 4843">
    <p class='ocr_par' dir='ltr' id='par_1_110' title="bbox 2677 4781 3098 4843">
     <span class='ocr_line' id='line_1_111' title="bbox 2677 4781 3098 4843; baseline 0 -1"><span class='ocrx_word' id='word_1_786' title='bbox 2677 4783 2920 4843; x_wconf 85' lang='lat' dir='ltr'>CAPUT</span> <span class='ocrx_word' id='word_1_787' title='bbox 2944 4781 3098 4842; x_wconf 83' lang='lat' dir='ltr'>VIII.</span> 
     </span>
    </p>
   </div>
   <div class='ocr_carea' id='block_1_111' title="bbox 2177 4874 3596 4942">
    <p class='ocr_par' dir='ltr' id='par_1_111' title="bbox 2177 4874 3596 4942">
     <span class='ocr_line' id='line_1_112' title="bbox 2177 4874 3596 4942; baseline 0.001 -13"><span class='ocrx_word' id='word_1_788' title='bbox 2177 4875 2236 4930; x_wconf 92' lang='lat' dir='ltr'>S.</span> <span class='ocrx_word' id='word_1_789' title='bbox 2264 4876 2578 4929; x_wconf 86' lang='lat' dir='ltr'>Dominicus</span> <span class='ocrx_word' id='word_1_790' title='bbox 2604 4877 2785 4942; x_wconf 84' lang='lat' dir='ltr'>ferrea</span> <span class='ocrx_word' id='word_1_791' title='bbox 2813 4875 2982 4929; x_wconf 80' lang='lat' dir='ltr'>lorica</span> <span class='ocrx_word' id='word_1_792' title='bbox 3011 4874 3086 4928; x_wconf 87' lang='lat' dir='ltr'>ad</span> <span class='ocrx_word' id='word_1_793' title='bbox 3112 4889 3327 4928; x_wconf 84' lang='lat' dir='ltr'>carnem</span> <span class='ocrx_word' id='word_1_794' title='bbox 3349 4874 3596 4931; x_wconf 86' lang='lat' dir='ltr'>indutus.</span> 
     </span>
    </p>
   </div>
   <div class='ocr_carea' id='block_1_112' title="bbox 2106 4978 3741 5055">
    <p class='ocr_par' dir='ltr' id='par_1_112' title="bbox 2106 4978 3741 5055">
     <span class='ocr_line' id='line_1_113' title="bbox 2106 4978 3741 5055; baseline 0.002 -19"><span class='ocrx_word' id='word_1_795' title='bbox 2106 4978 2175 5037; x_wconf 92' lang='lat' dir='ltr'>In</span> <span class='ocrx_word' id='word_1_796' title='bbox 2205 4978 2446 5053; x_wconf 91' lang='lat' dir='ltr'>epistola</span> <span class='ocrx_word' id='word_1_797' title='bbox 2479 4979 2678 5055; x_wconf 88' lang='lat' dir='ltr'>itaque</span> <span class='ocrx_word' id='word_1_798' title='bbox 2702 4978 2772 5037; x_wconf 90' lang='lat' dir='ltr'>ad</span> <span class='ocrx_word' id='word_1_799' title='bbox 2808 4978 3087 5038; x_wconf 87' lang='lat' dir='ltr'>domuum</span> <span class='ocrx_word' id='word_1_800' title='bbox 3115 4978 3439 5039; x_wconf 89' lang='lat' dir='ltr'>Teuzouem</span> <span class='ocrx_word' id='word_1_801' title='bbox 3467 4980 3616 5054; x_wconf 79' lang='grc'>(340)</span> <span class='ocrx_word' id='word_1_802' title='bbox 3643 4981 3741 5040; x_wconf 85' lang='lat' dir='ltr'>in-</span> 
     </span>
    </p>
   </div>
   <div class='ocr_carea' id='block_1_113' title="bbox 2035 5123 3737 5189">
    <p class='ocr_par' dir='ltr' id='par_1_113' title="bbox 2035 5123 3737 5189">
     <span class='ocr_line' id='line_1_114' title="bbox 2035 5123 3737 5189; baseline 0.003 -12"><span class='ocrx_word' id='word_1_803' title='bbox 2035 5129 2152 5177; x_wconf 88' lang='lat' dir='ltr'>erat</span> <span class='ocrx_word' id='word_1_804' title='bbox 2207 5126 2256 5177; x_wconf 87' lang='lat' dir='ltr'>S.</span> <span class='ocrx_word' id='word_1_805' title='bbox 2310 5124 2485 5177; x_wconf 66' lang='lat' dir='ltr'>Mariae</span> <span class='ocrx_word' id='word_1_806' title='bbox 2524 5123 2679 5187; x_wconf 47' lang='lat' dir='ltr'>&#39;apud</span> <span class='ocrx_word' id='word_1_807' title='bbox 2737 5123 3075 5185; x_wconf 86' lang='lat' dir='ltr'>Florentiam,</span> <span class='ocrx_word' id='word_1_808' title='bbox 3130 5127 3221 5189; x_wconf 87' lang='lat' dir='ltr'>qui</span> <span class='ocrx_word' id='word_1_809' title='bbox 3274 5124 3342 5177; x_wconf 89' lang='lat' dir='ltr'>ab</span> <span class='ocrx_word' id='word_1_810' title='bbox 3391 5125 3737 5182; x_wconf 69' lang='lat' dir='ltr'>abbatesuo</span> 
     </span>
    </p>
   </div>
   <div class='ocr_carea' id='block_1_114' title="bbox 2036 5195 3739 5262">
    <p class='ocr_par' dir='ltr' id='par_1_114' title="bbox 2036 5195 3739 5262">
     <span class='ocr_line' id='line_1_115' title="bbox 2036 5195 3739 5262; baseline 0.003 -16"><span class='ocrx_word' id='word_1_811' title='bbox 2036 5195 2288 5249; x_wconf 78' lang='lat' dir='ltr'>Albizoue</span> <span class='ocrx_word' id='word_1_812' title='bbox 2333 5195 2656 5248; x_wconf 82' lang='lat' dir='ltr'>dissentiens</span> <span class='ocrx_word' id='word_1_813' title='bbox 2687 5204 2718 5244; x_wconf 91' lang='lat' dir='ltr'>e</span> <span class='ocrx_word' id='word_1_814' title='bbox 2758 5195 3088 5247; x_wconf 87' lang='lat' dir='ltr'>monasterio</span> <span class='ocrx_word' id='word_1_815' title='bbox 3122 5195 3464 5255; x_wconf 87' lang='lat' dir='ltr'>discesserat,</span> <span class='ocrx_word' id='word_1_816' title='bbox 3486 5199 3541 5250; x_wconf 89' lang='lat' dir='ltr'>et</span> <span class='ocrx_word' id='word_1_817' title='bbox 3582 5201 3739 5262; x_wconf 85' lang='lat' dir='ltr'>post-</span> 
     </span>
    </p>
   </div>
   <div class='ocr_carea' id='block_1_115' title="bbox 2034 5266 3740 5327">
    <p class='ocr_par' dir='ltr' id='par_1_115' title="bbox 2034 5266 3740 5327">
     <span class='ocr_line' id='line_1_116' title="bbox 2034 5266 3740 5327; baseline 0.004 -10"><span class='ocrx_word' id='word_1_818' title='bbox 2034 5279 2099 5317; x_wconf 86' lang='lat' dir='ltr'>ea</span> <span class='ocrx_word' id='word_1_819' title='bbox 2142 5269 2303 5319; x_wconf 90' lang='lat' dir='ltr'>etiam</span> <span class='ocrx_word' id='word_1_820' title='bbox 2356 5269 2566 5319; x_wconf 85' lang='lat' dir='ltr'>Petrum</span> <span class='ocrx_word' id='word_1_821' title='bbox 2619 5266 2923 5317; x_wconf 90' lang='lat' dir='ltr'>Damianum</span> <span class='ocrx_word' id='word_1_822' title='bbox 2966 5267 3033 5318; x_wconf 89' lang='lat' dir='ltr'>ad</span> <span class='ocrx_word' id='word_1_823' title='bbox 3066 5279 3130 5320; x_wconf 82' lang='lat' dir='ltr'>se</span> <span class='ocrx_word' id='word_1_824' title='bbox 3164 5266 3488 5327; x_wconf 89' lang='lat' dir='ltr'>venientem,</span> <span class='ocrx_word' id='word_1_825' title='bbox 3523 5272 3583 5320; x_wconf 91' lang='lat' dir='ltr'>ut</span> <span class='ocrx_word' id='word_1_826' title='bbox 3615 5281 3740 5323; x_wconf 90' lang='lat' dir='ltr'>eum</span> 
     </span>
    </p>
   </div>
   <div class='ocr_carea' id='block_1_116' title="bbox 2034 5336 3741 5398">
    <p class='ocr_par' dir='ltr' id='par_1_116' title="bbox 2034 5336 3741 5398">
     <span class='ocr_line' id='line_1_117' title="bbox 2034 5336 3741 5398; baseline 0.004 -10"><span class='ocrx_word' id='word_1_827' title='bbox 2034 5349 2156 5389; x_wconf 89' lang='lat' dir='ltr'>cum</span> <span class='ocrx_word' id='word_1_828' title='bbox 2200 5337 2393 5390; x_wconf 82' lang='lat' dir='ltr'>abbate</span> <span class='ocrx_word' id='word_1_829' title='bbox 2446 5336 2841 5398; x_wconf 84' lang='lat' dir='ltr'>reconciliaret,</span> <span class='ocrx_word' id='word_1_830' title='bbox 2891 5348 2925 5388; x_wconf 88' lang='lat' dir='ltr'>e</span> <span class='ocrx_word' id='word_1_831' title='bbox 2977 5336 3116 5390; x_wconf 88' lang='lat' dir='ltr'>cella</span> <span class='ocrx_word' id='word_1_832' title='bbox 3159 5338 3321 5390; x_wconf 86' lang='lat' dir='ltr'>simul</span> <span class='ocrx_word' id='word_1_833' title='bbox 3376 5349 3501 5391; x_wconf 88' lang='lat' dir='ltr'>cum</span> <span class='ocrx_word' id='word_1_834' title='bbox 3546 5340 3741 5394; x_wconf 85' lang='lat' dir='ltr'>abbate</span> 
     </span>
    </p>
   </div>
   <div class='ocr_carea' id='block_1_117' title="bbox 2032 5400 3739 5475">
    <p class='ocr_par' dir='ltr' id='par_1_117' title="bbox 2032 5400 3739 5475">
     <span class='ocr_line' id='line_1_118' title="bbox 2032 5400 3739 5475; baseline 0.004 -16"><span class='ocrx_word' id='word_1_835' title='bbox 2032 5400 2289 5472; x_wconf 68' lang='lat' dir='ltr'>ejecerat,</span> <span class='ocrx_word' id='word_1_836' title='bbox 2334 5420 2504 5475; x_wconf 87' lang='lat' dir='ltr'>quare</span> <span class='ocrx_word' id='word_1_837' title='bbox 2550 5408 2619 5461; x_wconf 90' lang='lat' dir='ltr'>ad</span> <span class='ocrx_word' id='word_1_838' title='bbox 2670 5421 2793 5461; x_wconf 87' lang='lat' dir='ltr'>eum</span> <span class='ocrx_word' id='word_1_839' title='bbox 2844 5408 3025 5461; x_wconf 87' lang='lat' dir='ltr'>Petrus</span> <span class='ocrx_word' id='word_1_840' title='bbox 3067 5407 3272 5469; x_wconf 84' lang='lat' dir='ltr'>scribit,</span> <span class='ocrx_word' id='word_1_841' title='bbox 3324 5412 3382 5462; x_wconf 90' lang='lat' dir='ltr'>ut</span> <span class='ocrx_word' id='word_1_842' title='bbox 3426 5412 3739 5465; x_wconf 86' lang='lat' dir='ltr'>sanctorum</span> 
     </span>
    </p>
   </div>
   <div class='ocr_carea' id='block_1_118' title="bbox 2033 5477 3740 5545">
    <p class='ocr_par' dir='ltr' id='par_1_118' title="bbox 2033 5477 3740 5545">
     <span class='ocr_line' id='line_1_119' title="bbox 2033 5477 3740 5545; baseline 0.003 -15"><span class='ocrx_word' id='word_1_843' title='bbox 2033 5478 2190 5545; x_wconf 80' lang='lat' dir='ltr'>dictis</span> <span class='ocrx_word' id='word_1_844' title='bbox 2238 5484 2293 5532; x_wconf 91' lang='lat' dir='ltr'>et</span> <span class='ocrx_word' id='word_1_845' title='bbox 2339 5478 2608 5545; x_wconf 83' lang='lat' dir='ltr'>exemplis</span> <span class='ocrx_word' id='word_1_846' title='bbox 2656 5479 2726 5532; x_wconf 92' lang='lat' dir='ltr'>ad</span> <span class='ocrx_word' id='word_1_847' title='bbox 2774 5477 3055 5534; x_wconf 88' lang='lat' dir='ltr'>meliorem</span> <span class='ocrx_word' id='word_1_848' title='bbox 3094 5480 3305 5544; x_wconf 80' lang='lat' dir='ltr'>frugem</span> <span class='ocrx_word' id='word_1_849' title='bbox 3356 5483 3612 5542; x_wconf 84' lang='lat' dir='ltr'>revocet;</span> <span class='ocrx_word' id='word_1_850' title='bbox 3667 5482 3740 5536; x_wconf 82' lang='lat' dir='ltr'>ita</span> 
     </span>
    </p>
   </div>
   <div class='ocr_carea' id='block_1_119' title="bbox 2035 5534 3742 5607">
    <p class='ocr_par' dir='ltr' id='par_1_119' title="bbox 2035 5534 3742 5607">
     <span class='ocr_line' id='line_1_120' title="bbox 2035 5534 3742 5607; baseline -0.001 -6"><span class='ocrx_word' id='word_1_851' title='bbox 2035 5534 2107 5600; x_wconf 85' lang='lat' dir='ltr'>ci.</span> <span class='ocrx_word' id='word_1_852' title='bbox 2167 5548 2222 5601; x_wconf 82' lang='lat' dir='ltr'>V.</span> <span class='ocrx_word' id='word_1_853' title='bbox 2288 5534 2623 5603; x_wconf 71' lang='lat' dir='ltr'>Habillonius</span> <span class='ocrx_word' id='word_1_854' title='bbox 2677 5551 2732 5603; x_wconf 90' lang='lat' dir='ltr'>in</span> <span class='ocrx_word' id='word_1_855' title='bbox 2790 5534 3220 5605; x_wconf 75' lang='lat' dir='ltr'>adnotationibus</span> <span class='ocrx_word' id='word_1_856' title='bbox 3266 5549 3334 5603; x_wconf 87' lang='lat' dir='ltr'>ad</span> <span class='ocrx_word' id='word_1_857' title='bbox 3383 5534 3543 5607; x_wconf 14' lang='lat' dir='ltr'>haue,</span> <span class='ocrx_word' id='word_1_858' title='bbox 3566 5534 3742 5607; x_wconf 60' lang='lat' dir='ltr'>Vitam</span> 
     </span>
    </p>
   </div>
   <div class='ocr_carea' id='block_1_120' title="bbox 2030 5632 2493 5701">
    <p class='ocr_par' dir='ltr' id='par_1_120' title="bbox 2030 5632 2493 5701">
     <span class='ocr_line' id='line_1_121' title="bbox 2030 5632 2493 5701; baseline 0 -29"><span class='ocrx_word' id='word_1_859' title='bbox 2030 5632 2151 5693; x_wconf 17' lang='lat' dir='ltr'>“save.</span> <span class='ocrx_word' id='word_1_860' title='bbox 2183 5634 2269 5701; x_wconf 62' lang='lat' dir='ltr'>vn,I</span> <span class='ocrx_word' id='word_1_861' title='bbox 2282 5632 2398 5701; x_wconf 75' lang='lat' dir='ltr'>par.</span> <span class='ocrx_word' id='word_1_862' title='bbox 2422 5633 2493 5695; x_wconf 19' lang='lat' dir='ltr'>in.</span> 
     </span>
    </p>
   </div>
  </div>
