4118 6464
385 316 526 382 1015

851 320 908 383 S.
953 323 1176 383 PETRI
1213 323 1539 384 DAMIANI
1577 326 1732 386 OPP.
1777 325 1967 386 PARS
2009 325 2147 386 SEU
2188 325 2436 386 TOMUS
2475 329 2551 389 ΙΙ.
2594 361 2655 374 -—
2701 329 3151 391 SANCTORUM
3189 327 3412 387 VITJE.

3745 330 3886 392 1016

389 449 627 510 clusum
655 448 852 521 missa,
886 450 994 508 hoc
1017 463 1111 506 me
1144 448 1440 522 scripsisse
1473 452 1692 526 reperio
1719 471 1732 508 :
1766 477 1792 501 εί
1841 452 1946 510 Sed
1985 469 2088 511 cur
2107 453 2381 525 Ahescat,
2411 456 2623 514 mirum
2654 458 2810 515 unde
2837 457 2927 516 illi
2956 463 3144 515 tantus
3167 457 3357 515 fervor
3381 455 3705 525 incandeat,
3728 463 3791 515 ut
3819 457 3887 515 in

391 556 499 615 ego
553 545 778 599 sanctos
833 542 1340 598 commemorando
1392 541 1549 601 viros
1604 543 1831 603 diversa
1878 548 2090 617 passim

392 630 516 690 loca
559 629 865 704 perlustro,
908 629 1377 702 quandoquidem
1421 631 1572 689 intra
1630 633 1826 704 limen,
1871 640 1926 690 et
1976 649 2092 706 prae

396 719 668 778 manibus
710 724 894 788 teneo,
943 720 1011 776 ad
1062 720 1229 793 cujus
1267 719 1440 792 digne
1479 721 1768 779 eﬂ‘erenda
1805 724 2093 796 praeconia

388 809 575 883 impar
605 807 832 867 viribus
861 823 976 867 non
1005 811 1290 880 assurgo?
1319 807 1481 866 Certe
1502 810 1728 870 cellulis
1751 811 2092 871 altrinsecus

387 895 735 966 constitutis,
781 897 904 954 solo
959 897 1211 955 basilicze
1260 899 1566 956 mediantis
1604 899 1932 969 interstitio,
1989 916 2093 969 ego

394 983 611 1060 illeque
648 986 986 1045 dividimur.
1024 987 1200 1060 Cujus
1240 987 1286 1044 si
1325 988 1635 1046 virtutibus
1681 989 2095 1047 enumerandis

389 1071 654 1146 invigilo,
705 1079 836 1132 ante
873 1075 995 1132 dies
1027 1075 1276 1133 elabitur
1312 1091 1486 1150 quam
1529 1076 1815 1135 scribendi
1858 1077 2095 1134 materia

389 1159 632 1220 deﬁcere
675 1177 840 1236 posse
877 1163 1156 1222 videatur.
1201 1164 1572 1223 Dominicum
1615 1165 1761 1235 dico,
1807 1167 2095 1224 doctorem

389 1249 658 1310 videlicet
708 1259 764 1310 et
797 1253 1105 1312 dominum
1137 1270 1360 1326 meum,
1413 1257 1585 1328 cujus
1623 1255 1859 1328 quidem
1898 1255 2097 1328 lingua

392 1341 606 1405 rustica
651 1347 756 1413 est,
807 1345 901 1403 sed
939 1345 1054 1403 vita
1085 1345 1389 1404 artiﬁciosa
1428 1347 1564 1405 satis
1605 1355 1659 1404 et
1705 1346 1907 1420 lepida.
1955 1345 2095 1415 Quae

387 1446 526 1490 sane
546 1432 666 1489 vita
690 1431 826 1490 satis
855 1431 1060 1490 utilius
1090 1433 1159 1491 ad
1188 1433 1630 1493 aedificationem
1653 1435 1804 1492 vivis
1826 1435 2097 1508 operibus

391 1521 668 1596 praedicat
699 1538 876 1595 quam
911 1523 1122 1581 sterilis
1155 1524 1537 1597 quorumdam
1575 1524 1792 1597 lingua,
1828 1540 1960 1597 quae
2000 1539 2095 1581 ac-

387 1617 584 1668 curata
608 1611 922 1684 phaleratze
949 1611 1291 1670 urbanitatis
1334 1613 1507 1671 verba
1553 1613 1802 1671 inaniter
1835 1613 2092 1672 trutinat.

389 1697 590 1772 Longo
631 1697 752 1771 jam
786 1713 1077 1757 annorum
1132 1700 1391 1759 elabente
1434 1699 1742 1773 curriculo,
1800 1701 1981 1758 ferrea
2023 1700 2097 1761 ad

387 1803 620 1874 carnem
665 1786 840 1845 lorica
898 1787 1266 1860 praecinctus,
1322 1788 1785 1848 infmderabilem
1838 1805 2159 1874 pugnamB

387 1890 521 1934 cum
573 1873 801 1949 iniquis
843 1875 1144 1950 spiritibus
1176 1877 1442 1950 conserit,
1485 1894 1825 1952 semperque
1864 1882 2094 1951 paratus

386 1964 456 2023 ad
511 1965 802 2040 praelium,
839 1981 958 2025 non
992 1967 1183 2027 solum
1226 1969 1413 2040 corde,
1446 1969 1544 2027 sed
1577 1973 1633 2026 et
1668 1984 1902 2043 corpore
1941 1985 2093 2041 prae-

389 2054 620 2113 munito
664 2052 941 2113 adversus
975 2055 1212 2115 hostiles
1248 2057 1398 2116 acies
1437 2057 1690 2116 fervidus
1729 2057 1970 2116 bellator
2009 2058 2096 2116 in-

388 2141 557 2201 cedit.
591 2141 755 2201 Hanc
783 2146 982 2202 autem
1011 2144 1304 2204 continuae
1332 2145 1468 2204 vitae
1497 2147 1972 2206 consuetudinem
2000 2147 2094 2204 in-

387 2230 720 2290 ditferenter
772 2231 963 2304 habet,
1004 2238 1070 2292 ut
1105 2232 1209 2292 vix
1258 2233 1382 2292 dies
1419 2233 1538 2293 ulla
1585 2241 1901 2308 praetereat,
1951 2236 2095 2310 quin

391 2321 508 2381 duo
563 2322 834 2397 psalteria
883 2323 1237 2382 modulanda
1273 2329 1520 2398 utraque
1559 2340 1740 2382 manu
1780 2324 1964 2400 scopis
2001 2341 2099 2382 ar—

392 2414 550 2470 mata
591 2410 816 2471 nudum
856 2427 1063 2486 corpus
1095 2412 1311 2471 allidat.
1348 2413 1420 2472 Et
1455 2415 1561 2472 hoc
1607 2415 1920 2474 remissiori
1963 2415 2097 2488 qui-

391 2503 526 2561 dem
562 2507 837 2576 tempore.
872 2502 1017 2561 Nam
1047 2503 1643 2578 quadragesimalibus
1686 2505 1940 2578 circulis,
1975 2507 2098 2564 sive

391 2605 530 2650 cum
573 2590 974 2666 ptenitentiam
1019 2592 1403 2664 peragendam
1457 2592 1627 2650 habet
1675 2595 1893 2665 (crebro
1941 2595 2096 2652 enim

388 2687 623 2739 centum
681 2694 970 2739 annorum
1023 2680 1422 2753 paenitentiam
1473 2682 1728 2754 suscipit)
1787 2687 1925 2740 tunc
1998 2698 2099 2755 per

389 2772 516 2832 dies
562 2769 848 2844 singulos,
879 2770 1020 2828 dum
1051 2785 1112 2830 se
1141 2785 1444 2843 scoparum
1480 2771 1857 2831 tunsionibus
1901 2772 2096 2844 afficit,

389 2865 454 2919 ut
483 2860 702 2931 minus,
732 2859 839 2918 tria
864 2858 1131 2933 psalteria
1163 2859 1495 2920 meditando
1525 2861 1819 2934 persolvit.
1853 2861 2098 2922 Centum

391 2954 586 3009 autem
625 2964 913 3009 annorum
942 2949 1281 3024 paenitentia
1313 2950 1470 3023 (341),
1516 2952 1666 3011 sicut
1704 2951 1828 3025 ipso
1871 2956 2100 3010 auctore

390 3040 725 3111 didicimus,
761 3041 845 3098 sic
885 3040 1172 3113 expletur.
1227 3039 1401 3098 Porro
1445 3055 1580 3099 cum
1637 3041 1746 3098 tria
1796 3056 2099 3113 scoparum

2176 543 2574 617 spiritualibus
2614 547 2905 604 exercitiis
2940 561 2998 603 se
3034 561 3258 618 semper
3301 545 3606 614 invictum,
3656 560 3890 618 semper

2175 631 2590 704 infatigabilem
2624 633 2838 692 reddat.
2867 635 3034 704 Nam,
3062 639 3126 691 ut
3155 634 3280 706 ipso
3309 633 3589 690 referente
3613 633 3885 704 cognovi,

2177 735 2328 792 saepe
2358 720 2474 779 duo
2507 720 2770 794 psalteria
2800 738 2932 780 cum
2976 721 3296 794 disciplinis
3333 721 3532 779 stando
3557 720 3889 790 continuat,

2177 808 2255 865 ita
2284 816 2350 867 ut
2377 825 2564 883 neque
2593 810 2825 868 interim
2857 811 3068 882 sedeat,
3097 825 3286 885 neque
3310 809 3402 866 vel
3427 811 3498 868 ad
3521 816 3890 869 momentum

2177 913 2209 954 a
2238 898 2707 970 percussionibus
2734 899 3058 957 incredibili
3101 898 3310 958 mentis
3353 899 3575 957 fervore
3604 899 3884 972 quiescat.

2181 985 2502 1060 Inquirenti
2534 989 2674 1044 mihi
2715 988 3030 1062 aliquando
3059 997 3256 1047 utrum
3293 995 3479 1063 posset
3506 1003 3642 1046 cum
3681 989 3889 1046 ferreae

2177 1075 2353 1132 vestis
2397 1076 2648 1148 pondere
2685 1077 3098 1151 aliquantisper
3133 1094 3392 1150 genuum
3422 1076 3672 1144 ﬂexibus
3714 1077 3891 1135 insu-

2179 1164 2333 1232 dare,
2364 1164 2472 1222 sub
2495 1166 2602 1222 liac
2624 1166 2768 1223 mihi
2789 1165 2944 1224 dedit
2965 1166 3306 1225 obscuritate
3337 1181 3678 1240 responsum
3702 1186 3714 1224 :
3736 1164 3889 1224 Cum

2177 1252 2565 1322 incolumitas,
2615 1255 2830 1329 inquit,
2880 1254 3026 1312 mihi
3083 1256 3276 1313 votiva
3325 1254 3647 1327 respondet,
3697 1268 3893 1328 quan-

2178 1343 2368 1415 doque
2396 1357 2496 1415 per
2532 1359 2734 1401 omnes
2772 1344 2946 1403 totius
2979 1344 3234 1417 psalterii
3267 1345 3593 1418 quindenos
3631 1345 3892 1416 psalmos

2179 1431 2396 1488 centies
2445 1448 2636 1505 genua
2673 1434 2896 1492 ﬂectere
2937 1431 3233 1492 consuevi.
3275 1431 3436 1502 Quod
3475 1432 3709 1506 quidem
3749 1439 3893 1490 tunc

2182 1534 2293 1576 non
2322 1519 2628 1592 diligenter
2653 1523 2887 1592 attendi,
2917 1523 3286 1596 postmodum
3312 1537 3446 1580 vero
3476 1522 3630 1595 quod
3661 1522 3890 1582 dictum

2180 1606 2384 1674 fuerat,
2437 1615 2626 1666 mente
2674 1610 2997 1679 revolvens,
3047 1627 3080 1667 a
3126 1611 3392 1683 depresso
3441 1601 3679 1670 homine
3728 1611 3894 1669 mille

2179 1703 2491 1756 metanceas
2530 1698 2590 1755 in
2637 1714 2756 1756 uno
2799 1700 3067 1773 psalterio
3116 1700 3259 1770 fieri,
3320 1699 3638 1759 admiratus
3676 1701 3897 1773 expavi

2183 1789 2420 1855 (consule
2445 1789 2652 1843 scholia
2677 1789 2751 1843 ad
2780 1790 2975 1843 calcem
3011 1791 3190 1858 Vitae).
3235 1787 3490 1857 Quadam
3517 1788 3609 1846 die
3637 1794 3766 1862 post
3789 1803 3897 1845 ve-

2180 1890 2424 1948 speram,
2456 1874 2725 1934 cellulam
2761 1892 2948 1934 meam
2986 1876 3279 1950 ingressus
3312 1899 3323 1932 :
3359 1869 3646 1950 Magister,
3697 1877 3898 1950 inquit

2178 1967 2304 2038 (hoc
2341 1965 2495 2024 enim
2542 1964 2784 2037 indigno
2813 1964 3092 2023 vocabulo
3128 1980 3219 2022 me
3247 1981 3323 2023 ex
3351 1965 3679 2023 humilitate
3726 1981 3894 2024 com-

2176 2053 2396 2128 pellat),
2432 2053 2602 2110 hodie
2630 2053 2738 2110 feci
2769 2052 2920 2126 quod
2952 2052 3228 2110 hactenus
3260 2068 3352 2111 me
3384 2053 3583 2110 fecisse
3613 2069 3731 2111 non
3761 2068 3891 2110 me-

2179 2141 2347 2212 mini,
2378 2148 2502 2200 octo
2529 2157 2734 2216 nempe
2767 2141 3038 2214 psalteria
3069 2141 3219 2199 inter
3245 2141 3398 2199 diem
3428 2150 3481 2200 et
3510 2150 3737 2202 noctem
3762 2158 3892 2201 mo-

2177 2231 2410 2290 dulatus
2453 2230 2707 2305 explevi.
2749 2229 3064 2288 Videbatur
3104 2236 3299 2288 autem
3333 2235 3471 2288 tunc
3505 2236 3654 2288 totus
3685 2229 3894 2290 vultus

2177 2321 2304 2394 ejus
2335 2319 2416 2376 ita
2443 2319 2629 2392 scopis
2656 2319 2902 2390 attritus,
2933 2334 2998 2376 ac
3029 2318 3385 2376 sulcantibus
3414 2317 3766 2392 quibusdam
3795 2318 3892 2376 vi-

2177 2406 2404 2466 bicibus
2434 2407 2754 2478 livefactus,
2782 2414 3057 2482 tanquam
3087 2408 3134 2468 si
3165 2407 3280 2481 pila
3306 2409 3498 2479 fuerit,
3522 2409 3891 2481 ptisanarum

2179 2497 2445 2556 videlicet
2478 2513 2637 2557 more
2677 2504 2972 2557 contusus.
3016 2498 3341 2557 Psalmodia
3371 2513 3509 2555 sane
3554 2497 3643 2555 illi
3676 2498 3893 2558 idcirco

2182 2598 2297 2650 tam
2329 2591 2496 2650 facile
2525 2591 2811 2665 provenit,
2852 2590 2990 2664 quia
3020 2605 3136 2649 non
3165 2596 3280 2648 tam
3314 2589 3507 2661 verba,
3542 2595 3607 2649 ut
3635 2589 3758 2663 ipse
3796 2604 3894 2647 as-

2183 2682 2340 2753 serit,
2403 2681 2604 2754 lingua
2658 2687 3047 2754 perstrepente
3098 2680 3362 2754 revolvit,
3424 2694 3598 2754 quam
3652 2694 3895 2739 sensum

2183 2769 2393 2828 mentis
2422 2769 2723 2828 vivacitate
2750 2772 3051 2842 percurrit.
3081 2791 3106 2822 »

2851 2874 3095 2934 CAPUT
3121 2875 3222 2935 IX.

2395 2968 2622 3021 Lautior
2671 2967 2823 3020 cibus
2880 2965 2996 3035 ejus
3042 2969 3211 3038 panis
3248 2983 3368 3021 cum
3413 2969 3673 3034 feniculo.

2259 3076 2282 3103 α
2329 3054 2657 3128 Aliquando
2702 3070 2735 3110 a
2776 3069 2869 3111 me
2907 3060 3160 3112 remotus
3188 3053 3502 3124 habitabat,
3533 3072 3782 3132 cumque
3819 3059 3894 3116 ad

397 3129 586 3228 millia
605 3144 793 3228 unum
822 3129 1175 3202 poenitentia)
1193 3145 1416 3228 annum
1443 3130 1596 3202 apud
1628 3145 1733 3188 nos
1752 3129 2100 3228 regulariter
2119 3168 2162 3228 Ο
2186 3155 2278 3198 me
2303 3139 2628 3213 ingressum
2656 3141 2868 3216 quibus
2897 3149 3032 3200 tunc
3064 3158 3124 3200 se
3152 3141 3288 3200 vitae
3327 3143 3551 3215 legibus
3575 3129 3762 3220 ageret
3793 3149 3892 3206 in-

392 3217 695 3310 expleant,
735 3217 928 3278 decem
982 3225 1174 3310 autem
1227 3219 1613 3310 psalmoru_m_
1639 3219 1976 3310 modulatio,
2035 3217 2162 3278 ut“
2186 3227 2517 3301 quisissem,
2555 3230 2850 3304 respondit
2889 3247 2949 3289 se
2988 3232 3292 3290 carnaliter
3320 3233 3535 3302 vivere,
3577 3217 3638 3293 et
3669 3238 3895 3310 quintis

395 3322 549 3381 sape
573 3307 878 3382 probatum
905 3315 1008 3375 est,
1035 3307 1198 3366 mille
1232 3323 1432 3380 scopas
1462 3307 1744 3377 admittat,
1782 3307 1922 3364 dum
1962 3321 2102 3365 cen-

393 3401 515 3456 tum
541 3396 966 3471 quinquaginta
1017 3396 1256 3471 psalmis
1301 3403 1560 3454 constare
1605 3397 1939 3469 psalterium
1983 3412 2100 3454 non

395 3484 726 3559 ambigitur,
777 3485 1036 3561 quinque
1085 3501 1376 3544 annorum
1425 3485 1767 3557 poenitentia
1813 3486 1871 3542 in
1921 3486 2102 3544 unius

399 3573 656 3649 psalterii
703 3574 1010 3648 disciplina
1066 3582 1218 3632 recte
1272 3574 1720 3647 supputantibus
1777 3573 2095 3632 invenitur.

403 3663 513 3724 Sed
540 3663 663 3723 sive
683 3662 947 3737 quinque
971 3663 1148 3720 vicies
1169 3663 1364 3734 ducas,
1395 3663 1516 3721 sive
1537 3664 1746 3735 viginti
1767 3662 2098 3737 quinquies,

396 3751 536 3808 491
572 3759 805 3813 centum
836 3754 1078 3812 faciunt.
1113 3751 1500 3824 Consequitur
1543 3769 1699 3824 ergo,
1752 3759 1817 3812 ut
1858 3753 1961 3826 qui
2009 3753 2101 3810 vi-

395 3842 545 3917 ginti
575 3842 846 3918 psalteria
895 3857 1027 3900 cum
1076 3840 1383 3914 disciplina
1415 3844 1694 3911 decantat,
1739 3849 1975 3900 centum
2004 3859 2103 3900 an-

394 3946 608 3992 norum
633 3931 1036 4006 ptenitentiam
1058 3945 1117 3988 se
1142 3929 1429 4004 peregisse
1458 3931 1723 3989 confidat.
1761 3931 2103 4006 Quanquam

397 4031 456 4083 et
502 4024 566 4083 in
600 4024 709 4082 hoc
741 4023 1048 4096 plerosque
1077 4027 1273 4080 noster
1304 4020 1644 4080 Dominicus
1685 4029 1934 4095 superet,
1969 4023 2105 4096 quia

407 4127 546 4172 cum
591 4109 864 4171 nonnulli
898 4125 1075 4168 unam
1110 4125 1350 4169 manum
1400 4110 1460 4168 in
1505 4110 1827 4184 disciplinis
1867 4111 2105 4184 agendis

397 4206 726 4272 exerceant,
773 4201 902 4272 iste,
953 4208 1018 4259 ut
1062 4217 1261 4260 revera
1318 4201 1617 4276 Benjamin
1671 4201 1852 4272 tilius,
1909 4207 2105 4259 contra

399 4287 645 4348 rebelles
689 4289 877 4348 carnis
910 4291 1205 4350 illecebras
1231 4296 1477 4366 utraque
1509 4307 1687 4350 manu
1718 4291 2104 4364 infatigabili-

401 4387 488 4438 ter
528 4387 770 4455 pugnat.
809 4381 966 4441 Hanc
993 4389 1185 4440 autem
1215 4387 1450 4439 centum
1482 4396 1773 4439 annorum
1817 4381 2103 4455 poeniten-

2187 3334 2412 3391 semper
2443 3319 2602 3377 feriis
2628 3336 2762 3379 cum
2790 3319 3106 3379 Dominicis
3133 3321 3336 3379 diebus
3363 3338 3395 3379 a
3428 3322 3592 3381 solito
3624 3340 3683 3382 se
3711 3326 3894 3386 absti-

2189 3409 2404 3467 nentiae
2445 3405 2592 3464 492
2631 3411 2819 3482 rigore
2865 3410 3078 3468 laxare.
3134 3410 3471 3484 Requisitus
3513 3419 3711 3472 utrum
3748 3431 3897 3488 quo-

2185 3497 2327 3555 libet
2355 3497 2674 3570 pulmento,
2719 3499 2844 3557 ovis
2892 3499 2981 3556 vel
3036 3515 3198 3557 caseo
3241 3509 3584 3575 vesceretur,
3628 3506 3896 3579 negavit;

2187 3603 2408 3659 rursus,
2443 3589 2490 3646 si
2527 3589 2784 3661 piscibus
2819 3595 2919 3647 aut
2956 3588 3160 3661 pomis.
3203 3589 3414 3660 Pisces,
3460 3591 3558 3662 ait,
3603 3598 3656 3650 et
3701 3609 3897 3667 poma,

2186 3673 2233 3732 si
2279 3690 2394 3747 qua
2429 3682 2583 3744 sunt,
2625 3677 3034 3748 zegrotantibus
3072 3677 3320 3750 praebeo,
3351 3692 3599 3750 quorum
3631 3694 3747 3736 non
3783 3681 3901 3739 mi-

2187 3763 2408 3820 nimam
2447 3762 2880 3822 multitudinem
2914 3764 3101 3838 jacere
3148 3764 3208 3821 in
3251 3763 3462 3822 nostris
3497 3764 3755 3837 partibus
3804 3768 3896 3824 in-

2185 3853 2458 3927 gemisco.
2505 3852 2765 3928 Cumque
2805 3855 2974 3914 illum
3020 3856 3203 3914 durus
3252 3863 3484 3913 exactor
3537 3857 3599 3913 in
3651 3864 3899 3931 angusto

2186 3942 2614 4011 concluderem,
2664 3943 2896 4001 dicens:
2926 3943 3089 4002 Unde
3117 3959 3251 4017 ergo
3289 3943 3406 4002 illis
3444 3943 3647 4004 diebus
3687 3947 3897 4006 remis-

2189 4029 2309 4088 sius
2340 4029 2511 4100 vivis,
2559 4031 2606 4087 si
2636 4031 2786 4088 nihil
2825 4047 3029 4091 eorum
3067 4033 3339 4101 comedis,
3387 4049 3518 4105 quas
3555 4049 3787 4092 necesse
3825 4037 3899 4094 sit

2186 4119 2279 4175 vel
2325 4118 2558 4192 ignibus
2589 4119 2841 4194 decoqui
2878 4121 2969 4179 vel
2999 4121 3062 4178 in
3101 4121 3403 4180 arboribus
3440 4121 3731 4181 inveniri?
3778 4123 3895 4182 Re-

2187 4208 2440 4281 spondit:
2457 4208 2753 4281 Feniculo,
2777 4211 3065 4283 inquiens,
3093 4226 3226 4269 cum
3248 4225 3393 4283 pane
3413 4209 3656 4268 libenter
3674 4227 3895 4272 vescor.

2185 4297 2322 4354 Mox
2353 4297 2633 4356 nimirum
2671 4300 2849 4372 perite
2879 4302 3120 4374 cognovi
3159 4316 3332 4376 quam
3374 4301 3675 4359 carnaliter
3721 4303 3896 4363 homo

2187 4389 2408 4448 viveret
2458 4390 2558 4462 qui
2609 4408 2744 4449 suas
2793 4391 3030 4450 delicias
3074 4393 3133 4449 in
3180 4391 3431 4449 feniculo
3485 4390 3892 4450 constituisset.

399 4471 563 4544 tiam,
594 4478 660 4531 ut
685 4473 828 4532 mihi
860 4473 982 4582 ipse
1012 4473 1301 4582 p‘rpfessus
1327 4481 1427 4543 est,
1471 4473 1634 4531 facile
1664 4489 1766 4574 sex
1793 4473 2002 4582 diebus
2030 4489 2104 4531 ex
2126 4479 2377 4582 DHabet
2405 4480 2577 4582 plane
2605 4480 2842 4579 uberem
2882 4480 3560 4582 l‘acrymarum‘gratiam,
3591 4480 3897 4582 sedalter-

399 4575 562 4620 more
609 4569 994 4621 consummat.
1037 4561 1276 4621 Memini
1331 4579 1560 4638 quoque
1620 4564 1756 4636 quia
1803 4565 2104 4637 cujusdam

400 4651 866 4728 Quadragesimze
887 4653 1246 4712 imminentis
1274 4655 1463 4723 initio,
1496 4655 1655 4712 mille
1681 4671 1863 4712 annos
1887 4653 2106 4726 imponi

402 4739 514 4798 sibi
540 4756 641 4814 per
670 4757 776 4800 nos
812 4741 882 4800 ad
913 4742 1310 4816 paenitentiam
1338 4743 1518 4816 petiit,
1549 4758 1694 4816 quos
1729 4750 1878 4800 certe
1907 4757 2108 4799 omnes

402 4833 586 4892 ferme
613 4838 922 4908 antequam
942 4834 1153 4908 jejunii
1185 4840 1410 4907 tempus
1442 4833 1878 4907 transigeretur,
1908 4833 2106 4906 exple-

405 4921 492 4982 vit
518 4921 689 4992 (342).
724 4922 794 4980 Et
820 4923 993 4996 paulo
1020 4929 1146 4996 post
1171 4923 1282 4981 hoc
1309 4928 1644 4995 prosecutus
1673 4937 1823 4980 sum.

479 5013 648 5072 Nunc
671 5012 742 5071 ad
762 5012 1155 5083 Dominicum,
1186 5012 1256 5069 de
1283 5027 1397 5087 quo
1425 5016 1691 5084 coeperat,
1717 5027 1904 5070 sermo
1924 5028 2112 5070 recur-

407 5107 514 5162 rat.
566 5102 741 5162 Enim
784 5117 922 5161 vero
955 5116 1089 5159 cum
1122 5102 1278 5159 hunc
1299 5102 1416 5174 jam
1459 5105 1515 5158 et
1557 5100 1800 5158 incurva
1849 5107 2113 5159 senectus

406 5193 708 5268 deprimat,
741 5198 797 5250 et
826 5191 1044 5251 crebris
1072 5192 1314 5264 insuper
1340 5205 1493 5264 saepe
1521 5189 1898 5265 languoribus
1927 5197 2117 5249 conta-

470 5359 605 5426 (341)
669 5357 985 5410 Graviorum
1050 5353 1334 5407 criminum
1401 5353 1514 5406 reis
1583 5353 1878 5407 multorum
1943 5365 2112 5426 anno-

410 5441 532 5484 rum
586 5425 919 5494 ptenitentia
983 5437 1051 5477 ex
1116 5435 1396 5476 sacrorum
1461 5435 1729 5477 canonum
1798 5425 2116 5488 praescripto

412 5502 643 5565 irrogari
694 5498 957 5557 debebat;
1017 5509 1150 5562 quas
1196 5507 1385 5560 poenas
1439 5495 1540 5547 sibi
1599 5497 1736 5559 ipsis
1784 5497 1984 5560 imponi
2030 5496 2119 5546 ﬂa-

419 5570 659 5636 gitabant
723 5572 820 5624 viri
884 5571 965 5623 illl
1021 5570 1114 5634 pii,
1172 5572 1224 5619 et
1274 5579 1366 5619 eas
1417 5569 1761 5630 postmodum
1817 5566 2121 5630 disciplinis

422 5641 886 5709 trequenttoribns
968 5639 1320 5702 redimebant,
1389 5641 1527 5693 sicut
1595 5637 1928 5691 Habiuonius
2007 5637 2120 5692 ani-

2192 4585 2348 4627 nam.
2402 4568 2546 4627 Cum
2599 4569 2754 4626 enim
2801 4569 3062 4626 reclusus
3107 4570 3215 4627 sub
3261 4568 3516 4626 districto
3559 4585 3619 4627 se
3667 4568 3899 4628 silentio

2194 4657 2492 4730 reprimit;
2529 4673 2683 4722 mox,
2731 4663 2795 4715 ut
2823 4657 3089 4729 voluerit,
3121 4658 3420 4716 afﬂuenter
3452 4655 3687 4730 plangit.
3726 4659 3801 4714 At
3847 4658 3898 4715 si

2195 4745 2482 4820 colloquio
2528 4748 2944 4818 frequentctur,
2991 4745 3192 4802 ﬂetum
3234 4761 3295 4803 se
3332 4745 3594 4803 amisisse
3639 4761 3899 4820 conque-

2194 4835 2361 4904 ritur,
2394 4850 2525 4891 nam
2560 4841 2614 4891 et
2645 4850 2748 4907 ego
2780 4833 2866 4891 illi
2900 4850 3052 4908 szepe
3093 4835 3394 4907 penuriam
3435 4850 3579 4891 mere
3615 4833 3899 4894 ariditatis

2193 4923 2540 4995 imprOpero,
2570 4921 2801 4980 dicens:
2825 4921 2990 4980 Heu!
3025 4923 3288 4995 inquam,
3317 4919 3397 4977 mi
3424 4928 3598 4994 pater,
3630 4921 3755 4978 ista:
3783 4928 3900 4980 tuae

2196 5012 2467 5087 lacrymze
2491 5013 2819 5071 infecundae
2851 5018 3009 5084 sunt,
3043 5028 3174 5085 quae
3200 5011 3342 5069 alias
3369 5010 3584 5068 orando
3615 5010 3902 5083 lacrymas

2197 5117 2395 5176 parere
2417 5109 2732 5176 nequeunt.
2767 5101 3030 5174 Optarem
3058 5114 3329 5172 namque,
3359 5098 3514 5172 quod
3544 5113 3904 5172 consequens

2197 5198 2299 5262 est,
2344 5191 2625 5249 nimirum
2666 5197 2729 5249 ut
2775 5189 2922 5248 sicut
2961 5195 3019 5248 tu
3064 5187 3208 5245 mihi
3247 5192 3406 5260 pater
3438 5201 3528 5258 es,
3559 5186 3638 5244 ita
3681 5186 3902 5245 nihilo-

2199 5351 2700 5486 m'zgivsnllitonnulla
2733 5421 3011 5486 subjungit
3043 5419 3098 5470 in
3152 5418 3268 5479 ipso
3311 5417 3576 5482 opusculo
3625 5417 3691 5468 ad
3727 5419 3904 5486 tuen—

2205 5494 2330 5544 dum
2376 5485 2638 5557 ejusmodi
2691 5485 3095 5555 disciplinarum
3149 5501 3327 5547 usum,
3391 5501 3550 5555 quem
3605 5488 3653 5542 S.
3724 5485 3908 5541 Domi-

2209 5567 2365 5624 nicus
2394 5566 2664 5621 Loricatus
2696 5563 2833 5620 miro
2865 5562 3027 5619 modo
3059 5561 3345 5634 promovit.
