4118 6458
253 340 395 400 1017

1178 337 1359 397 VlTA
1401 337 1504 399 SS.
1546 338 1928 399 RODULPHI
1967 340 2063 398 ET
2102 340 2440 414 DOMINIGI
2478 340 2851 402 LORICATI.

3629 351 3768 411 1018

246 467 462 524 minus
485 469 542 522 et
589 469 703 522 tua
731 463 1005 538 lacryma
1034 477 1298 521 mearum
1328 478 1560 537 quoque
1583 463 2040 538 lacrymarumA
2130 487 2157 514 α
2195 465 2332 523 Erat
2384 471 2577 524 autem
2644 482 2762 525 nox
2828 467 2931 526 illa
3004 469 3335 541 pracedens
3405 470 3762 534 Dominicam

252 557 470 614 ﬁerent
495 556 822 630 genitrices.
857 579 879 606 »

331 646 398 705 In
428 645 628 719 regula
667 661 896 718 quoque
926 646 1216 705 eremitica
1260 647 1368 704 hoc
1404 647 1718 705 inseruisse
1757 663 1849 705 me
1889 664 1970 707 re-

251 733 407 792 colo.
449 734 668 792 Dicam.
714 733 825 792 Sed
871 734 1002 806 quis
1047 734 1183 792 sciat
1224 740 1422 793 utrum
1479 735 1622 792 ﬁdes
1667 735 1968 795 assertioni

253 822 620 882 ﬁdelissima
659 823 984 898 prabeatur
1014 822 1041 881 ?
1081 822 1189 882 Sed
1219 824 1754 897 parvipendcndum
1799 832 1883 882 est
1919 825 1969 883 si

255 915 524 974 humana
550 915 840 972 temeritas
867 921 1066 986 arguat
1103 931 1276 988 quem
1319 931 1546 974 summa
1575 918 1783 976 veritas
1810 918 1966 976 falsi-

253 1003 390 1061 tatis
432 1010 689 1061 excusat.
729 1003 829 1060 Est
871 1003 1022 1062 inter
1075 1019 1178 1063 nos
1220 1005 1323 1078 qui
1362 1020 1806 1078 nonnunquam,
1846 1020 1965 1063 uno

247 1091 351 1150 die
374 1091 710 1150 continuato
737 1105 870 1149 cum
893 1097 1076 1162 nocte,
1108 1107 1319 1150 novem
1345 1093 1607 1165 psalteria
1637 1094 1964 1152 meditando

247 1181 542 1252 decurrat,
577 1187 631 1239 et
654 1181 890 1239 interim
922 1198 1066 1254 pene
1105 1198 1330 1257 semper
1358 1191 1601 1257 utraque
1631 1201 1810 1243 manu
1839 1199 1959 1242 sco-

243 1268 341 1344 pis
371 1274 594 1327 armata
635 1270 860 1327 nudum
913 1285 1120 1343 corpus
1150 1271 1379 1329 aﬂiciat.
1414 1261 1743 1330 Notandum
1773 1277 1965 1331 autem

243 1359 411 1434 quia,
441 1361 581 1418 dum
626 1359 749 1418 hac
792 1375 1062 1433 peragere
1099 1361 1322 1433 satagit,
1373 1368 1537 1420 nocte
1570 1362 1658 1419 vel
1694 1363 1788 1420 die
1833 1363 1965 1422 dor-

244 1451 400 1509 mire
443 1466 558 1508 non
594 1457 773 1522 vacat,
815 1451 912 1508 sed
950 1450 1260 1524 aliquando
1301 1467 1489 1525 genua
1528 1452 1780 1525 ﬂectens,
1819 1455 1960 1512 dum

243 1547 422 1616 caput
455 1548 617 1599 terra
643 1540 893 1613 deponit,
945 1540 1026 1598 sic
1061 1540 1217 1599 nudo
1261 1549 1491 1615 repente
1517 1558 1756 1601 somnus
1794 1543 1960 1601 obre-

242 1632 354 1705 pit,
387 1648 504 1708 quo
547 1632 666 1690 solo
696 1638 1000 1690 contentus
1038 1641 1140 1690 est.
1190 1632 1300 1691 Hic
1329 1633 1472 1692 mihi
1510 1635 1822 1707 aliquando
1855 1635 1960 1693 fra-

243 1725 414 1779 terna
441 1719 828 1781 familiaritate
865 1727 1214 1794 conquestus
1253 1729 1357 1793 est,
1399 1722 1536 1797 quia
1573 1739 1704 1783 cum
1751 1739 1960 1782 novem

2051 554 2206 611 diem
2258 560 2314 612 et
2363 553 2428 611 B.
2485 553 2784 612 Michaelis
2839 555 3224 615 festivitatem.
3299 558 3562 633 Cumque
3625 561 3767 622 facto

2052 658 2220 701 mane
2261 642 2331 700 ad
2372 642 2715 715 pradictum
2763 660 2958 702 senem
3015 645 3186 703 frater
3226 646 3321 705 ille
3373 649 3643 721 venisset,
3690 652 3763 711 ti-

2049 745 2331 804 mensque
2363 745 2436 788 ne
2463 730 2533 787 de
2561 731 2904 790 discretione
2944 732 3404 807 redargueretur,
3435 753 3569 796 cum
3609 741 3764 812 quod

2050 828 2258 893 egerat,
2292 836 2394 894 per
2426 821 2689 879 ordinem
2724 822 3032 892 retulisset,
3077 824 3184 881 hac
3211 824 3310 882 ille
3341 841 3478 885 voce
3525 844 3760 903 respon-

2049 909 2131 966 dit
2166 929 2177 965 :
2217 908 2366 979 Noli,
2408 910 2600 981 frater,
2646 910 3044 985 pusillanimis
3075 929 3198 971 esse
3239 913 3329 972 vel
3376 917 3632 988 pro‘hac
3661 924 3763 978 tua

2050 1013 2182 1070 qua
2237 1015 2396 1056 nunc
2450 1006 2551 1071 est,
2613 1001 2954 1060 infirmitate
3009 1003 3305 1072 difﬁdere;
3371 1011 3546 1079 potest
3603 1008 3758 1067 enim

2053 1085 2201 1143 Deus
2253 1102 2327 1144 ex
2383 1087 2519 1145 imis
2579 1094 2631 1146 te
2685 1090 2753 1147 ad
2809 1091 3012 1148 altiora
3065 1092 3399 1165 provehere,
3455 1101 3510 1152 et
3582 1096 3761 1169 hujus

2057 1174 2306 1234 lacteola
2350 1182 2465 1234 tua
2513 1179 2964 1238 conversationis
3012 1180 3315 1238 infantiam
3361 1181 3432 1239 ad
3482 1183 3763 1255 juvenilis

2051 1265 2270 1324 roboris
2319 1267 2669 1325 incrementa
2715 1268 2965 1326 firmare.
3013 1269 3079 1327 Et
3121 1270 3397 1344 adjiciens
3448 1273 3528 1330 ait
3572 1292 3585 1332 :
3645 1274 3760 1334 Nos

2048 1353 2222 1411 etiam
2281 1354 2468 1426 primo
2520 1356 2864 1427 pedetentim
2930 1357 3229 1430 capimus,
3284 1350 3614 1434 sensimque
3685 1365 3759 1422 ad

2048 1444 2201 1516 quod
2261 1458 2366 1500 nos
2411 1442 2607 1500 divina
2647 1443 2826 1516 pietas
2872 1446 3180 1518 perducere
3217 1448 3421 1519 voluit,
3469 1450 3600 1508 licet
3642 1451 3758 1510 im-

2046 1532 2280 1590 becilles
2319 1549 2385 1591 ac
2413 1531 2646 1606 fragiles
2691 1534 2882 1592 educti
2922 1550 3142 1593 sumus.
3188 1535 3394 1611 Sicque
3425 1540 3638 1599 factum
3668 1547 3755 1599 est

2047 1629 2112 1680 ut
2150 1637 2262 1679 non
2309 1637 2446 1679 eum
2475 1621 2546 1680 de
2595 1621 2972 1681 immoderato
2999 1623 3244 1696 fervore,
3286 1626 3434 1684 sicut
3460 1627 3560 1685 ille
3589 1628 3756 1688 time-

2047 1711 2164 1783 bat,
2230 1720 2513 1785 argueret,
2579 1712 2677 1770 sed
2732 1728 2804 1770 ne
2874 1713 3258 1786 desperationi
3337 1716 3754 1791 succumberet,

242 1808 332 1866 sic
361 1807 631 1882 psalteria
657 1824 808 1880 sape
833 1809 1186 1868 modulando
1223 1810 1542 1883 perficeret,
1569 1813 1639 1870 ad
1670 1813 1958 1873 decimum
1982 1823 2029 1882 B
2050 1805 2326 1875 tanquam
2379 1800 2481 1876 (Illi
2519 1800 2836 1858 minimum
2877 1800 3020 1874 (ΙΠίά
3057 1803 3255 1874 egerit,
3287 1804 3551 1862 animum
3605 1805 3754 1865 ΓΘΓο-

242 1912 556 1970 nunquam
587 1899 836 1972 potuerit
858 1899 1176 1973 pervenire.
1878 1953 1904 1967 ,

320 1985 389 2044 In
426 1985 663 2060 epistola
702 2001 951 2060 quoque,
986 2001 1159 2061 quam
1199 1986 1427 2048 Blanca
1470 1991 1784 2050 comitissa
1806 1992 1963 2050 dire-

243 2075 472 2156 ximus,
502 2075 609 2133 hoc
641 2090 746 2133 nos
773 2075 1053 2134 indidisse
1083 2076 1384 2135 videmur:
1423 2099 1450 2131 «
1479 2077 1708 2136 Utinam
1730 2080 1965 2139 daretur

240 2166 350 2226 tibi
399 2182 560 2226 nunc
613 2165 894 2225 domuum
941 2182 1136 2225 meum
1182 2167 1376 2227 videre
1429 2169 1822 2240 Dominicum,
1861 2171 1962 2244 qui

242 2253 404 2330 quod
436 2253 717 2328 imperita
747 2253 964 2328 lingua
993 2246 1274 2314 conamur
1301 2256 1508 2327 officio,
1539 2258 1662 2331 ipse
1693 2263 1746 2316 te
1772 2258 1960 2316 effica-

239 2343 386 2403 ciori
439 2343 920 2402 luculentissima
990 2345 1127 2403 vita
1203 2347 1431 2404 doceret
1507 2352 1563 2404 et
1623 2347 1963 2406 informaret

242 2431 536 2506 exemplo.
567 2431 678 2490 Hic
717 2431 966 2506 denique
992 2449 1025 2490 a
1056 2431 1239 2491 tribus
1262 2433 1382 2506 jam
1419 2434 1644 2492 circiter
1669 2450 1959 2494 annorum

243 2519 448 2579 lustris
483 2519 656 2578 lorica
689 2519 869 2578 ferrea
919 2521 1164 2580 vestitur
1204 2521 1276 2578 ad
1314 2538 1566 2594 carnem,
1595 2523 1824 2583 duobus
1851 2541 1958 2585 au-

247 2615 364 2667 tem
394 2609 596 2668 ferreis
629 2610 864 2669 circulis
889 2611 952 2669 in
992 2627 1224 2686 corpore
1252 2612 1522 2686 cingitur,
1555 2614 1781 2674 duobus
1818 2615 1956 2674 item

243 2711 350 2772 per
380 2695 748 2756 brachiorum
778 2714 968 2758 armos
997 2707 1246 2758 arctatur
1275 2699 1440 2768 (343).
1481 2720 1509 2753 »

924 2797 1167 2863 CAPUT
1195 2805 1264 2863 X.

245 2893 539 2950 Duodecim
569 2895 843 2965 psalteria
880 2898 1212 3021 contineaiter
1241 2897 1494 2968 absolvit,
1527 2900 1702 2967 virgis
1738 2901 1956 2956 interim

936 2983 993 3021 se
1034 2984 1106 3021 ca
1147 2984 1258 3021 ens.

936 2983 993 3023 89
1034 2983 1238 3022 σκαθηε
1246 3011 1258 3023 .

320 3051 431 3112 Sed
458 3055 593 3130 quia
618 3055 690 3114 de
717 3055 817 3113 illo
847 3056 904 3113 in
935 3055 1066 3113 aliis
1093 3057 1305 3114 nostris
1325 3056 1617 3130 opusculis
1641 3057 1761 3132 jam
1789 3059 1958 3131 plura

246 3141 614 3215 digessimus,
664 3160 822 3234 nunc
860 3144 1014 3218 quod
1054 3144 1153 3202 vix
1196 3152 1328 3203 ante
1369 3143 1514 3234 493
1561 3163 1663 3205 sex
1719 3147 1844 3206 dies
1886 3149 1954 3206 ad
1979 3143 2313 3234 Cexemplo
2351 3142 2588 3234 subjeci,
2629 3144 2707 3234 ita
2756 3143 3027 3234 inquiens
3083 3165 3095 3200 :

2050 1895 2228 1948 veret.
2265 1890 2461 1964 Hujus
2498 1890 2690 1965 itaque
2740 1891 2924 1948 sancti
2968 1892 3123 1949 senis
3163 1892 3430 1965 exemplo
3480 1893 3758 1954 facienda

2050 1977 2376 2050 disciplina
2411 1994 2534 2036 mos
2568 1977 2712 2036 adeo
2758 1978 2816 2034 in
2851 1978 3061 2036 nostris
3099 1980 3359 2052 partibus
3388 1980 3650 2054 inolevit,
3691 1987 3760 2042 ut

2049 2082 2165 2124 non
2194 2066 2364 2125 modo
2392 2066 2524 2136 viri,
2556 2067 2654 2125 sed
2686 2071 2742 2124 et
2772 2065 2997 2124 nobiles
3029 2067 3306 2126 mulieres
3340 2071 3450 2128 hoc
3487 2076 3756 2144 purgato-

2049 2155 2122 2211 rii
2163 2171 2348 2228 genus
2376 2155 2671 2213 inhianter
2696 2157 3036 2228 arriperent.
3074 2156 3217 2214 Nam
3258 2163 3314 2214 et
3351 2157 3758 2218 relicta.Teth-

2049 2241 2227 2314 baldi,
2261 2242 2532 2302 sublimis
2564 2243 2769 2316 utique
2796 2243 3046 2317 generis,
3077 2250 3133 2303 et
3160 2260 3278 2303 non
3318 2244 3539 2305 inﬁma
3563 2245 3757 2319 digni-

2049 2332 2201 2405 tatis,
2241 2333 2389 2391 mihi
2436 2331 2752 2406 aliquando
2799 2333 3018 2405 retulit,
3069 2348 3170 2406 per
3221 2335 3520 2408 pratixam
3577 2336 3758 2410 hujus

2046 2417 2371 2491 disciplina
2401 2418 2659 2493 regulam
2696 2425 2929 2479 centum
2950 2435 3238 2481 annorum
3268 2437 3327 2481 se
3354 2424 3757 2497 panitentiam

2045 2509 2350 2581 peregisse.
2389 2531 2411 2561 ι
3737 2561 3743 2566 .

2115 2605 2184 2663 In
2211 2606 2448 2680 epistola
2477 2608 2651 2665 etiam
2685 2607 2758 2665 ad
2792 2607 3075 2666 Joannem
3101 2608 3352 2680 priorem
3383 2609 3583 2683 eremi,
3618 2627 3755 2686 qua

2038 2700 2211 2773 juxta
2252 2697 2632 2758 Suavicinum
2665 2699 2814 2768 (344)
2849 2705 3102 2757 montem
3141 2705 3225 2756 est
3258 2699 3584 2771 constituta,
3616 2716 3753 2760 cum

2045 2803 2180 2845 eum
2231 2788 2470 2862 ejusque
2511 2788 2796 2861 subjectos
2827 2787 2898 2846 ad
2945 2788 3343 2846 extensionem
3382 2788 3752 2849 brachiorum

2042 2875 2104 2933 in
2155 2876 2512 2935 orationibus
2549 2876 2939 2935 exhortatorie
2987 2891 3377 2952 provocarem,
3423 2875 3549 2934 dixi
3589 2877 3754 2951 prius

2045 2966 2116 3023 de
2170 2967 2418 3040 quodam
2477 2966 2903 3025 ferventissimo
2955 2963 3104 3020 494
3166 2965 3230 3024 in
3277 2981 3474 3025 amore
3541 2966 3753 3026 Christi

2048 3056 2222 3114 fratre
2255 3061 2471 3122 nostro.
2514 3055 2696 3113 Adam
2739 3054 2996 3124 nomine,
3033 3053 3241 3112 deinde
3280 3054 3647 3115 Dominicum
3691 3056 3754 3114 in

3158 3167 3183 3194 α
3217 3142 3512 3203 Habemus
3560 3150 3751 3204 autem

246 3246 353 3290 nos
381 3234 622 3291 veniens
652 3233 868 3304 retulit,
901 3234 1275 3308 proferamus.
1310 3233 1410 3292 Ait
1451 3235 1646 3309 itaque
1682 3256 1693 3294 :
1737 3258 1764 3290 ‹‹
1806 3239 1958 3296 Gon-
1990 3231 2022 3234 ’“
2043 3234 2350 3314 quemdam
2398 3233 2780 3306 juvenculum
2831 3233 3088 3303 fratrem,
3132 3231 3234 3305 qui
3275 3233 3421 3290 mihi
3459 3233 3754 3293 confessus

249 3319 377 3392 tigit
407 3336 500 3379 me
543 3337 731 3394 nosse,
761 3322 913 3395 quod
958 3321 1272 3395 scripseris,
1307 3339 1517 3381 novem
1560 3340 1651 3381 me
1699 3341 1815 3382 uno
1865 3325 1958 3384 die

247 3408 518 3481 psalteria
577 3410 907 3469 dccantasse
965 3427 1096 3469 cum
1153 3413 1544 3484 corporalibus
1611 3412 1952 3487 disciplinis.

250 3492 408 3562 Quod
441 3503 589 3554 certe
633 3512 766 3555 cum
796 3497 1016 3568 audivi,
1057 3499 1418 3557 tremefactus
1462 3501 1694 3572 expavi,
1737 3506 1792 3558 et
1819 3517 1957 3560 con-

251 3586 488 3644 scientia
538 3589 898 3647 remordente
948 3590 1272 3663 congemui.
1313 3591 1435 3660 Va,
1475 3591 1738 3666 inquam,
1788 3593 1955 3663 mihi,

251 3690 383 3732 ecce
416 3675 522 3733 hoc
545 3675 750 3756 deme,
775 3677 1068 3735 nesciente
1091 3694 1198 3746 me,
1235 3681 1514 3753 scriptum
1541 3686 1621 3737 est
1647 3698 1658 3747 ;
1684 3687 1738 3737 et
1765 3687 1956 3738 tamen

248 3770 444 3822 utrum
477 3781 508 3822 a
538 3781 629 3823 me
675 3766 779 3823 hoc
812 3766 933 3823 ﬁeri
980 3767 1273 3839 potuisset,
1311 3768 1532 3841 ignoro.
1577 3767 1724 3841 Ergo
1756 3785 1958 3827 rursus

249 3851 533 3927 experior,
575 3859 630 3911 et
665 3869 739 3910 an
779 3854 887 3911 hoc
932 3853 1172 3927 implere
1213 3856 1520 3928 potuerim,
1562 3855 1958 3914 indubitanter

247 3957 573 4016 agnoscam.
616 3941 826 4012 Quarta
865 3931 1042 4015 igitur
1077 3943 1220 4001 feria
1265 3959 1356 4001 me
1403 3944 1664 4003 vestibus
1703 3947 1862 4017 exui,
1904 3953 1958 4003 et

247 4034 462 4087 armata
489 4029 673 4102 scopis
717 4035 960 4104 utraque
993 4046 1190 4102 manu,
1228 4037 1400 4090 totam
1440 4039 1665 4091 noctem
1695 4033 1956 4092 ducendo

250 4117 584 4190 pervigilem
643 4116 884 4190 psallere
937 4134 1002 4176 ac
1052 4134 1144 4176 me
1205 4122 1506 4179 verberare
1570 4138 1683 4180 non
1743 4121 1953 4194 destiti,

249 4206 430 4264 donec
447 4205 541 4263 die
560 4205 738 4264 altero
763 4207 1020 4266 decursis
1049 4208 1348 4267 duodecim
1371 4225 1442 4266 ex
1470 4225 1627 4267 more
1650 4210 1954 4284 psalteriis,

251 4296 341 4353 die
383 4296 550 4354 tertio
581 4295 802 4354 decimo
841 4297 908 4354 ad
945 4296 1253 4370 psalmum,
1282 4303 1458 4365 Beati,
1492 4317 1740 4370 quorum,
1771 4316 1957 4374 usque

251 4385 486 4457 reptavi.
546 4383 741 4457 Porro,
784 4387 936 4459 quod
977 4386 1141 4444 nobis
1179 4387 1391 4445 durum
1441 4403 1592 4462 sape
1632 4389 1860 4448 videtur
1903 4398 1957 4447 ct

2044 3328 2128 3378 est
2161 3337 2194 3377 a
2232 3321 2416 3394 capite
2448 3336 2635 3394 usque
2681 3321 2750 3378 ad
2783 3321 2961 3378 finem
2999 3319 3253 3392 psalterii
3282 3319 3500 3378 elevata
3534 3337 3594 3378 se
3619 3322 3755 3379 bra-

2042 3407 2194 3464 chiia
2232 3414 2444 3478 tenere,
2475 3407 2613 3465 dum
2664 3407 2875 3480 psallit,
2928 3407 3008 3464 ita
3047 3411 3113 3463 ut
3160 3406 3395 3478 laquear
3438 3407 3757 3466 tabulatum

2043 3494 2270 3552 cellula
2303 3494 2576 3553 manibus
2603 3509 2771 3568 .sape
2803 3493 3114 3566 contingat.
3151 3493 3276 3552 Hac
3313 3501 3500 3553 tamen
3542 3495 3757 3553 discre-

2043 3585 2198 3643 tione
2229 3593 2471 3656 servata,
2511 3592 2578 3642 ut
2614 3601 2716 3658 per
2749 3584 3189 3658 quinquagenos
3219 3583 3469 3657 psalmos
3507 3586 3578 3642 ad
3627 3600 3756 3644 mo-

2043 3682 2307 3735 mentum
2359 3676 2592 3734 brachia
2646 3675 2883 3733 remissa
2933 3674 3180 3749 deponat
3223 3680 3280 3732 et
3326 3674 3591 3748 protinus
3641 3675 3756 3734 eri-

2039 3773 2151 3840 gat.
2241 3766 2538 3824 Habemus
2620 3770 2674 3822 et
2751 3765 2997 3822 alterum
3092 3763 3464 3837 provectioris
3549 3761 3753 3834 atatis,

2041 3854 2356 3912 incurvum
2404 3853 2673 3912 videlicet
2707 3869 2928 3923 senem,
2959 3859 3034 3922 et,
3064 3859 3130 3912 ut
3169 3852 3274 3910 tibi
3318 3859 3531 3911 secrete
3567 3854 3749 3912 confi-

2044 3950 2182 4014 tear,
2224 3944 2321 4001 hic
2371 3942 2702 4001 Dominicus
2739 3948 2841 4000 est.
2893 3943 2950 4000 Is
2999 3942 3194 4016 itaque
3241 3941 3553 4015 quamdam
3605 3942 3748 4000 scri-

2043 4032 2406 4106 ptiunculam
2461 4032 2688 4106 reperit,
2738 4032 2840 4090 ubi
2896 4031 3193 4091 dicebatur
3242 4051 3254 4089 :
3317 4031 3463 4102 Quia
3517 4033 3567 4090 si
3620 4032 3755 4108 quis

2038 4121 2351 4179 duodecim
2393 4121 2511 4178 illic
2550 4126 2771 4180 notatos
2804 4121 3056 4194 psalmos
3100 4120 3249 4178 vicie
3283 4127 3504 4195 quater,
3545 4121 3748 4180 erectis

2039 4211 2101 4268 in
2131 4209 2370 4268 modum
2424 4209 2610 4267 crucis
2648 4210 2917 4268 manibus
2952 4216 3200 4278 caneret,
3245 4224 3349 4282 pro
3395 4223 3514 4268 uno
3558 4215 3752 4282 posset

2038 4314 2194 4357 anno
2240 4297 2596 4371 poenitentia
2650 4297 2990 4370 regulariter
3033 4313 3426 4372 compensare.
3467 4295 3752 4361 Protinus

2040 4387 2140 4446 ille
2192 4389 2254 4445 in
2312 4386 2656 4444 exercitium
2709 4387 2766 4446 id
2821 4389 2972 4460 quod
3004 4387 3319 4458 dicebatur,
3376 4387 3641 4460 arripuit,
3695 4392 3751 4444 et

249 4487 536 4546 asperum,
574 4489 749 4548 quam
794 4475 896 4532 ille
951 4473 1173 4548 puerile
1215 4476 1445 4548 deputet
1481 4492 1544 4534 ac
1597 4476 2343 4587 despectum,Dduodecim
2380 4476 2513 4534 illos
2563 4476 2831 4548 psalmos,
2867 4477 3123 4534 extensis
3157 4476 3216 4534 in
3282 4476 3518 4534 modum
3565 4474 3752 4533 crucis

251 4576 363 4587 ..ν-Α
426 4563 730 4587 ᾹΑΑΑκνκ..-
799 4563 1056 4587 ⁸---...-1Α
1140 4563 1335 4587 Π-κιλ..
1413 4564 1642 4587 ηυξ-1....ν.
1703 4580 1825 4587 ---μ
1895 4581 1947 4587 _.-
2039 4565 2287 4587 L_._-I_::-
2353 4565 2499 4587 -ζ,.--ι.
2540 4564 2748 4587 ΔΞ--1--...
2804 4571 2884 4587 -.ι-ι
2963 4564 3164 4587 ..ἔρξαιιὲ
3218 4579 3316 4587 -Α--
3375 4563 3599 4587 --ἓΑζΙ----
3641 4564 3745 4587 ---ι

251 4576 366 4619 ι]ηο
423 4563 732 4622 doceamus
795 4563 1080 4636 exemplo.
1140 4563 1336 4621 Frater
1409 4564 1646 4637 quidam
1697 4580 1831 4622 cum
1892 4581 1951 4623 se

251 4664 548 4721 scoparum
595 4649 806 4710 ictibus
863 4651 1040 4710 nimis
1091 4653 1424 4711 abhorreret
1471 4660 1730 4723 atterere,
1783 4661 1954 4729 atque

2037 4565 2309 4637 brachiis,
2351 4565 2499 4622 sicut
2537 4564 2752 4621 dictum
2801 4571 2904 4634 est,
2963 4564 3168 4636 viginti
3217 4579 3320 4621 sex
3375 4563 3602 4622 vicibus
3639 4564 3748 4623 sub

2037 4654 2198 4714 nullo
2237 4670 2476 4728 prorsus
2504 4654 2830 4724 intervallo,
2863 4654 2960 4712 sed
2991 4669 3110 4712 uno
3144 4653 3320 4712 ductu
3358 4653 3615 4726 quotidie
3645 4654 3747 4712 de-

251 4745 310 4795 ut
336 4737 460 4810 ipse
497 4737 729 4797 sibimet
767 4739 961 4814 plagas
1004 4741 1244 4799 inferret
1280 4749 1454 4816 atque
1495 4743 1788 4816 perferret,
1819 4759 1952 4817 gra-
2035 4744 2315 4802 cantabat.
2359 4768 2386 4792 »
2443 4742 2657 4816 Scripsi
2695 4758 2868 4816 super
2912 4742 3017 4798 hoc
3075 4748 3129 4797 et
3181 4740 3243 4798 in
3301 4741 3433 4800 aliis
3485 4743 3742 4802 fortassis

255 4828 560 4886 vissimum
593 4829 895 4902 judicaret,
936 4831 1167 4888 tandem
1198 4838 1390 4889 tamen
1435 4833 1632 4890 domni
1666 4833 1950 4891 Dominici
2035 4833 2352 4906 opusculis,
2386 4833 2482 4890 sed
2516 4833 2652 4906 quia
2687 4831 2780 4888 vel
2810 4832 2879 4888 ad
2911 4845 3164 4902 prasens
3199 4830 3427 4901 desunt,
3459 4830 3553 4890 vel
3586 4831 3751 4890 facile
3799 4842 3805 4848 '

246 4917 500 4975 crebrius
543 4918 858 4976 insistentis
888 4919 1385 4979 adhortationibus
1422 4921 1730 4996 acquievit,
1761 4936 1826 4980 ac
1852 4937 1954 4996 per

249 5006 700 5066 modulationem
751 5009 924 5065 totius
973 5008 1244 5080 psalterii,
1287 5016 1343 5066 et
1386 5011 1624 5084 insuper
1663 5013 1951 5087 quinqua-

2037 4921 2332 4981 memoria
2362 4937 2476 4980 non
2507 4926 2835 4985 occurrunt,
2863 4919 2985 4992 jam
3013 4918 3086 4976 ab
3123 4932 3326 4977 eorum
3375 4919 3746 4992 replicatione

2036 5031 2169 5087 qua
2208 5015 2418 5087 scripta
2460 5019 2613 5083 sunt,
2648 5011 2718 5069 ad
2757 5025 2909 5068 nova
2938 5008 3217 5084 qualibet
3244 5009 3524 5069 articulus
3553 5016 3744 5068 trans-

249 5095 401 5169 ginta
428 5096 783 5169 psalmorum
809 5096 1040 5154 sibimet
1063 5095 1431 5170 disciplinam
1458 5100 1673 5158 inferre
1707 5100 1954 5175 propriis
2035 5106 2268 5164 feratur.

250 5185 518 5246 manibus
544 5202 662 5246 non
688 5189 949 5246 cessavit.

308 5347 441 5413 (343)
475 5348 543 5399 Ea
574 5351 654 5400 est
679 5347 1002 5413 opusculum
1037 5362 1086 5402 ι.

309 5417 443 5484 (344)
505 5419 770 5472 Suavicinl
840 5433 1053 5473 eremus
1115 5435 1146 5473 a
1202 5423 1454 5475 Damiano
1519 5423 1574 5474 in
1633 5434 1764 5486 agro
1831 5423 1955 5488 Sep-

257 5491 589 5554 tcmpedano,
659 5491 823 5555 vulgo
888 5492 947 5543 di
1005 5489 1429 5556 San-Severino,
1502 5496 1810 5546 constructa
1880 5498 1958 5551 (ut

261 5561 370 5624 ipse
411 5565 637 5615 testatur
677 5575 864 5627 opusc.
922 5576 1020 5623 xv,
1066 5577 1112 5616 c.
1160 5565 1230 5629 6),
1281 5567 1440 5618 modo
1483 5564 1732 5618 Frontalc
1781 5565 1960 5618 itallce

257 5637 612 5703 nuncupatur.
665 5633 918 5703 Superest
983 5639 1188 5692 tantum
1249 5637 1480 5694 ecclesia
1529 5638 1630 5706 ipsi
1677 5637 1727 5691 s.
1777 5637 1955 5697 Domi-

2110 5191 2420 5251 Enimvero
2449 5188 2614 5264 quasi
2653 5186 2894 5262 quidam
2920 5187 3165 5246 divinus
3201 5187 3358 5258 ignis
3393 5188 3458 5246 in
3488 5188 3613 5262 ejus
3642 5203 3744 5263 pe-

2037 5352 2162 5402 nico
2229 5361 2402 5414 sacra,
2460 5349 2553 5401 ubi
2619 5346 2994 5412 antiquissima
3054 5347 3266 5412 depicta
3327 5347 3504 5412 imago
3571 5348 3747 5401 sancti

2038 5423 2140 5473 viri
2193 5421 2408 5473 cuculla
2454 5421 2576 5473 alba
2630 5419 2801 5472 induti
2851 5421 3179 5478 asservatur,
3238 5431 3347 5470 una
3395 5431 3518 5470 cum
3567 5420 3742 5470 sacris

2040 5494 2288 5557 ejusdem
2342 5493 2592 5552 exuviis;
2653 5502 2844 5542 verum
2904 5489 3486 5543 commendatariorum
3535 5489 3744 5545 incuria

2043 5563 2126 5629 (ut
2159 5563 2375 5626 dicitur)
2408 5575 2580 5628 pauca
2614 5574 2739 5616 cum
2774 5561 3052 5635 religione.
