4118 6466
394 296 534 356 1019

862 295 922 354 s.
965 295 1185 353 PETRI
1223 294 1547 353 DAMIANI
1587 262 1744 354 ore.
1787 295 1980 355 PARS
2022 294 2161 355 seu
2200 291 2449 353 TOMUS
2488 293 2562 352 II.
2610 326 2667 335 -
2715 292 3166 354 SANCTOBUM
3208 294 3429 355 VITJE.

3763 296 3904 359 1020

393 426 547 481 ctore
590 420 808 494 jugiter
856 419 1154 489 aestuabat,
1215 418 1315 491 qui
1396 434 1699 492 nunquam
1751 420 2303 494 permittebatAhoc
2355 419 2525 476 etiam
2573 417 2742 476 nobis
2782 417 2843 476 in
2883 434 2949 477 eo
2998 417 3360 477 intolerabile
3405 418 3730 492 videbatur,
3763 422 3906 498 quia

387 527 527 571 eum
553 527 586 569 a
613 510 886 583 spiritalis
912 509 1175 568 exercitii
1205 510 1397 569 labore
1422 511 1738 585 quiescere.
1771 513 2101 587 Aliquando

388 616 642 673 namque
684 614 815 656 cum
859 613 963 670 ego
1014 598 1407 672 perquirerem
1460 607 1814 660 sacrosancto
1865 602 1957 661 die
2009 618 2103 675 pa-

393 688 575 748 schali
609 687 833 745 caeteris
864 686 1142 745 fratribus
1173 688 1343 762 juxta
1373 703 1616 759 morem,
1646 689 1887 748 meridie
1935 691 2101 764 quie-

390 776 701 848 scentibus,
751 782 953 834 utrum
989 783 1043 835 et
1081 778 1202 850 ipse
1241 778 1563 849 dormisset,
1605 780 1685 837 ait
1730 804 1742 837 :
1777 777 1958 851 Certe,
1999 795 2101 853 pa-

388 872 494 937 ter,
526 866 653 925 dixi
687 867 750 925 in
791 867 959 924 corde
999 882 1148 937 meo,
1189 867 1334 942 quid
1365 867 1511 925 mihi
1548 874 1663 925 tam
1697 868 1880 941 longis
1914 869 2103 927 adhuc

388 955 654 1013 noctibus
696 954 759 1013 in
800 954 895 1012 die
922 953 1174 1013 dormire
1202 956 1228 1012 ?
1259 954 1530 1038 Extensis
1570 955 1765 1029 itaque
1808 956 1870 1014 in
1916 955 2103 1015 crucis

385 1042 637 1117 eﬂigiem
701 1043 976 1115 brachiis,
1040 1043 1379 1117 psalterium
1451 1045 1617 1118 ccepi,
1681 1061 1795 1120 quo
1863 1062 1955 1103 me
2021 1045 2104 1104 sic

389 1140 577 1193 stante
613 1134 874 1206 decurso,
928 1134 1161 1207 signum
1192 1134 1459 1207 protinus
1492 1134 1653 1193 horae
1690 1150 1862 1195 nonae
1906 1150 2101 1209 perso-

389 1223 542 1282 nuit.
576 1222 699 1281 Hoc
738 1222 937 1298 itaque
980 1223 1151 1282 modo
1191 1222 1366 1295 junxi
1410 1222 1709 1281 victoriam
1745 1224 1932 1283 crucis
1969 1240 2101 1291 cum

384 1312 569 1385 gloria
599 1312 1079 1372 Resurrectionis.
1112 1311 1448 1386 Aliquando
1474 1329 1605 1372 cum
1637 1314 1707 1373 de
1726 1315 2100 1389 quotidianis,

386 1409 452 1461 ut
495 1418 620 1461 mos
652 1411 757 1472 est,
792 1403 1045 1461 invicem
1093 1403 1598 1462 confabularemur
1640 1404 1930 1480 operibus,
1965 1407 2043 1463 ait
2084 1426 2096 1465 :

384 1489 509 1549 Hac
558 1491 727 1549 etiam
781 1497 944 1549 nocte
994 1491 1134 1565 quid
1190 1491 1338 1549 mihi
1391 1494 1712 1565 contigerit,
1774 1494 2097 1553 manifesto.

387 1582 538 1645 Nam
577 1581 720 1641 dum
765 1581 992 1641 solutus
1023 1597 1227 1655 sopore
1269 1583 1521 1654 surrexi,
1556 1598 1693 1641 mox
1739 1583 1994 1653 brachiis
2036 1584 2100 1641 in

389 1671 630 1731 modum
679 1672 867 1730 crucis
915 1671 1192 1742 extensis,
1243 1672 1581 1746 psalterium
1619 1672 1801 1747 coepi;
1854 1687 2103 1747 cumque

388 1759 629 1850 psalmis
658 1760 932 1850 omnibus
970 1765 1025 1819 et
1061 1760 1321 1850 canticis,
1363 1776 1495 1835 qua)
1540 1760 1885 1850 sequuntur,
1924 1762 2169 1850 bym—B

386 1847 597 1921 nisque
645 1848 923 1920 decursis,
958 1863 1024 1906 eo
1075 1848 1186 1907 loci
1233 1849 1355 1923 jam
1403 1865 1607 1920 essem,
1641 1856 1706 1908 ut
1748 1849 1871 1908 solo
1900 1852 2097 1909 catho-

385 1936 517 1996 licas
565 1935 703 1994 ﬁdei
749 1936 972 2010 psalmo
1012 1936 1163 2007 (345)
1213 1945 1268 1996 et
1313 1937 1533 1996 litaniis
1578 1938 1848 1997 deberem
1898 1947 2104 1998 cuncta

386 2024 754 2100 concludere,
794 2025 1003 2086 accidit
1051 2027 1114 2086 in
1161 2034 1440 2098 mentem,
1480 2036 1545 2087 ut
1589 2029 1823 2088 interim
1860 2031 1971 2089 ista
2021 2033 2105 2091 di-

384 2120 695 2193 mitterem,
747 2134 814 2176 ac
861 2135 964 2194 pro
1004 2119 1293 2180 defunctis
1337 2121 1675 2193 psalterium
1716 2121 2097 2181 decantarem.

388 2205 578 2281 Igitur
621 2206 855 2265 brachia
888 2224 1006 2266 non
1047 2209 1359 2284 deponens,
1394 2210 1465 2269 ad
1505 2210 1908 2269 defunctorum
1950 2212 2103 2284 psal-

390 2295 600 2354 terium
633 2296 856 2367 transii,
883 2297 1036 2369 quod
1061 2297 1229 2370 juxta
1258 2313 1499 2369 morem,
1533 2314 1635 2372 per
1661 2299 2103 2375 quinquagenos

389 2382 644 2457 psalmos
700 2384 924 2443 trifaria
968 2384 1287 2443 lectionum
1353 2385 1795 2460 interpolatione
1832 2387 2100 2447 distinxi.

380 2468 517 2549 .Quo
562 2471 644 2529 sic
696 2471 946 2545 expleto,
998 2472 1072 2530 ad
1121 2472 1180 2530 id
1252 2474 1517 2547 protinus
1565 2475 1721 2549 quod
1772 2476 2098 2547 omiseram,

266 2585 275 2594 -
338 2584 347 2591 κ
389 2561 576 2634 redii;
609 2568 782 2637 atque
812 2564 936 2633 hoc,
970 2563 1125 2637 quod
1162 2562 1233 2621 de
1274 2564 1463 2638 primo
1499 2565 1768 2639 psalterio
1810 2566 2102 2641 reliquum

391 2655 531 2722 erat,
593 2650 846 2725 explevi.
905 2651 1167 2726 Cumque
1216 2652 1289 2711 de
1326 2652 1490 2711 tertio
1544 2662 1963 2729 consequenter
1999 2671 2104 2730 ag-

389 2742 704 2817 gredienda
766 2741 1034 2816 psalterio
1089 2743 1419 2817 cogitarem,
1481 2744 1866 2817 benefactum,
1911 2752 1977 2804 ut
2024 2747 2103 2805 ita

389 2831 664 2903 dixerim,
716 2836 950 2906 repente
1003 2831 1241 2905 signum
1284 2838 1587 2891 nocturnae
1644 2833 1885 2907 synaxis
1941 2834 2102 2893 inso-

391 2921 544 2992 nuit,
601 2920 755 2995 quod
810 2936 906 2981 me
946 2921 1220 2996 depositis
1272 2921 1431 2981 ulnis
1475 2919 1623 2979 495
1663 2922 1924 2982 ofﬁcium
1968 2938 2102 2983 cum

389 3009 663 3069 fratribus
728 3010 1018 3071 celebrare
1073 3012 1297 3085 coegit;
1363 3020 1420 3071 et
1474 3017 1624 3071 certe
1678 3017 1817 3072 tunc
1885 3014 2099 3086 nescio,

392 3113 509 3174 quo
536 3098 677 3157 anni
704 3103 980 3172 tempore,
1016 3106 1211 3159 noctes
1239 3100 1533 3160 breviores
1552 3106 1732 3160 erant.

1059 3241 1305 3300 CAPUT
1330 3241 1431 3300 XI.

868 3337 1088 3393 Seutz'ca
1116 3354 1172 3393 se
1199 3339 1343 3395 mire,
1358 3341 1621 3408 ﬂagellat.

459 3446 791 3521 Aliquantis
815 3464 985 3524 porro
1015 3455 1150 3510 ante
1187 3448 1410 3510 obitum
1448 3451 1642 3531 annis,
1678 3453 1845 3525 quasi
1880 3468 2099 3512 novum

394 3537 666 3612 supplicii
691 3554 878 3612 genus
909 3539 1239 3610 inveniens,
1270 3540 1565 3613 virgarum
1597 3556 1793 3615 scopas
1820 3541 1883 3600 in
1922 3544 2101 3602 corri-

370 3628 623 3701 _giarum
677 3629 919 3689 scuticas
964 3630 1172 3700 vertit;
1215 3630 1509 3705 semelque
1545 3637 1789 3704 gustato,
1822 3632 1958 3706 quia
1998 3633 2103 3691 du-

387 3715 569 3776 riores
625 3724 782 3789 sunt,
840 3718 904 3777 in
962 3718 1057 3777 his
1108 3719 1451 3778 verberandi
1503 3735 1562 3778 se
1622 3721 2098 3781 consuetudinem

388 3804 599 3879 posuit.
664 3805 788 3865 Hoc
849 3806 1166 3880 ﬂagellum,
1226 3807 1273 3865 si
1324 3807 1558 3880 quando
1612 3808 1978 3881 egrederetur
2027 3809 2099 3867 ad

396 3893 701 3967 saeculum,
734 3895 997 3970 portabat
1040 3895 1104 3953 in
1154 3896 1311 3968 sinu,
1357 3902 1423 3955 ut
1467 3897 1805 3972 ubicunque
1842 3913 1976 3955 eum
2018 3897 2103 3971 ja-

391 3998 519 4042 cere
571 3983 948 4059 contingeret,
1005 4002 1039 4043 a
1092 3984 1435 4044 verberibus
1503 4002 1622 4045 non
1680 3993 1923 4045 vacaret.
1970 3986 2097 4045 Ali-

387 4073 621 4147 quando
680 4089 817 4132 vero
873 4089 1005 4133 cum
1063 4073 1174 4132 loci
1231 4075 1451 4133 occasio
1516 4090 1633 4133 non
1680 4075 1978 4148 praeberet,
2036 4082 2100 4135 ut

383 4169 574 4223 totum
602 4180 661 4223 se
687 4170 879 4238 posset
919 4156 1157 4239 exuere,
1192 4182 1294 4239 per
1319 4183 1486 4225 crura
1522 4166 1725 4225 saltem
1765 4174 1820 4225 et
1855 4167 2093 4240 femora,

2181 523 2314 565 cum
2349 510 2411 566 in
2461 522 2653 565 eremo
2687 522 2912 580 semper
2955 513 3009 565 et
3049 522 3245 565 ocreas
3289 509 3537 567 nesciret
3575 516 3631 568 et
3657 511 3904 584 calceos,

2182 603 2368 655 vestes
2422 602 2609 654 tamen
2671 596 2797 669 ejus
2838 596 2909 652 ad
2961 595 3131 653 tibias
3176 596 3280 653 vix
3336 597 3555 657 medias
3598 599 3910 659 descende-

2180 684 2339 742 bant.
2401 685 2667 742 Nudatus
2718 690 2911 742 autem
2955 684 3029 741 ad
3074 685 3497 757 suscipiendam
3538 686 3599 744 in
3647 688 3908 762 capitulo

2181 773 2567 847 disciplinam,
2607 773 2762 847 quod
2811 772 3027 832 scilicet
3076 771 3701 851 omittere’nunquam
3742 778 3905 837 vole-

2180 864 2294 934 bat,
2328 864 2518 922 exesis
2560 864 2785 937 jejunio
2827 864 3105 923 membris
3142 871 3198 923 et
3236 867 3486 925 bamatas
3515 866 3707 927 lorica
3748 868 3908 928 mole

2181 954 2428 1027 detritis,
2476 954 2862 1027 [Ethiopicam
2915 957 3272 1014 contraxisse
3328 957 3694 1031 nigredinem
3738 960 3906 1019 vide-

2182 1043 2368 1102 batur.
2434 1042 2793 1101 Vestimenta
2851 1059 2986 1102 vero
3045 1043 3233 1102 lurida
3283 1050 3337 1102 et
3398 1044 3634 1117 cariosa,
3698 1054 3762 1106 ut
3822 1049 3908 1111 ita

2182 1132 2461 1204 dixerim,
2502 1131 2855 1192 videbantur
2885 1138 3166 1191 vetustate
3203 1140 3562 1211 consumpta.
3596 1136 3718 1195 Hoc
3752 1137 3909 1197 mihi

2182 1237 2331 1295 saepe
2374 1221 2596 1279 dicebat
2627 1245 2639 1277 :
2678 1221 2746 1279 In
2798 1222 2905 1280 hoc
2952 1221 3270 1295 psalmodia
3297 1215 3563 1297 provenit
3597 1226 3707 1284 cito
3743 1226 3910 1302 psal-

2182 1308 2338 1375 lenti,
2369 1308 2415 1367 si
2440 1324 2538 1366 cor
2563 1309 2637 1366 ad
2672 1308 2847 1366 verba
2881 1315 3091 1380 teneat,
3121 1309 3171 1367 si
3199 1311 3353 1384 quod
3394 1311 3594 1386 lingua
3622 1313 3911 1389 loquitur,

2182 1417 2347 1459 mens
2375 1400 2654 1458 veraciter
2683 1400 3177 1473 comprehendat;
3214 1402 3477 1477 alioquin
3505 1403 3554 1460 si
3589 1419 3687 1462 cor
3721 1420 3908 1478 vaga-

2182 1498 2295 1561 tur,
2345 1490 2703 1564 psalmorum
2748 1506 2960 1549 cursus
3000 1490 3071 1548 ad
3117 1491 3316 1563 ﬁnem,
3353 1493 3555 1571 lingua
3602 1509 3759 1552 nunc
3806 1494 3914 1561 fal-

2182 1576 2353 1648 lente,
2417 1594 2577 1636 nunc
2638 1584 2975 1651 tepescente,
3046 1578 3203 1637 tarde
3282 1579 3636 1652 perdtIcitur.
3696 1581 3916 1640 Aiebat

2180 1666 2353 1724 etiam
2387 1668 2523 1741 quia
2551 1683 2829 1726 somnum
2865 1683 3110 1727 somnus
3138 1668 3383 1739 adescat,
3417 1675 3470 1726 et
3508 1668 3725 1743 vigilia
3750 1669 3914 1745 vigi-

2184 1755 2291 1814 lias
2328 1756 2573 1829 pariant.
2620 1754 2763 1813 Nam
2805 1771 3011 1828 corpus
3054 1756 3408 1822 humanum,
3447 1755 3509 1813 in
3549 1772 3665 1830 quo
3705 1756 3914 1830 paula-

2193 1845 2297 1901 tim
2326 1845 2488 1919 prius
2525 1845 2835 1912 enutritur,
2870 1845 2932 1903 in
2966 1846 3074 1904 hoc
3108 1861 3209 1919 per
3242 1846 3601 1905 incrementa
3645 1853 3912 1922 postmo-

2190 1934 2679 2009 dumroboratur.
3446 1964 3451 1968 -

2266 2023 2376 2082 Sed
2428 2023 2523 2082 hic
2587 2040 2682 2083 me
2737 2024 3025 2100 quispiam
3110 2025 3352 2084 fortasse
3419 2027 3744 2101 redarguat,
3800 2030 3914 2102 qui

2189 2116 2481 2186 videlicet,
2537 2131 2656 2173 non
2719 2124 2833 2173 tam
2905 2130 3078 2191 quem
3155 2115 3392 2175 vivendi
3463 2117 3740 2177 ordinem
3798 2118 3915 2183 Vir

2190 2213 2422 2266 sanctus
2466 2206 2754 2279 habuerit,
2797 2207 2895 2264 sed
2935 2206 3150 2281 quibus
3192 2206 3490 2267 miraculis
3531 2208 3594 2267 in
3640 2210 3747 2269 hac
3781 2209 3910 2269 vita

2189 2296 2481 2368 claruerit,
2519 2296 2724 2355 audire
2766 2296 3018 2355 festinat.
3074 2296 3180 2355 Cui
3222 2312 3315 2355 me
3351 2297 3602 2357 breviter
3635 2298 3745 2358 hoc
3778 2314 3908 2358 res-

2189 2388 2441 2462 pondere
2466 2385 2733 2458 sufﬁciat,
2770 2387 3049 2461 quoniam
3081 2391 3137 2446 et
3172 2387 3353 2447 Maria
3382 2392 3438 2446 et
3472 2387 3723 2448 Joannes
3752 2389 3911 2464 Bap-

2191 2477 2322 2535 tista
2376 2476 2727 2535 miraculum
2774 2476 2981 2536 fecisse
3026 2493 3143 2535 non
3185 2476 3479 2550 leguntur,
3524 2492 3657 2537 cum
3711 2483 3906 2538 tamen

2189 2580 2397 2624 eorum
2444 2564 2563 2624 vita
2613 2580 2733 2622 non
2789 2563 3049 2638 qualibet
3094 2565 3396 2638 scriptura,
3443 2565 3543 2624 sed
3584 2564 3909 2642 Evangelia

2191 2659 2448 2724 testante,
2493 2659 2777 2712 narretur.
2829 2651 3174 2726 Quanquam
3231 2652 3412 2711 Maria
3464 2652 3529 2717 in
3568 2652 3689 2713 solo
3732 2660 3907 2737 partu

2190 2758 2367 2818 quem
2394 2742 2595 2815 edidit,
2626 2743 2893 2801 omnium
2944 2742 3148 2815 procul
3198 2741 3376 2801 dubio
3409 2747 3740 2801 sanctorum
3780 2742 3907 2802 vir-

2189 2838 2343 2899 tutes
2379 2848 2445 2890 ac
2497 2832 2661 2904 signa
2714 2830 3013 2904 praecellit.
3063 2830 3187 2888 Hoc
3234 2831 3406 2889 etiam
3443 2831 3713 2902 inseram,
3762 2830 3909 2913 quia

2188 2922 2515 2981 uberiorem
2573 2922 2825 2980 fructum
2883 2919 3102 2995 praebet
3151 2918 3526 2979 audientibus
3569 2917 3716 2975 496
3762 2936 3906 2978 san-

2188 3015 2410 3068 ctorum
2443 3008 2702 3067 virorum
2755 3007 3045 3067 mirabilis
3081 3007 3199 3066 vita
3235 3022 3412 3081 quam
3454 3013 3680 3067 ostensa
3720 3010 3908 3071 mira-

2187 3097 2336 3155 cula.
2382 3095 2490 3154 Illa
2534 3096 2821 3171 siquidem
2871 3096 3054 3169 exigit
3103 3095 3506 3167 imitationem,
3559 3098 3671 3155 ista
3717 3097 3905 3158 solam

2186 3185 2464 3260 ingerunt
2513 3185 2977 3245 admirationem.
3037 3184 3317 3243 Miracula
3368 3184 3571 3243 docent
3612 3187 3906 3259 quomodo

2183 3273 2273 3332 illi
2324 3274 2507 3333 sancti
2553 3275 2829 3347 fuerunt;
2871 3274 2990 3334 vita
3041 3290 3177 3334 vero
3225 3275 3482 3333 insinuat
3537 3275 3785 3349 qualiter
3848 3283 3907 3338 et

2184 3379 2342 3422 nunc
2400 3363 2669 3422 homines
2726 3364 2851 3422 ﬁeri
2917 3362 3151 3421 valeant
3197 3364 3398 3422 sancti.
3450 3362 3734 3422 Prmterea
3797 3364 3905 3439 qui

2185 3451 2533 3511 miraculum
2567 3452 2806 3526 quaeris,
2840 3466 3034 3510 nonne
3060 3450 3164 3508 tibi
3204 3449 3435 3509 videtur
3460 3466 3584 3510 esse
3610 3451 3903 3526 mirabile,

2185 3543 2485 3601 hominem
2543 3540 2735 3613 fragili
2785 3540 2977 3599 adhuc
3012 3555 3181 3598 carne
3223 3538 3663 3612 circumdatum,
3710 3545 3777 3598 ut
3821 3541 3907 3601 ita

2185 3631 2407 3706 loquar,
2441 3630 2733 3705 angelitus
2765 3632 2981 3703 vivere,
3013 3631 3155 3688 adeo
3182 3637 3249 3688 ut
3282 3630 3437 3689 inter
3465 3630 3906 3705 quamplurima

2185 3719 2491 3778 hominum
2520 3718 2710 3776 millia
2741 3718 2845 3776 vix
2874 3733 3061 3776 unum
3090 3718 3218 3790 ejus
3248 3717 3501 3776 similem
3530 3720 3722 3777 valeas
3741 3735 3905 3795 repe-

2182 3806 2296 3865 rire
2320 3806 2348 3865 ?
2375 3808 2445 3865 Et
2472 3812 2622 3866 certe
2659 3821 2833 3879 quam
2877 3804 3073 3879 plures
3111 3805 3395 3879 hodieque
3426 3813 3561 3865 sunt
3604 3807 3903 3867 inferioris

2184 3898 2336 3970 vitae,
2378 3914 2479 3971 per
2532 3912 2678 3971 quos
2723 3896 2881 3954 Deus
2912 3894 3277 3969 omnipotens
3322 3896 3593 3970 dignatur
3648 3896 3901 3958 virtutes

2181 3988 2499 4046 ostendere.

2251 4076 2389 4135 Jesu
2419 4081 2576 4145 teste,
2606 4090 2724 4133 non
2761 4074 3029 4146 mentior,
3058 4073 3195 4149 quia
3235 4073 3483 4132 necdum
3520 4079 3633 4133 tres
3665 4089 3899 4135 menses

2182 4165 2358 4239 elapsi
2393 4170 2552 4237 sunt,
2596 4181 2670 4223 ex
2722 4180 2836 4236 quo
2888 4164 2959 4223 ad
3018 4182 3132 4237 me,
3178 4164 3239 4223 in
3284 4165 3574 4240 Gamugni
3622 4165 3897 4226 videlicet

382 4266 484 4324 per
539 4259 707 4324 caput
747 4256 920 4325 atque
968 4254 1250 4313 cervicem
1296 4270 1419 4312 sese
1469 4269 1585 4312 non
1644 4254 1900 4313 cessabat
1955 4255 2100 4313 aﬁli-
2181 4270 2372 4313 eremo
2398 4255 2806 4327 diversantem,
2833 4256 2949 4314 duo
2983 4255 3370 4314 adolescentes
3407 4256 3675 4315 monachi
3707 4272 3893 4317 vene-

389 4352 546 4412 gere.
594 4336 842 4398 Circulis
876 4355 1108 4414 quoque
1140 4341 1344 4399 ferreis
1385 4350 1649 4415 quatuor,
1686 4342 1822 4417 quia
1867 4342 2098 4402 sibimet
2181 4347 2339 4417 runt,
2401 4362 2657 4420 quorum
2697 4347 2842 4404 alter
2888 4347 2960 4404 de
3009 4346 3300 4420 Spoletina
3346 4347 3681 4405 monarchia
3724 4346 3892 4419 (346),

386 4443 509 4503 prae
530 4427 702 4502 longa
727 4429 1145 4488 consuetudine
1166 4430 1334 4504 quasi
1357 4430 1477 4503 jam
1504 4430 1814 4502 viluerant,
1849 4440 2096 4505 quatuor
2119 4436 2324 4509 “alter
2376 4451 2509 4494 vero
2559 4435 2630 4493 de
2675 4435 2934 4493 Venetiae
2979 4436 3258 4509 partibus,
3292 4434 3521 4494 Polensi
3549 4436 3694 4508 (347)
3729 4436 3895 4495 vide-

387 4525 527 4585 item
567 4526 983 4601 superaddidit,
1016 4533 1079 4586 ut
1123 4526 1349 4586 duobus
1383 4527 1444 4585 in
1478 4528 1660 4599 coxis,
1701 4528 1929 4588 duobus
1957 4544 2095 4587 con-
2119 4495 2314 4584 Dlicet
2352 4526 2517 4597 urbe,
2558 4525 2831 4583 oriundos
2870 4541 2929 4582 se
2968 4541 3091 4583 esse
3129 4525 3421 4584 dixerunt.
3458 4524 3567 4584 Sed
3609 4523 3892 4597 Venetus,

384 4621 692 4689 sequenter
738 4615 799 4675 in
846 4615 1118 4675 cruribus
1148 4615 1544 4689 stringeretur.
1579 4616 1751 4674 Enim
1790 4632 1926 4676 vero
1956 4618 2095 4676 lori-
2183 4615 2466 4673 vocabulo
2513 4614 2780 4686 Michael,
2817 4613 2966 4673 sicut
2996 4613 3163 4672 nobis
3208 4614 3271 4672 in
3307 4612 3666 4673 confessione
3691 4612 3895 4687 perhi-

386 4720 502 4778 cas,
553 4706 771 4781 quibus
823 4707 1092 4767 utebatur
1158 4714 1432 4781 tanquam
1511 4708 1697 4765 cilicia
1768 4708 1856 4765 vel
1932 4708 2098 4766 lanea
2181 4702 2327 4773 buit,
2395 4703 2457 4759 in
2510 4703 2637 4774 ipso
2693 4717 2830 4777 suae,
2875 4702 3273 4761 conversionis
3330 4702 3518 4773 initio,
3561 4701 3779 4761 circulo
3831 4717 3894 4760 se

312 4824 317 4829 ·
387 4795 668 4869 quaelibet
696 4797 1058 4869 indumenta,
1091 4804 1217 4873 post
1256 4814 1503 4868 menses,
1536 4797 1659 4854 sive
1690 4802 1814 4869 post
1844 4799 2095 4870 spatium
2181 4791 2368 4849 ferreo
2422 4791 2531 4849 sub
2582 4790 3013 4849 hactdesiderii
3067 4792 3159 4851 sui
3212 4792 3475 4866 pactione
3522 4791 3889 4860 constrinxit,

387 4883 679 4959 prolixius
743 4885 1034 4957 abluebat,
1098 4890 1165 4944 nt
1240 4886 1571 4959 rubiginem
1634 4886 1985 4957 deponerent
2043 4894 2099 4945 et
2183 4896 2391 4953 rogans
2441 4881 2546 4939 Dei
2602 4880 3016 4955 omnipotentis
3089 4882 3305 4940 obnixe
3375 4881 3762 4951 clementiam,
3827 4889 3894 4940 ut

383 4974 563 5035 aridis
586 4976 965 5049 ingerendam
991 4976 1268 5034 membris
1306 4975 1610 5034 uredinem
1654 4990 1768 5033 non
1797 4975 2092 5035 haberent.
2179 4988 2312 5030 cum
2343 4974 2533 5031 locum
2564 4972 2736 5031 saluti
2765 4989 2888 5032 suae
2916 4990 3232 5048 congruum
3269 4973 3558 5048 reperiret,
3587 4973 3891 5033 confestim

389 5063 567 5124 Porro
603 5069 797 5123 autem
834 5080 967 5123 cum
1006 5080 1206 5122 omnes
1240 5065 1341 5138 qui
1383 5064 1445 5120 in
1479 5061 1709 5120 cellulis
1746 5062 2095 5134 habitamus,
2179 5061 2279 5121 ille
2316 5061 2570 5120 circulus
2618 5062 2994 5135 frangeretur.
3044 5062 3219 5122 Porro
3246 5069 3441 5122 autem
3480 5061 3605 5135 ipso
3637 5060 3731 5119 die
3776 5076 3893 5135 quo

391 5154 498 5213 hoc
526 5151 907 5223 elaboremus,
942 5157 1005 5211 ut
1043 5167 1148 5225 pro
1177 5150 1513 5209 muniendis
1550 5166 1582 5208 a
1610 5151 1821 5225 frigore
1854 5152 2099 5224 pedibus
2181 5165 2443 5208 eremum
2475 5165 2663 5207 novus
2705 5150 2909 5223 hospes
2955 5150 3249 5219 ingressus
3281 5157 3387 5221 est,
3423 5148 3522 5208 vix
3542 5154 3676 5223 post
3714 5148 3892 5206 trium

384 5242 729 5302 vestimenta
777 5256 965 5318 usque
1010 5241 1082 5298 ad
1128 5241 1315 5299 imum
1367 5239 1624 5298 deﬂuant
1676 5241 2098 5315 pavimentum,
2183 5235 2463 5293 horarum
2491 5234 2765 5308 spatium,
2796 5233 2936 5292 dum
2971 5234 3032 5291 in
3070 5234 3133 5293 B.
3169 5233 3467 5292 Benedicti
3497 5232 3716 5307 regula,
3745 5231 3896 5292 sicut

451 5394 587 5453 (διεδ
639 5393 700 5445 Id
759 5395 860 5455 est,
926 5393 983 5444 ni
1037 5391 1212 5451 fallor,
1283 5394 1354 5443 ait
1415 5392 1767 5453 Mabillonius,
1828 5391 2096 5458 symbolo,
2182 5397 2301 5458 rum
2355 5385 2639 5458 dominio;
2693 5384 2925 5458 ideoque
2975 5383 3190 5437 Venetus
3238 5382 3895 5458 hiemonaclgusauba-

393 5446 537 5527 quod
566 5464 666 5516 sub
684 5446 959 5519 Athanasii
988 5446 1209 5517 nomine
1244 5462 1409 5527 vulgo
1442 5466 1628 5517 notum
1651 5446 1763 5517 est.
1860 5446 1879 5458 ’
2083 5446 2094 5453 ’
2180 5456 2362 5508 mtano
2414 5446 2744 5515 nominatur,
2802 5446 3041 5527 dequo
3091 5455 3293 5508 mentio
3343 5453 3486 5513 facta
3526 5446 3610 5508 est
3657 5452 3715 5507 tu
3765 5452 3877 5527 iter

464 5533 603 5596 (346)
626 5534 823 5598 Nempe
853 5547 922 5588 ex
953 5536 1149 5599 Spoleti
1184 5526 1395 5589 ducatu.
2200 5528 2364 5592 tyrol.
2395 5527 2635 5584 Memrdi
2656 5529 2710 5581 et
2730 5526 3007 5582 Bucelllni.

464 5604 598 5668 (347)
659 5604 783 5662 Pola
846 5609 978 5662 urbs
1050 5607 1261 5661 Histria:
1324 5606 1649 5674 episcopalis
1712 5606 1813 5660 sub
1873 5606 2103 5661 Veneto-
