4118 6434
208 299 339 361 1021

1130 303 1312 362 VITA
1353 302 1456 365 SS.
1499 304 1881 366 RODULPHI
1919 306 2014 365 ET
2053 306 2389 368 DOMlNICI
2428 310 2801 372 LORICATI.

3575 316 3717 378 1022

202 434 291 486 est
349 428 551 498 idiota,
622 432 917 500 utcunque
985 428 1316 503 syllabatim
1384 430 1612 503 legeret,
1684 433 1987 504 repenteA
2016 448 2130 490 nus
2190 434 2410 491 addidit
2459 453 2472 493 ε
2526 439 2648 507 Ipse
2702 438 2859 492 dabit
2918 440 3175 492 virtutem
3235 440 3287 491 et
3339 439 3720 506 fortitudinem

202 517 666 589 compunctionis
735 532 871 575 eum
938 517 1175 591 spiritus
1241 519 1301 576 in
1379 518 1664 592 lacrymas
1726 519 1916 589 solvit,

202 603 525 679 eodemque
578 613 871 663 momento
929 605 1182 664 circulus
1231 606 1330 664 ille
1371 607 1586 664 fractus
1630 606 1915 680 apparuit.

201 694 366 765 Quod
394 695 769 766 miraculum,
799 696 1079 769 quoniam
1109 696 1247 754 alibi
1267 698 1386 771 jam
1418 714 1523 755 nos
1548 698 1918 770 descripsisse

201 782 602 853 meminimus,
643 782 904 841 celeriter
934 790 1413 855 transcurrentes,
1448 800 1698 858 sequens
1734 784 1916 855 aliud,

200 871 360 947 quod
410 871 658 932 necdum
704 872 906 931 litteris
954 872 1238 931 insertum
1287 880 1391 945 est,
1428 872 1784 932 enucleatius
1828 872 1917 930 di-

203 973 496 1031 geramus.

853 1086 1096 1147 CAPUT
1126 1088 1256 1147 XII.

514 1203 579 1255 B.
617 1200 742 1255 Viri
764 1200 824 1253 in
848 1198 1122 1253 domanda
1147 1214 1306 1253 carne
1331 1214 1597 1254 excessus.

278 1320 459 1380 Paulo
490 1325 615 1394 post
644 1335 895 1393 namque
928 1321 1269 1381 Ravennam
1299 1321 1634 1391 urbem,me
1654 1321 1913 1395 jubente,

202 1410 572 1483 perrexit,ut
622 1408 846 1468 reculas
890 1425 1026 1467 suas
1073 1415 1245 1482 atque
1291 1409 1632 1479 sarcinulas,
1653 1425 1796 1481 quas
1836 1408 1917 1467 ibi

200 1498 277 1558 de
308 1501 445 1557 navi
484 1499 755 1571 prodiens
798 1497 1133 1571 reliquerat,
1171 1504 1514 1571 exportaret.
1559 1497 1686 1556 Illic
1724 1500 1916 1570 itaque

199 1586 356 1660 apud
424 1585 657 1645 fabriles
717 1585 976 1644 ofﬁcinas
1051 1601 1198 1644 nova
1261 1586 1582 1643 ferreorum
1650 1602 1913 1644 nexuum

200 1680 560 1743 armamenta
620 1674 924 1745 conﬁnxit,
991 1675 1309 1750 multisque
1369 1691 1428 1733 se
1504 1675 1753 1734 vinculis
1815 1691 1915 1747 per

2004 525 2158 593 plebi
2196 540 2306 587 suae
2349 527 2515 593 (Psal.
2549 527 2754 596 LXVII).
2787 525 2911 582 Non
2948 525 3027 582 ait
3061 524 3247 598 signa,
3276 524 3399 583 sive
3437 526 3714 600 prodigia,

2009 613 2106 670 sed
2134 612 2256 685 ipse
2283 610 2443 669 dabit
2468 613 2741 670 virtutem
2763 618 2819 670 et
2844 612 3263 671 fortitudinem.

2080 699 2360 757 Praeterea
2404 716 2533 758 cum
2585 701 2888 758 Romanus
2931 701 3190 775 quidam,
3233 699 3559 774 Stephanus
3608 718 3715 764 no—

2006 789 2182 855 mine,
2202 789 2388 861 judex
2416 788 2563 846 sacri
2593 787 2790 861 palatii
2825 802 3115 847 summam
3148 788 3487 861 praesidatus
3524 791 3713 851 admi-

2008 876 2277 935 nistraret
2324 877 2594 950 Auximi,
2659 877 2930 951 exigente
2995 894 3183 949 causa,
3249 878 3586 937 Dominicus
3639 879 3714 940 ad

2006 981 2140 1024 eum
2206 965 2383 1037 venit,
2419 982 2674 1041 eumque
2733 982 2909 1040 super
2957 967 3208 1042 quadam
3256 970 3435 1026 eremi
3489 984 3713 1043 posses-

2007 1056 2190 1127 sione,
2251 1072 2430 1130 quam
2486 1073 2561 1115 ex
2611 1056 2746 1130 jure
2805 1054 2958 1114 sedis
3007 1056 3334 1130 apostolicae
3403 1057 3715 1129 detinebat,

2003 1145 2221 1203 obnixe
2253 1146 2493 1218 rogavit.
2523 1145 2707 1215 Quem
2733 1146 2835 1203 ille
2860 1149 3056 1219 utpote
3084 1145 3251 1204 nulla
3276 1147 3531 1206 vestium
3557 1162 3712 1206 com-

2005 1233 2292 1307 positione
2328 1234 2621 1304 festivum,
2653 1234 2975 1307 despiciens
3013 1234 3258 1309 sprevit;
3304 1236 3476 1309 eique
3503 1235 3591 1293 nil
3614 1251 3712 1298 e0-

2006 1337 2143 1379 rum
2179 1337 2312 1394 quae
2350 1320 2634 1394 poscebat,
2664 1321 2930 1380 indulsit.
2967 1321 3230 1395 Cumque
3260 1322 3369 1380 sibi
3398 1337 3433 1379 ει
3465 1322 3711 1381 circum-

2002 1409 2290 1467 stantibus
2337 1408 2628 1467 diceretur
2660 1428 2673 1467 :
2725 1409 2856 1467 Noli
2889 1426 3025 1469 eum
3058 1418 3175 1467 tam
3212 1410 3357 1467 dure
3396 1411 3710 1485 suscipere,

2000 1506 2233 1556 sanctus
2284 1498 2443 1557 enim
2494 1499 2583 1556 vir
2641 1505 2742 1556 est.
2809 1498 2914 1556 Ille
2973 1504 3249 1573 tanquam
3299 1499 3374 1557 fel
3413 1515 3706 1572 evomens,

1999 1587 2079 1644 ait
2138 1606 2151 1645 :
2214 1587 2299 1646 Sit
2354 1594 2606 1658 sanctus,
2662 1592 2727 1644 ut
2792 1586 2973 1646 vultis
3027 1605 3039 1643 :
3098 1586 3197 1643 Sid
3252 1586 3454 1645 beatus
3506 1587 3710 1647 Petrus

2003 1683 2155 1734 certe
2202 1677 2452 1734 sanctior
2490 1684 2595 1741 est,
2656 1678 2822 1751 cujus
2869 1692 2973 1749 ego
3014 1690 3246 1734 causam
3284 1674 3345 1734 in
3381 1676 3487 1735 hac
3523 1676 3711 1735 admi-

202 1762 436 1854 diversa
465 1763 724 1854 membra
752 1764 878 1854 ipse
908 1762 1139 1854 sibimet
1163 1762 1348 1854 judex
1378 1770 1443 1854 et
1463 1779 1597 1854 rcus
1631 1763 1913 1854 violenter
1931 1794 1976 1854 B
2000 1765 2344 1823 nistratione
2392 1765 2659 1823 defendo.
2690 1764 2876 1837 Igitur
2920 1764 3108 1838 impos
3153 1764 3325 1837 coepti
3373 1764 3713 1825 Dominicus

202 1850 463 1909 arctavit.
529 1852 676 1909 Nam
736 1852 852 1911 duo
919 1852 1317 1925 dependebant
1389 1851 1624 1909 vincula
1695 1850 1916 1909 cervice

200 1943 376 1998 tenus
443 1955 543 2012 per
595 1940 869 1998 humeros
930 1939 1294 2007 altrinsecus,
1357 1938 1493 1996 hinc
1559 1939 1630 1997 ad
1686 1954 1914 2007 sexum,

202 2027 369 2086 illinc
438 2043 623 2100 usque
671 2027 741 2084 ad
799 2028 1023 2099 femur;
1082 2029 1226 2086 duos
1290 2044 1426 2085 vere
1484 2028 1543 2084 in
1616 2027 1919 2085 coxalibus

202 2114 471 2188 circulos,
503 2114 648 2174 duos
678 2116 933 2187 suscepit
958 2116 1021 2174 in
1054 2116 1231 2174 ulnis.
1280 2115 1552 2190 Undique
1586 2114 1763 2187 igitur
1800 2122 1916 2171 tam

202 2205 513 2278 multiplici
592 2204 994 2263 constrictione
1063 2203 1331 2273 vallatus,
1402 2204 1473 2261 ad
1560 2219 1666 2261 nos
1749 2203 1920 2261 rediit

202 2300 436 2362 secrete,
475 2292 629 2366 quod
681 2293 829 2350 circa
886 2307 947 2349 se
1000 2292 1213 2350 factum
1269 2298 1390 2350 erat
1434 2291 1718 2361 ostendit;
1772 2305 1919 2348 neve

201 2382 361 2458 quod
416 2383 626 2441 fecerat
677 2382 1068 2451 immutarem,
1102 2381 1207 2440 vix
1251 2382 1482 2439 tandem
1527 2380 1645 2439 voti
1687 2395 1920 2452 compos

201 2472 474 2532 obtinuit.
519 2469 632 2531 Sed
677 2485 810 2529 cum
852 2471 976 2528 haec
1032 2468 1201 2528 illum
1245 2470 1396 2529 ultra
1440 2470 1593 2527 vires
1638 2473 1919 2527 tormenta

200 2567 534 2635 gravarent,
593 2564 651 2617 et
711 2558 786 2617 ex
846 2558 1055 2617 attritis
1127 2558 1400 2617 carnibus
1465 2559 1706 2631 jamjam
1772 2558 1917 2615 fetor

201 2656 554 2726 erumperet,
592 2651 833 2724 insuper
882 2649 1137 2721 accessit,
1176 2649 1331 2724 quod
1386 2665 1483 2708 cor
1539 2649 1732 2708 fratris
1788 2648 1917 2723 glo-

203 2742 353 2799 riam
380 2739 703 2814 respuentis
726 2738 931 2797 acrius
968 2737 1344 2811 perturbavit.
1387 2738 1572 2812 Coepit
1603 2737 1762 2796 enim
1801 2739 1915 2797 hu-

2004 1858 2150 1916 redit
2196 1858 2268 1915 ad
2321 1856 2623 1925 cellulam;
2659 1857 2757 1915 ille
2804 1873 3038 1932 quoque
3079 1864 3206 1930 post
3256 1858 3564 1932 paululum
3613 1874 3711 1918 re-

2005 1964 2207 2007 versus
2244 1955 2329 2005 est
2369 1947 2636 2006 Romam.
2673 1946 2849 2005 Porro
2880 1962 3024 2020 puer
3059 1947 3297 2021 quidam
3336 1948 3483 2018 (348)
3520 1947 3711 2022 despi-

2006 2036 2230 2108 cabilis,
2258 2036 2361 2110 qui
2411 2036 2480 2093 ad
2514 2035 2952 2110 exsequendum
2993 2036 3379 2109 quodcunque
3417 2034 3714 2109 negotium

2006 2124 2071 2182 in
2124 2124 2626 2182 administratione
2680 2125 2980 2195 remansit,
3038 2125 3323 2199 quidquid
3374 2124 3713 2184 Dominicus

2002 2215 2244 2287 petierat
2268 2230 2303 2272 a
2323 2214 2538 2288 judice,
2567 2220 2773 2274 cuncta
2813 2221 3139 2274 reverenter
3183 2214 3468 2289 implevit.
3515 2213 3708 2273 Judex

2003 2312 2198 2363 autem
2244 2320 2362 2364 non
2389 2305 2493 2363 diu
2521 2313 2825 2379 postquam
2873 2306 2945 2364 ad
2981 2305 3214 2380 propria
3257 2305 3571 2380 repedavit,
3598 2304 3707 2363 ho-

2004 2392 2237 2453 stilibus
2270 2390 2481 2466 gladiis
2509 2392 2807 2466 perfossus
2831 2392 3073 2464 interiit,
3099 2392 3426 2467 multasque
3456 2389 3711 2464 divitias,

2003 2483 2143 2557 quia
2171 2479 2431 2540 sobolem
2464 2494 2581 2538 non
2605 2479 2872 2552 habebat,
2896 2478 3191 2539 extraneis
3231 2478 3563 2539 haeredibus
3607 2479 3710 2538 de-

2000 2570 2258 2646 reliquit.

2073 2662 2210 2720 Erat
2232 2666 2518 2736 praaterea
2544 2660 2886 2720 Dominicus
2907 2660 3075 2719 valde
3099 2665 3302 2720 cautus
3326 2660 3386 2718 in
3416 2660 3626 2732 verbis,
3646 2666 3712 2721 ut

1999 2759 2129 2827 apte
2156 2751 2269 2809 sibi
2301 2758 2644 2825 congrueret
2669 2750 2771 2809 illa
2805 2750 3111 2820 sententia,
3145 2766 3261 2824 qua
3300 2749 3547 2809 Iacobus
3569 2766 3708 2824 apo-

198 2830 298 2904 jus
327 2828 589 2903 mysterii
631 2829 781 2887 fama
817 2842 1211 2902 prorumpere,
1238 2833 1294 2886 et
1318 2828 1480 2902 prius
1507 2843 1609 2902 per
1649 2829 1914 2900 fratrum,
2002 2858 2021 2900 ε

2009 2840 2186 2901 stolus
2222 2840 2306 2899 ait
2334 2865 2345 2897 :
2378 2843 2444 2898 Si
2469 2844 2595 2912 quis
2621 2843 2683 2896 in
2708 2841 2868 2897 verbo
2899 2857 3007 2897 non
3036 2841 3284 2912 oﬂ‘endz‘t,
3318 2842 3405 2897 hic
3430 2844 3709 2913 perfectus

202 2914 414 2975 deinde
436 2932 649 2991 perora
676 2915 1213 2991 supervenientium
1238 2916 1633 2990 quorumlibet
1653 2916 1912 2978 volitare.
2001 2935 2080 2986 est
2120 2934 2209 2985 vir
2254 2932 2388 2996 (Jac.
2441 2932 2547 2998 Ill).
2601 2926 2747 2985 Nam
2796 2927 2845 2986 si
2899 2926 3132 3002 quando
3185 2924 3361 2985 etiam
3408 2941 3704 3001 quaerere-

203 3004 452 3079 Rogavit
495 3005 691 3080 itaque
731 3002 1146 3077 omnipotentis
1184 3003 1287 3061 Dei
1329 3003 1814 3075 misericordiam,
1853 3013 1918 3064 ut
2004 3023 2119 3088 tur,
2162 3022 2337 3088 quota
2368 3014 2486 3073 diei
2526 3015 2669 3075 hora
2714 3021 2883 3086 esset,
2918 3029 3222 3089 nunquam
3259 3013 3709 3076 absolutedice.

201 3092 703 3202 Qﬂz‘quidrsibi
748 3110 922 3202 super
975 3096 1084 3202 hoc
1126 3101 1329 3202 coepto‘
1353 3096 1621 3202 placeret,
1651 3110 1753 3195 per
1791 3110 1978 3202 811ωο
2002 3106 2118 3179 bat,
2144 3111 2263 3165 tota
2310 3112 2432 3176 est;
2489 3104 2590 3164 sed
2630 3102 2779 3161 498
2831 3119 2966 3164 cum
3017 3105 3408 3166 additamenta
3456 3120 3705 3181 semper,

202 3182 438 3274 virtutis
468 3182 757 3274 indicium
794 3184 1095 3244 evidenter
1133 3186 1474 3244 ostenderet.
1502 3184 1741 3243 Interim
1779 3182 1978 3274 vero“
2003 3213 2177 3274 prope
2220 3197 2385 3257 tertia
2414 3197 2556 3257 hora
2576 3203 2683 3269 est,
2712 3211 2890 3270 prope
2930 3202 3094 3256 sexta
3130 3196 3271 3256 hora
3305 3201 3407 3255 ρει,
3447 3195 3706 3272 Ῑηριιίεί-

201 3272 344 3331 dum
402 3271 740 3345 hujusmodi
785 3274 1053 3347 precibus
1103 3275 1435 3346 frequenter
1478 3274 1786 3343 insisteret,
1828 3273 1917 3331 bis
1999 3271 2178 3346 ius};
2234 3301 2330 3344 me
2377 3300 2483 3343 cur
2524 3301 2751 3360 semper
2803 3286 2885 3343 ita
2925 3283 3145 3343 diceret
3179 3302 3195 3342 :
3230 3283 3296 3342 In
3333 3285 3461 3356 hoc,
3493 3271 3705 3359 inquit,

199 3377 304 3435 De?
340 3361 639 3419 Somnium
686 3362 1042 3421 confortatus
1082 3362 1349 3420 ειυάίνίῐε
1383 3362 1520 3433 (illia
1573 3361 1917 3419 ferramenta
1994 3374 2365 3435 mendacium
2409 3388 2606 3431 caveo.
2637 3373 2784 3431 Nam
2815 3373 2940 3432 sive
2968 3372 3044 3431 sit
3075 3373 3217 3431 hora
3256 3377 3556 3445 transacta,
3586 3374 3710 3434 sive

197 3448 303 3508 illa
337 3449 459 3537 iam
516 3455 704 3509 essent
758 3450 1044 3509 (Πνίῐιίῐυε
1096 3449 1364 3508 ΓθεοῙηῐᾶ-
1391 3449 1565 3537 Ροῐτο
1600 3455 1793 3508 alitem
1850 3448 1913 3506 in
1994 3464 2188 3521 adhuc
2214 3460 2471 3520 fortassis
2500 3460 2823 3530 immineat,
2855 3460 3181 3535 propinqua
3208 3466 3401 3519 tamen
3433 3468 3537 3533 est,
3569 3476 3705 3537 qua:

200 3536 509 3596 festivitate
555 3537 854 3597 beatorum
897 3537 1286 3612 apostolorum
1333 3536 1590 3597 Simonis
1628 3542 1684 3595 et
1721 3537 1910 3607 Judze,
1995 3550 2264 3610 videlicet
2316 3566 2351 3608 α
2408 3556 2704 3608 momento
2757 3550 2819 3607 in
2866 3563 2982 3623 quo
3022 3548 3337 3624 loquimur,
3391 3564 3505 3608 non
3537 3536 3703 3611 θιοη-

198 3642 378 3700 quam
416 3626 755 3700 nuperrime
792 3627 1237 3697 celebravimus,
1274 3626 1416 3684 dum
1452 3632 1738 3684 nocturno
1775 3641 1912 3683 cum
1991 3648 2178 3716 gaiur,

195 3716 471 3775 fmtl'ibus
520 3717 820 3806 interesse?
881 3716 1089 3789 οίῖἶοὶο.
1128 3722 1362 3806 Γθρβῐιῐθ
1409 3716 1525 3806 ὁμο
1576 3716 1678 3806 ΠῙὲ
1734 3715 1910 3806 ξθΓξῊ·
2065 3730 2327 3790 Habebat
2363 3729 2679 3802 aliquando
2730 3728 3000 3789 cellulam
3046 3731 3213 3806 juxta
3266 3731 3706 3805 monasterium,

194 3811 392 3863 menta
429 3820 564 3878 quae
600 3820 776 3878 super
809 3805 1082 3864 humeros
1122 3804 1305 3878 posita
1348 3802 1627 3893 utrinque
1664 3803 1912 3893 inferius
1993 3820 2151 3893 quod
2203 3819 2418 3877 dicitur
2470 3817 2872 3891 Conjunctuli.
2901 3818 2971 3878 In
3018 3802 3218 3893 vigilia
3264 3817 3463 3893 itaque
3506 3802 3709 3880 Domi?-

193 3892 619 3984 dependebant,
650 3899 1026 3967 ventremque
1072 3907 1207 3951 cum
1244 3892 1482 3984 renibus
1529 3891 1906 3984 coarctabant,
1992 3891 2143 3968 mea;
2200 3908 2549 3980 Νδιίνίιειίε,
2612 3925 2749 3968 cum
2806 3914 2921 3968 tota
2977 3891 3322 3984 praecedenti
3362 3891 3707 3984 'Quadrage-

190 3980 709 4079 Pr0r3}_13_eﬂ'ra0t§
747 3987 1207 4079 δυοῖνθῑηυηυῐξὶ
1253 3983 1309 4039 in
1348 3981 1512 4079 delSs
1542 3980 1791 4079 {1119mm
1845 3980 1907 4079 ill
1993 3996 2141 4055 sima
2212 3996 2354 4069 (349)
2413 3996 2722 4055 mansisset
2781 3980 3066 4069 inclusus,
3123 3998 3409 4075 tantisque
3462 3980 3706 4073 jejuniis

193 4080 309 4132 tres
335 4071 594 4130 divisum
625 4076 709 4129 est
736 4079 943 4144 partes.
978 4071 1182 4129 Crateri
1222 4087 1358 4130 vero
1388 4071 1589 4130 circuli
1622 4085 1739 4129 non
1772 4071 1908 4145 qui-
1991 4103 2021 4145 δ

2009 4092 2166 4160 itque
2200 4086 2500 4144 laboribus
2559 4093 2705 4145 esset
2729 4087 3101 4146 vehementer
3125 4071 3389 4159 afﬂictus,
3432 4071 3715 4149 invitante

192 4162 325 4221 dem
355 4166 679 4249 ρθῑίρθνίθε
719 4161 972 4233 abrupti,
1025 4162 1122 4219 Sed
1154 4160 1232 4220 ita
1266 4163 1444 4221 laxati
1485 4167 1639 4230 sunt,
1671 4165 1726 4218 θῐ
1761 4174 1907 4233 (Ιιιθ-
1976 4175 2176 4249 'gloria
2223 4173 2610 4233 solemnitatis
2656 4191 2944 4249 egressus,
2989 4175 3183 4234 abbati
3236 4176 3347 4235 loci
3400 4176 3707 4239 humiliter

191 4251 327 4309 dam
355 4248 491 4308 facti
517 4256 656 4308 sunt
684 4249 909 4307 mollita
936 4250 1168 4309 lenitate
1197 4251 1503 4319 flexibiles,
1533 4258 1594 4308 ut
1623 4249 1904 4339 quodam-
1990 4262 2253 4337 procidit,
2310 4262 2544 4321 veniam
2598 4263 2781 4337 petiit,
2824 4270 2988 4322 actus
3042 4278 3177 4322 suos
3232 4271 3287 4323 et
3335 4264 3706 4339 cogitationes

190 4341 363 4400 modo
394 4355 511 4398 non
543 4346 653 4397 tam
686 4340 860 4398 ferrei
891 4355 1066 4414 quam
1092 4339 1352 4414 plumbei
1384 4339 1738 4405 viderentur,
1764 4336 1906 4394 adeo
1992 4336 2021 4410 Ῑε

2013 4351 2440 4426 acrymabiliter
2482 4336 2790 4410 accusavit.
2819 4351 2926 4409 Ille
2969 4358 3186 4425 autem,
3223 4359 3289 4411 ut
3332 4336 3452 4413 erat
3486 4355 3700 4429 juven-

192 4440 259 4490 ut
312 4429 487 4489 etiam
529 4428 578 4487 si
614 4428 789 4488 vellet
828 4430 1214 4488 defluentibus
1260 4430 1344 4489 eis
1374 4446 1440 4487 ac
1474 4427 1964 4518 prolabentibus“
1995 4457 2021 4499 ρ

2009 4441 2189 4515 :ulus,
2222 4440 2371 4500 levis
2413 4442 2675 4502 moribus
2702 4448 2757 4500 et
2786 4443 3042 4502 consiliis
3070 4427 3698 4518 spiritualibusinsue-

190 4518 509 4608 aStl‘iDgel‘e
559 4534 637 4608 se;
689 4518 841 4608 ultra
890 4536 1005 4576 “0"
1056 4525 1262 4591 PGs-“CL
1300 4519 1395 4608 δίε
1442 4518 1523 4575 Sic
1563 4518 1755 4608 frater;
1801 4501 1967 4589 (ΗΠΒ
1994 4538 2105 4599 tus,
2137 4501 2270 4589 cum
2304 4531 2415 4589 sibi
2459 4532 2746 4591 suﬂiceret
2780 4550 2966 4592 unum
3008 4501 3297 4608 psalmum
3341 4534 3435 4593 vel
3467 4535 3697 4608 perexi-

192 4612 406 4698 sanctae
428 4606 760 4698 devotionis
792 4608 1065 4698 testiianti
1082 4609 1274 4698 fuerat
1303 4607 1507 4665 ardore
1536 4606 1900 4698 constrictus,
1989 4637 2165 4694 gnum
2235 4621 2377 4696 quid
2438 4620 2755 4694 imponere,
2806 4606 3078 4697 prmebit
3141 4631 3207 4681 ιιι
3268 4638 3371 4696 pro
3422 4606 3515 4683 his
3564 4640 3699 4698 qua,

193 4698 292 4772 pio
337 4696 443 4755 Dei
472 4695 693 4771 judicio
721 4704 805 4754 est
844 4696 1183 4755 mirabiliter
1208 4697 1528 4755 absolutus.
1570 4697 1719 4766 Quid
1770 4711 1905 4769 ergo

197 4801 480 4860 magnum
516 4785 566 4842 si
597 4801 699 4859 per
728 4785 1118 4854 Dominicum,
1152 4786 1477 4844 mirabilem
1519 4786 1783 4844 videlicet
1812 4785 1904 4844 vi-

197 4889 353 4944 rum,
391 4873 622 4947 signum
652 4872 886 4948 aliquod
922 4872 1074 4930 Deus
1112 4872 1389 4930 voluisset
1424 4874 1739 4944 ostendere,
1772 4888 1904 4933 cum

196 4963 261 5021 in
307 4965 434 5037 ipso
483 4962 575 5021 sui
616 4961 863 5020 tirocinii
910 4961 1149 5018 exordio
1194 4977 1298 5032 per
1336 4962 1496 5020 hunc
1525 4964 1905 5034 juvenculum

186 5051 316 5110 'duo
341 5050 624 5109 miracula
652 5050 922 5122 dignatus
951 5055 1036 5107 est
1064 5049 1366 5118 exhibere,
1391 5068 1524 5109 cum
1555 5053 1908 5113 laudabilius

200 5140 275 5199 sit
327 5139 495 5199 fortia
546 5140 830 5215 peregisse
880 5155 1054 5213 quam
1110 5140 1307 5199 nova?
1347 5141 1505 5200 Unde
1549 5143 1732 5203 David
1774 5162 1908 5205 cum

204 5230 580 5303 praamisisset
622 5253 635 5287 :
692 5231 971 5301 Mirabilis
1019 5233 1161 5286 Deus
1196 5232 1256 5285 in
1298 5234 1504 5286 sanctis
1540 5237 1695 5301 suis;
1738 5235 1911 5307 prati.

268 5381 402 5444 (348)
478 5380 589 5432 Hoc
662 5379 718 5431 in
788 5380 907 5433 loco
982 5380 1141 5442 pueri
1206 5383 1425 5436 nomine
1500 5382 1912 5448 intelligendum

202 5450 657 5575 gsfgnjgnobills
722 5453 1049 5504 conditionis
1121 5453 1449 5517 ministrum,
1526 5457 1744 5509 adnotat
1809 5457 1916 5510 Ma-

235 5535 258 5575 t
370 5534 473 5575 ius.

293 5560 603 5667 55$".ch
661 5592 1080 5663 Quadragesima
1137 5594 1363 5662 intelligi
1427 5596 1587 5652 debet
1657 5598 1726 5653 de
1789 5598 1918 5659 Qua~

1987 4712 2283 4770 confessus
2334 4712 2536 4783 fuerat,
2571 4711 2802 4783 triginta
2860 4713 3127 4786 psalteria
3185 4712 3525 4774 decantaret.
3576 4713 3700 4784 Qua

1992 4799 2274 4858 nimirum
2305 4799 2405 4857 ille
2430 4800 2711 4858 sententia
2742 4801 2902 4859 velut
2933 4801 3136 4875 sagitta
3160 4802 3479 4876 perculsus,
3502 4802 3574 4861 ad
3605 4818 3704 4862 cor

1989 4888 2177 4957 rediit,
2209 4896 2378 4962 atque
2435 4888 2539 4946 hoc
2582 4889 2912 4961 provenisse
2961 4906 3037 4949 ex
3089 4890 3276 4951 divini
3328 4891 3700 4966 dispositione

1985 4976 2191 5050 judicii
2228 4976 2542 5050 deputavit.
2572 4975 2775 5049 Itaque
2805 4992 3099 5050 regressus
3122 4978 3187 5037 in
3211 4978 3509 5051 cellulam,
3542 4994 3696 5041 nun-

1991 5081 2169 5140 quam
2210 5065 2442 5140 prodiit,
2471 5065 2651 5124 donec
2694 5066 3007 5139 praefixum
3050 5066 3283 5127 indictae
3337 5068 3695 5144 paenitentiae

1993 5169 2273 5213 canonem
2300 5153 2716 5213 instantissima
2740 5154 3043 5215 sedulitate
3067 5158 3360 5231 persolvit.

1995 5392 2303 5456 dragesima
2352 5396 2403 5447 s.
2457 5395 2681 5458 Martini,
2740 5408 2857 5462 qua
2897 5396 3323 5464 protendebatur
3375 5398 3443 5453 ab
3490 5399 3699 5453 octavis

1996 5463 2237 5536 pmnium
2267 5466 2611 5536 Sanctorum
2661 5480 2836 5535 usque
2898 5463 2964 5520 ad
3026 5468 3206 5523 Natale
3273 5468 3502 5523 Domini.
3571 5470 3697 5536 Ejus

1998 5533 2318 5660 10:38:33.0
2352 5539 2608 5592 observat
2644 5533 2879 5594 Ecclesia
2905 5540 3189 5606 jejunium,
3225 5540 3372 5607 quod
3399 5533 3705 5609 appellitur
