4118 6452
414 310 552 373 10⁶ὶ3

1047 433 1292 492 CAPUT
1330 431 1486 491 XIII.

865 526 1023 581 Felim
1055 524 1173 594 ejus
1203 537 1451 579 excessus
1479 539 1506 577 ε
1535 525 1670 581 vita.

491 616 718 677 Solebat
781 620 974 674 autem
1034 629 1136 687 per
1195 611 1520 683 intervalla,
1574 610 1705 668 licet
1767 610 2120 685 parcissime,

421 707 622 765 vinum
678 703 910 774 bibere;
943 701 1041 759 sed
1088 700 1258 775 longe
1299 706 1609 774 antequam
1661 701 1967 760 defunctus
2018 706 2121 771 est,

415 793 669 853 decrevit
719 791 793 850 ab
838 806 904 849 eo
955 790 1190 863 penitus
1248 788 1557 848 abstinere.
1621 788 1698 847 Ut
1745 789 1941 864 itaque
2001 790 2122 862 jam

414 883 643 944 omissis
675 881 899 940 cateris
929 880 999 939 ad
1026 880 1250 939 obitum
1286 880 1610 951 veniamus,
1643 879 1963 952 patiebatur
1990 895 2122 951 gra-

407 975 679 1035 vedinem
720 972 1020 1043 stomachi,
1053 970 1269 1030 crebris
1298 970 1536 1043 insuper
1575 970 1775 1042 capitis
1826 969 2123 1028 doloribus

410 1062 796 1123 cruciabatur.
829 1060 901 1118 Et
951 1059 1226 1135 quoniam
1279 1056 1523 1116 alterum
1564 1073 1716 1130 sape
1760 1056 2011 1131 procedit
2047 1072 2122 1114 ex

410 1151 613 1222 altero,
645 1149 943 1226 proposuit
970 1149 1040 1206 ad
1070 1147 1436 1220 purgandum
1486 1148 1843 1206 stomachum
1881 1146 2122 1205 antidoti

412 1256 642 1301 sumere
687 1239 979 1314 poculum.
1016 1237 1188 1297 Sexta
1234 1237 1417 1309 igitur
1468 1236 1607 1295 feria
1641 1253 1744 1311 per
1779 1235 2122 1295 continuum

413 1330 570 1389 diem
609 1328 714 1386 vix
755 1328 949 1398 desiit,
988 1326 1082 1385 vel
1128 1324 1503 1384 modulandis
1551 1324 1789 1399 psalmis
1832 1324 2118 1395 insistere,

411 1418 503 1476 vel
531 1416 910 1490 corrigiarum
940 1430 1000 1472 se
1029 1414 1242 1472 ictibus
1294 1412 1601 1485 ﬂagellare.
1643 1413 1816 1471 Nocte
1850 1429 1986 1471 vero
2030 1428 2121 1471 so-

411 1523 551 1580 pore
588 1505 864 1579 deposito,
894 1503 1144 1576 suscepit
1176 1502 1525 1573 antidotum,
1566 1503 1775 1561 deinde
1814 1503 1985 1576 capit
2016 1519 2123 1560 an-

413 1593 676 1669 gustiari,
709 1598 765 1651 et
818 1592 889 1650 de
938 1590 1215 1649 stomachi
1259 1584 1465 1649 'dolorc
1516 1592 1767 1664 graviter
1824 1590 2118 1664 conqueri.

413 1683 548 1742 Post
590 1682 898 1740 decursum
945 1680 1140 1752 itaque
1194 1684 1494 1738 nocturna
1548 1678 1787 1752 synaxis
1843 1679 2121 1748 oﬂicium,

882 308 939 369 S.
982 307 1203 368 PETRI
1242 306 1565 366 DAMIANI
1604 307 1764 367 OPP.
1806 305 1998 367 PARS
2039 306 2179 369 SEU
2219 304 2467 366 TOMUS
2506 304 2581 363 II.
2624 336 2690 347 —
2732 303 3186 367 SANCTORUM
3225 307 3445 368 VIT/E.

3782 308 3925 369 1024

2143 433 2492 492 Aextrema
2547 431 2666 489 lora
2721 430 3028 489 cohibeant
3076 432 3218 503 (Gal.
3263 433 3404 503 Vill).
3446 431 3786 492 Dominicus
3822 448 3928 492 au-

2208 524 2321 577 tem
2380 527 2578 577 noster
2628 519 2896 591 stigmata
2946 519 3083 578 Jesu
3145 521 3391 593 portavit
3444 521 3502 579 in
3556 537 3814 596 corpore,
3866 529 3928 582 et

2203 607 2489 666 vexillum
2532 607 2719 667 crucis
2758 624 2873 666 non
2914 615 3130 667 tantum
3172 609 3232 666 in
3277 610 3463 668 fronte
3498 610 3784 684 depinxit,
3818 611 3923 671 sed

2203 700 2426 758 cunctis
2460 700 2630 758 etiam
2669 700 2930 774 undique
2975 700 3253 759 membris
3294 701 3600 775 impressit.
3656 702 3924 763 Exustus

2204 795 2259 845 et
2285 788 2487 846 aridus
2517 789 2590 846 ab
2617 789 2866 847 humore
2888 788 3110 858 calami,
3140 797 3195 846 et
3215 789 3383 863 junci
3413 790 3693 869 uberibus
3737 791 3918 851 coele-

2204 878 2307 935 stis
2352 879 2554 949 gratia
2585 881 2799 937 meruit
2827 878 3113 937 imbribus
3150 879 3396 950 irrigari.
3457 879 3566 938 Hic
3604 881 3790 941 ferrea
3824 882 3915 942 lo-

2203 966 2319 1024 rica
2346 966 2754 1038 lpracingitur,
2789 967 2910 1025 illic
2958 967 3148 1025 niveis
3183 968 3461 1041 angelica
3488 968 3688 1041 gloria
3736 970 3917 1029 vesti-

2204 1053 2312 1111 bus
2368 1054 2683 1113 decoratur.
2746 1054 2855 1111 Hic
2912 1053 3123 1112 duritia
3177 1055 3388 1114 cubilis
3449 1057 3732 1129 atteritur,
3792 1057 3917 1117 illic

2202 1144 2360 1202 molli
2418 1145 2870 1219 patriarcharum
2920 1145 3138 1219 gremio
3181 1146 3541 1205 confovetur.
3597 1148 3739 1205 Tota
3788 1149 3918 1207 hac

2203 1235 2323 1292 vita
2356 1236 2499 1292 facta
2524 1242 2607 1292 est
2634 1234 2739 1292 sibi
2768 1250 3073 1307 parasceve
3117 1236 3325 1307 crucis,
3358 1235 3455 1295 illc
3498 1244 3692 1295 autem
3750 1237 3917 1297 festi—

2204 1338 2312 1383 vus
2355 1328 2411 1381 et
2444 1322 2778 1394 splendidus
2821 1329 3097 1381 aternam
3135 1324 3382 1382 celebrat
3424 1324 3669 1397 gloriam
3716 1340 3914 1384 resur-

2205 1414 2490 1474 rectionis.
2546 1412 2715 1470 Nunc
2771 1413 2922 1470 inter
2972 1412 3183 1489 ignitos
3237 1428 3502 1487 superna
3548 1414 3917 1474 Hierusalem

2203 1509 2421 1583 lapides
2472 1508 2698 1579 emicat,
2744 1522 2903 1565 nunc
2961 1514 3200 1565 ornatus
3251 1506 3620 1567 victoriarum
3674 1523 3920 1567 suarum

2204 1599 2389 1657 titulis
2434 1603 2648 1656 aterna
2694 1596 2868 1656 laude
2921 1597 3256 1670 triumphat,
3297 1604 3469 1671 atque
3499 1598 3560 1656 in
3587 1598 3691 1657 illa
3716 1599 3920 1659 beato-

2204 1704 2335 1747 rum
2364 1687 2581 1745 civium
2607 1686 2866 1760 jucunda
2898 1685 3163 1744 societate
3185 1683 3520 1758 conjubilat.

415 1776 544 1845 post
587 1768 905 1833 matutinos
946 1769 1215 1842 hymnos,
1249 1783 1385 1826 cum
1428 1768 1615 1842 prima
1635 1769 1754 1842 jam
1783 1768 1926 1827 hora
1953 1768 2190 1849 sibiaB
2277 1777 2432 1836 Obiit
2511 1782 2704 1834 autem
2762 1776 2825 1835 B.
2882 1776 3221 1835 Dominicus
3286 1776 3473 1849 pridie
3536 1777 3678 1835 Idus
3747 1776 3920 1835 Octo-

413 1857 691 1917 fratribus
727 1857 828 1932 qui
873 1858 1115 1916 aderant
1156 1860 1501 1927 cantaretur,
1538 1862 1798 1915 sanctum
1836 1857 1953 1915 Deo
2001 1855 2119 1929 spi-

413 1948 593 2006 ritum
621 1946 887 2005 reddidit.
921 1946 1281 2005 Invenerunt
1301 1953 1498 2005 autem
1521 1952 1574 2003 et
1593 1945 1832 2004 alteram
1860 1945 2115 2015 loricam,

413 2042 624 2112 prater
642 2050 769 2094 eam
799 2051 918 2110 qua
940 2035 1187 2094 indutus
1226 2041 1367 2105 erat,
1410 2035 1685 2093 lateribus
1710 2035 1837 2108 ejus
1862 2035 2123 2094 sindonis

413 2147 574 2192 more
618 2131 986 2191 substratam.
1037 2129 1202 2189 Unde
1245 2129 1513 2203 suspicati
1561 2134 1699 2187 sunt
1743 2129 1966 2201 fratres,
2016 2132 2124 2190 hoc

413 2222 525 2282 sibi
572 2226 781 2298 prater
829 2218 1310 2279 consuetudinem
1355 2217 1691 2277 nullatenus
1730 2218 2024 2290 accidisse,
2069 2227 2126 2278 et

411 2309 553 2385 quia
604 2324 665 2367 se
715 2307 825 2367 sub
876 2322 1003 2365 eam
1054 2320 1230 2365 sanus
1277 2310 1472 2363 tenere
1519 2312 1913 2379 consueverat,
1955 2323 2127 2382 super

413 2414 592 2474 quam
620 2396 889 2456 videlicet
919 2405 973 2455 et
997 2396 1059 2453 in
1086 2394 1424 2453 infirmitate
1443 2394 1684 2468 jacebat.

492 2485 896 2546 Somniaverat
947 2490 1141 2544 autem
1194 2490 1337 2543 tunc
1392 2482 1628 2556 quidam
1684 2484 1859 2544 frater
1907 2486 1978 2545 de
2011 2501 2125 2559 me,

421 2575 574 2650 quod
629 2574 927 2634 oculorum
989 2574 1193 2632 lumen
1247 2572 1574 2630 amiseram.
1631 2572 1792 2642 Quod
1837 2574 1976 2633 dum
2025 2590 2130 2648 ego

423 2663 817 2724 Hildebrando
864 2662 1175 2723 venerabili
1215 2662 1495 2720 Romana
1534 2661 1806 2721 Ecclesia
1842 2664 2128 2723 archidia-

416 2768 562 2813 cono
617 2752 760 2825 (350)
794 2752 857 2811 in
904 2750 1279 2811 Lateranensi
1323 2748 1534 2825 palatio
1577 2750 1901 2810 retulissem
1956 2772 1967 2811 :
2015 2754 2130 2811 Ne-

418 2857 739 2918 quaquam,
778 2841 989 2916 inquit,
1028 2848 1093 2899 ut
1129 2842 1316 2909 times,
1355 2839 1464 2897 hoc
1514 2837 1619 2896 tibi
1662 2840 2006 2915 propinqua
2048 2847 2133 2899 est

417 2932 619 2991 mortis
656 2930 965 3001 indicium,
1000 2931 1098 2989 sed
1125 2930 1427 2991 familiaris
1450 2924 1597 2990 499
1634 2928 1737 2988 tibi
1776 2931 1990 3005 aliquis
2025 2946 2133 2989 ex-

416 3021 770 3094 stinguetur,
823 3020 925 3093 qui
972 3018 1075 3078 tibi
1126 3024 1181 3077 et
1229 3021 1443 3080 charus
1488 3022 1583 3094 sit,
1625 3022 1775 3080 sicut
1822 3018 2028 3079 oculus
2079 3023 2133 3076 et

419 3110 620 3169 lumen
658 3114 846 3178 tuum,
890 3123 957 3167 ac
994 3108 1267 3181 splendor
1304 3109 1364 3167 in
1405 3111 1574 3169 bonis
1624 3111 1897 3184 operibus
1933 3108 2131 3167 videa-

420 3206 535 3258 tur.
589 3198 680 3267 Et,
737 3213 771 3256 o
809 3212 1037 3269 verum,
1088 3198 1184 3256 sed
1239 3200 1497 3258 amarius
1537 3200 1698 3259 omni
1743 3199 1878 3257 felle
1919 3213 2135 3273 prasa-

420 3286 615 3363 giuml
648 3285 842 3345 Tertio
880 3286 976 3344 die
1010 3292 1313 3361 postquam
1352 3288 1630 3347 Romanis
1671 3287 1966 3346 manibus
2003 3302 2135 3346 sum

419 3391 707 3450 egressus,
739 3390 868 3434 ecce
922 3375 1069 3433 mihi
1116 3378 1318 3436 relatio
1369 3379 1623 3437 crudelis
1678 3378 1947 3449 occurrit,
2002 3392 2136 3451 qua

307 3539 315 3547 _
423 3465 571 3523 mihi
612 3464 764 3523 nihil
805 3464 1004 3523 minus
1036 3464 1297 3538 opinanti
1342 3472 1618 3526 cacatum
1660 3482 1755 3525 me
1792 3466 2136 3524 remansisse

420 3553 713 3629 perhibuit
742 3577 755 3611 :
794 3554 1098 3613 dominum
1124 3554 1342 3614 scilicet
1371 3563 1426 3614 et
1457 3556 1911 3617 illuminatorem
1938 3571 2137 3614 meum

426 3642 800 3703 Dominicum
847 3659 921 3702 ex
972 3644 1082 3703 hoc
1131 3644 1346 3704 saculo
1388 3661 1576 3720 nuper
1619 3662 1934 3720 egressum.
1974 3646 2137 3704 Illico

423 3731 572 3790 mihi
606 3731 828 3806 liquido
865 3732 1070 3806 patuit,
1112 3733 1251 3791 dum
1288 3732 1388 3790 ille
1433 3734 1596 3807 petiit
1634 3735 1781 3793 lucis
1822 3738 2134 3805 auctorem,

419 3820 481 3878 in
531 3820 901 3882 tenebrarum
940 3837 1035 3879 me
1070 3821 1417 3881 remansisse
1457 3823 1725 3895 caligine.
1765 3824 1991 3881 Fratres
2028 3838 2134 3881 au-

423 3914 536 3969 tem
595 3925 802 3983 corpus
838 3910 984 3984 ejus,
1011 3926 1085 3969 ne
1131 3927 1166 3969 a
1212 3909 1423 3969 vicinis
1463 3913 1762 3970 monachis
1801 3926 2001 3970 eorum
2042 3928 2136 3969 ra—

422 4005 656 4079 peretur
692 4015 725 4057 e
762 4000 1054 4073 manibus,
1085 4000 1149 4059 in
1194 4000 1391 4058 eadem
1431 4002 1493 4059 in
1540 4018 1656 4078 qua
1699 4002 2005 4060 defunctas
2053 4009 2138 4060 est

423 4086 657 4160 cellula,
696 4087 923 4147 defossa
958 4089 1161 4159 humo,
1199 4088 1460 4147 celeriter
1496 4090 1831 4149 obruerunt.
1883 4090 1998 4149 Nos
2030 4106 2125 4149 au-

420 4183 537 4237 tem
567 4178 691 4251 ipso
715 4179 809 4236 die
842 4178 1146 4238 Dominico
1175 4194 1291 4254 quo
1319 4194 1576 4239 eremum
1619 4180 1859 4253 ingressi
1905 4194 2134 4251 sumus,

420 4270 683 4323 sanctum
709 4280 915 4338 corpus
938 4265 1397 4325 inde‘sublatum
1424 4273 1770 4338 reverenter,
1803 4273 1867 4326 ut
1891 4266 2135 4340 dignum

372 4376 375 4381 ·
419 4363 562 4430 erat,
592 4355 656 4414 in
703 4355 955 4428 capitulo
1006 4356 1399 4431 sepelivimus.
1441 4357 1513 4416 Et
1559 4374 1693 4417 cum
1747 4374 1936 4417 nonus
1988 4365 2139 4416 esset

2204 1868 2324 1926 bris
2377 1867 2548 1938 (351),
2606 1872 2881 1940 regnante
2937 1865 3184 1924 Domino
3231 1871 3427 1925 nostro
3478 1866 3616 1926 Jesu
3666 1865 3922 1938 Christo,

2206 1956 2308 2031 qui
2345 1970 2481 2014 cum
2512 1955 2630 2013 Deo
2666 1954 2832 2012 Patre
2867 1960 2924 2012 et
2969 1954 3189 2028 Spiritu
3230 1960 3424 2016 sancto
3454 1956 3601 2016 vivit
3630 1960 3686 2015 et
3718 1960 3926 2033 regnat

2204 2048 2272 2106 in
2302 2045 2514 2105 sacula
2540 2045 2911 2105 saculorum.
2951 2046 3161 2107 Amen.

2885 2276 3227 2338 SCHOLIA:

2272 2371 2314 2421 Α
2366 2368 2605 2431 depresso
2661 2366 2876 2420 homine
2927 2366 3076 2419 mille
3122 2370 3412 2421 metamus
3453 2369 3519 2421 in
3560 2381 3671 2422 uno
3723 2370 3928 2432 prauo-

2208 2438 2291 2491 n‘o
2358 2438 2499 2502 ﬁeri.
2577 2438 2832 2490 Metanaa
2901 2437 3005 2489 hoc
3074 2437 3197 2491 loco
3261 2452 3372 2491 non
3443 2439 3536 2492 illa
3602 2438 3928 2504 intelligitur

2212 2522 2371 2575 quam
2415 2511 2740 2563 carminibus
2784 2510 3050 2562 Ausonius
3094 2509 3350 2563 describit
3386 2532 3398 2561 :
3435 2531 3462 2560 α
3501 2512 3625 2571 Qua
3672 2511 3815 2571 facti,
3861 2516 3927 2565 ut

2210 2581 2303 2633 ille
2343 2583 2433 2640 ait,
2482 2594 2590 2633 non
2636 2581 2870 2646 factique
2916 2580 3087 2644 exigit
3126 2593 3331 2645 poenas.
3369 2600 3390 2627 ο
3430 2582 3570 2635 Licet
3620 2595 3756 2635 vera
3798 2595 3925 2646 ger-

2211 2664 2482 2718 manaque
2531 2652 2696 2717 hujus
2746 2652 2982 2704 nominis
3032 2653 3275 2714 acceptio
3335 2654 3477 2716 apud
3534 2652 3786 2718 probatos
3832 2667 3926 2707 au-

2212 2727 2392 2797 ctores
2437 2724 2585 2797 illam
2633 2722 2919 2787 signiticet.
2963 2723 3048 2775 list
3074 2723 3239 2797 enim
3290 2724 3536 2797 μετάνοια
3582 2724 3923 2797 pauitantia.

2215 2796 2605 2861 resi'piscentt’a,
2674 2808 2798 2847 cum
2872 2798 2994 2859 post
3065 2793 3302 2846 factum'
3342 2799 3597 2860 sapimus.
3663 2795 3925 2850 Caeterum

2212 2865 2301 2917 hic
2360 2866 2490 2918 illud
2555 2869 2773 2918 denotat
2835 2866 2979 2931 quod
3045 2865 3189 2931 apud
3251 2866 3462 2920 Graecos
3522 2866 3925 2922 ecclesiasticos

2212 2937 2511 2999 scriptores
2554 2937 2873 3000 posterioris
2925 2937 3115 2998 aetatis,
3174 2937 3268 3000 qui
3319 2938 3371 2988 id
3431 2938 3676 2990 vocabuli
3740 2942 3924 2990 trans-

2213 3007 2454 3060 tulerunt
2506 3008 2573 3059 ad
2627 3020 2721 3059 eas
2767 3008 3015 3071 corporis
3059 3008 3468 3072 prostrationes,
3518 3020 3653 3072 quas
3703 3008 3926 3074 publice

2215 3081 2304 3131 vel
2337 3080 2587 3142 privatim
2643 3077 2788 3135 500
2846 3080 3035 3132 Christi
3069 3078 3261 3131 ﬁdeles
3296 3086 3491 3146 sponte
3524 3081 3613 3132 vel
3650 3094 3681 3132 e
3714 3085 3928 3143 sancto-

2160 3147 2339 3227 Crum
2384 3151 2706 3227 praescripto
2749 3164 3017 3227 canonum
3060 3150 3277 3227 obibant
3318 3174 3330 3227 ς
3384 3154 3926 3227 μστανοῦντις-ςῌίω,

2223 3223 2307 3297 vel
2376 3222 2427 3277 οἱ
2489 3221 2556 3297 iv,
2597 3223 2842 3297 μετανοίᾳ
2898 3218 3034 3297 ὄντες
3088 3218 3441 3297 dicebantur,
3504 3226 3595 3288 qui
3651 3222 3928 3297 publicam

2220 3293 2350 3346 olim
2418 3293 2785 3360 paenitentiam
2817 3293 3100 3357 'agebant.
3166 3293 3399 3347 Fuerunt
3469 3298 3643 3347 autem
3714 3294 3927 3349 crebra

2221 3365 2277 3414 in
2349 3368 2549 3416 terram
2618 3364 3006 3426 prostrationes
3068 3364 3124 3415 in
3205 3377 3330 3426 usu,
3392 3366 3448 3416 ut
3502 3377 3573 3417 ex
3627 3366 3926 3420 Sozomeuo

2222 3434 2531 3498 colligitur;
2590 3440 2641 3485 et
2699 3434 2843 3496 apud
2907 3437 3116 3487 Gracos
3182 3436 3595 3501 quibuscunque
3650 3437 3929 3501 pauitan-

2222 3506 2367 3558 tibus
2440 3508 2512 3558 ita
2591 3518 2668 3557 ea
2732 3508 3122 3569 prostrationes
3184 3505 3624 3571 iniungebantur,
3685 3511 3743 3559 ut
3799 3519 3925 3560 eam

2223 3576 2291 3627 ob
2338 3590 2449 3629 rem
2503 3578 2891 3637 prostrationes
2943 3578 2993 3628 in
3050 3583 3246 3629 terram
3299 3579 3517 3641 promio
3565 3578 3719 3643 quasi
3768 3590 3929 3631 voca-

2224 3646 2355 3699 bulo
2400 3648 2694 3721 μετάνοιαι,
2734 3649 2823 3700 vel
2881 3651 3109 3723 στρωταὶ
3157 3649 3426 3722 μετάνοιαι
3473 3651 3776 3715 nuncupari
3832 3662 3929 3715 p0-

2224 3729 2444 3802 t_uerint.
2497 3730 2625 3780 Sunt
2682 3728 2799 3802 alia
2849 3725 3162 3802 ἔδαφίᾳιναι,
3210 3741 3337 3802 qua
3387 3729 3507 3780 sine
3560 3730 3929 3795 prostratione

2223 3799 2383 3851 ﬂexis
2445 3801 2820 3851 tantummodo
2881 3799 3113 3864 genibus
3176 3800 3551 3859 absolvuntur,
3618 3802 3929 3864 cuiusmodi

2224 3874 2311 3921 est
2355 3871 2448 3921 illa
2503 3869 2647 3933 apud
2692 3871 3008 3931 Gregorium
3064 3871 3330 3922 adversus
3377 3887 3389 3918 :
3443 3872 3674 3923 Judaos.
3736 3870 3931 3934 Κλινας

2228 3953 2290 4006 τὸ
2324 3949 2443 4024 ’γόνυ
2480 3948 2575 4013 ἕως
2612 3947 2819 4025 ἐδάφους
2855 3954 2993 4026 τρὶς,
3031 3954 3119 4005 καὶ
3164 3951 3412 4015 ἀναστὰς,
3445 3954 3538 4006 καὶ
3575 3950 3794 4014 ἐκτείνας
3831 3951 3930 4014 τὰς

2223 4038 2406 4106 χεῖρας
2459 4027 2618 4086 αὐτοῦ
2666 4035 2735 4094 εἰς
2776 4032 2864 4087 τὸν
2919 4032 3155 4107 οὐρανὸν,
3202 4027 3330 4086 εἶπεν
3389 4032 3445 4086 id
3493 4036 3592 4092 est,
3646 4036 3728 4083 ter
3784 4045 3929 4096 genu

2225 4105 2434 4156 ﬂectens
2487 4104 2561 4154 ad
2615 4107 2822 4156 terram
2870 4117 3058 4156 usque.
3110 4105 3303 4155 deinde
3354 4116 3590 4156 sumens.
3639 4107 3691 4156 et
3728 4116 3929 4156 manus

2221 4105 2434 4170 ﬂectens
2487 4105 2561 4154 ad
2615 4107 2822 4156 terram
2870 4105 3058 4170 usque,
3110 4105 3303 4155 deinde
3354 4116 3590 4168 surgens,
3639 4107 3691 4156 et
3728 4116 3929 4157 manus

2226 4176 2300 4226 ad
2353 4174 2539 4227 calum
2590 4177 2833 4235 tandem,
2898 4173 3058 4229 dixit.
3122 4175 3273 4227 Plura
3331 4178 3624 4240 suppetunt
3674 4175 3931 4240 exempla

2225 4246 2371 4309 apud
2451 4245 2907 4310 Chrysostomum,
2980 4246 3248 4304 Basilium.
3319 4246 3609 4309 Evagrium
3680 4246 3931 4310 aliosque

2225 4319 2541 4380 scriptores,
2591 4318 2682 4377 qui
2735 4317 3125 4369 monachorum
3170 4330 3261 4369 res
3300 4322 3353 4369 et
3401 4321 3520 4369 acta
3570 4321 3697 4370 sunt
3746 4328 3932 4381 prose-

2224 4388 2352 4449 cuti,
2404 4400 2543 4452 quos
2589 4387 2679 4439 hic
2726 4387 2936 4441 referre
2989 4391 3239 4440 notarum
3297 4389 3433 4440 ratio
3484 4400 3595 4440 non
3647 4388 3927 4451 permittit.

419 4443 796 4519 depositionis
841 4444 969 4519 eius
1009 4444 1154 4516 dies,
1187 4446 1526 4519 pmdictum
1571 4462 1777 4521 corpus
1819 4461 2026 4506 sanum
2062 4443 2348 4524 il-“Sed'
2382 4443 2457 4510 iiii
2511 4460 2714 4524 puriori
2782 4459 3108 4523 cultiorique
3164 4458 3428 4512 vocabulo
3476 4471 3571 4511 eas
3628 4443 3929 4512 metanaaa

428 4532 793 4608 libatumque
824 4533 1163 4607 reperimus.

494 4620 643 4679 Eant
681 4636 843 4681 nunc
882 4622 983 4697 qui
1022 4621 1213 4680 carnis
1261 4637 1383 4682 sua
1431 4624 1787 4684 delectantur
1828 4625 2137 4696 illecebris,

428 4708 714 4768 medullas
763 4710 1109 4769 absorbeant
1158 4710 1541 4785 voluptatum,
1596 4721 1651 4771 et
1706 4713 2008 4773 occisionis
2058 4716 2141 4773 vi-

428 4795 621 4855 ctima
646 4796 715 4855 ad
744 4804 1029 4857 atemum
1070 4801 1410 4857 nutriantur
1447 4801 1805 4872 incendium,
1836 4804 1895 4861 in
1935 4819 2138 4878 super-

426 4885 544 4945 bia
593 4902 654 4944 se
704 4887 981 4946 cornibus
1035 4888 1294 4959 eﬂ’erant,
1325 4890 1607 4948 ventilent
1663 4890 2017 4963 innocentes,
2067 4894 2137 4952 ad

424 4980 629 5034 votum
657 4974 912 5034 molliter
935 4976 1158 5047 vivant,
1189 4981 1253 5034 ut
1283 4992 1483 5035 eorum
1516 4977 1736 5047 viscera
1774 4981 2135 5052 postmodum

423 5066 614 5141 panis
667 5081 894 5140 semper
950 5066 1257 5126 ultricibus
1322 5075 1696 5129 amarescant.
1752 5070 1920 5129 Nunc
1980 5071 2141 5129 velut

424 5155 683 5214 infrenes
713 5154 873 5230 equi,
900 5168 1003 5228 per
1026 5154 1390 5228 voluptatum
1442 5171 1678 5215 suarum
1721 5167 1881 5232 prata
1915 5158 2137 5217 discur-

426 5246 578 5314 rant,
619 5246 686 5301 ut
721 5249 847 5316 post
884 5255 1087 5301 eorum
1136 5256 1348 5302 manus
1394 5252 1447 5303 et
1488 5236 1725 5304 brachia
1767 5246 2141 5305 districtionis

483 5384 622 5449 (350)
647 5383 1047 5438 Hildebrandus
1072 5386 1171 5437 fuit
1202 5398 1324 5439 mox
1357 5386 1649 5450 Gregorius
1679 5387 1815 5450 Papa
1849 5389 1953 5441 γη.

485 5453 618 5521 (351)
671 5456 745 5509 De
799 5468 866 5509 eo
926 5457 987 5511 ﬂt
1052 5459 1255 5510 mentio
1321 5458 1377 5513 in
1443 5457 1825 5527 Martyrologio
1885 5463 2138 5521 Romano,

2153 4498 2203 4557 D
2225 4534 2504 4585 vacarunt.

2561 4529 2915 4603 γονυκλισίας,
2978 4531 3393 4595 genu/lemma.
3468 4531 3709 4603 Denique
3765 4531 3929 4603 illud

2221 4605 2382 4655 etiam
2447 4601 2622 4654 obiter
2690 4604 2968 4663 addamus,
3041 4604 3185 4667 quod
3255 4615 3368 4655 rem
3430 4603 3605 4665 magis
3661 4601 3927 4663 declarat,

2222 4677 2347 4738 quia
2399 4673 2536 4736 apud
2595 4673 2887 4725 momchos
2941 4672 3295 4726 salutationes
3355 4674 3491 4725 ﬁunt
3549 4673 3639 4726 vel
3689 4671 3930 4737 demissa

2224 4744 2469 4807 corporis
2526 4742 2839 4803 inﬂexione,
2904 4743 2993 4795 vel
3057 4744 3216 4796 etiam
3266 4746 3499 4796 curvatis
3553 4744 3798 4807 genibus.
3857 4743 3928 4796 ob

2222 4814 2276 4865 id
2325 4814 2606 4888 perducta,
2642 4814 2901 4888 salutatio
2952 4818 3033 4888 est
3075 4830 3106 4888 τί
3137 4814 3278 4876 quod
3322 4814 3552 4879 legimus
3595 4815 3739 4888 a_pu_d
3771 4815 3929 4867 Joan-

2221 4885 2347 4937 nem
2398 4885 2762 4949 Jerosolymit.
2822 4890 2878 4937 in
2918 4887 3027 4937 vita
3095 4887 3334 4939 Damasc.
3387 4891 3441 4938 et
3493 4885 3635 4950 apud
3683 4885 3927 4939 Damasc.

2222 4956 2315 5008 lib.
2371 4967 2388 5006 ι
2447 4958 2514 5009 De
2568 4959 2749 5021 imag.,
2814 4960 2868 5009 et
2928 4958 3072 5021 apud
3134 4958 3421 5010 Maximum
3491 4959 3549 5009 in
3613 4957 3784 5009 schol.
3860 4958 3931 5009 ad

2224 5032 2483 5102 arconag.
2555 5028 2675 5080 Tiro
2756 5029 2973 5094 quidam
3040 5029 3188 5094 apud
3265 5035 3442 5102 Anast.
3508 5029 3695 5081 Sinait.
3753 5027 3804 5082 ἕν
3856 5034 3933 5102 τῷ

2225 5092 2725 5172 ὸδηγῷίξεθηίοτεω
2764 5092 3090 5172 interrogat
3124 5112 3194 5153 an
3254 5101 3449 5172 religio
3500 5102 3588 5164 sit,
3648 5112 3777 5153 eum
3838 5092 3929 5172 qu'l

2226 5170 2349 5247 sibi;
2377 5170 2704 5247 olfeudjciilo
2732 5170 2935 5247 fuerit,
2981 5171 3222 5247 salutare
3255 5186 3268 5223 :
3305 5171 3508 5247 βᾴλζω,
3562 5173 3751 5239 inquit,
3788 5171 3932 5245 αὐτῷ

2222 5241 2517 5315 pubem»;
2542 5239 2690 5293 Num
2720 5241 2767 5293 is
2794 5242 2932 5295 mihi
2958 5242 3284 5296 salutanda:
3305 5239 3397 5296 est
3420 5245 3448 5294 2

2224 5384 2325 5436 hac
2375 5384 2499 5445 die;
2558 5384 2655 5436 sed
2710 5383 3144 5439 Gamaldulenses
3199 5388 3322 5451 eius
3383 5385 3729 5439 festivitatem
3780 5386 3927 5442 cele-

2225 5454 2387 5507 brant
2408 5454 2497 5507 die
2519 5454 2578 5506 i7
2601 5455 2845 5519 ejusdem
2868 5459 3087 5510 mensis.
