4118 6438
177 325 319 391 1025

1301 335 1560 397 PASSIO
1599 337 1702 397 SS.
1745 336 2012 397 FLORZE
2052 339 2147 397 ET
2192 338 2563 398 LUCILLIE.

463 693 819 798 PASSIO
887 696 1547 802 SANGTARUM
1614 698 2163 803 VlRGlNUM
2228 700 2614 806 ΕΙλΟΒιΕ
2685 701 2816 803 ET
2889 701 3404 807 LUCILLE.

1773 919 1868 1000 (29
1901 918 2097 1001 Julii.)
2190 965 2198 972 .

1166 1105 1331 1169 Cum
1366 1107 1892 1171 adnotationibus
1921 1108 2248 1173 Gailletmi
2281 1066 2519 1192 ϐαρείιὶ
2547 1111 2615 1176 S.
2649 1111 2710 1174 J.

842 1442 1180 1504 PBOLOGU
1194 1443 1249 1502 S.

258 1529 442 1589 Deum
485 1529 810 1589 mirabilem
860 1533 918 1590 in
967 1534 1176 1591 sanctis
1214 1534 1355 1605 suis,
1402 1535 1699 1593 Psalmista
1739 1541 1898 1608 teste,

181 1621 496 1680 didicimus
535 1623 700 1694 (Psal.
740 1628 948 1696 LXVII),
992 1641 1104 1683 non
1154 1625 1339 1684 solum
1381 1627 1437 1682 in
1480 1643 1546 1684 eo
1583 1628 1739 1700 quod
1787 1628 1900 1685 mi-

182 1713 391 1771 rabilia
430 1713 593 1787 signa
629 1729 729 1786 per
765 1731 861 1773 eos
898 1721 1166 1788 operatur
1207 1716 1268 1773 in
1318 1717 1408 1774 his
1459 1719 1558 1791 qui
1604 1717 1902 1775 inﬁrman-

183 1813 319 1875 tur;
363 1819 566 1862 verum
604 1803 774 1861 etiam
814 1805 966 1876 quod
1002 1821 1102 1877 per
1135 1822 1273 1864 eum
1300 1806 1408 1878 ipsi
1437 1804 1900 1862 convalescentes

183 1893 258 1952 de
295 1891 627 1950 inﬁrmitate
664 1895 980 1962 communi,
1028 1895 1198 1953 fortes
1255 1895 1382 1952 facti
1438 1901 1574 1951 sunt
1621 1893 1682 1950 in
1723 1893 1898 1952 bello.

183 1981 504 2040 Inlirmitas
528 1982 684 2040 enim
714 1983 1014 2042 hominum
1041 1993 1171 2042 avet
1202 1994 1441 2043 mortem
1476 1985 1694 2058 fugere,
1719 1985 1908 2043 maxi:

186 2085 282 2128 me
311 2087 448 2130 vero
475 2071 524 2129 si
557 2072 629 2129 sit
666 2087 798 2130 cum
835 2073 1184 2132 cruciatibus
1220 2074 1536 2131 inferenda.
1575 2073 1685 2131 Sed
1719 2076 1900 2132 sancti

186 2167 469 2234 martyres
516 2161 664 2218 hanc
703 2160 1099 2220 inﬁrmitatem
1155 2178 1252 2236 per
1313 2163 1690 2234 Dei'gratiam
1729 2179 1899 2236 supe-

184 2255 398 2319 rantes,
438 2266 546 2308 non
587 2251 774 2309 solum
813 2251 1000 2309 oblata
1041 2253 1324 2325 pertulere
1365 2259 1668 2324 tormenta,
1709 2259 1765 2310 et
1801 2270 1902 2326 per

185 2337 309 2413 ipsa
352 2355 516 2397 suam
560 2339 734 2397 vitam
778 2342 1091 2412 fuderunt;
1152 2357 1353 2400 verum
1411 2342 1582 2400 etiam
1641 2341 1793 2401 ultro
1841 2358 1901 2400 se

189 2430 454 2504 tyrannis
494 2440 548 2488 et
586 2431 957 2490 carniﬁcibus
1002 2434 1073 2490 ad
1113 2449 1311 2506 pmnas
1365 2434 1748 2490 atrocissimas
1794 2433 1900 2491 ob-

188 2518 467 2576 tulerunt.
515 2518 674 2588 Quod
724 2521 1033 2578 hominum
1075 2538 1258 2593 genus
1298 2522 1515 2595 optimo
1558 2521 1688 2593 jure
1733 2521 1902 2578 dixe-

186 2607 320 2679 rim,
375 2607 574 2664 divino
631 2624 887 2680 munere,
949 2609 1342 2669 fortitudinem
1405 2625 1572 2668 suam
1626 2616 1894 2668 mutasse.

186 2697 356 2766 Cum,
383 2694 536 2768 quod
566 2711 664 2768 per
694 2702 957 2756 naturam
987 2703 1236 2767 amatur,
1270 2698 1434 2756 nullo
1462 2705 1694 2771 cogente
1722 2698 1901 2772 depo—

1901 1451 1959 1507 A
1973 1448 2322 1520 maximum,
2353 1465 2586 1508 cernere
2623 1467 2756 1508 eum
2787 1452 2888 1524 qui
2918 1452 3280 1512 Christianus
3320 1469 3438 1512 non
3479 1455 3666 1513 fuerat
3739 1479 3760 1498 ι

1982 1537 2266 1595 cervicem
2305 1555 2407 1611 pro
2452 1539 2677 1597 Christo
2717 1540 2982 1611 tendere;
3024 1548 3078 1599 et
3115 1557 3249 1600 eum
3287 1543 3390 1616 qui
3431 1543 3692 1602 nondum

1984 1633 2104 1684 erat
2138 1635 2370 1686 renatus
2398 1628 2758 1702 baptismate,
2796 1645 2896 1702 per
2925 1631 3186 1703 martyrii
3224 1630 3477 1704 palmam
3504 1631 3694 1704 bapti-

1983 1715 2121 1772 zatis
2152 1715 2424 1787 plurimis
2450 1716 2725 1774 anteferri
2759 1720 2768 1773 l
2803 1716 2914 1774 Sed
2944 1717 3065 1790 ipsa
3094 1717 3262 1776 nobis
3289 1717 3529 1777 historia
3554 1719 3696 1792 (353)

1977 1802 2099 1874 jam
2149 1803 2437 1878 loquatur,
2479 1804 2599 1877 ipsa
2651 1804 2818 1863 nobis
2857 1813 3183 1864 sanctorum
3223 1806 3529 1879 originem,
3569 1808 3696 1880 ipsa

1985 1907 2185 1951 eorum
2215 1895 2348 1952 vita;
2376 1911 2764 1968 progressum,
2797 1896 2920 1968 ipsa
2946 1896 3332 1956 consummati
3364 1896 3698 1955 certaminis

1985 1981 2231 2054 gloriam
2257 1984 2377 2057 jam
2406 1991 2701 2058 proponat.

2547 2091 2789 2149 CAPUT
2821 2091 3138 2151 PRIMUM.

1981 2178 2189 2231 Harum
2236 2183 2551 2233 sanctarum
2608 2181 2888 2247 virginum
2941 2184 3138 2250 pietas,
3187 2184 3481 2252 captivitas
3533 2184 3584 2236 et
3638 2183 3700 2235 in

2527 2253 2848 2321 captivitate
2887 2253 3130 2308 libertas.

2057 2335 2267 2394 Urbem
2308 2335 2552 2395 Romam
2595 2339 2899 2398 universas
2947 2341 3120 2398 urbes
3167 2340 3328 2398 omni
3381 2339 3700 2398 nobilitatis

1982 2443 2192 2500 genere
2243 2429 2622 2501 praecessisse,
2680 2436 2736 2487 et
2786 2439 2956 2504 caput
3010 2431 3166 2490 orbis
3219 2432 3396 2491 fuisse
3452 2432 3698 2489 manife-

1985 2524 2137 2575 stum
2185 2524 2287 2575 est.
2343 2517 2404 2576 Si
2449 2519 2603 2576 enim
2653 2527 2785 2579 ante
2823 2520 3034 2579 Christi
3071 2521 3301 2580 Domini
3345 2522 3701 2581 nativitatem

1983 2606 2332 2677 consideres,
2377 2607 2668 2667 Romanos
2718 2610 2950 2668 invenis
2999 2626 3194 2669 rerum
3243 2611 3546 2682 dominos;
3604 2612 3696 2670 sin

1983 2700 2127 2767 post,
2159 2711 2261 2768 per
2289 2695 2353 2752 B.
2389 2696 2539 2754 Petri
2579 2699 2774 2755 sedem
2813 2706 2982 2772 caput
3018 2699 3174 2757 orbis
3207 2700 3466 2758 effectam
3495 2701 3694 2772 vides;

3549 329 3686 402 1026
3775 382 3780 387 ~

189 2789 359 2854 nunt,
392 2789 446 2841 et
477 2784 630 2856 quod
658 2786 992 2844 naturaliter
1024 2787 1393 2857 exhorretur,
1427 2787 1532 2860 ipsi
1565 2803 1670 2844 sua
1699 2794 1960 2867 sponteB
1983 2783 2030 2840 si
2057 2785 2212 2842 viros
2239 2785 2343 2859 qui
2384 2796 2770 2858 provenerant
2799 2786 2862 2844 in
2909 2803 2994 2860 ea,
3024 2795 3214 2846 mente
3245 2790 3527 2861 revolvas,
3557 2805 3696 2848 con-

188 2879 532 2948 sequuntur.
566 2874 728 2943 Quod
755 2875 1042 2950 siquidem
1070 2878 1281 2935 mentis
1310 2877 1508 2948 robur,
1540 2877 1898 2951 quamvisin
1982 2872 2114 2930 silio
2169 2881 2386 2946 cautos,
2439 2883 2701 2934 strenuos
2754 2877 2954 2948 armis,
3017 2876 3357 2937 fortitudine
3412 2893 3696 2951 summos,

190 2960 334 3019 viris
365 2961 504 3035 ipsis
539 2964 803 3023 mirabile
841 2966 932 3036 sit,
965 2972 1018 3024 et
1047 2967 1295 3024 summis
1330 2966 1600 3024 laudibus
1633 2966 1896 3039 dignum,
1983 2966 2319 3032 prvestantes
2375 2964 2601 3036 justitia
2627 3009 2640 3035 ,
2706 2966 3026 3025 moderatos
3080 2967 3140 3023 in
3199 2967 3371 3025 rebus
3423 2967 3698 3027 omnibus

189 3052 362 3125 longe
406 3058 596 3112 tamen
652 3063 736 3113 est
779 3057 1106 3114 mirabilius
1154 3063 1207 3113 et
1252 3056 1606 3116 laudabilius
1647 3059 1708 3114 in
1755 3073 1901 3116 sexu

187 3140 328 3197 501
383 3145 650 3218 femineo,
699 3145 801 3220 qui
855 3145 1162 3218 frigiditate
1213 3163 1336 3205 suae
1387 3153 1607 3205 natura:
1663 3147 1902 3206 timidus

183 3237 241 3289 et
291 3231 484 3291 mollis
525 3240 650 3306 est;
698 3240 752 3292 et
804 3234 950 3292 sicut
998 3233 1166 3291 bellis
1219 3233 1614 3308 ineptissimus
1663 3242 1767 3304 est,
1822 3236 1900 3292 ita

180 3320 402 3392 gladios
455 3323 574 3381 odit
623 3331 677 3381 et
730 3340 922 3393 arma;
980 3332 1032 3382 et
1087 3340 1201 3383 non
1259 3324 1447 3381 solum
1502 3329 1896 3397 conspectum,

184 3407 284 3468 sed
338 3415 392 3467 et
439 3411 779 3470 memoriam
832 3412 1134 3486 sanguinis
1183 3411 1580 3485 perhorrescit.
1625 3411 1765 3468 Hmc
1803 3411 1898 3468 id-

185 3498 336 3556 circo
375 3499 755 3572 praemiserim
791 3507 857 3559 ut
892 3500 1245 3573 intelligatis,
1289 3501 1490 3557 fratres
1546 3497 1893 3568 charissimi,

185 3588 388 3662 quales
417 3594 768 3663 quantaeque
793 3591 909 3647 sint
938 3589 1212 3660 virgines,
1237 3589 1308 3646 ad
1338 3603 1582 3662 quarum
1615 3587 1898 3645 solemnia

189 3674 511 3733 convenitis
560 3675 728 3745 (352),
776 3677 835 3734 in
894 3677 1106 3750 quibus
1154 3691 1269 3734 non
1316 3675 1504 3733 solum
1558 3675 1900 3749 religionem

190 3762 457 3822 venerari
494 3764 788 3834 debemus,
834 3781 936 3823 nec
979 3765 1368 3836 virginitatem
1414 3770 1657 3835 tantum,
1701 3766 1800 3823 sed
1845 3768 1901 3822 et

189 3851 389 3926 ipsum
429 3853 790 3926 martyrium,
825 3869 930 3912 nec
959 3853 1362 3928 qualecunque
1400 3853 1769 3926 martyrium,
1805 3852 1903 3909 sed

192 3940 306 4000 tale
342 3941 413 3999 ad
451 3943 600 4015 quod
641 3942 784 4016 ipsae
821 3960 926 4002 sua
965 3951 1166 4018 sponte
1195 3944 1264 4002 de
1294 3944 1528 4002 remotis
1569 3942 1904 4015 regionibus

193 4046 311 4091 non
350 4047 516 4091 secus
551 4047 726 4103 quam
765 4032 832 4089 ad
881 4048 1138 4092 summas
1177 4033 1410 4091 delicias
1463 4047 1784 4091 cucurrere.
1827 4030 1896 4088 In

1983 3051 2406 3124 comprobabis.
2451 3053 2647 3112 Unum
2693 3054 2845 3128 quod
2897 3062 3029 3113 ante
3073 3055 3368 3114 Christum
3412 3055 3700 3128 defuerat,

1982 3139 2120 3198 ﬁdei
2167 3139 2382 3199 scilicet
2434 3143 2632 3215 pietas,
2673 3160 2774 3217 per
2812 3144 3044 3204 Petrum
3085 3145 3262 3214 illata,
3302 3147 3528 3218 urbem,
3568 3161 3700 3220 quae

1982 3235 2218 3287 eatenus
2263 3230 2320 3287 in
2367 3231 2590 3289 caeteris
2637 3238 2868 3290 caeteras
2916 3238 3306 3305 superaverat,
3367 3232 3694 3292 nobilitavit

1979 3315 2141 3386 adeo,
2174 3324 2237 3374 ut
2268 3317 2328 3375 in
2364 3319 2473 3377 hoc
2509 3318 2684 3376 etiam
2717 3329 2952 3378 caeteras
2990 3323 3304 3378 antecedat.
3347 3321 3495 3389 Quid
3536 3321 3694 3379 enim

1979 3405 2227 3464 sufficiat
2266 3421 2574 3466 numerare
2615 3409 2769 3481 quod
2814 3409 2992 3483 hujus
3018 3409 3179 3468 urbis
3209 3409 3500 3482 indigenas
3526 3409 3696 3469 Chri-

1981 3494 2188 3553 stianis
2228 3495 2581 3569 temporibus
2620 3495 2769 3553 bello
2805 3512 3059 3572 paceque
3099 3497 3455 3557 claruerint?
3496 3497 3695 3557 Vincit

1981 3583 2218 3655 quidem
2247 3583 2579 3656 opinionem
2613 3599 2817 3643 eorum
2855 3602 3159 3658 numerus,
3198 3585 3380 3645 vincit
3412 3594 3468 3645 et
3498 3587 3692 3646 fidem.

1986 3667 2096 3727 Sed
2145 3669 2297 3726 inter
2333 3685 2428 3728 eos
2475 3671 2574 3744 qui
2617 3672 2973 3732 cruciatibus
3017 3675 3139 3733 suis
3182 3690 3429 3749 regnum
3467 3676 3698 3734 caeleste

1984 3761 2218 3818 mercati
2249 3768 2403 3831 sunt,
2425 3762 2516 3819 has
2550 3762 2851 3836 nimirum,
2869 3763 2941 3820 ad
2973 3779 3222 3838 quarum
3248 3765 3530 3824 solemnia
3551 3762 3695 3820 502

1987 3848 2326 3920 convenitis,
2374 3851 2678 3924 specialem
2726 3852 2989 3911 obtinent
3041 3853 3401 3926 dignitatem.
3450 3854 3694 3914 Virilem

1986 3937 2276 4010 siquidem
2331 3940 2595 3998 animum
2653 3939 3004 4012 induentes,
3074 3943 3276 4002 Romae
3343 3943 3696 4018 progenitas,

1984 4025 2186 4084 Roma:
2223 4027 2656 4099 religiosissime
2699 4031 2912 4100 vivere,
2948 4031 3149 4090 Romae
3180 4032 3420 4107 defungi
3457 4033 3696 4092 demum

189 4136 306 4195 quo
344 4137 589 4180 summae
631 4121 985 4180 fortitudinis
1021 4129 1152 4180 actu
1192 4138 1308 4180 non
1362 4122 1549 4180 solum
1588 4121 1900 4192 emicuere,
1926 4116 2832 4223 Cgolnstantisrsime‘meruerunt.
2879 4119 3157 4179 Gloriosaa
3207 4120 3389 4194 igitur
3440 4121 3696 4223 virgines

188 4209 288 4269 sed
345 4210 518 4268 etiam
575 4227 696 4270 suae
755 4211 1098 4285 virginitatis
1158 4212 1465 4286 exemplo,
1524 4211 1903 4268 barbarorum

189 4315 385 4374 regem
424 4301 683 4359 nondum
722 4301 1076 4374 baptismatis
1115 4301 1274 4360 unda
1315 4309 1597 4371 renatum,
1638 4301 1711 4360 ad
1750 4301 1902 4358 idem

189 4395 517 4460 certamen,
573 4390 774 4448 eodem
829 4389 1200 4448 subeundum
1257 4391 1468 4448 affectu
1531 4389 1904 4449 aemulatione

190 4479 570 4549 sanctissima,
615 4478 1033 4552 perduxerunt.
1078 4479 1229 4548 Quas
1269 4480 1507 4553 quidem
1547 4480 1802 4553 virgines
1849 4485 1902 4535 et

193 4583 389 4642 regem
446 4568 494 4626 si
546 4583 947 4643 comparemus
1002 4569 1072 4626 ad
1130 4569 1383 4627 invicem
1435 4569 1496 4626 in
1546 4576 1676 4626 actu
1728 4573 1903 4625 tantae

193 4657 448 4727 virtutis,
489 4674 636 4716 sexu
674 4659 909 4733 quidem
948 4666 1221 4734 superant
1262 4659 1465 4732 pietate
1507 4664 1561 4717 et
1600 4657 1904 4730 exemplo;

194 4751 542 4820 superantur
569 4751 763 4805 autem
791 4764 823 4805 a
859 4764 1010 4822 rege,
1040 4748 1192 4821 quod
1224 4747 1273 4805 is
1308 4747 1566 4807 nondum
1600 4762 1907 4820 regenera-

211 4839 307 4892 tus
341 4833 403 4892 in
443 4835 686 4907 Christo,
727 4835 1058 4894 tirocinium
1098 4851 1268 4894 suum
1307 4852 1340 4892 a
1378 4843 1532 4895 tanta
1570 4834 1911 4894 celsitudine

210 4923 575 4998 perfectionis
625 4925 854 4998 incepit,
908 4931 973 4983 ut
1019 4926 1180 4997 prius
1235 4931 1452 4997 martyr
1502 4927 1683 4997 fieret,
1734 4939 1911 4998 quam

1986 4202 2153 4260 Flora
2189 4209 2243 4260 et
2286 4204 2506 4262 Lucilla
2543 4223 2783 4276 sorores,
2818 4209 3174 4283 temporibus
3204 4213 3495 4284 quantum
3522 4209 3698 4267 intel-

1990 4290 2087 4364 ligi
2117 4297 2315 4364 potest,
2356 4298 2412 4350 et
2441 4294 2628 4365 datur,
2659 4296 2962 4367 Antonini,
2995 4303 3376 4372 cognomento
3407 4297 3496 4357 Pii
3525 4299 3695 4370 (354),

1984 4395 2116 4439 cum
2169 4381 2370 4440 Romae
2427 4383 2548 4441 suis
2609 4385 2822 4443 sanctis
2878 4387 3136 4445 moribus
3190 4387 3250 4445 in
3295 4380 3731 4461 conspectibus'

1985 4469 2201 4528 divinis
2253 4472 2550 4546 arderent;
2612 4474 2752 4532 foris
2807 4491 2941 4534 vero
3008 4476 3329 4536 secundum
3391 4477 3699 4536 nominum

1992 4575 2235 4618 suorum
2279 4561 2683 4634 proprietatem
2723 4564 2993 4622 ﬂorerent
3031 4571 3087 4622 et
3124 4563 3403 4636 lucerent,
3431 4564 3699 4639 apostoli-

1989 4664 2113 4707 cam
2153 4649 2332 4707 vitam
2375 4650 2727 4724 delegerunt,
2771 4669 2886 4726 qua
2928 4669 2987 4712 se
3029 4669 3062 4710 a
3101 4659 3458 4712 terrenorum
3503 4668 3699 4712 amore

1990 4740 2363 4812 retraherent,
2404 4748 2458 4799 et
2496 4742 2749 4815 corporis
2788 4743 2880 4801 sui
2922 4744 3271 4802 sanctificata
3312 4744 3544 4803 vascula
3582 4759 3697 4818 pu-

1993 4829 2208 4888 dicitiae
2247 4830 2694 4889 sanctiﬁcatione
2732 4831 2962 4890 litarent
2996 4852 3008 4891 :
3042 4840 3098 4891 et
3126 4849 3261 4907 quae
3295 4840 3574 4893 noverant
3605 4849 3708 4908 per

1997 4918 2324 4992 superbiam
2354 4919 2588 4992 angelos
2617 4919 2920 4990 corruisse,
2948 4937 3050 4994 per
3072 4922 3456 4981 humilitatem
3485 4923 3596 4982 sibi
3627 4923 3699 4982 ad

211 5011 346 5071 ﬁdei
378 5013 689 5086 susciperet
717 5021 1173 5085 sacramentum;
1207 5018 1262 5069 et
1289 5013 1388 5085 qui
1426 5011 1577 5072 lotus
1611 5030 1760 5087 aqua
1801 5031 1913 5071 non
1997 5009 2172 5068 coelos
2193 5018 2459 5083 pararent
2486 5027 2810 5069 ascensum.
2844 5011 2993 5069 Cum
3019 5013 3197 5086 igitur
3221 5030 3322 5087 per
3347 5016 3475 5074 haec
3500 5022 3557 5074 et
3590 5015 3703 5074 alia

215 5100 420 5173 fuerat,
460 5117 564 5161 suo
597 5102 878 5175 sanguine
917 5100 1221 5161 lavaretur.
1264 5101 1308 5158 Ο
1346 5118 1480 5160 vere
1524 5102 1914 5176 spectaculum
1999 5102 2292 5160 benefacta
2345 5102 2459 5161 Deo
2507 5102 2960 5176 hominibusque
3009 5103 3337 5176 placerent;
3391 5106 3574 5166 voluit
3613 5119 3708 5164 eas

1636 5247 1689 5306 J.
1732 5245 2001 5306 CUPEBI
2041 5245 2282 5306 NOTIE.

282 5362 418 5432 (35‘2)
456 5361 588 5419 Hinc
621 5365 819 5432 colligo
856 5360 996 5420 hanc
1029 5366 1398 5419 narrationem
1431 5364 1486 5417 in
1515 5374 1694 5419 annua
1732 5365 1925 5419 harum
2009 5364 2229 5426 seripta,
2264 5362 2350 5416 vel
2382 5360 2666 5418 traditione
2688 5359 2952 5419 duntaxat
2972 5365 3213 5431 accepta.

215 5437 488 5500 virginum
518 5438 801 5491 festivitate
829 5440 1125 5491 institutam
1165 5451 1288 5490 esse
1311 5437 1408 5503 (a).

2070 5435 2204 5499 (354)
2260 5435 2555 5488 Antoninus
2616 5436 2738 5488 Pius
2792 5437 2859 5488 ab
2920 5450 3060 5490 anno
3119 5437 3307 5490 Christi
3381 5435 3468 5489 138
3527 5440 3704 5501 usque

281 5509 414 5574 (353)
447 5509 560 5562 Non
593 5511 916 5574 exprimitur
947 5513 1129 5562 utrum
1164 5509 1281 5560 haec
1325 5509 1548 5562 historia
1591 5511 1719 5561 tunc
1761 5507 1930 5561 fuerit
2009 5505 2076 5559 ad
2117 5505 2196 5555 161
2227 5504 2522 5559 Romanum
2546 5509 2832 5573 imperium
2853 5509 3043 5560 tenuit.

283 5641 364 5706 (α)
403 5640 628 5696 Exstant
650 5645 714 5696 in
740 5645 779 5697 ι.
819 5640 909 5722 VII
928 5643 1060 5697 Julii
1087 5640 1461 5696 Bollandz‘ani.
