4118 6438
450 320 591 389 1027
914 322 975 388 S.
1014 324 1237 387 PETRI
1273 326 1597 389 DAMIANI
1634 328 1795 389 OPP.
1836 329 2030 390 PARS
2071 329 2210 390 SEU
2246 329 2500 392 TOMUS
2538 332 2614 391 II.
2657 363 2724 375 —
2766 330 3225 392 SANCTORUM
3266 328 3487 391 VITIE.
3823 331 3968 394 1028

446 452 733 512 Dominus
766 469 867 526 per
900 453 1320 526 tribulationes,
1347 455 1537 549 veluti
1574 472 1785 514 aurum
1823 473 1926 531 per
1962 455 2160 530 ignem
2184 458 2612 529 Adeservirent,
2671 448 2870 531 utpote
2932 458 3163 519 ancillis
3215 457 3320 517 Dei
3367 457 3472 533 qui
3525 466 3857 549 mqraretur
3900 460 3964 520 in

448 542 708 615 probare,
748 548 813 599 ut
861 557 957 599 eas
1000 542 1155 615 apud
1202 559 1261 600 se
1307 542 1674 615 gloriosiores
1712 546 1978 602 eﬁiceret.
2013 544 2161 602 Cum
2245 546 2428 605 cretis.

450 628 608 686 enim
650 628 801 686 Deus
846 630 1098 703 virgines
1137 637 1361 688 sanctas
1408 632 1624 690 virtute
1666 632 2024 691 fortitudinis
2068 633 2160 689 in-

453 721 776 793 struxisset,
832 722 1022 781 noluit
1054 740 1150 782 eas
1187 724 1384 793 latere,
1425 729 1517 785 sed
1567 728 1629 785 in
1669 743 1937 801 campum
1978 734 2159 785 certa-

451 813 625 872 minis
676 813 957 887 prodire:
1000 820 1066 870 ut
1119 828 1251 886 quas
1302 814 1392 871 sui
1449 816 1703 888 corporis
1756 816 2051 890 passiones
2105 823 2161 873 et

446 901 658 960 diaboli
704 901 1044 959 tentationes
1094 903 1365 971 vicerant,
1417 904 1606 978 ipsum
1651 905 1823 962 etiam
1874 906 2158 964 saeculum

452 998 809 1065 superarent.
829 993 881 1050 A
896 992 1210 1051 levioribus
1229 994 1406 1067 igitur
1422 997 1904 1054 sumensinitium
1918 996 2159 1055 consilio

447 1088 644 1142 sancto
696 1099 822 1153 suo,
861 1084 1149 1158 quomodo
1198 1085 1268 1143 de
1321 1086 1489 1144 malis
1541 1087 1709 1144 etiam
1772 1088 1931 1145 elicit
1984 1088 2154 1156 bona,

449 1177 674 1231 sanctas
714 1172 785 1231 de
823 1174 1056 1244 regione
1101 1189 1207 1231 sua
1253 1173 1499 1231 subduci
1539 1175 1821 1245 permisit,
1864 1182 1929 1233 ut
1965 1185 2020 1233 et
2057 1192 2157 1249 pa-

448 1261 668 1319 tientiae
699 1261 972 1318 meritum
1004 1269 1317 1325 sumerent,
1355 1267 1410 1319 et
1447 1279 1657 1321 nomen
1695 1264 1907 1322 Christi
1946 1266 2160 1323 exteris

446 1350 718 1425 gentibus
736 1349 1088 1420 nuntiarent,
1115 1355 1171 1407 et
1192 1366 1288 1408 eas
1307 1350 1377 1408 ad
1399 1350 1525 1424 ejus
1546 1352 1769 1410 cultum
1787 1354 2154 1410 adducerent.

520 1437 658 1495 Erat
682 1435 967 1510 siquidem
1008 1452 1111 1509 per
1145 1453 1214 1494 ea
1252 1442 1507 1510 tempora
1542 1438 1601 1495 in
1641 1438 1856 1497 Africae
1884 1439 2158 1511 (355-356)

446 1528 709 1603 partibus
750 1543 856 1586 rex
891 1528 1189 1593 barbarus,
1248 1528 1485 1585 nomine
1522 1528 1836 1603 Eugegius,
1889 1528 1989 1604 qui
2045 1529 2159 1586 Bo-

448 1617 639 1676 manis
689 1617 1023 1689 regionibus
1059 1617 1326 1686 infestus,
1367 1632 1461 1675 eas
1500 1618 1845 1692 dep0pu|are
1894 1625 2156 1690 conatus,

445 1704 601 1763 inter
651 1705 909 1778 reliquos
966 1704 1240 1777 captivos,
1302 1705 1558 1777 virgines
1613 1710 1876 1777 sanctas,
1930 1706 2159 1765 volente

2315 636 2589 695 Videntes
2625 637 2804 709 igitur
2848 642 3057 695 sanctae
3096 651 3316 695 sorores
3355 643 3571 696 tantam
3610 638 3712 697 Dei
3759 638 3964 713 provi-

2242 726 2498 785 dentiam
2552 727 2701 785 circa
2751 742 2830 796 se,
2885 741 3000 799 qua
3033 726 3103 783 de
3140 725 3413 799 praedone
3449 732 3752 799 patronum
3789 735 3849 786 et
3885 728 3965 786 de

2242 823 2571 890 corruptore
2616 815 2855 889 pudoris
2909 821 3246 872 assertorem
3292 816 3573 885 effecerat,
3625 822 3680 873 et
3733 816 3962 889 princi-

2242 922 2384 979 pum
2423 906 2642 963 curiam
2684 907 2741 961 in
2785 903 3167 961 monasticum
3198 904 3518 963 claustrum
3547 911 3957 975 commutarat,

2241 992 2508 1050 divinum
2562 992 2875 1049 consilium
2926 991 3244 1059 admiratae,
3294 992 3506 1064 gratias
3557 983 3802 1063 agebant
3855 993 3958 1049 in-

2241 1088 2438 1155 gentes
2476 1082 2743 1140 omnium
2778 1081 3061 1140 bonorum
3099 1081 3319 1140 auctori
3357 1083 3457 1154 qui
3497 1087 3554 1138 et
3589 1082 3651 1139 in
3705 1080 3960 1155 captivi-

2241 1178 2354 1230 tate
2405 1172 2617 1243 positas
2665 1172 2813 1244 apud
2866 1171 3253 1244 alienigenam
3314 1187 3503 1244 regem
3558 1177 3773 1229 tantam
3825 1185 3964 1243 gra-

2243 1264 2379 1320 tiam
2415 1262 2678 1319 invenire
2716 1261 2960 1332 fecisset,
2996 1277 3097 1334 pro
3135 1262 3301 1334 cujus
3339 1262 3739 1321 incolumitate
3772 1261 3961 1319 simul

2242 1356 2297 1407 et
2338 1349 2524 1407 salute
2575 1356 2862 1422 perpetua,
2918 1350 3123 1420 Deum,
3177 1358 3350 1423 prout
3382 1350 3606 1423 justum
3650 1355 3791 1421 erat,
3832 1350 3963 1408 fre-

2243 1443 2486 1511 quenter
2537 1438 2797 1508 orabant,
2845 1454 2921 1495 ne
2963 1453 3078 1511 qua
3127 1439 3313 1496 notari
3360 1444 3589 1512 possent
3638 1439 3962 1512 ingratitu—

2242 1526 2397 1585 dinis
2442 1527 2683 1585 macula.
2737 1527 3039 1585 Formatur
3094 1526 3330 1584 interim
3383 1527 3619 1586 animus
3674 1528 3827 1600 regis
3884 1527 3961 1585 ad

2243 1616 2438 1688 ﬁdem,
2484 1622 2541 1674 et
2587 1616 2649 1673 in
2705 1621 2928 1673 tantum
2976 1631 3177 1674 earum
3233 1615 3409 1675 sacris
3463 1617 3731 1691 precibus
3777 1617 3966 1675 conﬁ-

2241 1704 2427 1773 debat,
2476 1711 2542 1764 ut
2586 1710 2641 1763 et
2693 1704 3055 1776 profecturus
3102 1704 3173 1762 ad
3224 1703 3467 1775 bellum,
3509 1721 3571 1764 se
3607 1705 3691 1763 eis
3725 1706 3960 1765 instan-

439 1794 579 1865 Deo,
606 1794 668 1852 in
697 1809 864 1852 suam
905 1794 1201 1866 regionem
1237 1793 1487 1851 adduxit
1521 1812 1534 1850 :
1571 1810 1718 1868 quas
1745 1810 1879 1853 cum
1905 1795 2157 1869 juvenili
2176 1792 2461 1869 Btissime
2488 1791 2933 1849 commendaret.
2966 1793 3016 1849 A
3052 1792 3270 1864 quibus
3299 1807 3435 1850 cum
3465 1792 3765 1865 juberetur
3794 1791 3956 1851 bono

443 1887 611 1941 atate
648 1887 705 1939 et
740 1880 1175 1955 pulchritudine
1216 1888 1555 1956 praestantes
1592 1882 1835 1956 videret,
1867 1882 1925 1941 in
1957 1899 2158 1942 earum

2240 1880 2436 1939 animo
2460 1896 2602 1951 esse,
2636 1880 2725 1938 vel
2765 1879 2988 1939 audiret
3021 1896 3081 1938 se
3110 1880 3347 1939 domum
3379 1896 3514 1941 cum
3543 1881 3726 1941 salute
3755 1897 3959 1940 rever-

445 1969 667 2029 exarsit
698 1983 973 2026 amorem.
1025 1967 1249 2038 Quibus
1289 1985 1424 2028 cum
1467 1969 1632 2029 cultu
1671 1971 1829 2044 regio
1873 1970 2158 2031 mundum
2233 1984 2487 2039 surum,
2545 1968 2710 2043 quasi
2767 1967 2984 2027 cmlesti
3044 1968 3311 2027 munitus
3362 1968 3634 2040 oraculo,
3689 1970 3957 2031 victoriae

448 2057 793 2117 muliebrem
838 2057 1105 2116 exhiberi
1146 2065 1395 2130 curaret,
1435 2059 1601 2119 Flora
1640 2063 1806 2133 virgo
1844 2061 2158 2135 prudenter

442 2145 750 2205 advertens
795 2146 936 2220 quid
985 2145 1308 2205 intenderet
1352 2148 1657 2219 barbarus,
1716 2150 1798 2209 ait
1849 2150 1921 2209 ad
1974 2166 2151 2209 eum:

447 2234 594 2293 Vide
634 2236 775 2310 quid
814 2236 1011 2294 facias.
1044 2236 1191 2294 Nam
1235 2237 1703 2309 potentissimum
1746 2254 2024 2312 sponsum
2053 2238 2159 2297 ha-

451 2323 676 2395 bemus,
716 2325 820 2397 qui
864 2325 1077 2384 nostris
1117 2325 1354 2398 suisque
1392 2334 1687 2399 permotus
1720 2327 1976 2400 injuriis,
2007 2328 2160 2386 furo-

451 2427 575 2470 rem
615 2427 790 2471 suum
837 2412 1152 2487 exagitabit
1192 2414 1254 2472 in
1305 2420 1378 2472 te.
1425 2404 1847 2474 Furit'auditis
1892 2416 1983 2474 his
2025 2416 2161 2474 bar-

444 2500 658 2569 barus;
713 2507 770 2558 et
823 2501 1109 2575 superbiaa
1157 2501 1411 2561 vanitate
1457 2503 1741 2577 turgidus,
1795 2519 1909 2563 non
1951 2510 2158 2579 putans

446 2590 701 2650 inveniri
730 2606 894 2665 posse
928 2606 1280 2666 quemquam
1310 2591 1414 2666 qui
1462 2592 1523 2651 in
1568 2608 1629 2652 se
1666 2594 1849 2668 possit
1890 2609 2158 2653 exercere

444 2677 783 2752 vindictam,
822 2680 1048 2740 turbata
1086 2688 1279 2741 mente
1316 2688 1373 2740 et
1412 2683 1703 2754 arroganti
1747 2697 1884 2742 voce
1929 2698 2159 2758 respon-

444 2765 535 2825 dit
566 2784 580 2825 :
612 2767 686 2825 Et
727 2767 859 2840 quis
896 2775 980 2826 est
1016 2784 1265 2843 sponsus
1307 2776 1515 2839 vester,
1567 2770 1807 2844 cujusve
1841 2770 2153 2844 potestatis,

449 2861 514 2914 ut
558 2854 804 2928 injurias
842 2859 983 2915 ‘Suas
1028 2858 1123 2917 vel
1173 2864 1392 2918 vestras
1445 2858 1506 2916 in
1555 2874 1649 2917 me
1684 2860 1861 2933 possit
1906 2859 2159 2919 ulcisci?

452 2942 628 3017 Virgo
668 2959 802 3002 vero
843 2944 1077 3004 Domini
1117 2945 1285 3005 Flora
1312 2946 1463 3006 nihil
1491 2948 1782 3021 trepidans
1807 2954 1862 3006 et
1894 2950 2160 3010 femineae

449 3031 777 3104 cogitationi
808 3032 1038 3091 virilem
1071 3034 1340 3094 ﬁduciam
1368 3036 1630 3095 inserens
1656 3060 1669 3094 :
1700 3037 1910 3107 Deum,
1941 3038 2156 3113 inquit,

449 3124 507 3177 et
525 3118 838 3225 Dominum
859 3119 1057 3180 Jesum
1085 3120 1379 3225 Christum
1407 3139 1686 3225 sponsum
1722 3124 2029 3225 habemus,
2055 3130 2155 3200 qui
2175 3166 2217 3225 Ο

450 3205 667 3267 οωΙιιω
722 3212 1052 3284 terramque
1108 3212 1180 3269 de
1228 3211 1418 3271 nihilo
1459 3212 1734 3284 condidit,
1782 3220 1838 3271 et
1885 3216 2157 3275 universa

446 3309 585 3370 quas
630 3295 761 3355 caeli
810 3297 1034 3356 ambitu
1085 3299 1478 3359 continentur.
1534 3301 1641 3359 Cui
1700 3309 1907 3360 cuncta
1961 3304 2157 3363 deser-

2240 2071 2400 2130 spem
2435 2063 2646 2115 certam
2682 2058 3030 2130 concipiens,
3068 2056 3447 2115 descendebat
3484 2058 3545 2116 in
3581 2057 3852 2131 praelium
3899 2066 3960 2119 et

2240 2158 2466 2215 semper
2502 2150 2653 2201 nutu
2690 2142 2794 2201 Dei
2834 2142 3133 2201 victoriam
3172 2143 3510 2216 reportabat.
3554 2140 3798 2214 Quibus
3823 2147 3959 2205 evi-

2239 2231 2594 2290 dentissimis
2630 2246 2829 2289 earum
2878 2229 3060 2304 signis
3101 2231 3419 2290 sanctitatis
3468 2248 3572 2292 rex
3619 2232 3959 2306 intelligens

2239 2334 2342 2394 per
2394 2334 2594 2377 earum
2640 2334 2702 2377 se
2747 2334 2943 2391 preces
2990 2334 3114 2377 esse
3155 2325 3474 2393 protectum
3519 2336 3553 2378 a
3596 2320 3736 2393 Deo,
3779 2327 3837 2378 et
3887 2322 3953 2380 in

2241 2407 2464 2467 cunctis
2498 2408 2737 2481 agendis
2769 2407 3055 2482 adjutum,
3092 2409 3296 2482 majori
3335 2408 3593 2483 virgines
3628 2425 3948 2485 proseque-

2240 2497 2410 2561 batur
2452 2497 2689 2568 honore,
2739 2502 2795 2555 et
2846 2490 3005 2556 velut
3052 2504 3263 2557 matres
3304 2496 3569 2571 habebat,
3607 2498 3846 2559 beatum
3891 2516 3955 2559 se

2236 2587 2505 2661 judicans
2558 2593 2612 2644 et
2662 2602 2907 2659 regnum
2952 2602 3126 2648 suum
3185 2586 3345 2660 (357),
3398 2587 3553 2661 quod
3603 2588 3955 2651 ancillarum

2243 2676 2451 2737 Christi
2495 2676 2892 2750 protegebatur
2928 2676 3151 2736 meritis
3187 2685 3243 2737 et
3278 2678 3545 2751 precibus
3582 2678 3949 2747 ﬁrmabatur.

2919 2821 3161 2881 CAPUT
3193 2821 3268 2882 ΙΙ.

2246 2886 2539 2991 Virginum
2582 2939 2609 2977 e
2645 2927 2967 2995 captivitate
3019 2925 3290 2988 liberatio,
3344 2924 3555 2979 reditus
3599 2923 3674 2978 ad
3720 2925 3953 2980 Romam

2549 3016 2599 3067 et
2626 3015 2953 3081 martyrium
2984 3030 3095 3067 una
3131 3029 3250 3068 cum
3278 3029 3374 3067 suo
3401 3018 3640 3084 raptore.

2316 3118 2657 3193 Virginibus
2694 3122 2873 3195 igitur
2910 3124 3121 3181 sanctis
3157 3124 3221 3181 in
3262 3123 3533 3183 Africana
3571 3123 3805 3196 regione
3843 3125 3957 3185 sub

2242 3210 2498 3285 Eugegio
2564 3228 2712 3285 rege,
2774 3214 3037 3288 religiose
3099 3220 3408 3289 sancteque
3468 3214 3830 3289 degentibus,
3900 3223 3956 3275 et

2240 3314 2370 3372 rege
2391 3300 2629 3373 jugibus
2658 3300 2790 3358 illas
2814 3302 3107 3375 obsequiis
3138 3308 3193 3359 ct
3216 3302 3517 3361 beneﬁciis
3547 3308 3953 3376 prosequente,

452 3383 640 3455 viunt,
689 3386 783 3444 cui
826 3387 975 3445 nihil
1022 3394 1204 3461 potest
1248 3404 1373 3446 esse
1407 3388 1678 3459 difﬁcile;
1726 3391 1867 3450 huic
1909 3391 2158 3452 Domino
2231 3389 2355 3462 jam
2392 3403 2583 3446 annus
2620 3389 2939 3461 vigesimus
2976 3390 3269 3463 agebatur,
3316 3407 3391 3448 ex
3442 3406 3558 3463 quo
3608 3392 3835 3450 fuerant
3878 3391 3954 3448 de

448 3472 570 3532 Deo
610 3489 715 3532 nos
748 3474 901 3548 ipsas
933 3476 1375 3549 spopondimus,
1408 3477 1547 3535 huic
1583 3478 1953 3539 immaculato
1988 3482 2157 3539 corde

450 3570 508 3623 et
534 3578 767 3637 corpore
798 3565 1100 3625 servimus.
1131 3566 1294 3635 Quod
1332 3566 1557 3635 violari,
1587 3569 1740 3641 quod
1771 3570 1971 3642 pollui,
2003 3572 2152 3645 quod

452 3657 569 3711 tute
588 3652 818 3712 libidini
841 3653 1127 3713 deservire
1148 3653 1503 3729 503,quam
1526 3657 1833 3728 absonum,
1855 3675 2031 3733 quam
2050 3661 2159 3717 im-

444 3739 633 3814 pium,
667 3758 961 3816 quamque
998 3744 1071 3802 sit
1108 3744 1468 3817 impossibile
1515 3747 1724 3805 videas.
1762 3748 1962 3822 Neque
1998 3750 2153 3807 enim

446 3837 609 3904 potes
643 3832 985 3905 persuadere
1024 3834 1150 3905 tibi,
1190 3837 1239 3893 si
1278 3836 1560 3910 templum
1600 3837 1725 3909 Dei,
1766 3840 1918 3912 quod
1947 3855 2155 3899 sumus

452 3936 578 3993 nos,
622 3922 840 3982 violare
884 3927 1232 3997 tractaveris,
1284 3932 1339 3984 te
1384 3927 1627 4002 impune
1680 3930 1899 3988 iturum
1942 3934 1992 3998 (Ι
2032 3934 2150 3989 Cor.

438 4023 530 4082 tm,
606 4017 723 4083 VI);
798 4014 897 4072 sed
961 4022 1113 4073 certo
1185 4016 1395 4075 certius
1470 4018 1570 4076 tibi
1637 4020 1983 4091 persuadere
2053 4020 2155 4079 de-

448 4099 551 4159 bes
588 4105 644 4158 te
680 4101 945 4174 protinus
973 4103 1428 4176 disperdendum
1456 4106 1530 4165 ab
1557 4122 1623 4165 eo
1649 4124 1821 4180 quem
1853 4109 1913 4165 in
1946 4111 2156 4168 nostris

450 4187 683 4247 lacessis
735 4190 985 4264 injuriis.
1048 4192 1154 4251 His
1219 4195 1470 4265 auditis,
1536 4194 1956 4257 invictissimus
2018 4216 2155 4272 rex,

451 4280 665 4333 tantam
719 4276 953 4336 feminas
998 4280 1239 4339 miratus
1287 4287 1688 4358 constantiam,
1734 4288 2062 4346 facundiam
2104 4296 2157 4347 et

444 4363 721 4423 castitatis
764 4380 1039 4437 amorem,
1082 4368 1314 4428 Domini
1358 4379 1503 4430 nutu
1554 4380 1812 4446 terretur,
1856 4383 1910 4434 et
1961 4377 2155 4450 impu-

449 4464 580 4510 rum
633 4451 921 4524 affectum,
974 4469 1091 4529 quo
1142 4455 1467 4531 virginibus
1516 4467 1783 4534 stuprum
1836 4471 2151 4537 paraverat,

432 4542 509 4600 -in
549 4541 889 4616 religionem
927 4526 1307 4617 commutatis,
1357 4548 1543 4607 Deum
1597 4526 1893 4610 summum
1942 4560 1995 4610 et
2053 4526 2221 4612 veLD

446 4649 579 4692 rum
654 4633 716 4691 in
781 4649 980 4692 earum
1049 4637 1371 4709 pectoribus
1441 4650 1786 4713 veneratur;
1849 4644 2159 4718 statimque

441 4721 616 4796 jussit
657 4723 744 4781 eis
785 4729 1067 4783 secretum
1119 4733 1173 4784 et
1224 4736 1490 4787 ornatum
1550 4730 1882 4790 cubiculum
1937 4749 2157 4807 praepa-

449 4812 586 4884 rari,
632 4814 707 4871 ad
747 4815 900 4889 quod
944 4816 1092 4874 nulli
1137 4816 1393 4876 virorum
1447 4828 1661 4893 pateret
1702 4822 2017 4896 ingressus,
2060 4827 2157 4883 sed

448 4899 587 4959 solis
625 4901 971 4975 virginibus,
1014 4920 1158 4979 quas
1202 4914 1469 4979 perpetuo
1518 4916 1844 4968 sanctarum
1883 4913 2159 4988 obsequio

446 4988 825 5048 dedicaverat.
879 4992 1101 5061 Quibus
1152 4994 1322 5052 etiam
1378 4997 1673 5054 mandavit
1720 5005 1784 5055 ut
1835 5000 1908 5057 ab
1956 5017 2155 5059 earum

447 5076 765 5138 ministerio
795 5095 911 5139 non
940 5082 1287 5156 recederent,
1319 5084 1416 5141 sed
1454 5085 1537 5144 eis
1575 5101 1801 5145 summa
1834 5090 2155 5147 reverentia

2239 3492 2342 3535 sua
2382 3476 2609 3551 propria
2644 3477 2873 3535 civitate
2910 3478 3230 3550 captivatte.
3288 3477 3421 3536 Post
3468 3480 3619 3552 quod
3668 3479 3952 3552 temporis

2238 3566 2506 3637 spatium,
2564 3566 2764 3624 volens
2816 3568 3100 3634 Dominus
3143 3569 3310 3627 Jesus
3360 3567 3724 3626 fidelissimae
3780 3583 3955 3641 spon-

2238 3671 2329 3714 sas
2369 3654 2514 3711 504
2550 3673 2683 3716 suas
2720 3657 2791 3715 de
2833 3657 3029 3716 saeculi
3077 3655 3373 3732 prmsentis
3410 3673 3610 3717 eruere
3658 3657 3951 3717 laborioso

2236 3744 2567 3816 certamine,
2613 3752 2669 3803 et
2714 3746 2773 3803 in
2824 3747 3014 3820 ipsum
3055 3746 3345 3805 cmlestem
3397 3747 3720 3804 thalamum
3759 3746 3952 3805 intro-

2235 3836 2466 3905 ducere,
2494 3843 2551 3894 et
2578 3836 2764 3895 sciens
2792 3837 2923 3895 illas
2944 3838 3012 3895 ad
3047 3839 3387 3913 martyrium
3419 3837 3793 3895 subeundum
3821 3852 3953 3897 asc

2236 3923 2714 3997 promptissimas,
2751 3924 2941 3982 noluit
2977 3942 3073 3983 eas
3110 3925 3437 3983 domesticis
3469 3931 3693 3987 tantum
3728 3923 3948 3993 trium-

2238 4012 2369 4086 phis
2410 4013 2639 4083 ornari;
2698 4029 2901 4072 verum
2943 4014 3006 4072 in
3047 4031 3316 4089 campum
3363 4014 3613 4087 prodire,
3664 4021 3721 4071 et
3772 4019 3951 4075 aucto

2239 4103 2550 4161 certamine
2588 4102 2896 4176 gloriosam
2933 4105 3112 4163 vitam
3152 4104 3389 4179 gloriosi
3429 4103 3689 4177 martyrii
3735 4104 3949 4165 trium-

2242 4194 2356 4265 pho
2386 4194 2573 4252 linire.
2607 4194 2735 4253 Non
2771 4195 2928 4252 enim
2966 4197 3174 4255 frustm
3214 4213 3317 4254 rex
3347 4202 3538 4255 noster
3569 4195 3783 4253 milites
3811 4209 3953 4254 suos

2241 4283 2572 4342 fortissimis
2619 4285 2797 4343 armis
2843 4284 3107 4359 accingit,
3158 4286 3309 4361 quod
3366 4286 3618 4360 profecto
3672 4293 3809 4349 tunc
3860 4286 3952 4344 fa-

2240 4380 2411 4445 ceret,
2450 4375 2501 4433 si
2540 4390 2685 4450 quos
2717 4375 2789 4434 ad
2829 4377 3177 4451 martyrium
3214 4376 3524 4447 roboraret,
3567 4383 3622 4434 et
3657 4382 3951 4435 certamen

2236 4478 2355 4522 non
2393 4472 2725 4538 opponeret,
2767 4473 2823 4523 et
2860 4473 3081 4525 natura:
3117 4467 3329 4525 sineret
3356 4468 3417 4526 in
3453 4482 3585 4540 pace
3614 4465 3947 4527 concedere.

2311 4553 2582 4627 Sponsus
2604 4556 2782 4629 igitur
2818 4572 2960 4615 suus
2998 4557 3105 4615 sub
3143 4559 3502 4630 intempestae
3537 4556 3723 4615 noctis
3765 4557 3952 4617 silen-

2240 4646 2318 4702 tio
2343 4660 2444 4717 per
2469 4645 2753 4703 visionem
2784 4653 3037 4719 apparet,
3062 4654 3119 4705 et
3144 4664 3238 4707 eas
3264 4648 3353 4705 his
3375 4646 3566 4707 verbis
3590 4646 3947 4719 alloquitur:

2238 4733 2473 4790 Dilectae
2517 4748 2763 4805 sponsaa,
2806 4734 3026 4793 nullam
3068 4736 3220 4795 ultra
3260 4751 3481 4795 moram
3519 4736 3578 4794 in
3624 4735 3717 4793 his
3757 4735 3958 4810 regio-

2238 4822 2418 4880 nibus
2448 4822 2633 4893 facite,
2667 4824 2763 4882 sed
2805 4833 3101 4896 surgentes
3136 4827 3207 4885 ad
3240 4828 3485 4900 patriam
3524 4832 3779 4885 vestram
3817 4825 3949 4885 red-

2240 4912 2334 4981 ite,
2398 4912 2498 4970 ubi
2558 4928 2660 4972 vos
2709 4920 2927 4987 oportet
2977 4931 3077 4989 per
3130 4918 3475 4991 martyrium
3530 4917 3945 4976 consummari.

2237 5000 2465 5069 Quibus
2504 5002 2741 5075 auditis,
2792 5006 3047 5078 virgines
3082 5007 3297 5079 gavisae
3332 5007 3541 5080 gaudio
3581 5022 3791 5080 magno
3845 5022 3948 5078 pro

2237 5096 2395 5149 tanto
2445 5093 2654 5151 nuntio
2705 5100 2760 5151 et
2803 5094 3083 5155 beneﬁcio
3137 5113 3346 5171 sponso
3399 5098 3623 5157 Christo
3682 5112 3946 5157 summas

1866 5309 1918 5381 J.
1961 5312 2233 5380 CUPERI
2272 5311 2511 5380 NOTzE.

512 5483 768 5565 (355-356)
820 5493 989 5565 Patria
1036 5492 1203 5558 hujus
1246 5493 1424 5558 reguli
1460 5495 1517 5548 in
1552 5495 1725 5550 tribus
1759 5500 2151 5565 manuscriptis

447 5562 689 5614 actorum
717 5564 1046 5629 apographts
1083 5566 1290 5618 siletur.

509 5630 644 5697 (357)
701 5635 792 5686 Hic
838 5635 969 5688 ditio
1014 5637 1174 5690 istius
1222 5638 1463 5703 dynastm
1501 5643 1723 5695 vocatur
1762 5653 2007 5706 regnum,
2050 5643 2154 5694 etsi

2235 5500 2398 5554 Diuus
2420 5513 2490 5554 ex
2515 5503 2653 5555 actis
2671 5500 2899 5558 Aretinis
2919 5502 2987 5557 ob
3011 5517 3131 5557 eam
3151 5516 3343 5560 vocem
3362 5508 3625 5565 omissam
3644 5517 3948 5570 argumen-

2233 5574 2393 5636 tetur,
2427 5576 2480 5625 et
2507 5585 2704 5627 nomen
2735 5576 2886 5640 regis
2909 5577 3136 5640 mitiget.
