4118 6446
179 329 325 406 1029

1307 339 1569 408 PASSIO
1609 346 1712 407 SS.
1754 343 2021 406 FLORIE
2060 346 2157 404 ET
2196 341 2565 406 LUCILL/‘E.

3553 342 3690 412 1030

176 476 396 548 gratias
437 481 702 562 egerunt,
729 479 785 536 et
823 491 993 535 mane
1041 492 1144 536 suo
1192 478 1434 551 principi
1485 477 2171 544 narraverunt,Aearum
2222 475 2594 532 constantiam
2645 473 3006 544 admirante,
3059 489 3091 531 a
3150 473 3451 534 lictoribus
3505 479 3690 551 capite

179 571 452 637 rogantes
499 567 561 620 ut
607 562 716 620 sibi
763 563 957 622 liceret
991 565 1062 622 ad
1111 565 1374 638 patriam,
1403 567 1722 623 secundum
1769 583 1898 623 ora-

179 652 382 711 culum
444 651 516 708 ad
570 667 629 709 se
682 653 897 710 factum
958 652 1029 710 ad
1082 653 1331 726 palmam
1388 654 1647 728 martyrii
1695 669 1898 712 conse-

179 739 500 816 quendam,
549 740 753 798 redire.
806 742 971 800 Tunc
1026 757 1161 799 vero
1223 743 1348 799 haec
1401 744 1645 800 audiens
1695 758 1794 799 rex
1845 752 1899 801 et

180 830 546 903 perpendens
575 829 823 903 impium
863 830 1040 888 simul
1080 837 1135 888 et
1169 831 1522 904 impossibile
1560 831 1777 889 divinis
1807 847 1898 888 re-

182 917 398 987 fragari
436 919 750 992 praeceptis,
785 923 836 974 et
876 918 990 976 alta
1027 921 1488 978 consideratione
1527 928 1893 993 pertractans,

178 1012 422 1064 eatenus
451 1022 510 1064 se
558 1022 658 1080 per
689 1007 1053 1079 praesentiam
1092 1009 1390 1081 virginum
1421 1009 1476 1065 in
1517 1008 1687 1066 rebus
1728 1008 1898 1065 belli-

178 1095 264 1152 cis
293 1111 409 1153 non
451 1096 619 1153 modo
658 1101 949 1154 servatum
978 1112 1120 1164 esse,
1153 1097 1250 1154 sed
1290 1102 1548 1166 auctum,
1579 1103 1634 1154 et
1662 1112 1761 1169 per
1802 1112 1898 1155 eas

181 1181 248 1239 in
287 1183 562 1240 omnibus
599 1182 915 1255 gloriosum
968 1184 1255 1252 effectum,
1296 1200 1397 1257 per
1441 1201 1641 1243 earum
1686 1186 1897 1244 absen-

183 1271 323 1329 tiam
345 1271 456 1329 sibi
484 1272 870 1346 vitaequesuze
898 1272 1104 1330 timens
1121 1275 1390 1344 exitium,
1417 1274 1670 1333 decrevit
1694 1291 1896 1334 earum

183 1360 490 1419 itineribus
547 1361 814 1418 comitem
873 1378 932 1420 se
996 1361 1265 1432 tribuere,
1297 1370 1350 1421 et
1403 1363 1549 1422 dixit
1597 1364 1669 1421 ad
1723 1381 1818 1423 eas
1878 1390 1890 1424 :

184 1447 665 1522 Quandoquidem
707 1449 870 1508 vobis
924 1449 1309 1508 recedendum
1367 1457 1451 1508 est
1501 1458 1556 1509 et
1605 1451 1896 1524 integrum

187 1537 336 1595 mihi
379 1553 496 1595 non
532 1537 606 1596 sit
649 1544 776 1611 post
813 1545 1070 1597 vestrum
1111 1539 1427 1598 discessum
1463 1540 1524 1598 in
1571 1542 1662 1599 his
1712 1541 1899 1615 regio-

191 1625 366 1683 nibus
423 1627 718 1697 remorari,
765 1627 813 1685 si
858 1629 1209 1702 permittitis,
1253 1631 1483 1688 veniam
1536 1636 1589 1688 et
1633 1631 1755 1703 ipse
1805 1646 1900 1688 vo—

188 1715 435 1773 biscum.
465 1714 853 1775 Innuentibus
887 1725 1080 1776 autem
1115 1719 1198 1776 eis
1244 1726 1299 1777 et
1337 1719 1396 1777 id
1447 1719 1572 1776 ﬁeri
1617 1720 1900 1792 cupienti-

1982 563 2190 636 plexae,
2223 561 2478 636 martyrii
2516 580 2786 621 coronam
2817 563 3034 636 adeptae
3066 572 3220 622 sunt.

2054 652 2185 709 Post
2217 668 2464 724 quarum
2503 667 2827 720 excessum,
2856 653 3060 710 videns
3091 653 3384 727 Eugegius
3423 671 3527 713 rex
3557 655 3690 714 Flo-

1981 758 2104 799 ram
2138 749 2192 797 et
2232 741 2516 800 Lucillam
2546 749 2753 798 matres
2792 758 2925 798 suas
2953 748 3007 799 et
3032 743 3299 800 dominas
3330 758 3432 815 per
3470 750 3689 802 tantam

1981 829 2357 888 constantiam
2395 837 2691 888 coronatas
2734 846 2793 886 se
2832 830 3198 902 superstitem
3241 831 3560 904 reliquisse,
3595 849 3693 890 ar-

1980 919 2123 975 dens
2170 934 2364 976 amore
2418 918 2696 992 martyrii,
2743 919 2911 991 cujus
2967 919 3023 974 in
3076 934 3222 976 sexu
3275 920 3526 978 femineo
3567 921 3690 995 jam

1979 1007 2245 1080 exempla
2290 1012 2697 1080 processerant,
2741 1007 3006 1080 praefecto
3041 1007 3193 1066 ultro
3235 1025 3306 1065 se.
3339 1008 3569 1079 obtulit,
3600 1008 3688 1067 di-

1980 1111 2115 1154 cens
2153 1120 2164 1152 :
2211 1095 2278 1152 Et
2308 1111 2399 1152 me
2426 1097 2616 1167 ipsum
2643 1111 2776 1153 cum
2807 1094 2889 1151 eis
2917 1095 3157 1167 depone,
3192 1096 3468 1170 quoniam
3501 1098 3690 1156 ambae

1981 1184 2233 1242 dominae
2264 1198 2405 1240 meae
2452 1189 2606 1254 sunt,
2638 1189 2692 1240 et
2736 1189 2858 1255 post
2900 1198 3100 1240 earum
3140 1180 3442 1242 excessum
3490 1185 3688 1242 vivere

1981 1287 2182 1330 renuo.
2221 1270 2607 1344 Interrogatus
2653 1279 2844 1330 autem
2882 1271 3014 1345 quis
3059 1277 3226 1342 esset,
3261 1287 3470 1328 nomen
3520 1272 3694 1334 edicit

1980 1366 2035 1419 et
2059 1359 2324 1433 patriam,
2358 1358 2650 1431 virginum
2684 1375 2916 1432 quoque
2945 1365 2999 1416 et
3037 1375 3199 1417 suam
3235 1375 3468 1418 omnem
3507 1360 3691 1418 histo-

1981 1450 2128 1508 riam
2171 1447 2518 1517 manifestat,
2544 1448 2819 1521 adjiciens
2855 1464 2914 1505 se
2950 1464 3048 1520 pro
3088 1450 3323 1506 nomine
3354 1449 3492 1508 Jesu
3520 1447 3691 1507 Chri-

1980 1535 2053 1593 sti
2113 1542 2355 1593 mortem
2400 1541 2684 1609 appetere.
2750 1536 3110 1593 Betractabat
3166 1535 3372 1593 Helius
3417 1541 3473 1593 et
3523 1550 3690 1594 revo-

1981 1625 2144 1684 cabat
2169 1627 2227 1683 in
2255 1626 2504 1684 dubium
2535 1627 2686 1700 quod
2723 1627 2835 1694 hic,
2865 1625 2968 1699 qui
2999 1625 3365 1683 Christianus
3397 1640 3516 1682 non
3547 1631 3689 1694 erat,

1983 1717 2154 1775 vellet
2199 1732 2300 1790 pro
2331 1716 2555 1775 Christo
2590 1717 2850 1790 defungi.
2885 1717 2991 1774 Cui
3026 1731 3129 1773 rex
3160 1716 3456 1788 Eugegius
3488 1715 3642 1774 dixit
3673 1733 3686 1772 :

188 1803 320 1874 bus,
352 1807 404 1862 et
439 1804 824 1865 asserentibus
862 1807 1100 1881 insuper
1150 1807 1342 1881 ipsum
1379 1807 1705 1867 Christiano
1743 1808 1901 1881 gregi
1927 1804 2204 1887 BEﬁ'usio
2235 1803 2349 1860 mei
2383 1803 2687 1876 sanguinis
2736 1819 2828 1859 me
2874 1801 3085 1860 Christi
3140 1803 3420 1862 cultorem
3463 1805 3692 1876 efﬁciet,

188 1901 345 1952 certo
395 1894 605 1952 certius
661 1896 1108 1968 aggregandum,
1158 1896 1326 1970 quasi
1379 1896 1577 1954 divino
1630 1912 1902 1970 responso

187 1985 502 2054 permotus,
536 1995 730 2054 regno,
766 1981 922 2053 ﬁliis,
956 1988 1010 2040 et
1048 1999 1232 2041 uxore
1271 1982 1526 2044 dimissa.
1563 1983 1905 2042 ancillarum

187 2068 403 2127 Christi
459 2083 649 2127 comes
702 2069 969 2142 efﬁcitur,
1011 2077 1066 2128 et
1108 2071 1209 2144 qui
1250 2071 1371 2143 jam
1418 2072 1666 2142 virgines
1712 2071 1907 2129 barba-

189 2158 310 2216 rico
361 2158 554 2216 furore
606 2159 676 2217 de
717 2159 1050 2233 regionibus
1099 2175 1301 2218 earum
1350 2158 1690 2230 abduxerat,
1738 2160 1906 2232 quasi

188 2253 351 2320 pater
400 2247 836 2305 amantissimus
898 2248 1224 2306 reducebat.
1279 2248 1438 2307 Inter
1490 2257 1804 2323 utrumque
1855 2249 1904 2308 si

187 2335 469 2401 'conferas,
527 2337 906 2394 mutationem
978 2337 1194 2396 divinae
1265 2337 1519 2398 dextera)
1579 2340 1900 2398 contueris.

188 2420 278 2482 Ibi
305 2423 462 2480 enim
491 2423 818 2497 Eugegium
840 2424 1044 2499 lupum
1073 2425 1493 2485 ferocissimum
1525 2428 1776 2496 invenis,
1811 2428 1904 2485 hic

194 2511 735 2570 mansuetissimum
787 2528 1026 2586 agnum.
1073 2514 1280 2571 Aliena
1331 2521 1468 2572 tunc
1520 2531 1734 2589 rapere,
1780 2516 1902 2573 vir-

189 2598 494 2672 ginitatem
560 2617 948 2676 corrumpere,
1011 2603 1343 2661 innocentes
1404 2604 1659 2662 occidere
1731 2619 1902 2662 cona-

190 2689 395 2758 batur;
451 2697 508 2748 at
563 2707 717 2749 nunc
764 2707 867 2750 sua
919 2708 1021 2764 pro
1074 2692 1259 2751 nihilo
1313 2692 1510 2763 ducit,
1566 2694 1903 2767 pudicitiam

190 2779 414 2847 asserit,
460 2794 562 2853 pro
609 2779 834 2839 Christo
885 2779 1034 2839 mori
1081 2781 1361 2840 desiderat
1404 2789 1576 2856 atque
1611 2784 1682 2841 ad
1724 2785 1902 2841 vitam

190 2866 517 2939 ponendam
583 2882 684 2939 pro
753 2867 977 2927 Christo
1033 2885 1136 2928 sua
1193 2877 1391 2942 sponte
1443 2870 1513 2928 de
1568 2871 1903 2945 longinquis

195 2953 530 3026 regionibus
565 2956 830 3014 occurrit.
869 2955 1152 3016 Mirentur
1192 2959 1311 3016 haec
1348 2959 1592 3032 gentiles
1629 2966 1684 3017 et
1716 2960 1904 3018 incre-

190 3043 358 3113 duli;
393 3045 677 3103 mirentur
712 3047 1030 3104 nescientes
1068 3047 1253 3105 Deum
1281 3048 1338 3105 in
1383 3049 1594 3107 sanctis
1623 3050 1744 3108 suis
1782 3067 1903 3109 esse

193 3131 516 3190 mirabilem
568 3136 734 3203 (Psal.
778 3134 978 3203 van),
1015 3134 1162 3192 sicut
1204 3135 1427 3207 praefati
1481 3152 1687 3196 sumus
1738 3137 1898 3205 (358).

195 3217 309 3278 Nos
339 3220 498 3278 enim
520 3222 853 3293 hujusmodi
877 3238 992 3280 non
1012 3221 1230 3292 mirari,
1260 3223 1357 3281 sed
1383 3239 1578 3284 amare
1599 3223 1897 3298 debemus,

193 3305 464 3368 fidelibus
491 3309 689 3367 omnia
719 3311 962 3368 scientes
989 3309 1303 3382 possibilia.

267 3398 692 3473 Imperantibus
735 3399 912 3472 igitur
963 3399 1164 3458 Roma:
1216 3400 1292 3458 M.
1344 3402 1598 3461 Antonio
1647 3403 1793 3462 Vero
1849 3411 1904 3462 et

191 3485 507 3547 Commodo
537 3487 774 3547 Aurelio
806 3490 974 3559 (359),
1005 3505 1160 3546 anno
1190 3490 1407 3548 scilicet
1438 3490 1672 3550 Domini
1711 3502 1900 3552 cente-

196 3577 343 3636 simo
382 3577 728 3652 octogesimo
768 3577 857 3636 vel
910 3578 1076 3643 circa,
1111 3583 1322 3635 sancta
1356 3579 1610 3651 virgines
1652 3581 1819 3640 Flora
1847 3590 1902 3641 et

196 3665 422 3724 Lucilla
452 3682 692 3737 sorores,
725 3683 860 3724 cum
891 3665 1144 3739 Eugegio
1179 3681 1308 3738 rege
1341 3668 1412 3724 ad
1433 3669 1779 3743 martyrium
1812 3688 1904 3730 su-

196 3754 561 3827 scipiendum
593 3772 691 3828 pro
721 3756 945 3814 Christo
980 3757 1180 3814 urbem
1213 3753 1454 3814 Romam
1489 3759 1786 3826 intrantes,
1820 3761 1903 3817 in-

197 3843 461 3914 veniunt,
493 3843 638 3898 505
675 3854 878 3916 agente
915 3848 1180 3918 prmfecto
1222 3848 1403 3919 urbis,
1447 3848 1614 3907 Helio
1645 3848 1900 3919 nomine,

197 3934 450 3993 furorem
471 3936 777 4008 gentilium
798 3947 994 3996 contra
1008 3940 1379 4000 Christicolas
1401 3941 1701 3999 desaevire.
1720 3939 1903 4010 Quem

195 4023 315 4082 illae
344 4025 584 4083 minime
614 4029 812 4085 veritae
842 4029 1027 4101 palam
1057 4046 1116 4088 se
1137 4032 1530 4099 ostenderunt,
1561 4038 1614 4089 et
1643 4047 1675 4089 a
1697 4031 1907 4089 satelli-

195 4113 348 4174 tibus
369 4117 817 4189 comprehensae,
837 4118 1101 4190 praefecto
1123 4119 1282 4177 urbis
1295 4119 1463 4177 Helio
1491 4120 1638 4189 (360)
1653 4137 1906 4192 praesen-

1987 1892 2090 1965 qui
2127 1906 2220 1948 me
2256 1907 2289 1948 a
2327 1904 2430 1949 sua
2459 1891 2641 1964 gratia
2681 1891 2937 1948 alienum
2970 1905 3086 1948 non
3123 1890 3313 1950 ducet.
3357 1891 3490 1950 Post
3513 1907 3690 1964 quam

1988 1981 2124 2038 ﬁdei
2161 1981 2577 2039 confessionem
2612 1981 2700 2039 vir
2737 1981 3087 2039 venerabilis
3106 1981 3275 2055 jussu
3311 1982 3561 2055 praefecti
3591 1998 3690 2042 ca-

1986 2069 2103 2143 pite
2155 2077 2470 2129 truncatur.
2511 2071 2605 2130 Sic
2634 2071 2890 2144 virgines
2935 2070 3224 2144 gloriosae,
3253 2071 3422 2130 Flora
3465 2077 3521 2130 et
3567 2071 3689 2132 Lu-

1988 2157 2142 2228 cilla,
2192 2173 2328 2216 cum
2375 2159 2630 2232 Eugegio
2689 2175 2820 2234 rege
2871 2160 3072 2233 capitis
3145 2161 3583 2220 obtruncatione
3635 2169 3690 2221 et

1987 2256 2169 2305 morte
2199 2247 2687 2306 immortalitatem
2724 2248 3117 2322 acquisierunt
3153 2261 3216 2307 IV
3245 2249 3373 2307 Kal.
3415 2251 3690 2324 Augusti,

1985 2351 2131 2411 quas
2168 2338 2239 2395 ad
2285 2337 2606 2396 thalamum
2655 2338 2870 2396 summi
2919 2339 3124 2411 Sponsi
3172 2341 3408 2420 spiritus
3447 2341 3691 2413 angelici

1985 2425 2385 2496 deduxerunt;
2435 2441 2605 2498 quem
2644 2426 2785 2484 dum
2817 2427 3102 2500 viverent,
3136 2435 3192 2486 et
3236 2430 3299 2487 in
3341 2435 3542 2500 morte,
3574 2435 3688 2488 toto

1986 2514 2197 2572 mentis
2263 2514 2468 2572 affectu
2536 2519 2708 2588 atque
2763 2531 2957 2573 amore
3011 2524 3325 2588 prosecutae
3373 2525 3528 2590 sunt,
3588 2533 3692 2592 pro

1985 2618 2100 2678 quo
2144 2602 2396 2673 divitias,
2446 2603 2788 2676 voluptates,
2833 2604 3079 2662 honores
3135 2611 3189 2662 et
3247 2606 3425 2664 vitam
3481 2608 3686 2680 ipsam,

1984 2708 2097 2766 qua
2145 2692 2293 2750 nihil
2345 2692 2569 2750 homini
2620 2694 2869 2764 charius,
2913 2694 3297 2754 libentissime
3340 2703 3690 2771 contempse-

1987 2785 2139 2837 runt.
2189 2780 2257 2838 In
2297 2796 2414 2854 quo
2464 2781 2826 2853 quiescentes
2867 2789 2923 2840 et
2985 2783 3164 2842 beataa
3204 2800 3306 2857 pro
3350 2784 3686 2843 voluntaria

1985 2877 2315 2944 paupertate
2367 2871 2798 2931 inaestimabiles
2847 2880 2901 2931 et
2935 2889 3098 2931 veras
3135 2874 3370 2932 divitias
3401 2874 3690 2948 acquisie-

1987 2968 2158 3031 runt;
2211 2978 2313 3035 pro
2356 2962 2769 3036 temporalibus
2812 2965 3070 3037 jejuniis.
3126 2970 3340 3022 aeterna
3381 2965 3682 3038 convivia;

1987 3066 2088 3124 pro
2107 3057 2437 3123 contemptu
2469 3051 2730 3123 pruritus
2760 3052 3085 3123 foedissimi,
3106 3053 3462 3112 honestatem
3483 3059 3538 3112 et
3559 3070 3690 3127 per-

1988 3143 2189 3212 petuas
2234 3138 2584 3211 voluptates;
2619 3155 2722 3212 pro
2751 3139 3014 3198 ridiculis
3057 3146 3112 3198 et
3147 3142 3472 3214 puerilibus
3509 3143 3683 3218 hujus

1988 3230 2145 3297 vitae,
2177 3245 2358 3295 veros,
2398 3229 2610 3287 solidos
2647 3239 2701 3288 et
2747 3232 3124 3304 sempiternos
3177 3235 3459 3304 honores;
3506 3241 3561 3292 et
3584 3251 3688 3308 pro

1988 3326 2391 3375 momentanea
2430 3318 2754 3391 fragilique,
2796 3322 2972 3378 vitam
3019 3337 3280 3380 meruere
3327 3330 3680 3396 perpetuam.

2652 3408 2895 3466 CAPUT
2926 3408 3028 3466 III.

2161 3501 2482 3556 Sanctorum
2509 3518 2788 3572 corporum
2812 3505 3095 3573 sepultura
3118 3507 3167 3557 et
3196 3504 3506 3558 translatio.

2055 3588 2300 3663 Corpora
2345 3606 2479 3648 vero
2528 3605 2727 3648 eorum
2780 3607 2812 3648 a
2862 3589 3127 3648 ﬁdelibus
3177 3589 3409 3648 collecta
3459 3597 3592 3648 sunt
3638 3596 3694 3649 et

1985 3673 2308 3734 Christiana
2384 3677 2589 3750 pietate
2669 3678 2891 3751 sepulta
2941 3678 3002 3734 in
3057 3678 3391 3736 suburbano
3446 3679 3693 3737 civitatis

1987 3764 2263 3824 Ostiensis
2294 3811 2308 3836 ,
2372 3767 2472 3825 ubi
2515 3768 2862 3840 quieverunt
2909 3783 3094 3826 annos
3144 3765 3288 3822 506
3337 3785 3435 3841 per
3476 3769 3693 3842 septin-

1985 3862 2188 3927 gentos
2223 3861 2277 3913 et
2329 3856 2498 3926 ultra,
2537 3857 2798 3914 videlicet
2849 3873 3033 3930 usque
3083 3858 3152 3915 ad
3188 3874 3410 3917 annum
3461 3859 3691 3918 Domini

1989 3945 2494 4016 nongentesimum
2552 3946 2824 4018 primum.
2881 3947 3004 4015 Quo
3073 3953 3322 4020 tempore
3386 3947 3694 4022 religiosus

1989 4039 2149 4106 pater
2183 4034 2436 4091 Joannes
2473 4035 2771 4107 episcopus
2800 4036 3093 4103 Aretinus,
3125 4034 3506 4093 cancellarius
3533 4034 3692 4107 pala-

1990 4122 2166 4192 tinus,
2208 4137 2365 4179 sacra
2395 4129 2723 4180 sanctarum
2755 4122 2939 4180 Florae
2978 4129 3032 4180 et
3070 4122 3314 4180 Lucillze
3355 4127 3409 4180 et
3448 4121 3694 4196 Eugegii

193 4207 406 4275 tantur,
441 4205 492 4262 A
518 4219 632 4278 quo
664 4204 735 4261 de
765 4205 1091 4263 Christiano
1122 4207 1283 4264 cultu
1320 4215 1704 4280 percunctatus
1735 4209 1903 4266 Cbri—
1989 4210 2138 4284 regis
2189 4225 2424 4283 corpora
2477 4227 2512 4268 a
2559 4209 2866 4269 Benedicto
2923 4209 3050 4283 ejus
3122 4209 3378 4269 nominis
3428 4210 3690 4270 Romano

195 4291 409 4349 stianas
444 4292 842 4352 incunctanter
881 4311 940 4352 se
979 4300 1268 4365 astruunt,
1309 4297 1645 4370 adjicientes
1683 4314 1744 4355 se
1780 4306 1908 4371 post
1987 4298 2257 4371 pontiﬁce
2309 4299 2391 4357 III
2449 4299 2611 4372 petiit
2664 4307 2718 4358 et
2775 4300 3008 4370 accepit.
3078 4298 3219 4369 Quae
3268 4316 3369 4374 per
3417 4299 3697 4359 familiam

195 4395 487 4440 annorum
527 4381 730 4455 viginti
769 4384 1154 4457 captivitatem
1196 4385 1364 4457 jussu
1403 4385 1610 4444 Christi
1660 4387 1903 4445 Romam
1987 4404 2155 4446 suam
2187 4389 2396 4446 deferri
2435 4389 2701 4463 religiose
2740 4407 2948 4450 curans
2986 4391 3250 4450 Aretium
3295 4407 3520 4463 versus,
3553 4393 3695 4466 ipse,

195 4468 267 4526 ad
314 4469 656 4543 martyrium
700 4473 955 4530 rediisse.
998 4472 1222 4542 Quibus
1251 4473 1451 4531 Helius
1486 4494 1498 4531 :
1541 4475 1957 4554 Przeceptum_
1988 4491 2062 4532 ne
2108 4491 2208 4549 per
2248 4477 2536 4536 Romanos
2587 4479 3067 4550 impedimentum
3103 4479 3345 4554 aliquod
3383 4485 3696 4552 pateretur,

197 4557 607 4631 imperatorum
639 4561 840 4617 asserit
867 4568 921 4618 et
961 4561 1212 4619 inculcat
1248 4562 1305 4618 id
1346 4577 1468 4621 esse
1497 4568 1560 4620 ut
1590 4545 1963 4621 ChristianiD
1988 4578 2088 4637 per
2111 4545 2322 4621 aliam
2388 4567 2536 4622 viam
2593 4545 2858 4625 reversus
2895 4574 2998 4624 est.
3044 4545 3284 4623 Volente
3331 4545 3523 4622 autem
3577 4545 3696 4624 Deo

199 4646 308 4704 diis
359 4645 545 4717 litent,
593 4649 683 4705 vel
733 4651 1008 4721 gravibus
1057 4652 1353 4726 suppliciis
1405 4653 1758 4711 occidantur.
1815 4653 1903 4710 Ad
1988 4652 2224 4709 nomina
2296 4653 2614 4728 meritaque
2687 4657 2981 4727 virginum
3039 4656 3109 4712 ad
3173 4668 3336 4712 suam
3388 4659 3442 4710 et
3491 4669 3696 4712 earum

201 4735 325 4794 haec
360 4736 616 4810 virgines
660 4739 1076 4812 responderunt
1119 4749 1342 4813 paratas
1389 4759 1448 4800 se
1494 4757 1597 4814 pro
1639 4742 1772 4799 vivo
1805 4758 1902 4799 ve-
1986 4740 2229 4814 gloriam
2278 4740 2600 4812 divulgare,
2650 4743 2886 4814 contigit
2939 4742 3183 4814 quadam
3235 4741 3329 4798 die
3381 4740 3696 4799 familiares

200 4841 376 4900 reque
405 4828 516 4885 Deo
549 4829 1054 4902 vitam.pr0priam
1092 4846 1324 4904 ponere,
1357 4832 1427 4889 ad
1455 4831 1611 4906 quod
1639 4831 1780 4904 ipsze
1816 4847 1904 4889 re-
1988 4830 2238 4904 episcopi
2293 4846 2426 4888 cum
2468 4832 2676 4888 sanctis
2730 4830 3065 4903 corporibus
3112 4829 3392 4902 hospitari
3438 4831 3587 4888 inter
3626 4829 3702 4888 la-

199 4915 482 4974 velatioue
511 4917 710 4975 divina
739 4917 808 4976 de
849 4918 1182 4990 longinquis
1214 4921 1420 4978 mundi
1450 4921 1785 4994 regionibus
1809 4921 1904 4979 ad-
1988 4936 2139 4990 cum,
2182 4921 2496 4979 Disortium
2535 4921 2787 4988 nomine,
2829 4926 2883 4976 et
2916 4921 3215 4977 Aretinam
3249 4919 3540 4994 paludem.
3583 4922 3700 4979 Ac-

200 5007 510 5065 venissent.
544 5007 708 5066 Tunc
737 5008 953 5081 impius
985 5006 1210 5077 Helius,
1245 5009 1446 5066 videns
1473 5027 1567 5068 cas
1596 5026 1707 5069 non
1741 5027 1903 5084 posse
1986 5010 2122 5068 colae
2156 5024 2292 5067 vero
2324 5009 2449 5078 loci,
2489 5008 2711 5066 domini
2750 5014 2940 5064 autem
2978 5006 3288 5079 imprimis,
3321 5024 3394 5066 ex
3426 5023 3690 5067 reveren-

199 5093 269 5151 de
299 5101 492 5152 sancto
525 5098 811 5169 proposito
849 5096 1124 5163 amoveri,
1155 5097 1328 5166 jussit
1369 5113 1464 5154 eas
1506 5099 1655 5157 felici
1696 5116 1898 5158 cruore
1989 5099 2064 5156 tia
2139 5098 2246 5156 loci
2313 5104 2366 5154 et
2423 5097 2698 5169 religione
2752 5095 2993 5152 familiae
3050 5103 3454 5170 cognoscentes
3507 5112 3696 5156 sacras

201 5181 484 5241 damnari.
525 5183 701 5242 Juxta
733 5183 898 5255 cujus
935 5184 1272 5256 imperium,
1303 5191 1524 5244 astante
1554 5187 1812 5261 Eugegio
1849 5196 1906 5246 et
1987 5188 2279 5262 reliquias,
2333 5190 2480 5244 nutu
2525 5185 2625 5243 Dei
2680 5186 2989 5259 quamdam
3054 5202 3131 5244 ex
3181 5189 3265 5245 eis
3311 5187 3694 5262 impetravere

1628 5321 1680 5382 J.
1724 5322 1989 5385 CUPERI
2033 5327 2274 5387 NOTAE.

265 5433 398 5498 (358)
435 5433 634 5504 Similia
668 5434 862 5486 divinae
910 5433 1097 5498 gratiae
1145 5430 1402 5486 miracula
1453 5433 1510 5485 in
1559 5444 1715 5486 sacra
1756 5433 1905 5488 Scri-
1987 5438 2114 5488 tom.
2144 5435 2182 5488 ΙΙ
2217 5431 2358 5490 Hist.
2381 5432 2660 5503 imperat,
2686 5448 2809 5501 pag.
2847 5434 2935 5486 562
2966 5439 3018 5490 et
3041 5430 3423 5503 sequentibus.

204 5509 359 5569 plura
386 5509 440 5557 et
457 5501 689 5557 historia
717 5506 1086 5559 ecclesmstica
1119 5504 1293 5558 adhuc
1317 5508 1639 5559 occurrunt.
2052 5507 2184 5570 (360)
2244 5501 2473 5572 Ubique'
2498 5511 2737 5561 occurrit
2785 5508 2878 5560 ille
2935 5508 3084 5560 urbis
3124 5501 3430 5573 praefectus
3489 5506 3702 5573 Helius,

269 5576 404 5638 (359)
463 5574 535 5626 De
595 5575 681 5628 bis
738 5577 1169 5640 imperatoribus,
1241 5588 1472 5642 quorum
1542 5577 1759 5631 nomina
1816 5578 1904 5631 hic
1985 5580 2235 5639 quamvis
2269 5581 2584 5643 martyrium
2619 5580 2808 5631 harum
2855 5579 3125 5643 virginum
3167 5585 3410 5645 tempore
3461 5579 3689 5633 multum

207 5644 390 5699 luxata
466 5649 558 5700 aut
628 5650 988 5712 transportata
1064 5651 1207 5712 sunt,
1284 5649 1411 5703 vide
1486 5648 1904 5712 Tillemontium,
1989 5650 2208 5703 diverso
2239 5661 2272 5701 a
2295 5651 2619 5712 quibusdam
2651 5649 2968 5702 collocetur.
