4118 6490
430 304 566 388 i031

893 313 953 391 s.
994 331 1220 393 PETRI
1255 330 1581 393 DAMIANI
1618 328 1776 394 OPP.
1819 312 2012 393 PARS
2052 330 2193 392 san
2231 312 2482 393 TOMUS
2519 333 2595 393 11.
2637 364 2707 377 _
2745 330 3201 393 SANCTORUM
3239 314 3464 392 Vim.

3797 320 3940 392 1032

423 453 791 527 particulam.
848 453 922 513 Ut
961 461 1157 514 autem
1205 457 1521 515 secundum
1568 456 1877 532 apostolica
1918 457 2418 531 monitaAsponte
2484 458 2812 519 veterinum
2882 456 3101 516 animal
3175 456 3517 517 advolasset.
3581 453 3709 526 Quo
3763 456 3937 529 facto,

426 542 602 601 tantis
649 543 753 601 Dei
795 542 1092 603 beneﬁciis
1141 552 1335 603 essent
1367 545 1537 619 grati,
1574 545 1636 603 in
1682 546 1960 603 honorem
2006 544 2131 615 Dei,

426 637 485 690 et
511 631 579 690 B.
610 631 828 705 Mariae,
858 649 923 692 ac
953 633 1056 694 SS.
1087 634 1276 693 Florae
1307 641 1363 693 et
1393 634 1635 693 Lucillaa
1660 634 1960 692 basilicam
1994 649 2134 692 con-

427 722 718 793 diderunt,
755 729 811 781 et
862 740 965 799 per
1007 734 1230 784 sanctas
1265 741 1468 784 earum
1519 725 1794 796 reliquias
1835 724 2016 782 dicari
2060 723 2138 781 fe-

425 819 645 872 cerunt.
686 812 909 872 Nomen
957 814 1133 873 etiam
1183 814 1380 888 oppidi
1429 813 1906 888 principatusque
1963 813 2056 871 sui
2103 827 2137 869 a

425 908 636 959 sanctas
699 900 885 962 Florae
935 902 1175 960 nomine
1233 901 1597 962 denominari
1638 902 1964 975 jusserunt,
2001 917 2135 960 cum

420 990 685 1064 primum
706 992 986 1065 oppidum
1001 993 1198 1065 Amia,
1225 1000 1280 1051 et
1299 992 1413 1066 ipsi
1445 992 1693 1051 Amiatae
1722 991 1960 1050 comites
1985 990 2131 1048 dice-

425 1084 650 1138 rentur.

497 1167 590 1227 Ab
615 1167 825 1242 oppido
860 1169 1037 1244 igitur
1074 1174 1286 1229 sanctae
1320 1168 1507 1228 Floras
1538 1174 1593 1227 et
1630 1167 1915 1242 religiosis
1950 1166 2130 1226 comi-

428 1255 584 1316 tibus
613 1258 890 1317 abeuntes
909 1260 1019 1318 iter
1051 1259 1549 1333 prosequebantur
1579 1258 1873 1331 inceptum
1893 1258 2131 1331 jamque

425 1345 499 1404 ad
554 1346 856 1405 Aretinam
909 1346 1207 1421 planitiem
1270 1346 1758 1421 propinquabant,
1811 1359 1947 1403 cum
2006 1358 2135 1401 ecce

423 1433 666 1493 consilio
713 1434 836 1505 Dei,
859 1436 1194 1509 jumentum
1240 1434 1393 1509 quod
1439 1450 1598 1493 sacra
1641 1448 1877 1505 corpora
1912 1431 2132 1489 defere-

424 1522 544 1593 bat,
591 1522 836 1582 ulterius
891 1540 952 1582 se
1010 1524 1218 1583 deduci
1267 1523 1451 1582 nullis
1508 1520 2006 1581 adhortationibus
2044 1519 2131 1578 vel

423 1611 764 1672 verberibus
818 1612 1170 1671 admittebat.
1224 1612 1470 1670 Attoniti
1531 1610 1804 1682 ministri,
1844 1616 1900 1666 et
1955 1609 2134 1667 semel

423 1697 678 1758 invicem
723 1705 1115 1774 exspectantes
1157 1705 1213 1758 et
1252 1699 1393 1771 quid
1445 1698 1554 1756 sibi
1600 1699 1813 1756 vellent
1854 1704 2134 1772 martyres

2215 546 2455 604 brutum
2489 546 2709 605 animal
2740 546 2814 604 ab
2857 546 3079 620 angelis
3126 545 3255 616 Dei,
3296 546 3623 621 sanctisque
3661 545 3935 621 martyri-

2216 634 2327 694 bus
2368 636 2628 707 ductum,
2669 634 2835 711 quasi
2878 635 2949 694 de
2984 635 3310 695 carceribus
3363 642 3708 708 erumperet,
3753 652 3939 697 cursu

2216 723 2579 782 velocissimo
2634 730 2909 795 montem,
2960 724 3065 798 qui
3115 728 3258 783 tunc
3303 723 3547 782 Titanus
3604 724 3934 796 dicebatur,

2216 813 2491 884 ascendit,
2529 819 2585 871 et
2627 813 2689 870 in
2733 813 2857 871 loco
2893 821 3044 871 certo
3082 813 3295 871 sanctis
3340 811 3565 872 ccelitus
3606 813 3929 873 constituto

2216 904 2489 975 constitit,
2520 903 2623 977 qui
2672 903 2744 961 ab
2795 902 2937 962 urbe
2981 903 3219 961 Aretina
3263 919 3364 976 per
3412 904 3530 962 duo
3576 903 3763 962 millia
3812 904 3936 962 fere

2218 1007 2493 1063 passuum
2524 991 2712 1050 distat.
2746 989 2856 1049 Ubi
2881 991 3045 1050 brevi
3071 990 3376 1050 devotione
3402 991 3663 1050 ﬁdelium
3690 992 3934 1051 basilica

2216 1084 2363 1142 facta
2387 1089 2490 1153 est,
2524 1090 2580 1140 et
2617 1082 3033 1141 monachorum
3056 1082 3408 1154 coenobium,
3442 1083 3595 1156 quod
3625 1081 3929 1142 sanctitate

2215 1171 2696 1230 commorantium
2736 1171 2799 1228 in
2838 1186 2905 1229 eo
2942 1177 2997 1229 et
3028 1169 3331 1229 inteventu
3368 1170 3667 1244 virginum
3710 1169 3931 1229 crebris

2215 1261 2559 1335 magnisque
2576 1259 2874 1318 miraculis
2893 1260 2956 1317 in
2983 1259 3198 1317 multos
3221 1275 3408 1317 annos
3423 1259 3765 1318 mirabiliter
3787 1260 3929 1319 ado-

2219 1348 2376 1406 levit.
2433 1348 2544 1405 Pro
2595 1347 2762 1420 cujus
2808 1345 3135 1404 celebritate
3188 1346 3462 1416 cmnobii,
3511 1352 3568 1404 et
3620 1346 3933 1407 devotione

2216 1442 2564 1508 sanctarum,
2597 1441 2852 1494 castrum
2904 1434 2989 1493 ibi
3039 1435 3339 1494 conditum
3389 1441 3494 1506 est,
3535 1441 3592 1494 et
3637 1452 3672 1493 a
3729 1444 3931 1496 sancta

2216 1526 2404 1597 Flora,
2435 1524 2583 1583 sicut
2613 1530 2669 1582 et
2695 1538 2862 1581 mons
2902 1524 3025 1597 ipse
3060 1529 3233 1596 totus,
3264 1524 3480 1600 accepit
3518 1539 3733 1584 nomen
3771 1527 3931 1601 quod

2215 1614 2387 1671 annis
2414 1612 2687 1687 plurimis
2714 1611 2931 1670 ﬂoruit.

2287 1705 2434 1775 (361)
2514 1708 2907 1762 Monasterium
2983 1720 3106 1760 vero
3162 1721 3305 1760 anno
3353 1707 3573 1761 Domini
3628 1707 3929 1763 millesimo

425 1787 774 1879 ignorantes,
813 1791 1097 1864 episcopo,
1135 1791 1236 1863 qui
1282 1790 1405 1863 jam
1460 1788 1727 1879 Aretium
1769 1794 2126 1879 pervenerat,
2149 1820 2197 1879 Β
2216 1797 2497 1852 centesimo
2540 1796 2885 1862 nonagesimo
2918 1798 3074 1850 tertio
3117 1810 3219 1865 per
3264 1796 3531 1862 factiones
3571 1795 3932 1852 Aretinorum

421 1877 563 1949 quid
612 1878 722 1937 sibi
752 1880 1083 1954 contigisset
1109 1881 1381 1939 intimare
1421 1894 1539 1937 non
1586 1877 1908 1952 negligunt.
1969 1877 2183 1937 Tunc_
2215 1886 2440 1952 Ghelfas
2469 1890 2519 1939 et
2565 1884 2903 1941 Ghibellinas
2941 1885 3187 1940 dirutum
3229 1890 3326 1942 est.
3361 1885 3480 1951 Qua
3523 1879 3668 1938 507
3709 1884 3933 1941 desola-

423 1965 665 2026 devotus
692 1969 966 2040 antistes,
1015 1977 1241 2043 accepto
1290 1968 1518 2039 nuntio,
1557 1975 1614 2026 et
1653 1967 1911 2026 maxima
1951 1968 2133 2028 dedu-
2217 1975 2360 2029 tione
2385 1979 2629 2044 peracta,
2674 1990 2793 2029 cum
2828 1976 3033 2028 sanctis
3073 1975 3327 2043 reliquiis
3375 1975 3704 2029 translatum
3748 1978 3831 2028 est
3871 1977 3933 2030 in

423 2060 553 2113 ctus
583 2058 959 2119 multitudine
995 2059 1341 2119 clericorum
1390 2064 1447 2119 et
1490 2057 1689 2132 populi
1730 2059 1986 2132 perrexit
2029 2059 2133 2118 ob-
2214 2063 2399 2117 urbem
2434 2063 2637 2127 Aretii,
2668 2064 2764 2118 ubi
2789 2078 2959 2133 usque
2996 2063 3154 2117 hodie
3197 2064 3440 2131 virgines
3484 2068 3684 2118 sanctae
3723 2078 3934 2132 magna

425 2143 582 2203 viam
625 2147 860 2218 sanctis,
890 2154 946 2207 et
982 2148 1295 2222 praamissis
1336 2147 1603 2223 precibus
1638 2148 1814 2206 sacris
1858 2154 1914 2205 et
1944 2146 2130 2222 lucry-
2208 2154 2405 2223 populi
2434 2154 2777 2208 veneratione
2804 2154 3071 2209 coluntur.
3106 2152 3358 2209 Castrum
3385 2168 3508 2207 vero
3536 2155 3747 2223 postea,
3782 2168 3931 2207 anno

422 2231 535 2291 mis
577 2250 843 2309 aspersus
881 2252 981 2310 per
1037 2238 1291 2311 seipsum
1325 2239 1656 2312 jumentum
1707 2236 1856 2296 illud
1901 2252 2132 2295 movere
2213 2241 2433 2295 Domini
2467 2242 2755 2295 millesimo
2787 2243 3070 2295 centesimo
3098 2241 3445 2308 nonagesimo
3492 2244 3665 2304 sexto,
3698 2244 3937 2310 propter

423 2329 662 2383 conatus
720 2332 824 2383 est.
886 2326 1049 2396 Quod
1097 2342 1230 2384 cum
1295 2332 1351 2383 et
1397 2325 1519 2397 ipse
1564 2339 1682 2381 non
1733 2330 1943 2397 posset,
1988 2324 2133 2382 inito
2215 2330 2429 2384 easdem
2452 2332 2738 2397 factiones,
2769 2329 3014 2385 dirutum
3059 2334 3138 2383 est
3172 2333 3433 2398 regnante
3470 2331 3697 2383 Domino
3745 2333 3935 2384 nostra

425 2425 561 2470 cum
589 2414 713 2472 suis
739 2414 1001 2486 consilio,
1035 2417 1369 2491 jumentum
1406 2413 1569 2472 abire
1604 2412 1824 2485 sinunt,
1853 2428 1958 2486 pro
1984 2420 2135 2473 certo
2214 2422 2342 2476 Iesu
2370 2422 2602 2485 Christo,
2635 2423 2734 2490 qui
2774 2422 2911 2475 vivit
2938 2424 2990 2475 et
3016 2424 3211 2488 regnat
3239 2422 3298 2474 in
3336 2420 3535 2476 saecula
3580 2420 3933 2478 saeculorum.

428 2498 617 2559 sciens
649 2516 788 2560 eum
836 2502 1025 2563 locum
1070 2521 1105 2563 a
1152 2505 1364 2564 sanctis
1404 2502 1670 2577 electum,
1696 2504 1769 2562 ad
1812 2519 1989 2579 quem
2031 2521 2137 2564 sua
2217 2511 2417 2568 Amen.
3016 2496 3019 2499 ’

1854 2630 1906 2689 J.
1947 2629 2220 2691 CUPERI
2258 2631 2499 2692 NOTAE.

485 2726 619 2793 (361)
641 2725 822 2781 Addita
845 2726 960 2782 haec
982 2739 1210 2796 prorsus
1234 2732 1360 2784 sunt
1386 2729 1461 2795 de
1493 2731 1653 2785 ruina
1682 2731 1990 2782 monasterii
2025 2733 2079 2783 et
2111 2732 2272 2783 castri
2300 2736 2502 2785 sanctae
2526 2731 2711 2787 Florae.

550 3091 1110 3205 EXPOSITIO
1177 3098 1709 3207 VISIONUM
1771 3106 1915 3213 SS.
1986 3094 2610 3208 MARTYRUM
2679 3012 3145 3205 MARIANI
3218 3099 3351 3204 ET
3414 3098 3813 3206 JACOBl.

1973 3307 2074 3388 (30
2110 3302 2385 3384 Aprilis.)

419 3471 670 3536 Hortum
691 3481 1070 3556 sanctorum
1105 3471 1321 3556 Vitam
1362 3473 1442 3537 ab
1485 3484 1747 3538 auctore
1791 3476 2046 3556 oculato
2093 3482 2246 3539 teste
2298 3476 2739 3556 conscriptam
2778 3470 3226 3556 Henschenius
3256 3474 3429 3536 inter
3463 3473 3622 3537 Acta
3652 3479 3936 3556 sancto-

496 3571 654 3634 rum
682 3555 770 3617 ad
797 3556 976 3618 diem
1010 3555 1086 3618 30
1114 3555 1361 3634 Aprilis
1386 3556 1684 3634 vulgavit
1720 3564 1781 3617 et
1808 3552 2177 3619 illustravit
2207 3552 2763 3619 adnotationibus.
2794 3554 3001 3619 Sacra
3036 3570 3262 3617 eorum
3288 3571 3558 3634 corpora
3594 3556 3664 3615 in
3689 3552 3937 3632 Eugu-

498 3633 657 3696 bina
689 3633 1604 3718 asservanturecclesia‘,’quae
1641 3639 1933 3718 ipsorum
1970 3636 2161 3699 titulo
2191 3645 2287 3699 est
2314 3635 2637 3717 insignita
2663 3655 2687 3715 ;
2722 3638 3015 3718 ipsorum,
3040 3640 3269 3698 autem
3296 3633 3706 3714 martyrium
3739 3634 3935 3695 circa

495 3731 760 3776 annum
797 3714 1033 3780 Christi
1070 3715 1188 3778 259
1233 3714 1542 3778 accidisse
1593 3714 1915 3778 traditur.

488 4042 618 4104 Jam
643 4044 821 4118 :vero,
856 4049 921 4102 ut
960 4041 1033 4102 de
1076 4043 1199 4101 istis
1248 4043 1576 4104 visionibus
1617 4045 1862 4103 istorum
1911 4049 2189 4109 sancto-0
2281 4044 2443 4116 Quod
2498 4049 2692 4104 autem
2746 4043 2810 4102 B.
2867 4043 3198 4104 Marianum
3245 4043 3309 4100 in
3360 4039 3625 4098 altiorem
3685 4038 3934 4099 Catastre

414 4147 549 4192 rum
594 4131 792 4203 aliqua
834 4131 1122 4191 succincte
1163 4137 1597 4205 pertractemus,
1636 4133 1770 4207 quis
1818 4140 1923 4203 est,
1958 4150 2131 4210 quem
2215 4134 2411 4192 locum
2449 4142 2670 4207 martyr
2706 4132 3030 4206 Cyprianus
3059 4130 3293 4199 extulit,
3325 4129 3434 4187 hoc
3470 4125 3799 4200 intelligere
3827 4126 3936 4186 de-

407 4219 609 4278 beatus
661 4217 956 4279 Marianas
994 4218 1253 4293 judicem
1294 4220 1356 4279 in
1406 4220 1681 4281 tribunali
1728 4221 1970 4294 viderat,
2018 4222 2133 4280 nisi

417 4307 539 4380 ille,
570 4307 671 4381 qui
710 4307 773 4367 in
810 4308 954 4367 cmlo
991 4309 1324 4383 praesidens,
1356 4318 1583 4384 accepto
1621 4326 1655 4368 a
1696 4311 1860 4372 Patre
1894 4311 2134 4385 judicio,

415 4398 491 4458 de
539 4398 689 4456 vivis
736 4404 793 4457 et
839 4399 1083 4459 mortuis
1132 4399 1406 4475 judicat?
1461 4400 1622 4460 Sicut
1669 4401 1944 4475 scriptum
1999 4408 2130 4460 est:

413 4491 578 4546 Pater
626 4506 734 4546 non
797 4490 1020 4559 judicat
1081 4506 1409 4561 quemquam
1429 4533 1447 4555 ,
1505 4491 1603 4546 sed
1649 4508 1802 4548 omne
1853 4492 2132 4562 judicium

417 4578 570 4634 dedit
614 4581 756 4636 Filio
809 4579 981 4651 (Joan.
1045 4578 1117 4651 v).
1174 4576 1284 4646 Qui
1340 4577 1581 4636 honesta
1632 4584 1685 4637 et
1738 4579 1943 4638 decora
1992 4579 2134 4638 facie

410 4665 757 4739 videbatur;
804 4666 940 4739 quia
994 4667 1090 4724 hic
1123 4672 1207 4722 est
1254 4666 1325 4724 de
1371 4681 1487 4738 quo
1533 4664 1747 4725 dicitur
1784 4686 1797 4726 :
1848 4672 2133 4741 Speciosus

411 4757 593 4824 forma
629 4773 746 4828 pra
793 4758 928 4826 ﬁliis
981 4757 1261 4810 hominum
1322 4758 1497 4821 (Psal.
1542 4762 1730 4824 XLIV).
1774 4757 1884 4816 Hic
1938 4757 2134 4831 itaque

413 4842 488 4900 ad
552 4849 834 4902 tormenta
916 4843 1273 4901 confessores
1356 4843 1728 4915 praecipiebat
1807 4845 2137 4916 ascendere,

416 4934 558 5009 quia
607 4933 1036 5009 quantumlibet
1079 4931 1394 4992 furibunda
1432 4941 1862 5007 persecutorurn
1908 4936 2142 4995 demen-

416 5024 496 5081 tia
535 5024 757 5093 saeviat,
799 5022 1228 5095 quantumlibet
1273 5022 1345 5080 ad
1380 5023 1717 5096 patiendum
1762 5039 1866 5096 pro
1912 5024 2140 5083 Christo

412 5111 656 5171 devotus
729 5111 993 5171 ﬁdelium
1062 5111 1297 5170 animus
1354 5112 1696 5184 inardescat,
1751 5112 1823 5170 ad
1876 5112 2139 5186 martyrii

409 5204 852 5276 celsitudinem,
907 5202 1023 5262 nisi
1076 5218 1254 5277 quem
1306 5201 1407 5261 ille
1476 5203 1701 5262 occulto
1754 5219 1862 5262 suo
1919 5202 2140 5275 judicio

412 5293 766 5370 provexerit,
820 5308 937 5353 non
978 5279 1209 5367 aspirat.
1251 5289 1451 5349 Multis
1496 5298 1691 5350 autem
1739 5290 2018 5364 gradibus
2067 5291 2138 5348 ad

2220 4223 2444 4294 bemus,
2483 4222 2620 4296 quia
2656 4220 2889 4296 speciali
2930 4220 3210 4293 dignitate
3249 4217 3513 4292 martyrii
3552 4229 3692 4275 eum
3728 4214 3937 4273 Domi-

2223 4325 2338 4369 nus
2374 4310 2526 4368 inter
2570 4316 2852 4383 martyres
2883 4307 3238 4367 sublimavit.
3273 4304 3383 4364 Sed
3428 4303 3579 4380 quid
3621 4308 3706 4362 est
3751 4302 3935 4377 quod,

2220 4397 2593 4472 praecipiente
2640 4396 2908 4469 Domino,
2934 4396 2999 4455 B.
3034 4402 3254 4468 martyr
3302 4396 3366 4452 in
3409 4394 3605 4453 locum
3646 4392 3938 4466 passionis

2216 4485 2493 4554 ascendit,
2523 4484 2623 4543 sed
2652 4492 2790 4543 tunc
2825 4483 3108 4558 passionis
3143 4482 3487 4555 martyrium
3537 4495 3654 4539 non
3691 4479 3933 4553 accepit,

2216 4575 2331 4633 nisi
2373 4573 2527 4648 quod
2565 4573 2655 4631 vir
2671 4573 2937 4647 .quisque
2976 4571 3278 4645 perfectus,
3307 4570 3409 4646 qui
3438 4569 3558 4643 jam
3606 4583 3669 4627 se
3702 4569 3765 4626 in
3809 4567 3935 4625 vir-

2216 4655 2405 4722 tutum
2441 4677 2570 4720 arce
2613 4662 2820 4732 erexit,
2859 4662 2998 4736 quia
3041 4660 3161 4734 jam
3217 4660 3345 4718 totis
3398 4657 3629 4717 nisibus
3680 4656 3754 4715 ad
3802 4670 3934 4715 mo-

2222 4755 2495 4814 riendum
2543 4769 2643 4827 pro
2694 4754 2920 4812 Christo
2967 4752 3176 4811 mentis
3209 4750 3588 4809 intentionem
3628 4748 3931 4806 ﬁrmavit:

2222 4845 2343 4902 huc
2372 4851 2562 4902 tamen
2594 4844 2876 4914 ditl'ertur,
2910 4849 3205 4918 quatenus
3242 4840 3367 4913 ejus
3415 4838 3768 4898 desiderium
3806 4851 3938 4895 am-

2222 4934 2378 5007 plius
2405 4934 2663 5007 quotidie
2693 4933 3022 5009 augeatur?
3055 4933 3222 4992 Unde
3264 4932 3327 4990 in
3371 4932 3479 4989 hac
3524 4929 3747 4988 visione
3785 4937 3938 4988 recte

2222 5023 2469 5083 dicitur:
2503 5024 2835 5097 Exsurgens
2866 5023 3050 5097 judex
3093 5022 3163 5080 ad
3196 5019 3534 5095 praetorium
3581 5033 3756 5076 suum
3794 5016 3934 5088 ibat,

2221 5129 2395 5186 quem
2446 5129 2551 5173 nos
2592 5114 2805 5188 pariter
2842 5114 3243 5187 sequebamur.
3276 5114 3318 5169 A
3376 5110 3499 5168 loco
3541 5108 3762 5183 quippe
3815 5114 3933 5166 tor-

2224 5201 2403 5260 menti
2468 5200 2539 5259 ad
2608 5201 2946 5276 praetorium
3002 5215 3179 5259 suum
3230 5198 3487 5271 judicem
3546 5195 3935 5271 sequentibus

2224 5292 2574 5366 martyribus
2629 5292 2715 5350 ire
2757 5297 2862 5363 est,
2912 5290 2983 5349 ab
3035 5290 3240 5350 eﬂ'ectu
3290 5289 3557 5362 martyrii
3611 5286 3937 5347 Dominum

421 5385 818 5446 summitatem
839 5385 1082 5445 Catastaa
1106 5388 1226 5443 erat
1246 5397 1539 5454 ascensus,
1565 5383 1702 5457 quia
1731 5383 1933 5442 multis
1955 5378 2431 5470 virtu-Delectos
2463 5395 2597 5439 suos
2633 5379 2930 5455 aliquanto
2968 5378 3336 5455 suspendere,
3377 5385 3433 5437 et
3469 5392 3674 5470 eorum
3694 5383 3935 5470 mentes

426 5481 551 5535 tum
567 5475 848 5550 gradibus
877 5474 949 5534 ad
968 5470 1338 5549 perfectionis
1368 5482 1658 5530 summam
1689 5469 2098 5531 conscenditur
2122 5495 2133 5528 :
2157 5467 2199 5477 ”’
2220 5487 2321 5545 per
2347 5470 2885 5543 contemplationem
2911 5471 2983 5529 ad
3010 5484 3330 5545 supernum
3363 5468 3649 5544 gaudium
3689 5467 3930 5526 interim

425 5570 484 5623 et
507 5567 591 5625 sic
621 5565 857 5626 demum
886 5581 962 5625 ex
988 5563 1188 5624 divina
1223 5560 1407 5635 gratia
1435 5562 1507 5620 ad
1541 5561 1805 5634 martyrii
1843 5558 2140 5620 celsitudi-

431 5665 568 5711 nem
594 5653 947 5727 pervenitur.

2221 5559 2542 5619 sublevare.
2581 5558 2652 5617 Et
2682 5559 2999 5619 notandum
3027 5558 3185 5632 quod
3216 5575 3275 5618 se
3306 5557 3544 5632 quidem
3585 5571 3723 5615 cum
3748 5555 3932 5617 altero
4020 5586 4029 5594 ο

2224 5654 2475 5721 martyre
2515 5647 2683 5722 sequi
2724 5646 2934 5720 pariter
2974 5646 3164 5717 dixit;
3215 5647 3472 5720 judicem
3516 5661 3653 5705 vero
3692 5660 3814 5705 non
3852 5646 3934 5704 si-
