4118 6438
1215 345 1458 404 EXPOS.
1507 337 1830 400 VISIONUM
1867 332 1968 392 SS.
2013 328 2294 387 MARIANI
2329 325 2422 385 ET
2457 325 2715 385 JACOBL

343 483 452 538 mul
481 493 604 536 cum
629 475 709 532 eis
743 469 970 536 ire,'sed
994 466 1298 540 praecedere
1341 461 1568 532 asserit;
1599 456 1726 528 quia
1759 452 1910 508 vide-
1940 449 1986 510 Α
2014 445 2137 502 dem
2163 453 2381 500 aetatem
2417 441 2693 515 pervenit,
2723 449 2780 494 et
2807 436 2860 491 in
2889 427 3098 490 senium
3127 441 3233 487 non
3273 423 3583 485 declinavit.

341 666 561 727 dimus,
607 658 916 730 quicunque
958 627 1046 722 pia
1096 638 1587 705 conversationead
1631 627 1914 692 beatorum

344 751 679 810 consortium
730 745 1066 806 festinamus,
1117 745 1428 794 sanctorum
1473 732 1614 794 vias,
1657 727 1768 781 Deo
1817 737 1918 777 nos

343 843 702 916 praecedente,
734 846 921 891 tenere
947 843 1262 903 possumus;
1306 821 1506 880 ChriSti
1533 832 1663 873 vero
1691 813 1917 884 vestigia

346 903 544 992 imitari
567 931 806 1001 quidem,
832 926 925 980 sed
953 922 1019 976 ad
1050 920 1269 990 plenum
1293 910 1555 981 consequi
1606 903 1920 962 omnimodo

345 1044 454 1084 non
479 1025 740 1080 valemus.
769 1017 847 1073 Illi
873 1027 1109 1082 namque
1136 1009 1322 1065 dicunt
1350 1003 1618 1061 veraciter
1663 997 1922 1054 conﬁten-

346 1131 430 1176 tes
454 1135 468 1171 :
500 1117 556 1172 Si
578 1115 800 1169 dicimus
829 1109 953 1178 quia
978 1114 1244 1177 peccatum
1278 1116 1379 1154 non
1401 1097 1674 1158 habemus,
1699 1097 1924 1146 nosmet-

344 1212 484 1280 ipsos
507 1203 823 1264 seducimus,
843 1176 893 1252 iet
918 1176 1107 1253 veritas
1129 1193 1184 1246 in
1207 1191 1354 1244 nobis
1380 1203 1483 1240 non
1502 1193 1576 1238 est
1603 1182 1655 1254 (1
1671 1180 1835 1234 Ιοαη.
1860 1176 1921 1243 t).

347 1270 600 1356 Christus
627 1308 754 1348 vero
789 1289 918 1344 dicit
945 1304 959 1340 :
993 1282 1144 1337 Venit
1180 1281 1416 1350 princeps
1450 1272 1634 1328 mundi
1666 1270 1846 1338 hujus,
1875 1275 1924 1320 et

346 1392 403 1444 in
437 1405 520 1443 me
553 1403 656 1440 non
691 1381 840 1436 habet
871 1375 1154 1450 quidquam
1195 1369 1378 1442 (Joan.
1411 1364 1545 1436 xrv).
1585 1361 1731 1416 Bene
1758 1359 1924 1413 etiam

349 1481 443 1552 qui
487 1486 781 1548 martyrem
822 1469 1074 1526 comitem
1117 1463 1282 1519 habet
1331 1459 1382 1513 in
1428 1458 1642 1518 itinere,
1686 1451 1925 1522 judicem

350 1539 516 1630 habet
553 1539 766 1632 ducem,
799 1561 1055 1634 quoniam
1092 1556 1180 1611 ille
1207 1551 1476 1622 Propheta
1511 1545 1675 1618 508
1716 1551 1800 1600 est
1839 1539 1928 1597 cui

350 1659 624 1733 Propheta
661 1657 828 1714 dicit:
861 1651 1087 1721 Propter
1124 1659 1313 1702 nomen
1351 1651 1499 1696 tuum
1531 1639 1642 1692 dua:
1671 1634 1796 1690 mihi
1825 1633 1927 1688 eris

352 1769 400 1814 et
426 1755 654 1812 enutries
681 1766 762 1804 me
792 1743 965 1819 (Psal.
991 1741 1144 1812 xxx).

1895 571 1915 582 -
2016 536 2258 592 Procerze
2307 543 2488 591 autem
2537 541 2761 587 statum
2808 537 2957 592 erat,
3007 525 3134 598 quia
3187 521 3479 578 exsultavit
3530 529 3590 574 ut

2016 627 2165 698 gigas
2198 626 2264 680 ad
2297 623 2620 680 currendam
2648 621 2792 674 viam
2824 615 2996 689 (Psal.
3033 612 3210 685 mu).
3259 611 3432 680 Caput
3458 621 3593 664 vero

2016 731 2180 786 super
2220 715 2392 769 nubes
2427 711 2728 774 extulerat,
2769 709 2894 777 quia
2934 720 3028 775 per
3069 697 3440 773 majestatem,
3466 707 3524 754 et
3558 714 3592 754 a

2018 819 2229 861 summo
2255 804 2394 860 ccelo
2415 801 2655 872 egressio
2684 798 2819 866 ejus,
2837 805 2892 851 et
2907 808 3165 851 occursus
3191 792 3307 860 ejus
3331 804 3500 860 usque
3523 789 3591 844 ad

2020 913 2290 954 summum
2336 896 2452 964 ejus
2501 893 2713 967 (Ibid.).
2760 893 2830 947 Et
2873 891 3022 960 quia,
3072 889 3215 944 sicut
3238 882 3442 942 Paulus
3484 886 3588 940 ait:

2020 984 2188 1056 Caput
2210 984 2406 1041 Christi
2427 994 2498 1039 est
2517 985 2653 1038 Deus
2677 982 2726 1051 (Ι
2744 981 2864 1036 Cor.
2892 980 2989 1051 χι),
3016 978 3264 1035 Christus
3281 987 3412 1030 vero
3433 982 3596 1044 caput

2021 1084 2105 1130 est
2132 1074 2376 1142 corporis
2403 1073 2485 1128 sui
2570 1071 2714 1141 quod
2740 1078 2825 1125 est
2848 1060 3109 1123 Ecclesia:
3155 1067 3220 1121 Et
3247 1074 3409 1134 caput
3447 1075 3598 1119 extu-

2022 1163 2161 1218 lerat
2197 1177 2358 1231 super
2393 1163 2585 1225 nubes,
2620 1161 2744 1229 quia
2773 1171 2870 1228 per
2899 1157 3234 1225 majestatem
3275 1155 3593 1218 divinitatis,

2023 1267 2130 1335 qua
2151 1266 2314 1304 unum
2340 1265 2552 1320 semper
2573 1265 2693 1304 cum
2716 1247 2878 1303 Patre
2899 1255 3002 1313 est,
3024 1261 3145 1301 cum
3172 1247 3283 1315 ipsa
3311 1252 3600 1315 assumpta:

2027 1340 2382 1396 humanitatis
2433 1339 2733 1396 substantia
2773 1339 2828 1393 in
2855 1339 2992 1394 caelo
3042 1353 3165 1393 cum
3212 1353 3279 1392 eo
3319 1336 3600 1405 aequaliter

2027 1441 2234 1505 regnat.
2269 1431 2377 1488 Sed
2414 1431 2540 1486 licet
2575 1440 2738 1500 caput
2777 1445 2941 1500 super
2972 1430 3140 1484 nubes
3159 1429 3430 1494 clovetur,
3483 1442 3602 1482 eor-

2027 1542 2128 1597 pus
2160 1534 2338 1580 tamen
2367 1524 2419 1577 in
2452 1523 2614 1577 terris
2637 1520 3000 1590 conspicitur;
3033 1520 3158 1590 quia
3189 1518 3360 1574 san‘cti
3389 1533 3596 1582 omnes,

2027 1615 2120 1686 qui
2151 1628 2352 1685 corpus
2389 1621 2517 1668 sunt
2546 1610 2947 1680 Redemptoris,
2986 1610 3157 1664 donec
3198 1611 3341 1664 hanc
3383 1623 3603 1663 carnem

2030 1716 2269 1778 portant,
2301 1720 2400 1776 per
2424 1704 2788 1759 conditionem
2818 1701 3163 1756 mortalitatis
3193 1696 3250 1754 in
3283 1710 3432 1756 terra
3459 1715 3604 1754 com-

425 1845 578 1915 Quod
608 1790 888 1898 autem\ait
910 1852 924 1889 :
949 1833 1059 1889 Iter
1087 1790 1235 1886 nobis
1269 1834 1382 1884 erat
1409 1841 1503 1895 per
1526 1831 1767 1894 pratum;
1803 1816 1933 1887 quid

2044 1804 2336 1859 morantur,
2384 1793 2633 1863 quamvis
2659 1807 2755 1861 per
2785 1791 3093 1846 libertatem
3141 1791 3362 1859 spiritus
3387 1790 3442 1845 in
3467 1799 3608 1846 εωιο

2044 1884 2200 1915 ΕΜ
2223 1883 2329 1915 ἔσει-ιη
2355 1883 2604 1915 ῑιηιιῖισηοο
2629 1883 2929 1915 nmhnnlnp
2975 1881 3216 1915 (lit-ansa:
3245 1896 3366 1915 num
3397 1881 3563 1915 οαηιη
3587 1898 3601 1912 ι

355 1907 471 1999 Derw
479 1943 716 2008 pratum.
747 1927 891 2000 quod
930 1939 1055 1996 ager
1084 1920 1301 1985 dicitur,
1334 1915 1438 1971 nisi
1471 1911 1703 1969 mundus
1729 1908 1819 1962 hic
1846 1907 1940 1961 de—

357 2001 646 2100 signatur?
677 1996 845 2076 Recte
887 2030 1017 2086 ergo
1063 2027 1169 2068 non
1210 2007 1485 2064 mansisse
1535 2003 1592 2057 in
1615 2009 1805 2071 prato,
1846 1996 1940 2051 sed

360 2091 467 2174 iter
499 2113 756 2172 habuisse
779 2125 878 2181 per
901 2114 1117 2178 pratum
1165 2099 1384 2163 dicitur,
1415 2095 1507 2167 qui
1539 2091 1824 2147 Dominum
1854 2101 1940 2142 se-

359 2209 652 2280 quebatur,
677 2179 804 2274 quia
835 2198 1089 2254 nimirum
1128 2194 1438 2263 quicunque
1463 2186 1530 2242 ad
1558 2184 1703 2241 illam
1731 2179 1943 2236 deside-

363 2269 592 2355 rabilem
620 2269 896 2351 civitatem
925 2283 1263 2342 Hierusalem
1292 2279 1569 2336 caelestem
1597 2271 1854 2346 pertinet,
1886 2269 1942 2321 in

361 2393 470 2448 hoc
497 2388 696 2444 mundo
724 2400 831 2440 non
860 2377 1278 2442 habitationem,
1327 2371 1423 2429 sed
1470 2369 1575 2424 iter
1608 2365 1791 2420 habet.
1835 2360 1944 2415 Sed

363 2481 496 2553 quid
525 2487 609 2535 est
636 2476 780 2549 quod
827 2488 924 2544 per
949 2477 1162 2542 pratum
1197 2466 1304 2520 iter
1345 2459 1598 2520 habuisse
1640 2455 1858 2517 dicitur,
1889 2459 1944 2504 et

363 2591 473 2631 non
501 2573 705 2636 fenum,
739 2569 832 2625 sed
858 2563 1102 2621 excelsas
1128 2560 1374 2621 arbores,
1403 2560 1459 2610 et
1488 2551 1742 2608 ordinate
1771 2545 1944 2612 dispo-

364 2665 500 2722 sitas
538 2662 736 2718 ibidem
783 2657 983 2713 vidisse
1015 2646 1378 2724 perhibetur?
1418 2643 1558 2710 Quid
1587 2639 1818 2706 denique
1845 2647 1944 2704 per

367 2757 469 2812 has
496 2754 742 2816 arbores,
785 2747 889 2804 nisi
932 2743 1104 2800 sancti
1147 2749 1203 2796 et
1237 2737 1368 2810 justi
1415 2733 1519 2789 viri
1567 2730 1942 2798 designantur,

367 2847 462 2919 qui
487 2813 744 2900 videlicet
773 2838 970 2895 mentis
1007 2831 1342 2891 sublimitate
1391 2823 1574 2881 intima
1605 2829 1831 2892 quaeque
1859 2813 1948 2868 de-

379 2904 638 3009 spiciunt,
667 2939 725 2988 et
759 2931 816 2985 in
858 2923 1144 2984 cbaritatis
1183 2921 1436 2977 fraterna:
1479 2911 1664 2968 radice
1707 2904 1942 2972 solidati,

372 3007 530 3084 suum
559 3022 804 3079 ordinem
834 3030 942 3073 non
972 3007 1353 3070 confundunt?

439 3119 723 3174 Postremo
752 3126 882 3166 vero
925 3107 1056 3179 quid
1097 3113 1179 3161 est
1218 3100 1407 3157 bibere
1441 3095 1680 3169 phialam
1707 3093 1774 3149 de
1810 3104 1947 3161 aqua

373 3210 559 3274 fontis,
584 3206 689 3263 nisi
716 3212 933 3276 gustare
981 3197 1208 3256 calicem
1253 3188 1565 3263 passionis?
1599 3184 1752 3242 Unde
1779 3181 1950 3237 David

372 3301 484 3357 ait:
512 3274 740 3354 Calicem
763 3290 1012 3350 salutaris
1038 3285 1315 3356 accipiam,
1345 3289 1393 3337 et
1421 3294 1608 3335 nomen
1632 3274 1842 3330 Domini
1866 3274 1950 3326 in-

375 3390 567 3446 vocabo
589 3385 761 3460 (Psal.
791 3382 937 3452 cxv).
982 3379 1050 3435 Et
1095 3374 1386 3432 notandum
1423 3384 1587 3440 quam
1613 3365 1838 3437 pulchra
1873 3363 1948 3417 si-

378 3453 680 3540 militudine
709 3476 846 3532 visio
881 3487 1002 3528 eum
1029 3467 1299 3538 Propheta
1347 3460 1660 3518 concordat.
1714 3455 1806 3511 llle
1835 3453 1955 3524 qui-

379 3577 500 3632 dem
540 3570 766 3628 calicem
807 3562 1037 3633 aeeepit,
1073 3566 1128 3615 et
1157 3569 1351 3612 nomen
1383 3548 1598 3606 Domini
1649 3543 1950 3608 invocavit;

380 3668 484 3721 iste
513 3670 721 3731 martyr
757 3654 994 3728 phialam
1035 3649 1171 3706 bibit
1198 3656 1253 3701 et
1278 3644 1389 3699 Deo
1415 3638 1620 3712 gratias
1649 3635 1778 3708 egit.
1809 3633 1956 3688 Fons

378 3763 560 3810 autem
590 3723 680 3805 ille
707 3723 848 3802 unde
881 3741 1118 3815 phialam
1149 3733 1411 3806 implevit,
1441 3743 1612 3799 aquas
1639 3723 1958 3795 perspicuas

380 3845 690 3908 emanabat,
725 3846 782 3895 et
821 3813 916 3907 per
939 3831 1283 3888 Psalmistam
1330 3822 1531 3879 dicitur
1561 3836 1576 3874 :
1623 3816 1864 3871 Pretiosa
1902 3813 1959 3867 in

382 3944 659 4005 conspectu
677 3906 897 3985 Domini
927 3939 1068 3978 mors
1101 3927 1402 3975 sanctorum
1427 3913 1540 3984 ejus
1568 3906 1778 3983 (Ibid.).

452 3995 554 4081 Hic
592 4036 722 4077 vero
761 4014 961 4088 inquiri
999 4019 1178 4083 potest
1214 4007 1343 4078 quid
1380 4005 1451 4060 sit
1483 4000 1627 4072 quod
1651 3997 1824 4053 Judex
1860 3995 1962 4049 iste

382 4120 574 4175 beatos
611 4119 880 4182 martyres
919 4117 1020 4174 per
1065 4108 1236 4157 totum
1279 4099 1384 4154 iter
1423 4095 1490 4150 ad
1539 4093 1748 4154 fontem
1793 4099 1964 4156 usque

381 4203 680 4280 praecessit,
705 4211 759 4256 et
783 4213 909 4253 mox
934 4195 1002 4251 ab
1027 4206 1214 4249 eorum
1243 4189 1450 4244 visione
1484 4182 1792 4254 diSparuit:
1825 4193 1961 4232 nun-

386 4297 516 4368 quid
548 4295 753 4350 electos
773 4302 900 4344 suos
928 4283 1206 4348 Dominus,
1237 4292 1373 4349 quos
1402 4290 1498 4346 per
1526 4271 1795 4328 occultam
1843 4282 1966 4339 gra-

387 4364 516 4448 tiam
556 4388 623 4444 ad
658 4382 902 4456 martyrii
938 4392 1192 4435 coronam
1223 4371 1490 4445 perducit,
1519 4364 1846 4424 credendum
1882 4368 1967 4414 est

389 4478 531 4552 quod
578 4491 704 4532 mox
735 4452 994 4530 recedens
1045 4468 1186 4521 inter
1232 4463 1376 4532 ipsas
1423 4473 1518 4513 eos
1557 4452 1963 4510 tribulationum

390 4546 668 4642 angustias
694 4560 950 4620 deserat?
981 4557 1089 4614 Sed
1119 4554 1411 4610 notandum
1437 4546 1566 4618 quia
1596 4555 1724 4599 tunc
1749 4548 1965 4596 sanctos

390 4631 652 4718 Dominus
696 4655 850 4727 quasi
899 4646 1301 4723 quodammodo
1349 4639 1572 4703 deserit,
1619 4650 1743 4692 cum
1775 4647 1868 4688 eos
1897 4631 1966 4685 ab

393 4751 594 4820 iniquis
627 4742 888 4816 ﬂagellari
919 4738 1210 4811 permittit.
1257 4732 1411 4789 Unde
1434 4728 1766 4796 Redemptor
1787 4731 1968 4776 noster

394 4843 450 4898 in
493 4853 655 4894 cruce
697 4815 764 4890 ad
785 4831 1000 4888 Patrem
1025 4828 1292 4884 clamabat
1316 4840 1330 4876 :
1356 4821 1519 4884 Deus,
1546 4815 1687 4871 Deus
1711 4827 1876 4874 meus,
1913 4815 1970 4860 ut

395 4929 521 4999 quid
564 4921 883 4995 dereliquiin
924 4934 1006 4971 me
1035 4916 1061 4969 Σ)
1122 4912 1336 4984 (Matth.
1388 4921 1581 4972 xxvu;
1635 4903 1804 4958 Marc.
1852 4898 1968 4966 xv.)

396 5021 603 5077 Cuncta
655 4990 819 5085 igitur
862 5011 977 5064 iure
1010 5018 1210 5060 arcana
1260 4998 1537 5070 mysteria,
1574 5009 1694 5065 qua:
1723 4990 1968 5058 omnipo-

401 5119 521 5167 tens
545 5079 702 5163 Deus.
716 5099 958 5174 quotidie
983 5110 1081 5165 per
1109 5093 1310 5148 electos
1359 5101 1486 5142 suos
1513 5082 1726 5140 occulta
1755 5079 1971 5148 dispen-

400 5201 612 5259 satione
646 5169 854 5256 tribuit,
905 5187 1033 5242 huic
1079 5182 1170 5237 uni
1218 5176 1490 5250 praecipue
1535 5182 1720 5242 aperta
1765 5169 1972 5224 visione

402 5286 747 5350 monstravit,
776 5289 838 5336 ut
862 5275 1006 5349 quod
1054 5275 1109 5328 in
1144 5269 1356 5327 caeteris
1397 5263 1611 5321 occulte
1653 5262 1850 5332 agitur,
1881 5257 1971 5312 hic

403 5382 566 5452 etiam
591 5376 773 5432 videre
800 5375 1117 5426 mereretur.
1582 5411 1586 5414 η

474 5471 592 5527 Jam
633 5479 763 5521 vero
805 5475 964 5532 quem
990 5454 1222 5511 Iacobus
1262 5452 1513 5522 juvenem
1564 5444 1802 5514 aspexit,
1850 5441 1974 5511 quis

405 5564 510 5621 nisi
540 5562 656 5632 ipse
682 5565 766 5612 est
787 5531 948 5623 quem
979 5547 1248 5603 Marianos
1283 5541 1520 5613 iudicem
1546 5534 1724 5590 vidit?
1762 5533 1862 5600 Qui
1886 5531 1974 5600 ju-

412 5624 578 5712 venis-
603 5649 802 5706 idcirco
823 5639 1092 5714 apparuit,
1117 5637 1244 5707 quia
1269 5630 1442 5687 Media
1454 5638 1540 5684 tor
1563 5625 1657 5683 Dei
1703 5633 1759 5679 et
1798 5624 1975 5679 bomi~

410 5758 538 5801 num
577 5742 714 5799 inter
744 5735 994 5792 homines
1027 5732 1378 5784 conversatus
1428 5721 1497 5777 ad
1529 5716 1821 5789 juvenilcm
1854 5714 1973 5785 qui-

693 5838 943 5897 Parnm.
978 5826 1235 5890 CXLIV.

2039 1884 2200 1955 509
2217 1883 2331 1954 jam
2355 1883 2604 1938 habitare
2629 1883 2948 1952 probentur,
2975 1881 3218 1936 dicentes
3245 1896 3368 1937 eum
3396 1881 3602 1935 Paulo:

2041 1977 2240 2032 Nostra
2280 1985 2454 2028 autem
2503 1972 2825 2027 conversatio
2869 1973 2925 2026 in
2954 1971 3096 2027 uelis
3124 1982 3199 2026 est
3229 1964 3450 2042 (Philip.
3497 1973 3604 2044 ιιι).

2042 2065 2194 2122 Unde
2223 2071 2371 2119 recte
2399 2078 2522 2118 cum
2545 2077 2740 2132 corpus
2765 2061 2908 2117 illius
2936 2062 2992 2116 in
3024 2071 3168 2118 terra
3191 2062 3360 2118 videri
3389 2063 3607 2127 dicitur,

2039 2170 2148 2211 non
2189 2163 2365 2210 tamen
2411 2165 2614 2208 terram
2662 2163 2884 2224 tangere
2929 2152 3266 2223 perhibetur,
3289 2152 3414 2223 quia
3431 2154 3610 2207 sancti

2040 2247 2143 2302 viri
2192 2247 2246 2302 in
2282 2255 2428 2301 terra
2466 2247 2684 2314 quidem
2739 2245 3050 2301 conversari
3079 2245 3349 2311 videntur,
3381 2247 3475 2300 sed
3505 2255 3614 2300 ter-

2042 2341 2190 2397 renis
2215 2341 2425 2396 actibus
2455 2355 2522 2396 ex
2550 2339 2820 2395 desiderio
2853 2355 2959 2395 non
3011 2338 3374 2410 implicantur,
3399 2348 3457 2395 et
3488 2341 3612 2394 dum

2045 2433 2172 2488 totis
2226 2431 2435 2486 nisibus
2468 2435 2535 2486 ad
2574 2430 2683 2485 alta
2735 2446 2795 2486 se
2821 2431 3056 2501 erigunt,
3103 2429 3269 2499 pedes
3294 2430 3554 2486 mentium
3585 2446 3616 2484 a

2043 2531 2193 2576 terra
2226 2521 2589 2589 suspendunt.

2113 2607 2261 2703 Bootae
2282 2615 2461 2703 autem
2497 2607 2686 2662 nitidis
2723 2607 2966 2662 vestibus
2995 2607 3214 2662 indutus
3244 2607 3412 2663 fuisse
3438 2609 3618 2678 perbi-

2045 2697 2222 2763 betur,
2254 2698 2380 2768 quia
2411 2697 2477 2752 de
2529 2711 2595 2752 eo
2624 2713 2722 2767 per
2747 2697 3069 2766 Prophetam
3098 2698 3300 2752 dicitur
3327 2715 3344 2752 :
3383 2699 3617 2755 Amictns

2045 2792 2244 2847 lumine
2268 2793 2402 2846 sicut
2424 2791 2727 2847 vestimento
2775 2789 2949 2861 (Psal.
2975 2791 3114 2858 cm).
3139 2790 3242 2846 Per
3263 2792 3465 2847 nitidas
3489 2795 3620 2861 qui-

2047 2881 2170 2938 dem
2219 2890 2416 2947 vestes,
2467 2882 2665 2952 quibus
2711 2881 2973 2946 induitur,
3019 2893 3206 2938 sancta
3242 2883 3620 2953 proculdubio

2049 2971 2290 3029 Ecclesia
2331 2969 2678 3042 designatur;
2732 2985 2852 3039 qua:
2895 2970 3152 3025 videlicet
3196 2972 3362 3027 vestis
3409 2982 3467 3028 et
3524 2990 3622 3044 per

2054 3061 2374 3116 munditiam
2420 3069 2624 3115 sancta:
2664 3059 3000 3129 operationis
3059 3060 3358 3138 splendida,
3414 3071 3470 3117 et
3525 3077 3622 3132 per

1976 3141 2022 3204 C
2053 3167 2201 3224 spem
2216 3151 2408 3207 futurae
2436 3150 2784 3206 beatitudinis
2797 3149 3023 3204 Domino
3040 3152 3278 3206 attineret
3291 3152 3625 3218 extensa;de

2048 3260 2152 3314 qua
2183 3244 2312 3299 dicit
2333 3241 2660 3325 Apostolus:
2695 3239 2763 3295 Ut
2789 3242 3052 3295 exhiberet
3077 3241 3177 3295 sibi
3196 3240 3481 3311 gloriosam
3528 3243 3631 3296 Ec-

2048 3334 2282 3396 clesium,
2307 3347 2411 3385 non
2430 3331 2700 3384 habentem
2748 3328 3138 3393 maculant,aut
3176 3346 3360 3400 rugam
3412 3332 3627 3402 (Ep/tes.

2049 3426 2124 3497 v).
2161 3426 2227 3480 Et
2250 3439 2487 3494 congrue
2508 3423 2728 3493 fulgidis
2756 3422 2999 3477 vestibus
3017 3421 3234 3475 indutus
3258 3433 3627 3488 memoratur;

2051 3517 2180 3588 quia
2209 3516 2277 3571 de
2308 3515 2495 3570 electis
2537 3514 2649 3569 suis
2692 3528 2722 3566 a
2774 3511 3002 3565 Domino
3049 3511 3248 3565 dicitur
3279 3529 3292 3564 :
3330 3508 3631 3581 Fulgebunt

2043 3609 2179 3681 justi
2199 3608 2334 3662 sicut
2358 3605 2436 3661 sol
2468 3607 2523 3660 in
2544 3621 2700 3675 regno
2721 3598 2901 3657 Patris
2932 3603 3032 3657 mei
3061 3602 3277 3672 (Matth.
3312 3603 3453 3672 XIII).

2125 3698 2237 3754 Nec
2259 3696 2387 3752 illud
2409 3703 2606 3750 vacata
2620 3693 2876 3764 mysterio
2897 3693 3038 3761 quod
3063 3692 3178 3746 ista:
3202 3703 3380 3747 vestes
3401 3692 3635 3748 diversis

2056 3789 2328 3848 coloribus
2341 3787 2612 3842 distinctae
2637 3783 2966 3840 referuntur.
2987 3782 3173 3836 Sancti
3199 3782 3344 3837 enim
3375 3781 3471 3836 viri
3497 3782 3627 3835 dum

2059 3883 2245 3940 multis
2296 3880 2500 3950 pollent
2549 3876 2863 3939 virtutibus,
2909 3874 3060 3943 quasi
3116 3873 3332 3928 diversa
3387 3873 3633 3932 colorum

2060 3976 2238 4046 specie
2266 3974 2690 4043 distinguuntur.
2716 3967 2856 4022 llinc
2897 3974 2976 4021 est
3007 3965 3147 4036 quod
3169 3980 3265 4034 per
3292 3964 3636 4020 Psalmistam

2062 4068 2262 4123 dicitur
2285 4082 2297 4117 :
2330 4063 2509 4117 Astitit
2537 4061 2716 4129 regina
2742 4075 2775 4110 a
2796 4056 2990 4110 dextris
3019 4057 3122 4109 tuis
3181 4057 3237 4109 in
3264 4056 3450 4109 vestitu
3474 4057 3640 4109 deau-

2063 4168 2201 4223 rato,
2235 4152 2624 4210 circumamicta
2647 4149 2894 4203 uarietate
2917 4145 3091 4217 (Psal.
3116 4144 3285 4215 λων).
3313 4143 3416 4218 Hie.
3452 4145 3638 4216 itaque

2061 4248 2276 4320 juvenis
2307 4261 2413 4301 non
2441 4244 2678 4306 stetisse,
2711 4242 2803 4296 sed
2839 4240 3199 4310 pertransisse
3224 4247 3351 4293 ante
3376 4255 3472 4293 ora
3497 4255 3642 4293 mar-

2068 4351 2248 4414 tyrum
2274 4339 2423 4394 visus
2446 4345 2546 4401 est,
2587 4333 2714 4405 quia
2731 4331 2842 4402 jam
2863 4345 2958 4386 eos
2981 4331 3239 4385 Dominus
3259 4331 3325 4386 de
3356 4331 3457 4385 hoc
3482 4347 3640 4385 mun-

2069 4435 2137 4489 do
2170 4431 2359 4487 tollere
2380 4437 2544 4498 atque
2568 4428 2634 4481 ad
2662 4424 3172 4495 contemplationem
3203 4421 3504 4490 majestatis
3531 4437 3644 4476 sua:

2069 4525 2368 4597 perducere
2399 4517 2750 4589 disponebat;
2797 4515 2939 4572 sicut
2992 4516 3106 4585 ipse
3152 4514 3206 4568 in
3254 4513 3541 4584 Evangelia
3570 4514 3645 4567 di-

2069 4621 2147 4674 cit
2178 4635 2191 4670 :
2218 4614 2286 4668 Et
2325 4611 2589 4667 transiens
2641 4605 2960 4663 ministrabit
3017 4607 3124 4660 illis
3160 4604 3310 4674 (Luc.
3355 4607 3472 4675 xu).
3505 4605 3645 4672 Quid

2070 4717 2156 4764 est
2198 4713 2374 4760 autem
2407 4701 2551 4773 quod
2596 4699 2833 4770 singulas
2861 4709 3025 4752 zonas
3064 4710 3362 4767 purpureas
3388 4695 3440 4749 in
3466 4696 3645 4750 simnn

2071 4805 2371 4866 martyrum
2404 4790 2641 4863 proiicit,
2674 4787 2776 4842 nisi
2806 4785 2947 4855 quod
2969 4800 3064 4840 eos
3087 4783 3322 4853 undique
3348 4783 3645 4854 cingendos

2073 4884 2340 4957 angustiis
2379 4881 2692 4952 passionum
2727 4874 3051 4931 innotescit?
3081 4873 3208 4928 Hac
3232 4872 3483 4929 videlicet
3508 4889 3646 4929 zona

2074 4974 2342 5046 passionis
2369 4981 2497 5027 tunc
2545 4975 2894 5038 purpuratur,
2917 4979 3040 5020 eum
3074 4964 3297 5033 sanguis
3331 4963 3642 5020 eﬂ'unditur.

2075 5041 2179 5122 Per
2205 5065 2310 5119 hoc
2339 5076 2468 5117 vero
2509 5059 2652 5128 quod
2699 5071 2794 5112 eas
2837 5055 2891 5110 in
2935 5055 3110 5108 sinum
3163 5041 3406 5124 projecit,
3447 5064 3646 5124 quanta

2077 5156 2402 5214 certitudine
2437 5152 2558 5205 illos
2584 5150 2652 5204 de
2679 5145 2775 5204 'sua
2807 5146 3062 5218 passione
3096 5146 3356 5211 ﬁrmaret,
3390 5147 3646 5201 innotuit.

2077 5248 2219 5304 Nihil
2240 5245 2383 5301 enim
2416 5240 2622 5297 certius
2651 5238 2814 5309 510
2835 5251 2933 5291 nos
2965 5236 3168 5291 habere
3191 5235 3465 5291 credimus
3486 5253 3646 5305 quam

2078 5342 2220 5414 quod
2253 5339 2307 5393 in
2349 5337 2469 5392 sinu
2499 5342 2765 5388 tenemus.
2796 5328 2948 5385 Unde
2977 5327 3038 5381 Β.
3075 5327 3176 5383 Job
3196 5329 3263 5383 de
3287 5343 3383 5398 spe
3404 5342 3649 5383 resurre-

2078 5433 2275 5492 ctionis
2303 5430 2415 5485 ait:
2448 5423 2694 5496 Reposito
2739 5432 2812 5476 est
2847 5421 2958 5473 ha'c
2987 5435 3102 5488 spes
3144 5433 3256 5473 mea
3296 5419 3351 5472 in
3391 5418 3510 5471 sinu
3534 5434 3648 5472 meo

2079 5525 2202 5598 (Job
2248 5523 2386 5593 xu).

2147 5617 2336 5685 Neque
2367 5613 2470 5668 hoc
2495 5624 2527 5664 a
2558 5604 2816 5678 mysterio
2855 5607 3014 5656 vacat
3059 5599 3201 5668 quod
3250 5613 3384 5668 puer
3423 5599 3649 5663 ineollo

2080 5710 2198 5779 ejus
2225 5703 2428 5761 monile
2477 5711 2716 5761 roseum,
2741 5693 2796 5750 in
2830 5702 2992 5748 manu
3024 5703 3152 5744 vero
3177 5687 3409 5757 palmam
3438 5686 3652 5741 viridis-

3135 5789 3213 5848 33
