4170 6440
769 451 825 514 11
1097 510 1111 524 ,
1819 447 1824 454 ’
2065 455 2288 514 PETRI
2329 455 2416 514 ΡΟ

2270 455 2288 514 l
2329 455 2624 514 POSSINI
3326 485 3328 487 ν
3855 443 3917 509 ις

843 562 920 620 lll
1009 560 1178 621 .Tam
1248 570 1418 620 atrox
1479 563 1613 623 irati
1689 564 1980 624 Numinis
2049 564 2318 645 yiudictn
2406 565 2636 639 quibus
2689 572 2830 622 tunc
2887 560 3231 645 sceleribus
3275 567 3736 636 provocaretur,
3779 558 3908 618 ois-

766 659 1069 736 quisitum
1124 676 1156 719 a
1213 660 1497 734 plurimis
1566 659 1774 731 anxie,
1851 642 2060 737 ipsuni
2144 677 2399 738 quoque
2464 679 2530 722 se
2583 677 2707 720 non
2753 642 3168 722 dissimulans
3241 656 3379 733 ejus
3443 661 3746 718 abstrusa)
3820 656 3908 714 rei

768 762 1206 822 sciscitatorem
1268 758 1615 826 curiosum,
1686 776 1807 818 non
1866 759 2054 818 semel
2142 749 2549 836 Pacliymeres
2614 761 2893 822 afﬁrmat.
2956 767 3328 840 Aperiamus
3403 763 3518 821 hoc
3599 776 3713 820 nos
3777 757 3909 816 illis

770 873 1084 926 arcanum,
1128 862 1188 916 et
1243 855 1647 931 indigitemns
1727 858 1985 929 trabem,
2055 873 2242 933 quam
2311 860 2456 934 quia
2540 859 2787 921 inlixam
2838 871 3064 937 gerunt
3135 863 3358 929 oculis,
3437 861 3652 919 videre
3732 855 3912 917 illusi

774 964 1116 1034 nequeunt.
1187 957 1474 1032 Relapsio
1547 956 1609 1014 in
1671 955 1989 1026 haeresim,
2034 963 2233 1016 sancti
2313 959 2578 1032 Spiritus
2652 961 3112 1034 processionem
3166 978 3200 1022 e
3262 937 3432 1020 i’atre
3503 957 3688 1015 simul
3767 969 3908 1010 cum

773 1055 932 1113 Filio
1015 1057 1363 1128 negantem,
1422 1051 1750 1126 repetitum
1813 1052 2103 1123 schisma,
2173 1055 2432 1114 rebellio
2500 1055 2714 1116 iterata
2764 1056 2828 1116 in
2885 1057 3112 1117 Christi
3171 1058 3466 1116 vicarium
3560 1055 3910 1111 Romanum

773 1152 1151 1229 pontificem,
1207 1158 1430 1215 vestra,
1465 1150 1820 1224 Byzantini,
1884 1149 1998 1208 hoc
2060 1166 2248 1224 opere.
2329 1153 2634 1224 publicata
2709 1155 2965 1215 crimina
3033 1146 3198 1215 sunt.
3274 1156 3364 1213 Ne
3436 1150 3696 1228 quwrite
3764 1146 3916 1204 alias

774 1251 1028 1311 istarum
1066 1253 1208 1309 ~suh
1269 1250 1501 1324 quibus
1561 1250 1809 1324 g“llti‘.is
1871 1251 2242 1320 exitialium,
2281 1259 2491 1311 tenore
2545 1255 3028 1314 continuissimo
3079 1271 3406 1325 nexarutu,
3459 1264 3634 1312 aneta
3667 1262 3914 1325 semper

770 1349 1065 1424 gradibus
1144 1350 1460 1406 atrocitate
1530 1349 1940 1406 arescentium
2009 1364 2225 1406 causas
2300 1351 2738 1409 calamitatum.
2806 1353 3134 1429 Utcunque
3197 1352 3405 1427 probi,
3469 1348 3677 1417 mites,
3753 1341 3911 1422 justi

777 1445 1092 1522 principes
1150 1446 1331 1505 vestri
1368 1447 1715 1514 videantur,
1751 1445 2021 1520 populus
2060 1445 2206 1505 satis
2261 1449 2665 1520 compositus,
2730 1449 2935 1508 clerus
2993 1451 3196 1526 gravis
3255 1457 3313 1508 et
3355 1449 3678 1515 honestus,
3713 1456 3910 1510 unum

776 1553 864 1602 est
929 1544 1071 1601 odio
1152 1547 1213 1602 in
1272 1560 1388 1622 vos
1473 1545 1579 1603 Dei
1659 1545 2023 1603 concitando
2078 1542 2182 1615 vel
2257 1530 2750 1610 efﬁcacissimum
2825 1546 3152 1624 flagitium,
3219 1550 3512 1623 pertinax
3589 1545 3912 1617 amplexus
3977 1615 3982 1621 _

778 1641 1021 1715 reprobi
1081 1645 1411 1716 dogmatis,
1473 1641 1761 1718 pervicax
1841 1649 2232 1714 contemptus
2284 1657 2596 1716 supremm
2650 1643 3084 1704 ecclesiastica)
3151 1644 3538 1704 auctoritatis
3606 1643 3671 1698 in
3747 1637 3912 1698 Petri

775 1756 1134 1799 successore
1187 1743 1458 1803 Romano
1509 1739 1803 1814 episcopo
1858 1737 2085 1798 Christi
2147 1737 2344 1812 ipsius
2409 1738 2805 1801 institutione
2849 1743 3224 1803 constituta).
3269 1745 3412 1802 Huic
3472 1741 3648 1801 vobis
3717 1731 3912 1797 Lerna

779 1841 1106 1908 malorum,
1149 1838 1325 1911 origo
1384 1838 1674 1905 cladium,
1713 1835 1852 1893 fons
1907 1834 2394 1896 infortuniorum
2436 1839 2642 1896 omnis
2686 1840 2935 1915 generis
2990 1855 3158 1900 unus
3209 1847 3301 1900 est
3330 1839 3644 1900 omnium.
3677 1833 3918 1895 Doletis

777 1947 1015 1998 vestros
1048 1921 1359 2000 exercitus
1391 1933 1964 2000 numerosissimos,
1997 1934 2284 1999 ductante
2325 1951 2438 2012 per
2485 1951 2552 1992 se
2591 1935 2726 2010 ipso
2755 1941 2954 1996 vestro
2982 1939 3265 2014 Augusto
3295 1937 3598 1998 Michaele
3634 1935 3941 1998 Juniere,-

778 2053 945 2099 nunc
1001 2035 1437 2111 incompositis
1469 2050 1579 2092 nec
1621 2033 1831 2092 multis
1873 2033 2190 2107 OPPDSiios
2245 2035 2316 2092 in
2348 2035 2492 2094 Asia
2530 2035 2836 2106 Barbat-is,
2888 2053 3057 2100 nunc
3101 2040 3163 2098 in
3228 2040 3508 2100 Occidua
3558 2037 3922 2097 continente

779 2138 991 2214 paucis
1055 2135 1370 2211 imparatis
1423 2135 1783 2198 cxtorribus
1847 2133 2118 2206 objectos
2174 2134 2308 2192 acie
2359 2134 2610 2204 Latinis,
2656 2141 2892 2195 terrore
2957 2137 3156 2198 fuisse
3201 2148 3630 2197 consternatos
3670 2133 3916 2210 panico.

775 2241 974 2308 fusos,
1012 2234 1278 2312 fugatos,
1315 2231 1715 2308 prolligatos?
1753 2230 2206 2299 Consternavit,
2247 2230 2514 2307 disjecit,
2569 2233 2835 2308 perdidit
2873 2234 3086 2294 divina
3144 2235 3455 2305 Nemesis,
3513 2233 3796 2292 hmresim
3855 2235 3918 2292 in

782 2338 953 2398 vobis
1011 2343 1070 2392 et
1127 2331 1391 2392 schisma
1446 2331 1789 2389 vindicans.
1849 2333 1941 2387 An
2017 2345 2161 2387 vero
2223 2346 2299 2388 ex
2369 2348 2494 2404 quo
2563 2331 2910 2406 legitimum
2978 2335 3344 2402 antistitem,
3413 2332 3742 2391 orthodoxi
3799 2330 3918 2388 dc-

778 2436 1003 2514 gmatis
1059 2433 1136 2491 dc
1200 2430 1597 2504 processione
1630 2428 1823 2486 sancti
1856 2428 2122 2501 Spiritus
2175 2443 2249 2484 cx
2305 2427 2488 2490 Patre
2524 2427 2815 2503 Filioque
2865 2431 3391 2499 eruditissimum,
3427 2429 3917 2488 disertissimum

780 2536 1485 2604 constantissimumque
1563 2528 1980 2600 defensorem,
2049 2528 2271 2586 throno
2328 2525 2718 2601 patriarchali
2777 2527 3078 2586 Joannem
3160 2530 3428 2590 Veccum
3515 2527 3921 2597 deturbastis,

784 2645 982 2698 vestra
1034 2649 1310 2710 unquam
1370 2631 1428 2687 iit
1493 2627 1614 2685 ulla
1669 2627 1758 2685 vel
1816 2629 2034 2686 umbra
2071 2624 2536 2701 tranquillitatis
2591 2627 2953 2702 conquievit
3006 2629 3328 2688 Ecclesia?
3387 2631 3518 2689 Non
3573 2629 3678 2688 ille
3728 2644 3916 2700 queui

783 2726 892 2814 pro
962 2737 1156 2795 Vccco
1213 2729 1558 2791 intrusistis
1619 2727 1955 2803 Gregorius
2020 2727 2310 2804 Cyprius,
2349 2725 2797 2801 jactationibus
2844 2743 3210 2788 concussus
3285 2728 3578 2798 assiduis,
3650 2743 3920 2803 princeps

783 2841 1022 2898 tandem
1058 2835 1204 2893 scde
1234 2832 1506 2891 corruit?
1529 2846 1647 2888 non
1678 2827 1844 2905 paria
1876 2845 2096 2903 passus
2127 2826 2218 2884 illi
2244 2825 2551 2885 suffectus
2568 2824 2989 2884 Athanasius?
3017 2827 3183 2900 paria
3213 2827 3492 2885 Joannes
3509 2820 3805 2886 COsmas?
3829 2824 3918 2883 si-

783 2937 976 3005 milia,
1054 2934 1180 2992 imo
1252 2933 1482 3006 pejora,
1532 2929 1758 2988 iterum
1822 2935 2031 2984 contra
2079 2926 2183 3001 jus
2249 2924 2466 2998 fasque
2531 2909 2839 2997 repositus
2896 2924 2961 2984 in
3020 2935 3185 2985 recte
3243 2924 3465 2983 ablato-
3507 2922 3918 2998 patriarchatu

783 3033 1154 3094 Athanasius
1216 3032 1406 3089 idem.
1482 3026 1658 3085 vobis
1721 3025 1983 3098 insuper
2033 3024 2185 3098 ipsis
2252 3022 2702 3083 infestissimus
2766 3029 2828 3082 et
2880 3023 3517 3087 abominatissimus?
3571 3021 3730 3092 Quid
3784 3034 3916 3078 me-

787 3150 1018 3192 morem
1068 3146 1285 3191 sawas,
1329 3128 1676 3191 ‘iuituanes,
1737 3121 1998 3180 rabiosis
2063 3123 2428 3196 commissas
2491 3128 2550 3180 et
2608 3121 2923 3180 vobiscum
2990 3127 3051 3180 ct
3109 3121 3378 3182 invicem
3438 3121 3666 3197 jurgiis
3723 3127 3920 3179 sectas

783 3230 1298 3294 Arseniauorum.
1336 3219 1846 3295 Juscphitarum,
1880 3215 2476 3291 Hyaciutltinorum,
2521 3215 2813 3285 aliorum,
2871 3215 3057 3274 modo
3089 3216 3340 3294 Georgii
3406 3214 3920 3289 Moschamparis,

726 3397 729 3401 ,
789 3332 972 3391 modo
1035 3324 1229 3386 Marci
1304 3319 1597 3394 discipuli
1651 3318 1884 3393 Cyprii,
1951 3317 2133 3374 modo
2197 3315 2532 3373 Andronici
2607 3315 2950 3383 Sardensis,
3019 3317 3200 3374 modo
3252 3317 3511 3376 Joannis
3587 3313 3918 3390 Ephesini,

782 3433 968 3494 modo
1025 3429 1253 3487 Μειδία)
1329 3415 1872 3494 Dyrtliacbiensis,
1945 3414 2125 3474 modo
2199 3413 2521 3486 'l‘hcolepti
2607 3411 3170 3488 Philadelphiensis
3278 3423 3480 3489 partes
3557 3412 3925 3473 tuentium?

781 3546 927 3609 (μηδ
967 3534 1153 3585 aestus
1214 3515 1686 3592 implacabiliter
1738 3513 2118 3572 rixantium?
2173 3525 2359 3589 quam
2412 3508 2891 3568 immedicabilis
2921 3509 3096 3568 furor
3144 3511 3393 3568 obnixis
3425 3510 3920 3570 irrcvocabiliter

781 3627 1007 3690 studiis
1063 3640 1199 3683 sese
1263 3626 1478 3679 mutuo
1542 3613 2019 3678 infestantium?
2064 3611 2432 3688 cmlo.ipso,
2490 3611 2667 3688 cujus
2733 3613 2809 3670 de
2863 3612 3079 3671 vestris
3114 3613 3564 3671 controversiis
3605 3611 3919 3686 judicium

779 3733 888 3792 illo
953 3719 1428 3798 Atramytliensi
1487 3723 1796 3777 conventu
1852 3732 1958 3790 per
2013 3718 2344 3794 quamdam
2385 3711 2826 3788 superstitiose
2859 3713 3170 3772 curiosam
3207 3711 3661 3789 pyromantiatn
3699 3711 3921 3787 explo-

783 3840 983 3890 ratum
1048 3820 1320 3885 iteratis,
1359 3815 1548 3892 partis
1611 3813 1939 3890 utriusque
1995 3811 2242 3886 scriptis
2273 3828 2444 3871 sacra
2496 3811 2742 3870 ﬂamma
2800 3813 3293 3882 concremandis,
3329 3811 3680 3872 luculenter
3717 3811 3922 3872 decla-

781 3936 959 3989 rante
1017 3937 1195 3998 mque
1258 3918 1466 3977 omnia
1534 3920 1733 3974 vestra
1793 3911 2228 3980 conventicula
2290 3913 2418 3972 Deo
2479 3926 2614 3969 esse
2661 3926 2731 3968 ac
2783 3912 3035 3986 superis
3067 3927 3278 3969 exosa.

861 4027 964 4084 IV.
1049 4022 1166 4079 Sed
1223 4017 1448 4076 frustra
1512 4011 1865 4072 laboramus
1944 4010 2351 4070 admonendis
2415 4012 2492 4069 iis
2569 4023 2729 4085 quos
2802 4009 3153 4070 voluntaria
3233 4011 3473 4070 cmcitas
3541 4027 3576 4072 a
3631 4008 3927 4075 videndo,

783 4125 950 4204 quod
1005 4121 1200 4198 palam
1264 4123 1378 4181 est,
1440 4110 1744 4184 prohibet.
1794 4112 1917 4168 Nos
1975 4110 2182 4184 potius
2243 4110 2407 4179 hunc
2455 4109 2728 4170 fructum
2784 4126 2859 4177 ex
2898 4109 3084 4186 hujus
3144 4111 3420 4174 historias
3452 4111 3721 4172 lectione
3768 4109 3931 4170 refe-

785 4236 1019 4288 ramus,
1055 4226 1120 4279 ut
1187 4209 1756 4305 "OlyltiUbllande
1792 4217 2080 4283 putemus
2135 4209 2402 4284 amplius
2435 4211 2588 4285 quiti
2644 4210 2717 4269 ad
2752 4211 3134 4301 puniendum
3169 4214 3523 4272 Griecorum
3557 4213 3619 4269 in
3663 4212 3926 4271 Oriente

788 4311 1560 4401 imperantium-summ:
1619 4316 1976 4375 contumax,
2033 4311 2255 4383 degma
2315 4311 3368 4381 reprobum,Deus.0ttomanorum
3430 4312 3769 4386 potentiam
3820 4328 3931 4370 ex-

782 4423 1086 4485 citaverit.
1161 4416 1375 4489 Statim
1431 4409 1557 4469 ferc
1621 4419 1806 4484 atque
1845 4408 2236 4468 Andronicus
2269 4407 2649 4482 Palmologus
2699 4409 2910 4467 senior
2944 4425 3198 4485 compos
3253 4409 3449 4470 factus
3481 4409 3732 4484 imperii
3765 4409 3929 4468 vires

782 4526 919 4600 ejus
951 4515 1260 4580 convertit
1301 4510 1629 4569 universas
1661 4506 1733 4565 ad
1773 4505 2253 4564 labefactandam
2290 4503 2878 4578 cxstirpandamque
2898 4505 2973 4561 ab
3004 4505 3137 4578 ejus
3171 4515 3340 4580 patre
3376 4506 3680 4566 Micliaele
3712 4505 3925 4563 initam

740 4623 925 4686 "cum
984 4613 1333 4693 apostolica
1393 4608 1539 4667 stiie
1600 4603 2016 4674 concordiam,
2069 4612 2412 4677 eruperunt
2473 4622 2505 4659 e
2562 4604 2812 4662 Perside
2874 4607 2938 4662 in
3007 4604 3385 4664 Christianas
3448 4615 3636 4666 terras
3694 4605 3925 4664 tumul-

786 4715 1376 4787 lua.-i;p,,,iatrontini
1429 4717 1673 4784 manus.
1735 4701 1966 4758 Harum
2018 4699 2155 4764 dux
2211 4714 2420 4766 unus,
2470 4715 2655 4774 quem
2708 4709 2918 4758 master
2974 4706 3296 4761 Almanem
3339 4711 3533 4772 vocat,
3584 4705 3722 4762 aliis
3757 4704 3932 4762 Otto-

785 4787 1436 4891 "laws,llipiitinaius,
1465 4817 1538 4873 ex
1571 4797 1838 4856 obscuro
1875 4843 1890 4868 ,
1923 4805 2169 4871 egente,
2205 4795 2449 4854 intirmo
2487 4795 2919 4869 inclarescere,
2949 4800 3158 4869 ditari,
3205 4805 3593 4862 corroborari
3633 4800 3929 4878 paulatim

783 4907 1175 4988 ηωηηάςδῄλιι
1231 4902 1432 4976 quoad
1499 4897 1738 4966 multis,
1811 4905 1993 4970 prout
2034 4896 2454 4968 Pachjmeres.
2516 4897 2778 4971 sparsim
2849 4898 2946 4953 bis:
3016 4910 3337 4966 memorat.
3390 4911 3612 4960 auctus
3682 4917 3933 4960 succes-

783 5013 985 5075 sibus,
1019 5004 1247 5082 parasitis
1268 4999 1708 5075 iOCU‘piclalitS,
1736 4993 2005 5065 arcibus,
2031 4992 2316 5060 urbibus,
2340 4993 2675 5066 provinciis
2702 5012 2830 5053 sum
2849 4995 3069 5053 ditioni
3109 4999 3400 5070 subditis,
3425 5001 3634 5058 Prusae
3659 5003 3932 5071 tandem,

785 5123 971 5184 quam
1005 5082 1394 5176 in‘Bitliynia
1451 5106 1860 5169 οευυμδγρτυῐ
1894 5141 1908 5165 ,
1970 5111 2229 5172 regnum
2281 5093 2597 5164 inStituit,
2631 5099 2794 5155 circa
2831 5095 3064 5154 Christi
3100 5115 3335 5157 annum
3385 5101 3771 5160 tuillcsimun
3809 5111 3929 5159 tre-

784 5205 1229 5270 centesimum,
1264 5193 1607 5256 Andronici
1636 5193 1853 5264 nostri
1902 5192 2091 5268 hujus
2127 5193 2186 5250 in
2238 5191 2503 5258 imperio
2541 5192 3156 5252 duodevicesimum.
3185 5196 3503 5254 Ottotnani
3536 5196 3642 5271 qui
3679 5198 3929 5274 triginta

784 5305 1032 5369 circiter
1067 5306 1204 5377 post
1241 5298 1424 5358 annis
1458 5295 1762 5373 successit
1799 5293 1864 5356 in
1905 5309 2095 5373 regno
2133 5289 2425 5369 morienti
2461 5291 2628 5350 filius
2660 5291 3016 5361 Orclianes,
3066 5301 3241 5367 capta
3287 5294 3487 5352 Nicaea
3523 5293 3712 5352 altera
3765 5300 3933 5366 regia

782 5400 1271 5482 Byzantinorum
1312 5397 1786 5477 Augustorum,
1819 5389 2245 5470 l‘iicometliam
2284 5397 2575 5462 praeterea
2615 5389 3026 5465 reliquasque
3059 5397 3290 5448 tractus
3341 5395 3476 5465 ejus
3514 5391 3795 5450 civitates
3836 5395 3933 5450 in-

780 5503 1001 5578 clytus,
1037 5505 1164 5553 tum
1204 5494 1492 5576 Mysiam,
1529 5486 2582 5567 Lycaoniam,Phrygiam,Cariam
2612 5495 2992 5561 cunctasque
3032 5492 3102 5545 atl
3143 5487 3614 5563 ilelle5p0ntum
3646 5497 3703 5546 et
3752 5491 3938 5544 Emi-

781 5613 930 5659 uuzn
964 5594 1278 5669 regiones,
1316 5594 1592 5668 lttutiano
1617 5597 1869 5662 ereptas
1903 5601 2017 5644 suo
2055 5583 2282 5657 adjecit
2324 5586 2613 5660 imperio.
2649 5587 2838 5658 Cujus
2879 5587 3062 5642 etiam
3109 5586 3308 5643 adhuc
3364 5588 3678 5659 regnantis
3729 5586 3938 5656 auspi-

780 5701 893 5758 ciis
932 5697 1275 5754 Solituancs
1315 5694 1655 5759 iilins,:tutc
1693 5698 1928 5763 patrem
1964 5686 2188 5742 deinde
2229 5693 2537 5757 Mortuus,
2580 5686 2638 5742 it:
2675 5684 2995 5743 Thraciam
3036 5684 3349 5758 trajicions
3377 5681 3786 5741 Ottomaniris
3818 5683 3942 5755 pri-
