4170 6440
686 618 689 619 ν
773 550 873 600 κᾶν
941 551 1110 603 ἄλλων
1177 552 1444 618 γένοιντο,
1511 555 1608 605 οὐκ
1651 556 1887 624 ἀπᾷδον,
1941 550 2133 622 οἶμαι,

767 345 834 410 63
1285 364 1291 370 ’
1935 354 2248 414 osonou
2293 331 2758 423 mansuem:
3858 351 3927 415 st

772 461 1064 530 ἱστοροῦντι
1137 465 1193 516 δὲ
1259 464 1431 530 λέγειν
1500 466 1590 517 καὶ
1647 464 1833 526 ταῦτα.
1909 467 2011 519 κᾶν
2081 467 2299 519 ἐκείνων
2329 474 2369 526 Α
2400 472 2626 538 σάμενος
2647 475 2704 525 ἐν
2730 477 2838 539 τοῖς
2861 473 3128 540 διπτύχοις
3160 475 3270 533 τοῖς
3290 472 3648 539 «arguimur;
3682 485 3929 535 συμμνηο

2214 554 2297 607 δο.

773 641 874 689 κεί.
907 640 1125 707 ’Λλλιιυς
1149 641 1323 706 μέντοι
1344 657 1404 707 γε
1433 644 1628 712 ἐκεῖνοι
1672 646 1790 701 ταῖς
1834 643 2120 712 ἐκκλησίας
2156 636 2300 694 ἀντι-

778 728 1133 792 σηκώσαντες,
1166 731 1301 781 κατὰ
1329 730 1523 797 τρόπον
1542 732 1609 782 τὰ
1640 732 1736 799 τῆς
1778 730 2092 798 Ἐκκλησίας
2121 731 2193 793 ὡς
2228 728 2300 782 εἷ-

774 831 865 882 χον
897 816 1141 877 διίθυνον,
1173 817 1546 883 τυραννοῦντες
1574 813 1683 870 οἷον
1709 822 1785 879 είς
1814 818 1881 870 τὰ
1916 819 2080 871 πολλὰ
2101 820 2299 869 τούτων

774 907 865 956 καὶ
918 905 1010 972 τὴν
1064 907 1341 974 βασιλικὴν
1394 901 1723 978 ἡμέρὸτητᾶ,
1760 908 1877 970 ἑνὸς
1928 910 2019 961 καὶ
2054 910 2211 974 μόνου
2232 909 2301 959 τὰ

773 994 946 1045 πάντα
1001 996 1475 1062 καταπροῖεμένου,
1524 986 1619 1065 τῆς
1671 997 1849 1065 κοινῆς
1899 998 2141 1065 ὁμονοίας
2209 1000 2301 1050 καὶ

776 1084 1166 1146 καταστάσεως,
1199 1084 1270 1148 ὡς
1294 1087 1601 1153 ὑπέσχοντο.

777 1238 862 1292 ιϐ’.
892 1241 1027 1307 Περὶ
1071 1241 1180 1307 τῆς
1216 1245 1561 1309 Αὐγούστης
1592 1245 1886 1310 Θεοδώρας
1922 1247 2018 1299 καὶ
2061 1245 2163 1298 τοῦ
2198 1261 2303 1297 πα-

1152 1313 1427 1378 τριάρχου
1460 1313 1925 1379 ’Δλεξανδρείαᾳ

889 1437 1147 1507 ’Δπῄτουν
1187 1439 1270 1509 [Ρ.
1301 1439 1392 1509 35]
1445 1441 1541 1506 μὲν
1581 1440 1673 1492 οὖν
1717 1442 1810 1493 καὶ
1859 1442 1955 1509 τὴν
1993 1440 2306 1507 Αὐγοῦσταν

680 1598 687 1602 ἢ
778 1529 1054 1596 Θεοδὼραν
1080 1528 1313 1580 λίσελλον
1346 1531 1440 1597 μὲν
1474 1531 1724 1591 πίστεως,
1747 1531 2012 1599 ἀποϐολὴν
2038 1531 2080 1581 δ’
2110 1531 2308 1596 ἐγγρα-

781 1636 877 1685 φον
903 1617 1005 1670 τῶν
1034 1618 1157 1684 χθὲς
1198 1619 1509 1683 γεγονότων,
1554 1620 1846 1685 ἀσφάλειαν
1881 1621 1935 1672 δὲ
1983 1621 2073 1671 καὶ
2091 1620 2194 1671 ατοῦ
2233 1620 2306 1687 μή

2398 560 2688 626 μονεύοιτο.
2706 562 2795 629 Τῷ
2819 562 2925 627 γὰρ
2958 562 3277 628 Ἀντιοχείας
3298 560 3554 626 Θεοὸαισὶῳ
3580 558 3654 625 τῷ
3673 560 3930 627 Πρίγκιπι

2394 647 2612 715 λεληθὸς
2638 650 2736 715 μὲν
2771 648 2884 710 δέος
2909 649 3167 716 ἐμπίπτει
3195 648 3267 715 μὴ
3297 649 3387 700 καί
3409 666 3460 698 τι
3487 639 3720 716 δράσωσι
3744 646 3934 700 τοῦτον

2396 734 2502 786 τῶν
2545 731 2870 805 ἀϐουλήτῶν,
2902 735 3232 809 φανερῶςκε
3279 736 3612 803 ὑπερηφάνει
3642 735 3735 786 καὶ
3774 736 3938 800 ὑπερτ

2398 825 2542 891 εώρα
2584 825 2690 876 τῶν
2745 827 3140 894 πραττομένων.
3184 826 3396 892 Ἀμέλει
3442 841 3522 876 τοι
3568 826 3658 875 καὶ
3697 823 3935 891 πέμψας,

2398 897 2490 964 τού
2535 911 2790 977 βασιλέως
2830 912 2919 980 μὴ
2964 914 3182 976 εἰδότος,
3229 903 3521 981 παρῃτεῖτο
3556 912 3694 964 κατὰ
3738 912 3963 977 Συρίαν⁸

2400 986 2489 1073 καί
2516 1000 2658 1068 ἄλλῳ
2706 999 3011 1069 παρεχώρει
3054 1002 3144 1052 τοῦ
3184 1002 3369 1068 θρόνου
3393 1016 3407 1030 ο
3439 1000 3517 1051 ἐτι
3565 1000 3672 1067 γὰρ
3710 998 3941 1060 ἐσώζετο

2403 1091 2498 1157 μὲν
2530 1089 2805 1158 Τρίπολις,
2825 1090 3052 1152 ἐσώζετο
3078 1092 3134 1143 δὲ
3164 1094 3193 1158 ἡ
3221 1093 3358 1143 κατὰ
3393 1091 3590 1157 Συρίαν
3620 1087 3941 1156 Πτολεμαῒς,

2400 1164 2597 1245 περιῆν
2624 1179 2679 1230 δὲ
2708 1181 2945 1247 Βηρυτὸς
2982 1181 3073 1232 καὶ
3105 1179 3270 1231 Σιδὼν
3294 1181 3385 1231 καὶ
3415 1179 3583 1245 Τύρος
3606 1180 3690 1229 καὶ
3718 1177 3786 1227 τὰ
3807 1191 3945 1242 παρ-

2402 1269 2545 1327 άλια,
2584 1271 2678 1336 τῆς
2720 1268 2977 1336 Ἰταλικῆς
3007 1270 3175 1337 ἀρχῆς
3228 1269 3613 1334 κραταιοτέρας
3647 1263 3809 1331 οὔσης
3838 1263 3945 1315 τῶν

2395 1357 2687 1410 Ἀίθιόπων.
2725 1357 2787 1408 Οἱ
2837 1357 2893 1408 δὲ
2922 1357 3016 1424 τῆς
3062 1356 3353 1424 ἐκκλησίας
3404 1354 3616 1420 ἐκείνης
3665 1351 3947 1423 δεξάμενοι

2403 1446 2501 1513 τὴν
2537 1446 2881 1515 παραίτησιν,
2924 1448 3075 1514 κοινῇ
3110 1445 3271 1514 ψήφῳ
3316 1444 3404 1496 τὸν
3456 1440 3950 1508 Ἀγιοσυμεωνίτην

2409 1537 2730 1592 καθιστῶσιν
2769 1536 3059 1607 ’Δρσένιον,
3093 1536 3258 1604 ἄνδρα
3303 1536 3362 1586 τὸ
3397 1534 3615 1599 σύμπαν
3646 1530 3950 1598 ἁτιοπρεπῆ

2407 1630 2497 1679 καὶ
2529 1628 2837 1694 σεϐάσμιον,
2870 1627 2927 1678 δν
2953 1629 3016 1696 δὴ
3048 1623 3138 1679 xli.
3163 1628 3298 1687 τέως
3340 1626 3436 1693 μὲν
3460 1625 3505 1676 oi.
3540 1621 3771 1674 ἐνταῦθα
3796 1619 3952 1684 δεξάο
3982 1642 3985 1643 ν

764 1715 908 1760 imae
942 1708 1167 1777 ζητῆσαι
1196 1710 1320 1777 περὶ
1354 1710 1575 1778 τάνδρὸς
1598 1711 1764 1777 αὐτῆς
1797 1704 1880 1777 ἐφ’
1917 1704 2075 1777 ᾧπερ.
2094 1713 2151 1762 ἐν
2181 1710 2311 1778 ψαλ-
2340 1760 2383 1813 Β
2413 1730 2560 1782 μενοι
2587 1703 2676 1765 ἐπὶ
2702 1714 2813 1765 τῶν
2836 1715 2993 1781 ἱερῶν
3018 1715 3333 1765 ἐκοινώνουν
3380 1711 3573 1778 ἐκείνῳ
3607 1709 3702 1776 τῆς
3735 1707 3953 1807 μνήμης

785 1797 1005 1864 μῳδεαις
1050 1800 1374 1865 ταφήσεται’
1405 1800 1496 1851 καὶ
1545 1801 1606 1851 τδ
1634 1801 1723 1851 ἐπὶ
1772 1800 1979 1862 τούτοις
2028 1796 2206 1875 ἆθλον,
2236 1801 2311 1862 ὡς
2342 1792 2383 1813 υ
2411 1794 2703 1869 διπτύχων,
2736 1800 2959 1870 ὕστερον
2989 1802 3045 1851 δὲ
3068 1801 3243 1853 αἰτίαν
3268 1803 3459 1868 σχόντα
3485 1800 3546 1850 ἐκ
3574 1798 3761 1865 φήμης
3795 1792 3955 1863 ἡκού-

780 1886 871 1936 ἐπὶ
897 1887 991 1953 τῆς
1012 1886 1321 1952 ἐκκλησίας,
1352 1891 1499 1954 φασὶ,
1532 1889 1815 1957 βασιλικῶς
1843 1892 1936 1941 σὺν
1957 1890 2034 1957 τῷ
2062 1890 2159 1958 νίῷ
2182 1906 2314 1958 μνη-

784 1976 1074 2043 μονεύοιτο.
1121 1976 1377 2046 Ἀπῄτουν
1403 1980 1457 2029 δὲ
1485 1980 1576 2030 καὶ
1605 1979 1693 2031 τὸν
1735 1980 2127 2048 Ἀλεξανδρείας
2162 1974 2317 2053 Ἀθαέ

782 2068 963 2117 νάσιον
1017 2068 1463 2136 ὁμογνωμοσύνην
1498 2070 1594 2137 μὲν
1639 2068 1729 2119 ἐπὶ
1755 2072 1866 2129 τοῖς
1898 2069 2314 2140 καθαιρεοεῖσιν,

782 2152 1048 2223 ἀποϐολὴν
1089 2154 1270 2207 δὲκαὶ
1319 2156 1479 2207 αὐτὸν
1521 2154 1627 2207 τῶν
1660 2156 2026 2224 πραχθέντων,
2059 2156 2181 2208 ἐπεὶ
2222 2158 2315 2208 καὶ

783 2244 979 2304 αἰτίαις
1018 2247 1134 2304 ταῖς
1176 2246 1593 2313 προρρηθείσαις
1640 2245 1850 2311 φθάσας
1894 2246 2318 2314 συγηκοινώνη-

786 2349 898 2395 κεν,
926 2333 999 2394 ὡς
1026 2333 1090 2385 ἂν
1112 2336 1203 2386 καὶ
1234 2335 1393 2396 αὐτὸς
1425 2335 1661 2403 δηλονότι
1692 2336 1761 2388 τὰ
1795 2338 1954 2403 ὃμοια
1988 2322 2316 2404 κατασςᾷαλι·

788 2487 901 2538 ηξνε
921 2496 1067 2539 certo
1094 2485 1424 2541 afﬁrmat-eve
1439 2488 1638 2542 ausim.
1670 2486 1822 2553 Quod
1855 2497 2032 2544 autem
2078 2489 2321 2545 historici

787 2577 1013 2630 allii-ium
1037 2579 1221 2646 exigit,
1242 2594 1349 2632 non
1379 2579 1752 2644 dissimulabo,
1787 2582 1962 2634 visum
1998 2581 2319 2649 quibusdam

790 2667 890 2720 hoc
916 2669 1189 2734 pertinere
1225 2676 1335 2720 tum
1360 2668 1424 2720 ad
1456 2682 1518 2720 ea
1545 2683 1662 2736 qua:
1696 2668 1855 2721 modo
1886 2668 2189 2732 retulimus,
2217 2669 2320 2737 55

788 2768 896 2809 tum
918 2758 984 2810 ad
1015 2758 1137 2819 alia,
1180 2772 1299 2826 quae
1341 2758 1457 2826 pari
1491 2758 1830 2813 immanitate
1886 2768 2014 2813 tunc
2061 2774 2091 2812 a
2142 2775 2320 2814 rerum

753 2885 756 2889 η
789 2848 1093 2914 potentibus
1120 2847 1338 2915 impune
1352 2848 1798 2917 designabantur,
1822 2856 1941 2901 acta
1965 2849 2319 2915 reprobanda,

787 2936 940 2999 quasi
980 2936 1184 2990 scilicet
1223 2935 1312 2989 ille
1348 2950 1508 2989 cruor
1534 2936 1654 2991 vice
1679 2938 1938 2991 naturalis
1984 2937 2179 3011 pluvia;
2231 2939 2324 2992 de-

2414 1908 2510 1961 σης
2551 1892 2624 1953 ὡς
2660 1890 2801 1943 οὕτω
2841 1890 3049 1959 συμϐὰν
3093 1890 3168 1957 τῷ
3219 1880 3345 1959 ρηγὶ
3397 1891 3491 1955 τῆς
3546 1885 3829 1954 Ἀρμενίας
3856 1882 3955 1949 τῆς

2412 1982 2504 2035 ἐπὶ
2548 1983 2614 2048 τῇ
2648 1980 2911 2050 ἐκκλησίᾳ
2952 1979 3276 2048 ἐκοινώνησε
3321 1981 3577 2042 στάσεως,
3614 1975 3776 2045 μηδὲν
3820 1974 3952 2026 ἀνα-

2416 2070 2693 2141 μείναντες
2717 2069 3030 2141 συνεξεταζε
3040 2086 3086 2120 ιν
3106 2069 3165 2119 τὸ
3192 2070 3406 2134 γεγονὸς
3427 2067 3661 2136 εὐχερῶς
3682 2060 3953 2131 ἐξαιροῦσι

2411 2139 2669 2229 ⁴τοίᾶνομα..
2695 2139 2959 2223 ,Ὲκείνού
2982 2157 3037 2212 δὲ
3074 2156 3194 2225 μηδ’
3232 2158 3287 2219 ἐς
3333 2156 3502 2226 βραχὺ
3532 2153 3953 2222 περιγενομένου

2415 2251 2568 2317 (ἴσως
2597 2248 2704 2315 γὰρ
2747 2248 2813 2299 ἂν
2842 2248 2932 2299 καὶ
2973 2247 3187 2314 ἀπήντα
3226 2246 3358 2312 πρὸς
3394 2245 3491 2311 τὴν
3529 2242 3881 2309 κατηγορίαν,
3907 2240 3956 2289 ει

2417 2334 2632 2404 περιῆν)
2681 2334 2731 2386 οί
2778 2325 3048 2403 ἁρχιέρείς
3093 2331 3699 2401 ἀμφιγνωμονήσαντες,
3743 2328 3793 2379 oi
3856 2325 3957 2395 μιν

2418 2499 2517 2555 pro
2565 2483 2733 2538 irritis
2762 2490 2818 2537 et
2865 2496 3145 2551 perperam
3180 2481 3417 2536 decretis
3460 2495 3518 2535 se
3556 2480 3786 2542 habere,
3834 2492 3958 2545 quae

2418 2588 2589 2642 nuper
2621 2574 2676 2625 in
2702 2588 2862 2627 causa
2896 2558 3045 2641 papae
3091 2588 3156 2625 ac
3180 2566 3579 2627 conciliationis
3602 2570 3802 2624 Graeca
3828 2582 3954 2622 curn

2419 2664 2604 2717 Latina
2621 2661 2980 2716 Ecclesiarum
3003 2672 3201 2716 statuta
3224 2662 3472 2716 fuissent.
3492 2659 3604 2713 Hoc
3624 2668 3957 2728 postremum

2421 2756 2488 2809 ab
2520 2768 2586 2806 eo
2620 2751 2839 2821 petendi
2868 2744 3032 2818 eausa
3069 2750 3187 2813 fuit,
3216 2752 3357 2821 quod
3390 2752 3434 2804 is
3468 2759 3689 2819 propter
3722 2749 3959 2803 rationes

2419 2868 2447 2905 a
2476 2852 2633 2905 nobis
2685 2859 2811 2903 ante
2862 2852 3184 2900 memoratas
3233 2842 3691 2894 communicasset
3738 2853 3860 2894 eum
3894 2837 3960 2890 iis

2418 2942 2511 3012 qui
2544 2940 2630 2993 illa
2655 2945 2899 3007 egerant.
2943 2921 3276 2997 Addebatur,
3314 2930 3415 2985 bac
3446 2930 3729 2983 dumtaxat
3771 2926 3962 2981 condi-

794 3025 995 3077 missus
1023 3040 1053 3077 e
1084 3025 1320 3078 nubibus
1342 3026 1689 3078 adumbraret
1723 3027 2077 3102 intrusionem
2118 3029 2323 3082 violen-
2345 3062 2390 3121 c
2423 3032 2603 3116 tione,’
2628 3030 2671 3083 si
2729 3029 2842 3081 haec
2873 3025 3075 3093 scripto
3116 3031 3172 3076 et
3205 3019 3565 3090 chirographo
3620 3019 3879 3118 ﬁrmaret,
3909 3016 3961 3070 ei

792 3119 899 3161 tam
926 3126 1184 3163 novorum
1217 3113 1519 3179 antistitum
1544 3113 1596 3164 in
1614 3112 1795 3190 _s_edes
1840 3128 1938 3181 per
1966 3114 2073 3166 vim
2118 3115 2339 3191 eiecto-ﬂ

793 3214 934 3251 rum.
977 3198 1258 3266 Utcunque
1304 3200 1404 3262 sit,
1440 3200 1530 3252 isti
1551 3188 1730 3263 certe,
1765 3201 1890 3253 dum
1923 3215 2022 3254 suo
2057 3188 2322 3258 arbitratu

793 3290 858 3342 ad
892 3286 1405 3357 Ecclesiam,"_sicut
1447 3290 1620 3345 videri
1676 3292 1944 3351 volebant.
1994 3300 2318 3363 componen-

791 3380 913 3432 dam
938 3388 1041 3431 tam
1073 3379 1389 3434 vehemente
1420 3381 1800 3437 incumbebant
1825 3400 2007 3453 Opera,
2052 3386 2326 3455 tyrannica

792 3470 849 3522 in
886 3468 1067 3521 multis
1085 3470 1315 3535 grassari
1336 3470 1552 3524 licentia
1580 3486 1686 3524 non
1728 3474 2329 3547 immeritocenseban-

794 3569 898 3620 tur,
927 3559 1213 3613 abutentes
1242 3562 1652 3615 mansuetudine
1689 3564 2046 3632 imperatoris,
2071 3568 2164 3635 qui
2196 3580 2326 3619 vana

794 3662 888 3715 spe
923 3650 1173 3705 iﬂdUt'lllS
1214 3651 1280 3705 ab
1302 3653 1407 3705 illis
1429 3654 1565 3707 facta
1598 3656 1744 3723 pacis
1765 3672 1825 3708 ac
1850 3658 2149 3711 concordia:
2173 3658 2327 3726 plene

793 3739 1154 3805 restituendas,
1204 3743 1249 3796 si
1297 3758 1455 3812 agere
1496 3747 1639 3809 ipsos
1700 3762 1818 3814 qua:
1862 3748 2058 3818 vellent
2103 3751 2327 3814 sineret,

793 3816 982 3882 cuncta
1005 3832 1057 3882 in
1078 3847 1261 3884 eorum
1284 3835 1562 3887 arbitrium
1586 3836 1905 3903 proiecerat,
1928 3839 2180 3892 eﬂ'ectum
2206 3855 2332 3892 exo-

796 3921 1150 3985 ptatissiuum
1199 3935 1253 3976 et
1279 3927 1598 3990 promissum
1648 3928 1874 3994 publica:
1934 3930 2330 3996 tranquillitatis

808 4010 943 4062 bene
973 4014 1158 4088 quovis
1186 4016 1468 4067 emendum
1498 4018 1673 4087 pretio
1708 4026 1873 4079 ratus,
1911 4026 1965 4070 et
1992 4034 2021 4070 e
2058 4020 2146 4071 tali
2203 4034 2332 4072 con-

796 4100 1031 4152 niventia
1062 4104 1367 4168 prudenter,
1398 4114 1451 4157 ut
1475 4105 1574 4171 ipsi
1601 4104 1891 4170 videbatur,
1909 4119 2241 4175 exspectans.

800 4232 885 4285 19.
916 4231 985 4285 De
1015 4238 1239 4301 Augusta
1271 4234 1535 4288 Tlieodora
1560 4246 1603 4289 et
1626 4238 1926 4303 patriarcha
1952 4239 2327 4298 Alexandrino.

2424 3105 2765 3173 tribuendum
2801 3125 2857 3167 ut
2888 3130 2918 3166 e
2951 3112 3117 3167 sacris
3148 3111 3415 3180 diptychis
3444 3124 3641 3164 nomen
3670 3110 3789 3176 ejus
3822 3108 3962 3160 inter
4010 3178 4013 3179 ν

2419 3220 2643 3263 caeteros
2668 3204 2999 3275 patriarchas
3025 3209 3433 3255 memoraretur.
3470 3201 3537 3253 At
3593 3197 3962 3253 Antiochenus

2420 3298 2723 3368 patriarcha
2748 3292 3081 3359 Theodosius
3104 3289 3379 3358 Princeps,
3400 3291 3612 3345 occulto
3628 3299 3801 3343 tactus
3817 3298 3962 3342 metu

2424 3404 2491 3442 ne
2511 3386 2638 3455 quid
2668 3385 2722 3437 hi
2764 3382 2980 3452 gravius
3041 3381 3096 3432 in
3140 3394 3261 3434 sese
3307 3378 3674 3443 consulerent,
3726 3378 3965 3430 exterius

2425 3489 2605 3533 tamen
2654 3491 2764 3545 prae
2801 3473 2907 3543 56
2937 3486 2995 3525 se
3025 3471 3231 3524 ferebat
3257 3467 3404 3523 haud
3449 3467 3553 3522 sibi
3599 3468 3841 3535 probari,
3868 3467 3965 3519 sed

2426 3582 2528 3621 nec
2569 3564 2635 3618 ad
2668 3578 2727 3617 se
2756 3562 3046 3631 quidquam
3082 3551 3336 3612 arbitrari
3392 3556 3691 3624 pertinere,
3716 3570 3834 3625 qua:
3870 3556 3965 3608 ﬁe-

2427 3664 2565 3712 rent.
2642 3654 2780 3723 Ergo
2833 3647 3279 3718 aspernabundus
3338 3656 3393 3700 et
3432 3646 3678 3714 speciose
3744 3634 3967 3699 securus

2429 3746 2792 3813 conscriptam
2822 3738 3217 3794 abdicationem
3275 3736 3695 3806 patriarchatus.
3740 3735 3971 3815 impera-

2429 3847 2547 3890 tore
2579 3832 2773 3891 inscio.
2803 3829 3103 3884 Antiochia:
3135 3827 3372 3895 reliquit,
3400 3825 3516 3892 ipse
3542 3826 3595 3878 in
3628 3824 3835 3895 Syriam
3866 3824 3968 3877 tni—
4008 3828 4027 3841 ‘

2430 3938 2608 3993 grans,
2653 3922 2739 3975 ubi
2772 3904 3085 3973 Latinorum
3128 3918 3182 3970 in
3232 3925 3495 3985 potestate
3524 3916 3707 3969 multa:
3732 3921 3844 3968 tum
3874 3914 3970 3968 ad-

2433 4017 2539 4068 huc
2564 4023 2620 4067 et
2652 4024 2851 4079 magnae
2871 4009 3117 4061 civitates
3144 4016 3317 4070 erant,
3365 4003 3673 4066 Ptolemais,
3720 3999 3963 4074 Berytus,

2436 4104 2625 4162 Sidon,
2667 4100 2862 4169 Tyrus,
2895 4104 3097 4164 oraque
3148 4097 3240 4150 illa
3288 4096 3562 4148 maritima
3598 4097 3873 4160 universa,
3909 4097 3963 4148 in

2435 4208 2537 4262 qua
2573 4191 2686 4244 itali
2730 4190 2990 4247 adversus
3041 4202 3173 4256 epes
3200 4186 3517 4255 )Ethiopum
3550 4201 3705 4240 suum
3757 4190 3968 4257 egregie

2437 4282 2719 4349 imperium
2765 4278 3075 4333 tuebantur.
3129 4276 3318 4337 Cierus
3367 4290 3527 4344 porro
3600 4276 3969 4330 Antiochenus

868 4364 969 4417 Sed
1003 4376 1055 4417 ut
1086 4367 1151 4418 ad
1188 4366 1373 4433 synodi
1402 4378 1519 4420 acta
1555 4370 1859 4432 redeamus,
1895 4370 1947 4423 in
1974 4371 2057 4425 his
2105 4383 2158 4425 et
2188 4374 2321 4428 illud
2355 4368 2408 4427 D
2434 4372 2767 4427 abdicatione
2805 4365 3069 4436 Principis
3098 4375 3321 4436 accepta
3361 4365 3721 4420 concordibus
3748 4366 3970 4420 calculis

800 4470 899 4507 est.
925 4456 1001 4508 Ab
1037 4458 1273 4525 Augusta
1298 4454 1577 4511 Theodora
1603 4458 1723 4513 ﬁdei
1747 4460 1984 4514 libellum
2009 4474 2325 4533 exegerunt,

801 4558 1158 4615 praetereaque
1193 4559 1251 4603 ut
1281 4551 1483 4615 scripto
1516 4553 1643 4606 dato
1672 4568 1730 4606 se
1761 4557 2072 4610 renuntiare
2112 4559 2331 4625 proﬁte-

806 4647 952 4689 retur
985 4638 1327 4691 conventioni
1368 4641 1713 4694 ecclesiarum
1760 4654 1814 4697 et
1841 4646 2160 4700 obedientim
2183 4662 2332 4715 papa:

804 4727 961 4793 paulo
1028 4736 1151 4780 ante
1214 4730 1424 4797 publice
1503 4734 1771 4798 admissis;
1848 4744 2033 4788 sancte
2093 4738 2332 4805 denique

804 4817 1142 4884 polliceretur
1184 4834 1239 4871 se
1298 4813 1567 4889 nunquam
1611 4824 1898 4891 potituram
1954 4812 2183 4892 persolvi
2216 4826 2330 4878 viro

797 4898 901 4956 suo
934 4906 1182 4958 defuncto
1224 4908 1363 4975 justa
1401 4912 1645 4964 funebria
1674 4913 2051 4965 decantatione
2102 4916 2332 4982 psalmo-

806 5010 923 5047 rum
950 5002 1003 5047 ct
1030 5004 1220 5049 caetero
1248 4999 1608 5053 ecclesiastico
1634 5000 1738 5053 ritu
1763 5000 2102 5053 celebranda.
2133 5000 2331 5055 Harum

805 5100 979 5136 rerum
1015 5101 1215 5139 merces
1250 5090 1620 5143 ostentabatur
1652 5092 1823 5143 hones
1866 5094 2331 5144 commemoratio-

805 5174 889 5227 nis
916 5174 1144 5227 nominis
1174 5174 1288 5243 ejus
1318 5176 1372 5228 in
1426 5178 1671 5241 ecclesia,
1716 5176 1859 5230 inte'r
1889 5192 2042 5230 Sacra
2101 5180 2332 5246 conjun-

804 5265 961 5335 gendi
1009 5280 1130 5317 eum
1190 5266 1403 5319 nomine
1457 5267 1798 5335 imperatoris
1864 5267 2033 5335 ipsius
2076 5270 2187 5321 lilii.
2254 5268 2333 5321 Ab

805 5352 1164 5407 Alexandrino
1182 5353 1305 5404 item
1331 5354 1630 5421 patriarcha
1662 5355 2000 5419 postularunt
2018 5356 2331 5411 Athanasio.

807 5457 862 5498 ut
888 5459 1107 5499 assensu
1137 5445 1511 5512 comprobaret
1538 5458 1637 5495 suo
1664 5444 2061 5503 damnationem
2095 5454 2149 5498 et
2190 5445 2335 5511 deje-

808 5526 1038 5585 ctionem
1094 5549 1123 5587 ο
1152 5533 1318 5602 gradu
1378 5533 1704 5599 privatorum
1735 5533 1847 5586 suis
1874 5534 2094 5587 sedibus
2125 5534 2333 5585 antisti-

808 5630 918 5674 tutn
951 5637 967 5686 ;
998 5623 1213 5693 insuper
1263 5634 1318 5677 ut
1350 5625 1464 5691 ipse
1513 5639 1721 5690 quoque
1796 5626 1995 5677 diserte
2038 5624 2331 5677 declararet

2432 4462 2793 4533 patriarcham‘
2840 4458 3041 4513 creavit
3072 4454 3631 4532 Hagio-Symeonitem
3660 4455 3966 4517 Arsenium,

2432 4554 2636 4607 virunt‘
2659 4550 2912 4620 praeclara
2941 4547 3313 4601 sanctimoniae
3358 4546 3541 4616 specie
3582 4546 3967 4611 venerabilem,

2396 4651 2588 4706 quem
2639 4638 2820 4690 statim
2872 4634 3449 4703 Constantinopolitani
3505 4630 3864 4702 agnoscentes
3915 4634 3971 4686 in

2432 4728 2861 4780 communionem
2892 4725 3243 4788 admiserunt,
3279 4725 3629 4791 pronuntiato
3646 4724 3819 4789 palam
3854 4724 3970 4791 ejus

2433 4833 2461 4870 e
2476 4817 2742 4885 diptycbis
2772 4817 3019 4889 nomine.
3039 4813 3387 4870 Postmodum
3410 4810 3747 4865 tamentanta
3782 4827 3969 4880 sparsa

2433 4902 2857 4958 communicasse
2886 4905 3057 4972 ipSum
3092 4918 3213 4957 cum
3241 4918 3361 4971 rege
3387 4900 3659 4955 Armeniae
3682 4902 3748 4954 ab
3785 4900 3973 4955 Eccle-

2430 4997 2508 5051 sia
2543 4996 2793 5055 discisso,
2823 4994 3045 5048 minime
3074 5002 3291 5062 sumpto
3317 4993 3383 5046 ad
3420 4992 3827 5060 inquisitionem
3858 4992 3971 5043 teri

2434 5069 2628 5155 spatio,
2656 5085 2853 5153 cupide
2882 5086 3181 5138 multarunt
3232 5085 3440 5137 honore
3470 5082 3589 5136 isto
3616 5091 3670 5133 et
3722 5096 3752 5134 e
3801 5085 3977 5137 sacris

2435 5174 2625 5230 tabulis
2658 5176 2774 5240 ejus
2822 5190 3014 5228 nomen
3046 5181 3447 5242 expunxerunt.
3499 5171 3737 5240 Contigit
3768 5181 3971 5225 autem

2435 5269 2608 5334 ipsum
2642 5268 2743 5319 sub
2797 5267 2899 5319 boc
2932 5280 3150 5333 tempus
3184 5272 3213 5317 e
3243 5264 3381 5317 vivis
3415 5263 3607 5316 cedere
3638 5278 3651 5315 :
3701 5277 3859 5331 quem
3887 5274 3973 5316 est

2434 5354 2710 5415 credibile,
2740 5356 2797 5407 si'
2819 5354 2901 5407 vel
2928 5354 3195 5405 modicum
3223 5350 3618 5419 superfuisset,
3655 5352 3721 5403 ad
3750 5366 3971 5403 causam

2433 5445 2712 5498 dicendam
2768 5443 3289 5511 Constantinopolim
3344 5452 3653 5495 venturum.
3704 5441 3972 5494 Caeterum

2437 5535 2702 5589 antistites
2725 5535 2797 5588 ad
2835 5537 2883 5588 et
2912 5547 3283 5587 successorem
3319 5531 3627 5602 eligendum
3659 5529 3967 5598 congregati

2436 5625 2567 5678 duas
2636 5624 2690 5677 in
2734 5625 3052 5679 sententias.
3092 5623 3241 5678 scissi
3285 5633 3406 5677 sunt
3470 5639 3482 5674 :
3526 5622 3716 5675 Cilices
3772 5620 3971 5688 quippe
