4170 6440
175 396 238 457 65
1084 387 1175 448 DE
1215 383 1650 447 ANDRONICO
1693 380 1822 438 PAL

1693 380 2140 440 PALEOLOGO
2181 383 2323 440 LIB.
2369 385 2410 441 Ι.
3266 376 3335 439 66

183 496 315 553 κατὰ
344 500 595 551 Κιλικίαν
630 500 716 549 τὶν
750 495 1232 563 Ιιομπηῖουπύλεως
1271 492 1556 552 Διονύσιον,
1587 490 1635 538 οἱ
1664 485 1715 535 δέ
1746 488 1784 540 Δ
1818 485 2037 538 καίαοεν
2065 490 2198 552 (ἐκεῖ
2220 486 2324 554 γὰρ
2357 489 2442 536 καὶ
2470 486 2826 552 συνετηρείτο)
2852 483 3067 535 ἀπολύει
3101 482 3227 550 πρὸς
3249 485 3338 536 τον

179 590 317 655 ἀμφὶ
375 591 570 656 Συρίαν
611 589 697 636 τὸν
731 586 903 652 Τύρου
956 583 1214 650 Κύριλλον
1260 579 1552 632 καθιστῶσι
1577 593 1590 608 ·
1623 576 1714 627 καὶ

177 677 265 729 τοῦ
288 679 559 727 Διονυσίου
584 675 996 741 κραδαινομένου
1022 673 1209 737 φοάνει
1241 669 1550 738 προκριθεὶς
1579 665 1714 732 ὺπέρ

179 769 379 817 ἐκεῖνον
414 767 440 815 ὁ
465 765 743 831 Κύριλλος.
771 764 870 814 Τὸν
902 762 1030 827 γοῦν
1073 760 1469 826 Ἀλεξανδρείας
1489 755 1716 806 ἐνταῦθα

180 840 418 920 παρὀντα
448 852 557 901 οὒτ’
602 851 779 901 ὠδύνα
828 850 885 898 τὸ
935 851 1006 916 μὴ
1035 850 1143 909 τοῖς
1178 833 1351 905 ἄλλοις
1395 857 1716 910 συμμνημο-

179 941 425 990 νεύεσοαι
453 937 534 1005 ιιι.
567 936 656 1006 3-5]
692 938 779 1003 (τὰ
804 939 908 1001 γὰρ
936 939 1044 997 τοῖς
1081 934 1287 992 πολλοῖς
1341 929 1717 997 συμϐεϐηκότα

180 1028 237 1078 το
282 1028 405 1077 καθ’
449 1026 608 1078 αὑτὸν
649 1026 883 1090 λυπηρὸν
934 1022 1298 1089 ἀπέκρυπτεν)
1326 1019 1471 1070 οὗτε
1522 1017 1624 1086 μὴν
1662 1014 1718 1064 τὸ

179 1104 753 1182 ἀξιοῦσθαι-μετέχέιν
800 1115 947 1178 σφίσι
977 1111 1074 1177 τῆς
1122 1112 1339 1178 μνήμης
1386 1099 1613 1158 ἔθαλπε*
1653 1103 1719 1151 τὰ

179 1207 286 1274 γὰρ
322 1207 474 1272 παρὰ
506 1204 564 1254 τὸ
618 1203 824 1268 πρέπον
865 1199 1187 1272 πραχθέντα,
1234 1193 1315 1257 οἷς
1357 1194 1624 1246 κοινωνεῖν
1653 1188 1719 1258 ἦν

183 1313 272 1362 τη
283 1297 463 1354 ovo-sta,
492 1293 847 1356 συγκάταινον
873 1290 1199 1356 περιίστατο.

405 1424 473 1477 κ’.
507 1423 641 1489 Περὶ
667 1421 773 1489 τῆς
798 1420 1076 1488 γυναικὸς
1106 1419 1208 1472 τοῦ
1240 1413 1502 1484 Τερτερῆ.

267 1560 443 1612 Ἀλλὰ..
482 1557 686 1608 τούτων
738 1555 1121 1624 ἁνηρτημένων
1150 1556 1240 1604 καὶ
1291 1552 1368 1603 ἔτι
1399 1553 1426 1602 ὁ
1477 1548 1722 1617 βασιλέὺς

185 1647 274 1699 τοῦ
339 1647 606 1714 Τερτερῆ,
645 1646 705 1695 ὃν
752 1645 814 1712 δὴ
868 1643 1085 1710 βασιλέα
1140 1641 1454 1706 Βουλγάρων
1506 1640 1533 1690 ὁ
1569 1638 1720 1702 λόγος

186 1739 392 1789 ἐδείκνυ
424 1736 514 1786 τοῦ
559 1736 717 1786 Ἀσὰν
756 1732 960 1784 ἐκεῖθεν
990 1733 1456 1798 ἀναχωρήσαντος,
1484 1725 1723 1793 πέμψαν-

185 1843 271 1887 τος
311 1828 407 1878 καὶ
450 1825 722 1886 ἀξιοῦντος
752 1823 880 1890 περὶ
910 1821 1005 1890 τῆς
1038 1820 1285 1886 γυναικὸς
1347 1821 1461 1886 (τὴν
1496 1820 1601 1885 γὰρ
1624 1818 1716 1867 τοῦ

200 1918 358 1968 Ἀσὰν
428 1914 761 1978 αὐταδέλφην
819 1911 891 1973 ὡς
956 1911 1279 1978 παρανόμως
1341 1908 1718 1974 συζευχθετσαν

187 2007 516 2070 ἀπέστιργε,
541 2004 648 2055 ’καὶ
697 2002 869 2062 ἇλλως
909 2004 986 2054 ὅτι
1028 2002 1241 2068 καὶτῆς
1289 2001 1401 2050 ἐκεῖ
1433 1998 1718 2063 ἐκκλησίας

194 2097 264 2162 μὴ
309 2096 750 2161 παραδεχομένης
783 2093 939 2144 αὐτὸν
991 2094 1045 2142 ἐν
1098 2092 1401 2158 ἁγιασμοῐς,
1448 2089 1519 2148 ὡς
1550 2088 1718 2151 ἔλεγε,

191 2189 314 2252 περὶ
345 2187 446 2252 τὴν
489 2186 716 2246 σύζυγον
745 2181 1128 2249 ἀνομήσαντα),
1161 2181 1326 2230 ταῦτα
1354 2179 1442 2228 τοῦ
1485 2179 1717 2244 Τερτερῆ

186 2271 614 2340 διαμηνυομένῡυ
645 2273 733 2320 καὶ
761 2271 856 2329 τὰς
889 2267 1101 2327 ἐσαῦθις
1134 2267 1440 2331 ἀγαπῶντος
1474 2263 1719 2324 σπονδὰς,

189 2362 514 2421 ἀποστείλας
541 2361 567 2409 ὁ
597 2359 844 2427 βασιλεὺς
878 2360 970 2408 καὶ
1000 2357 1216 2422 αγαγὼν
1248 2356 1343 2419 την
1377 2354 1602 2419 γυναῖκα
1634 2351 1723 2400 Νι-

192 2513 752 2582 Pompeiopoiitanum
785 2511 1116 2579 Dionysium.
1156 2501 1272 2577 Syri
1313 2521 1439 2560 vero
1469 2505 1721 2575 Cyrillum

195 2605 414 2673 'l'j'riutn
446 2604 500 2654 in
537 2602 953 2669 patriarchatum
1022 2606 1365 2651 vocaverunt.
1403 2597 1547 2648 inter
1605 2609 1724 2660 qum

195 2695 535 2747 deliberante
593 2705 656 2743 ac
691 2691 992 2757 trepidante
1027 2688 1278 2756 Dionysio
1335 2687 1726 2754 praeoccupavit

197 2787 455 2838 thronum
531 2781 777 2850 Cyrillus,
831 2790 885 2834 et
925 2782 982 2832 in
1023 2793 1088 2834 co
1141 2771 1382 2832 firmatus
1431 2777 1722 2846 praevaluit.

194 2876 360 2944 Igitur
384 2873 802 2925 Alexandrinum
835 2873 920 2924 hic
953 2870 1415 2937 Canstautinopoli
1445 2859 1726 2936 degentem

196 2968 342 3018 nullo
403 2965 693 3016 admodum
741 2965 941 3016 doloris
972 2965 1353 3024 aﬂccitsensu,
1399 2961 1541 3028 quod
1590 2959 1728 3026 inter

194 3052 548 3123 patriarchas
579 3069 684 3105 non
712 3057 1029 3104 recitaretur
1083 3067 1272 3104 nomen
1312 3055 1429 3118 ejus
1458 3070 1469 3102 :
1501 3049 1727 3102 sodctas

195 3147 340 3197 enim
375 3144 432 3196 in
464 3144 575 3208 pari
606 3151 749 3194 sorte
785 3143 1072 3192 multorum
1106 3144 1364 3206 privatam
1411 3139 1583 3206 ipsius
1612 3152 1727 3190 mo-

195 3236 402 3286 lestiam
435 3233 660 3284 levabat.
704 3230 884 3298 Neque
909 3245 1030 3296 spes
1072 3231 1142 3281 illi
1168 3231 1342 3282 oblata
1378 3229 1532 3281 istius
1561 3229 1732 3280 hono-

198 3333 270 3382 ris
311 3326 647 3394 adipiscendi
676 3323 774 3392 57
818 3339 1062 3393 maguum
1093 3322 1276 3374 habuit
1323 3322 1564 3383 illicium,
1596 3334 1730 3386 pra:-

195 3418 382 3471 sertim
405 3416 552 3484 quod
578 3430 703 3468 caro
739 3413 967 3465 eruenda
1013 3420 1420 3479 proponeretur,
1451 3419 1640 3460 exacta
1672 3408 1726 3459 in

198 3511 246 3561 id
276 3506 721 3572 comprobatione
754 3503 1247 3556 inconvenientium
1281 3510 1525 3554 actorum
1545 3499 1728 3566 synodi

198 3596 486 3665 prasel‘tis
518 3612 532 3659 ;
562 3608 790 3661 quorum
840 3594 968 3659 quin
1026 3607 1082 3644 se
1121 3591 1342 3642 fundum
1376 3599 1430 3641 et
1459 3597 1730 3641 auctorem

198 3690 388 3750 ferret,
422 3702 487 3738 ac
517 3694 912 3752 consequenter
939 3696 1123 3734 eorum
1148 3681 1401 3734 invidiam
1437 3681 1490 3731 in
1522 3693 1578 3730 se
1611 3694 1730 3729 sus-

199 3781 432 3846 ciperet,
464 3777 556 3843 qui
592 3776 712 3826 talia
747 3773 1057 3842 gerentibus
1089 3771 1529 3833 communicaret,
1566 3781 1733 3821 vitare

200 3884 308 3922 non
351 3883 515 3937 posse
559 3866 712 3918 facile
747 3866 978 3919 videbat.

640 4004 727 4057 20.
772 4003 844 4056 De
873 4019 1029 4056 uxore
1062 4001 1299 4056 Teneris.

274 4139 478 4192 Verum
518 4137 604 4190 his
650 4135 825 4189 adhuc
871 4136 925 4188 in
957 4135 1342 4188 deliberatione
1375 4134 1732 4196 versantibus,

203 4229 435 4296 contigit
467 4226 788 4278 instauratio
849 4223 1070 4276 foederis
1104 4226 1244 4275 inter
1277 4225 1648 4289 imperatorem
1680 4231 1733 4273 et

205 4318 512 4371 Terterem.
546 4314 595 4366 Is
628 4316 681 4365 in
739 4327 958 4382 regnum
984 4312 1236 4381 Bulgaria:
1263 4327 1381 4381 post
1404 4313 1592 4366 Asanis
1613 4314 1734 4365 inde

1815 575 2104 641 Τερτερῆν,
2144 574 2418 640 πέμψοντα
2441 577 2684 624 κάκείνον
2717 573 3033 640 αὑτίκαὶτὴν
3054 572 3144 623 τοῦ
3183 572 3342 623 ’Δσὰν

1813 662 2059 728 ἀδελφὴν,
2093 662 2120 712 ὃ
2152 662 2214 728 δὴ
2267 663 2354 713 καὶ
2383 663 2589 726 γέγονε.
2643 664 2747 713 Καὶ
2803 662 2860 710 τὸ
2909 659 3174 723 ἐντεῦθεν,
3225 659 3345 709 ἐπεὶ
3402 685 3406 689 -

1817 748 2070 800 ἀδύνατον
2097 745 2162 816 ἦν
2194 750 2282 798 τὸν
2326 750 2486 799 ’Λσαν
2518 747 2814 814 βασιλεύειν
2866 747 3183 816 Βουλγάρων
3216 761 3348 812 κρα-

1815 839 2130 898 ταιωθέντος
2169 839 2263 905 ἤδη
2295 838 2383 889 τοῦ
2424 839 2677 907 Τερτερῆ,
2729 836 2915 903 ἐκείνῳ
2948 837 3046 898 μέν
3075 834 3348 886 σπένδεται

1819 927 1934 988 (τὰς
1967 928 2072 992 γὰρ
2124 927 2375 992 δυνάμεις
2433 928 2517 991 τῆς
2561 923 2849 989 Ῥωμαῖδος
2893 923 3346 988 πολεμησειούσας

1818 1014 2128 1078 ἐκλείπειν),
2185 1014 2273 1061 τὸν
2319 1011 2364 1062 δ’
2403 1011 2570 1062 ’Δσὰν-
2604 1012 2736 1061 κατὰ
2777 1011 2871 1066 τὰς
2923 1009 3181 1075 προτέρας
3229 1022 3351 1056 σνν-

1818 1092 2000 1160 Θεσίας
2048 1099 2140 1150 τοῦ
2199 1099 2397 1166 πατρὸς
2446 1098 2703 1162 δεσπότην
2750 1095 3040 1162 Ῥωμαῑδος
3094 1093 3350 1143 ortonam-

1820 1206 2027 1257 στησιν.

1820 1340 1924 1391 κα⁹.
1961 1339 2094 1405 Περὶ
2145 1337 2254 1403 τῆς
2298 1338 2389 1390 ἐπ’
2424 1332 2730 1404 iii-armti”:
2770 1335 3069 1402 ,βασιλέως
3109 1333 3348 1398 ἐξελεύ-

2494 1423 2668 1471 acac.

1891 1539 1972 1610 [P.
2010 1540 2102 1610 35]
2130 1539 2294 1601 Αὐτὸς
2315 1539 2368 1591 δέ
2393 1539 2622 1608 Ιμμονον
2652 1541 2915 1609 μέριμναν
2945 1540 3078 1608 Ιχων
3107 1540 3203 1610 τῆς
3225 1543 3350 1609 περὶ

1820 1628 1918 1695 τὴν
1959 1627 2274 1695 Ἐκκλησίαν
2315 1628 2558 1695 ὁμονοίας
2591 1630 2684 1678 καὶ
2737 1629 3142 1689 καταστάσεως,·
3180 1629 3244 1678 δι’
3284 1629 3350 1695 ἢν

1824 1719 1916 1768 καὶ
1944 1716 2113 1766 ταῦτα
2142 1715 2295 1768 πάντ’
2324 1718 2620 1785 ἐπράττετο
2650 1719 2704 1784 (ἡ
2736 1719 2840 1785 γὰρ
2859 1719 2964 1768 τῶν
3000 1719 3352 1786 Ἀρσενιατῶν

1823 1806 2171 1865 ἐπισύστασις
2211 1806 2376 1874 πολλή
2406 1822 2487 1868 τις
2514 1805 2645 1858 οὖσα
2673 1805 2763 1857 καὶ
2801 1805 2919 1857 καθ’
2957 1808 3187 1875 ἑκάστην
3221 1807 3354 1874 πλη-

1825 1898 2054 1964 θυομένη
2081 1899 2301 1964 ἠρεμεῖν
2330 1897 2425 1948 οὐκ
2458 1898 2589 1963 cla),
2636 1899 2849 1966 ἀπάρας
2884 1899 2976 1965 τῆς
3017 1899 3354 1949 κωνσταντί-

1825 2003 1914 2038 νου
1934 1987 2018 2037 ἐπ’
2044 1985 2300 2052 ἀνατολῆς
2331 1986 2575 2054 ἧλαυνεν,
2605 1987 2901 2053 ἐπισκήψας
2926 1987 3016 2038 καὶ
3045 1988 3352 2058 πατριάρκῃ

1827 2078 1915 2125 καί
1949 2078 2054 2135 τοίς
2087 2076 2306 2137 latitat,
2340 2077 2454 2126 ὅσοι
2487 2093 2542 2126 τε
2579 2078 2700 2143 περὶ
2729 2078 2817 2127 τὸν
2859 2081 3193 2145 πατριάρχην
3217 2073 3353 2144 ἦσαν

1827 2169 1916 2217 καὶ
1957 2168 2066 2217 ὅσοι
2094 2169 2188 2233 τῆς
2222 2168 2465 2228 ἐναντίας
2508 2169 2716 2236 μοίρας,
2752 2171 2924 2218 ἐκεῖσε
2971 2172 3094 2236 περί
3128 2185 3226 2218 που
3255 2171 3352 2228 τὰς

1835 2256 2225 2315 Ὑποπλακίους
2248 2256 2426 2323 Θήϐας
2455 2259 2694 2324 ἁπαντᾲν
2733 2257 2827 2324 τὴν
2855 2259 3105 2326 ταχίστην
3132 2258 3234 2308 ὑπὸ
3260 2259 3353 2325 β..-

1828 2346 2055 2406 σιλικαῖς
2100 2347 2341 2415 τριήρεσι
2369 2361 2425 2396 τε
2457 2347 2550 2396 καὶ
2590 2346 2836 2414 ἐφοδίοις,
2871 2348 2942 2408 ὡς
2978 2350 3087 2399 ἐκεῖ
3138 2350 3355 2418 κινηθη-

1834 2503 2176 2570 possessione
2216 2500 2543 2557 validissime
2588 2502 2827 2557 ﬁrmatus
2882 2515 3162 2573 appareret
3230 2504 3355 2559 i‘er-
3428 2515 3432 2522 '

1831 2605 1995 2657 teres,
2024 2597 2284 2661 optimum
2314 2594 2454 2646 factu
2487 2596 2694 2662 putavit
2713 2599 2999 2662 imperator
3029 2598 3205 2650 foedus
3233 2613 3353 2650 cum

1832 2683 1932 2734 hoc
1980 2684 2140 2746 icere,
2189 2684 2370 2750 utique
2405 2697 2592 2750 parum
2638 2686 2704 2736 ad
2751 2700 2967 2739 manum
3011 2688 3209 2740 habens
3256 2690 3359 2740 lio-

1832 2787 2111 2825 uianarum
2206 2776 2478 2841 c0piarum
2560 2776 2812 2828 alacrium
2897 2779 2964 2829 ad
3031 2793 3236 2847 pugnas
3302 2789 3358 2833 et

1831 2863 1896 2914 ad
1930 2877 2039 2914 rem
2071 2862 2207 2915 bene
2234 2865 2521 2930 gerendam
2560 2878 2680 2917 cum
2729 2876 2833 2919 tam
2890 2870 3071 2923 vicino
3110 2882 3358 2926 strenuo-

1832 2967 1934 3018 quc
1972 2955 2122 3004 hoste
2169 2964 2534 3021 promptarum
2571 2957 2722 3009 satis.
2769 2960 3034 3011 Convenit
3072 2975 3199 3030 ergo
3231 2977 3355 3014 cum

1833 3041 2081 3110 Bulgaro,
2125 3044 2308 3108 Asani,
2360 3046 2510 3114 juxta
2538 3058 2688 3115 pacta
2723 3050 2870 3117 prius
2897 3066 2925 3103 a
2963 3062 3110 3119 patre
3141 3071 3261 3110 cum
3291 3074 3357 3112 eo

1781 3128 1794 3150 ⁸
1828 3133 1983 3195 inita,
2054 3134 2370 3204 dignitatem
2436 3137 2671 3207 despotm
2702 3140 2975 3197 Romaidis
3020 3148 3072 3198 in
3112 3149 3357 3215 qualem-

1829 3239 2056 3293 cumque
2087 3228 2251 3293 regni-
2278 3228 2459 3281 amissi
2495 3234 2984 3299 compensationem
3020 3237 3285 3291 tribuens.

1950 3359 2038 3413 21.
2067 3359 2145 3413 De
2177 3350 2492 3429 profectione
2514 3366 2840 3431 imperatoris
2867 3368 2919 3419 in
2947 3367 3228 3422 Orientem.

1902 3495 2012 3548 Hac
2043 3509 2172 3548 cura
2229 3496 2404 3549 soluto
2452 3496 2758 3564 imperatori
2809 3500 2982 3552 acrior
3009 3503 3112 3556 alia
3160 3514 3212 3556 et
3243 3520 3359 3572 per-

1831 3586 2162 3637 severantior
2217 3587 2377 3638 altius
2455 3587 2718 3640 insidebat
2801 3595 3003 3654 animo,
3058 3597 3358 3650 concordia:

1831 3677 2044 3728 tandem
2075 3675 2376 3741 in.Ecciesia
2408 3677 2544 3729 bona
2575 3680 2674 3730 fide
2703 3682 3018 3742 statuendte,
3065 3680 3170 3752 58
3197 3702 3356 3752 quam

1833 3769 1988 3820 unice
2019 3768 2085 3820 ad
2107 3781 2215 3820 rem
2239 3768 2337 3820 etsi
2372 3777 2560 3822 cuncta
2595 3785 2709 3837 qua:
2740 3785 2883 3823 nunc
2908 3773 3133 3826 maxime
3167 3779 3359 3840 βίοι-ειη

1834 3859 2224 3920 referebantur,
2261 3868 2442 3911 tamen
2483 3859 2612 3911 nihil
2640 3861 2926 3913 admodum
2960 3861 3217 3916 hactenus
3241 3881 3360 3920 esse

1834 3947 2132 4015 profecmm
2182 3948 2505 4014 apparebat.
2563 3949 2700 4017 Ergo
2734 3951 3016 4003 sollicitum
3067 3954 3155 4004 tali
3193 3969 3354 4009 causa

1833 4043 2128 4106 principem
2171 4050 2382 4091 cessare
2413 4039 2466 4090 in
2497 4038 2840 4105 inquisitione
2889 4040 3127 4094 ulteriori
3162 4048 3362 4097 medio-

1834 4145 1950 4182 rum
1992 4132 2056 4182 ad
2090 4131 2246 4181 finem
2286 4139 2392 4180 tam
2456 4144 2838 4194 necessarium,
2892 4149 3012 4185 curn
3049 4135 3266 4189 minime
3294 4138 3362 4189 si.

1835 4223 2248 4293 ncretﬁagrans
2309 4226 2586 4293 plusquam
2630 4215 2862 4293 unquam
2921 4236 2971 4278 et
3013 4229 3220 4297 pollens
3261 4247 3362 4282 nu—

1837 4331 1985 4370 mero
2033 4317 2192 4383 inque
2227 4314 2341 4366 dies
2373 4323 2692 4381 augescente
2739 4315 3080 4369 multitudine
3147 4334 3362 4374 sui-cre-

203 4419 505 4465 ωεεεδιιιυν
544 4411 599 4453 ιιι
655 4402 785 4453 οῡθδ
813 4402 1067 4460 diximus.
1100 4411 1338 4463 θνεειιιε,
1390 4401 1635 4470 τειιεισκιί
1674 4417 1731 4453 δυ
1766 4401 1808 4454 D
1836 4423 1993 4461 scens
2024 4406 2316 4458 Arseniana
2349 4403 2530 4465 factio,
2565 4418 2787 4456 movens
2835 4408 3166 4460 Andronicus
3223 4410 3361 4463 Con—

204 4504 403 4549 ducere
452 4495 710 4561 profiteris
756 4502 941 4545 tenere
967 4494 1019 4542 in
1078 4493 1432 4546 contubernio
1497 4507 1735 4545 sororem

204 4590 452 4656 ejusdem
487 4585 695 4647 Asanis,
729 4597 888 4649 quam
920 4583 1191 4650 repudiata
1237 4593 1420 4635 contra
1452 4583 1530 4635 fas
1558 4589 1738 4650 priore

205 4683 443 4750 legitima
499 4681 725 4744 conjuge
771 4677 1031 4738 duxisset,
1076 4689 1175 4728 nec
1205 4676 1344 4729 ferre
1398 4678 1645 4744 amplius,
1680 4685 1737 4728 ut

205 4779 408 4834 aiebat,
455 4773 638 4825 valens
684 4787 739 4823 se
770 4773 836 4822 ab
885 4767 1120 4822 Ecclesia
1172 4772 1252 4822 sui
1291 4773 1433 4840 regni
1460 4787 1736 4824 sacrorum

207 4879 482 4921 exsortem
523 4862 838 4915 eosnotuine
876 4861 1081 4912 censeri
1110 4867 1269 4926 atque
1300 4875 1328 4911 a
1361 4863 1737 4915 communione

211 4959 386 5026 rejici,
443 4954 703 5006 misit-ad
760 4954 1157 5018 imperatorem,
1187 4950 1277 5019 qui
1330 4954 1442 5003 haec
1496 4952 1605 5018 ipsa
1640 4967 1740 5020 ex;

212 5056 481 5114 ponerent
541 5053 596 5095 et
658 5053 1064 5110 paratum-sese
1114 5043 1178 5093 ad
1240 5043 1429 5108 pacem
1489 5055 1611 5093 cum
1674 5057 1739 5095 eo

209 5137 560 5191 sanciendam
609 5132 934 5184 afﬁrmarent
979 5146 1042 5183 ea
1077 5132 1404 5193 conditione,
1459 5133 1503 5184 si
1560 5147 1738 5185 veram

211 5229 307 5280 sibi
339 5241 521 5287 suam,
560 5236 675 5293 qua:
709 5223 891 5274 Nicaea:
927 5221 1285 5284 detinebatur,
1347 5239 1563 5275 uxorem
1616 5225 1740 5276 red-

207 5319 384 5370 deret.
445 5317 525 5368 Ad
557 5315 996 5383 quaimperator
1053 5325 1297 5366 annuens
1349 5314 1606 5366 eductam.
1646 5331 1739 5367 cu-

211 5411 384 5465 stodia
426 5407 707 5460 mulierem
741 5408 808 5459 ad
855 5404 1130 5458 Terterem
1162 5392 1388 5469 remisit,
1445 5417 1636 5473 pactus
1686 5416 1743 5459 ut

209 5505 253 5556 is
276 5500 518 5554 vicissim
597 5511 835 5550 sorOrcm
912 5497 1098 5550 Asanis
1153 5498 1218 5551 ad
1276 5513 1334 5551 se
1390 5502 1738 5561 remitteret;

208 5595 348 5663 quod
389 5587 443 5644 et
471 5589 673 5643 factum
714 5598 813 5642 est.
854 5589 1105 5656 Moxque,
1137 5603 1257 5641 cum
1282 5590 1389 5656 jam
1424 5591 1583 5642 Asani
1620 5605 1743 5657 spes

208 5686 346 5741 nulla
381 5695 526 5740 esset
559 5683 906 5751 recuperandi
971 5684 1114 5754 regni
1146 5681 1424 5750 Bulgarici,
1485 5685 1640 5748 cujus
1677 5685 1728 5736 in

1835 4496 2186 4564 stantinopoli
2206 4509 2392 4546 versus
2421 4496 2688 4546 Orientem
2715 4496 2901 4558 tendit,
2935 4500 3241 4565 praescripto
3265 4516 3361 4568 pas

1837 4589 2085 4642 triarchtn
2127 4599 2249 4640 cum
2279 4586 2389 4637 suis
2426 4586 2649 4652 aliisque
2683 4587 3026 4645 antistitibus,
3050 4592 3363 4656 cunctisque

1839 4681 2037 4750 pariter
2061 4681 2152 4747 qui
2185 4687 2363 4746 partes
2417 4678 2501 4729 his
2527 4679 2779 4730 adversas
2821 4687 3121 4739 tuerentur,
3170 4691 3224 4730 ut
3259 4680 3360 4732 sibi

1837 4771 2152 4840 quantocius
2201 4771 2341 4821 circa
2372 4767 2720 4836 llypOplacias
2795 4765 3004 4820 Thebas
3054 4768 3399 4838 frequentes-

1837 4873 2201 4921 occurrerent,
2235 4860 2601 4925 imperatoriis
2635 4873 2699 4910 eo
2726 4859 3004 4913 deferendi
3033 4864 3360 4926 triremibus,

1837 4972 1971 5026 quas
1998 4954 2382 5021 c0piosissimis
2413 4961 2464 5004 et
2489 4953 2786 5020 quantaevis
2837 4955 3220 5021 implicitorum
3275 4954 3360 5007 isti

1838 5064 2010 5104 causa:
2046 5047 2320 5099 hominum
2355 5044 2699 5107 multitudini,
2732 5044 2810 5096 vel
2837 5046 2878 5097 si
2911 5049 3125 5097 nemine
3147 5049 3362 5112 dempto

1827 5139 2070 5199 .nniversi
2108 5144 2467 5196 accurrerent,
2498 5135 2804 5186 sulfecturis
2833 5135 2896 5187 ad
2938 5136 3037 5188 hoc
3078 5138 3251 5203 ipsum
3285 5140 3365 5187 in-

1839 5231 1970 5286 strui
2011 5227 2394 5282 commeatibus
2427 5228 2674 5294 jusserat.
2710 5224 2779 5277 Ut
2833 5236 2939 5280 tam
2995 5228 3192 5281 multos
3229 5239 3364 5283 tam-

1840 5338 1944 5392 que
1974 5322 2148 5373 varios
2179 5317 2468 5371 convenire
2531 5329 2693 5367 unum
2755 5316 2805 5366 in
2850 5316 3024 5370 locum
3080 5319 3364 5385 imperator

1841 5413 2022 5473 vellet,
2072 5410 2194 5462 inde
2225 5417 2334 5460 erat
2367 5407 2506 5474 quod
2527 5405 2759 5458 studenti
2790 5406 3080 5473 perfectam
3113 5406 3366 5461 Ecclesiae

1841 5502 2127 5556 restituere
2159 5499 2500 5552 concordiam
2527 5496 2833 5549 necessario
2879 5495 3178 5549 faciendum
3214 5497 3363 5547 vide-

1841 5595 2015 5655 batur,
2078 5602 2135 5643 ut
2163 5589 2525 5656 multiplicium
2556 5597 2802 5639 auctores
2849 5586 3129 5638 sectariive
3172 5584 3362 5637 factio-

1837 5703 1963 5741 num
2022 5700 2121 5736 una
2173 5678 2539 5742 consulerent,
2598 5676 2817 5741 suisque
2870 5674 3061 5741 singuli
3115 5673 3366 5740 allegatis
