4170 6440
172 383 270 444 125

1055 389 1150 448 DE
1194 389 1640 450 ANDRONICO
1681 389 2150 452 PALﬁOLCGO
2190 393 2336 454 LIB.
2373 394 2452 452 II.

3316 397 3425 460 128

173 498 344 558 imo,
378 512 468 548 και
519 498 720 566 μᾶλλον
748 500 984 562 ἐκείνους
1017 499 1088 560 ὡς
1123 502 1620 570 ὑποπτευομένους,
1670 501 1816 562 ὠςΑ
1854 505 2128 574 συνεδρίου
2168 507 2393 576 ἀπήλων
2446 507 2535 560 καὶ
2589 507 2663 573 ὡς
2714 508 2940 578 ἑχθροῦς
2981 510 3216 578 ἔκρινον.
3255 513 3318 563 Ol
3365 514 3422 564 δὲ

171 591 377 655 ἔλεγον,
404 591 561 652 εὐθὺς
604 590 914 654 ἀνενδότους
948 592 1200 657 εὕρισκον
1234 595 1325 645 καὶ
1363 594 1436 654 ὡς
1465 589 1610 661 εῐχον
1636 594 1746 643 ενι-

173 683 495 750 σταμένους.
550 683 694 749 Πλὴν
720 684 828 753 γὰρ
853 684 1072 752 ὀλίγων.
1103 687 1192 736 καὶ
1225 686 1428 737 τούτων
1453 687 1564 736 ὃσοι
1590 685 1749 752 τυχὺν

173 773 265 825 καὶ
300 773 610 841 σχιζόμενοι
666 775 928 843 πρότερον
965 776 1157 844 θερμοὶ
1207 777 1575 846 συλλήπτορες
1609 771 1750 846 ἦσαν

171 861 281 913 τῶν
315 861 562 930 ὕστερον,
617 864 665 914 οἱ
698 863 874 916 λοιποὶ
904 864 1102 928 πάντες
1153 866 1275 920 οὔτε
1311 867 1575 927 θωπείαις
1620 865 1749 918 καθ·

172 957 451 1022 υπήγοντο
478 955 589 1007 οὔτ’
618 958 868 1020 ἀπειλαῖς
894 960 1262 1022 ὑπεκλίνοντο,
1291 961 1404 1015 ἀλλ’
1435 961 1654 1028 ἰσχυρὸν
1683 954 1752 1030 ἦν

173 1047 360 1114 σφίσιν
411 1048 492 1109 είς
525 1049 819 1117 ἀπολογίαν
873 1052 940 1104 τὰ
987 1052 1114 1120 χθὶς
1168 1053 1512 1106 τελεσθέντα.
1555 1053 1617 1105 Εί
1645 1054 1753 1120 γὰρ

175 1140 345 1208 μηδὲν
375 1142 636 1202 ἑκουσίως
687 1143 794 1194 οὐδ’
820 1143 1137 1211 ἁρεσκείαις
1193 1150 1414 1205 πάσαις.
1451 1144 1564 1196 ἀλλ’
1592 1147 1752 1197 ἁτε-ει·

171 1226 290 1288 ὶαίς
318 1229 412 1279 καὶ
450 1229 734 1282 κολάσεσιν
770 1232 1188 1300 ὑπογράφοντες
1242 1235 1496 1288 τοσοῦτον
1529 1235 1750 1302 ἐπειρά-

172 1318 349 1385 θησαν
392 1319 502 1371 τῶν
529 1321 737 1386 δεινῶν,
774 1325 997 1375 ἐκείνων
1045 1326 1366 1395 κρινόντων,
1401 1326 1492 1378 καί
1539 1342 1601 1392 γε
1633 1341 1754 1378 πει-

172 1412 398 1482 ρῶνται,
430 1413 524 1463 καὶ
554 1414 722 1466 ταῦτα
754 1417 875 1482 μηδ’
898 1417 989 1468 ἐπὶ
1018 1418 1283 1486 δόγμασιν
1311 1419 1755 1488 ὑπογράψαντες,

169 1506 315 1565 τίνες
345 1505 576 1572 γένοιντ’
607 1505 692 1576 [Ρ.
718 1507 808 1577 75]
844 1509 907 1560 ἂν
939 1507 1116 1572 αὖθις,
1147 1510 1261 1577 εἴγε
1287 1511 1427 1575 ὂόξοι
1468 1513 1576 1564 τισὶ
1603 1512 1756 1580 (πολ-

170 1595 251 1648 λοὶ
290 1599 336 1649 δ’
371 1600 420 1648 οἱ
451 1597 733 1669 λοχῶντες)
771 1603 866 1652 καὶ
917 1601 1006 1653 τὸν
1053 1603 1220 1671 τόμον
1271 1603 1756 1668 καταιτιάσαιντος

171 1689 282 1742 Καὶ
313 1691 361 1741 εξ
387 1690 562 1743 ταῦτα
599 1693 829 1758 γένοιτο,
873 1694 954 1754 τίς
989 1693 1052 1746 ἂν
1084 1693 1362 1761 ἐξελέσθαι
1397 1696 1564 1763 ἡμᾶς.
1601 1695 1754 1762 φασὶ,

167 1778 400 1842 δυνατὸς
437 1781 532 1848 τῆς
567 1783 786 1833 ἐκεί-,ων
823 1784 1053 1852 κρίσεως
1080 1802 1094 1848 ;
1125 1785 1310 1837 Ταῦτα
1349 1789 1460 1847 τοῖς
1496 1786 1594 1854 τῆς
1635 1785 1760 1837 Ἐκ-

1850 596 1948 663 τὴν
1981 599 2097 662 μετ’
2124 598 2351 650 ἐκείνων
2377 599 2613 667 ὁμιλίαν,
2641 599 2869 652 τοιαῦτα
2905 600 3215 668 ζητούντων
3246 618 3303 654 τε
3332 604 3429 654 καὶ

1850 686 2138 753 λεγόντων,
2170 691 2404 759 ἐρημίαν
2447 691 2701 760 οίόμενοι,
2743 693 2840 761 τὴν
2864 693 2907 746 δ’
2933 693 3167 762 ιρημίαν
3200 694 3300 762 τὴν
3328 695 3429 748 ἀπ’

1853 781 2080 832 ἑκείνων
2130 775 2244 834 οἷον
2317 782 2651 850 ἀσφάλειαν,
2717 786 3077 856 περιήρχοντο
3136 787 3428 856 πλανῆτες,

1853 869 2206 938 δστερημῦνοι
2257 873 2356 941 μὶν
2413 877 2596 943 τιμῆς,
2652 878 3005 945 ἐστερημένοι
3060 878 3116 930 δὲ
3164 878 3430 944 προσόδου

1855 961 2054 1032 πάσης,
2090 965 2262 1017 καὶτὸ
2292 968 2496 1019 είκαῐον
2523 969 2618 1037 τῆς
2649 970 2933 1039 διατριϐῆς
2982 972 3083 1038 τῆς
3110 971 3230 1024 καθ’
3263 969 3430 1025 αὐτοῦ

1854 1054 2061 1118 τάξεως
2118 1056 2554 1127 ἀνθαιρούμενοι.
2628 1059 2714 1123 ’ος
2753 1062 2805 1114 δὲ
2833 1065 2927 1116 καὶ
2965 1060 3120 1123 αὖθις
3154 1079 3434 1132 προσεκα-

1856 1145 2042 1198 λοῦντο
2071 1149 2159 1198 καὶ
2187 1149 2529 1218 ὰιέικρίνοντο
2565 1152 2657 1204 καὶ
2709 1153 2868 1205 πάλιν
2903 1153 3079 1216 αὖθις.
3108 1155 3201 1206 καί
3227 1171 3287 1220 γε
3317 1155 3433 1223 μῶ-

1862 1254 1960 1306 μον
1992 1239 2140 1305 σφίσι
2177 1239 2270 1292 καὶ
2304 1241 2364 1291 τὸ
2390 1244 2501 1302 τοῖς
2537 1243 2827 1311 προτέροις
2864 1246 3220 1312 προσκεῖσθαι
3253 1245 3432 1298 δοκεῖν

1860 1330 2022 1381 κάκεῖ
2045 1330 2132 1382 τὸν
2167 1331 2293 1383 νοῦν
2328 1332 2470 1398 ἔχειν
2501 1335 2705 1399 ὲπῆγον
2751 1334 2825 1395 ὡς
2866 1336 3118 1404 ἔγκλημα
3157 1339 3435 1404 μέγιστον,

1859 1422 1906 1473 oi
1940 1422 2039 1490 μὲν
2083 1423 2191 1474 οὐδ’
2229 1422 2401 1485 οὓτως
2464 1425 2651 1493 ἤθελον
2706 1427 3089 1480 ὐποκλίνεσθαι
3117 1469 3130 1486 .
3181 1429 3438 1480 ὑπόνοιαν

1860 1513 2232 1566 ἀνυπόστατον
2275 1513 2648 1582 προτιμῶντες
2689 1519 2997 1584 προφανοῦς
3040 1517 3328 1588 ὀρρωδίας,
3365 1519 3441 1586 μὴ

1859 1603 2104 1672 ἀκριϐῶς
2150 1605 2399 1667 ειδότεςὸ
2424 1623 2476 1660 τι
2523 1609 2615 1658 καὶ
2661 1608 3050 1677 ὑπογράψοιεν.
3103 1606 3212 1662 Ἦν
3242 1610 3350 1678 γὰρ
3385 1612 3442 1661 ἰν

1860 1693 1938 1763 τῷ
1966 1695 2117 1764 τόμῳ
2146 1696 2280 1764 πρὸς
2312 1699 2422 1758 τοῖς
2451 1697 2631 1759 ἄλλοις
2667 1700 2759 1752 καὶ
2787 1701 2818 1768 ἡ
2849 1699 2942 1753 τοῦ
2974 1700 3141 1770 ῥητοῦ
3173 1700 3266 1752 τοῦ
3295 1701 3442 1752 θείου

1862 1787 2222 1854 Δαμασκηνοῦ
2262 1787 2518 1856 ἐξήγησις
2577 1789 2750 1852 οὕτως
2803 1792 3034 1859 ἔχουσα·
3101 1811 3119 1842 t
3149 1793 3209 1845 Et
3247 1793 3303 1844 δὲ
3347 1792 3446 1844 καὶ

169 1869 402 1937 πλησίας
440 1870 661 1937 λέγουσι
690 1850 871 1924 πολλοί
918 1875 1016 1940 μέν
1049 1892 1187 1936 τινες
1218 1871 1356 1943 ἦσαν
1384 1850 1581 1928 ἐκεῖνοι
1615 1876 1759 1942 γινό-
1792 1850 1835 1904 Β
1870 1850 2020 1946 παρὰ
2052 1850 2130 1948 τῶ
2174 1850 2619 1949 θεολογικωτὰτῳ
2668 1850 3014 1958 Δαμασκηνῷ
3045 1883 3104 1934 τὸ
3139 1882 3227 1934 διὰ
3269 1883 3444 1948 Λόγου

171 1979 326 2028 μενοι
353 1966 454 2030 τὴν
508 1966 773 2035 διαφορὰν
818 1968 1214 2034 ἀντεπάγοντες
1264 1967 1373 2021 τῶν
1424 1970 1764 2038 πραγμάτων

171 2056 431 2122 καὶπρὸς
485 2056 584 2125 τὴν
647 2058 967 2127 ὑπογραφὴν
1031 2058 1405 2129 ἐρεθίζοντες·
1465 2060 1537 2122 ὡς
1573 2060 1616 2112 δ’
1665 2060 1765 2112 οὐκ

168 2148 388 2202 ἔπειθον
421 2151 628 2218 συχνὰς
675 2151 983 2219 προσϐολὰς
1037 2150 1370 2220 ποιούμενοι,
1418 2153 1497 2214 εἰς
1525 2151 1763 2219 ὑποψίαν

168 2239 541 2310 ιεεσάλλοντες
563 2236 639 2295 ὧν
672 2242 770 2294 οὐκ
801 2241 1021 2312 ᾔδεισαν
1056 2242 1171 2296 ποτ’
1205 2245 1424 2307 ἐκεῖνοι,
1450 2243 1544 2296 τοῦ
1579 2241 1761 2295 κοινοῦ

167 2438 311 2489 cata,
364 2427 501 2495 quid
555 2441 664 2480 non
719 2437 962 2480 metuere
1019 2426 1177 2496 longe
1239 2427 1414 2480 dirius
1472 2426 1758 2487 debemus.

171 2533 472 2589 postquam
505 2520 681 2574 altero
716 2524 1096 2588 reciprocante
1143 2519 1552 2575 dissensionum
1595 2519 1762 2572 ﬂuctu

169 2613 414 2667 rescindi
491 2612 608 2665 hinc
667 2628 787 2679 qua:
838 2613 1159 2665 sciscuntur
1218 2610 1525 2680 cmperiut?
1576 2610 1764 2680 Neque

170 2705 313 2759 enim
357 2707 479 2758 haec
523 2705 758 2757 ﬁrmiori
786 2703 1098 2758 durationis
1141 2705 1486 2757 inconcusm
1537 2719 1632 2772 spe
1674 2713 1766 2756 aut

171 2797 516 2851 certioribus
573 2807 706 2850 rata:
776 2797 1123 2851 auctoritatis
1190 2796 1453 2864 auspiciis
1520 2795 1762 2848 illChUlli

172 2901 338 2954 quam
381 2885 574 2953 priora
625 2885 716 2936 illa
751 2885 930 2952 primo
957 2886 1142 2939 statim
1179 2900 1371 2938 eversa
1423 2895 1573 2938 motu
1616 2886 1765 2939 urbis

175 2978 504 3047 reipublicae
545 2978 711 3030 solita
743 2978 1103 3032 instabilitate
1129 2979 1385 3031 rotantis.
1423 2976 1622 3031 Multos
1651 2979 1766 3030 hac

174 3074 479 3126 observare
510 3073 575 3124 de
606 3073 876 3126 censoriis
906 3073 1170 3142 speculis,
1221 3074 1425 3128 multos
1453 3074 1592 3126 clam
1629 3073 1766 3126 insi-

175 3165 337 3228 diari,
370 3165 687 3218 ct-orituros
715 3163 910 3218 infeste
951 3166 1006 3218 in
1039 3169 1450 3219 accuSntionem
1489 3168 1620 3220 torni
1668 3166 1766 3218 htt-
1792 3185 1834 3239 ς

170 3257 281 3326 jus,
320 3256 499 3310 simul
529 3271 664 3308 aura
707 3256 842 3322 ipsis
889 3255 1174 3324 benignior
1217 3255 1519 3318 alilaverit;
1558 3269 1587 3306 a
1632 3271 1769 3323 quo-

176 3365 296 3403 rum
328 3348 692 3402 severissima
721 3348 1075 3400 damnatione
1111 3347 1235 3415 quis
1276 3347 1412 3401 satis
1441 3357 1634 3414 potens
1667 3361 1768 3398 nos

174 3447 524 3507 protegeret,
577 3436 624 3490 si
666 3451 765 3489 nos
797 3436 1166 3504 chirographo
1212 3451 1334 3490 reos
1384 3445 1656 3497 tenerent,
1715 3444 1769 3488 et

176 3531 475 3582 nominum
526 3527 672 3580 ultro
723 3526 986 3596 suﬂ‘ragio
1035 3537 1351 3581 nostrorum
1409 3528 1679 3581 munitum
1737 3541 1769 3580 α

179 3622 344 3675 nobis
381 3637 618 3674 exosum
647 3621 809 3673 istum
842 3620 946 3672 sibi
981 3629 1188 3672 tomum
1237 3621 1566 3672 cernerent?
1620 3618 1770 3672 Talia

178 3715 584 3768 ceclesiasticis
618 3711 997 3774 causatttibus,
1031 3725 1140 3763 non
1166 3711 1389 3763 deerant
1423 3712 1642 3778 quidem
1666 3710 1768 3762 sibi

181 3805 436 3873 partiarii
463 3801 818 3872 patriarchw,
840 3804 970 3876 quin
993 3802 1180 3854 multis
1198 3801 1488 3855 ostendere
1505 3816 1772 3855 conaren-

182 3910 268 3951 tur
305 3899 484 3951 latam
515 3897 655 3948 inter
683 3897 795 3948 liazc
827 3894 894 3949 ad
921 3909 1039 3963 qua:
1063 3894 1454 3948 subscribenda
1481 3894 1776 3947 invitaren~

183 4004 291 4056 tur,
318 4000 375 4043 et
401 3992 498 4043 ilia
519 3991 588 4043 ob
615 4007 735 4059 qute
761 3992 923 4044 tacite
947 3990 1271 4045 transmissa
1293 3990 1504 4045 multati
1533 3992 1774 4059 graviter

181 4099 395 4150 essent,
433 4086 867 4154 discrepantiam
900 4087 1278 4149 intercedere;
1311 4100 1546 4154 mosque
1578 4086 1777 4138 acriter

182 4195 209 4233 a
241 4196 304 4234 se
339 4180 699 4232 decretorum
725 4175 1180 4244 subscriptionem
1211 4176 1548 4243 ﬂagitarent.
1575 4172 1776 4228 Verum

184 4273 289 4326 illis
329 4279 525 4338 coepta
554 4285 672 4322 sese
705 4268 1008 4336 pertinacia
1049 4269 1476 4326 inmittentibus.
1505 4277 1560 4320 et
1584 4279 1778 4319 omnes

183 4362 551 4418 eludentibus
604 4370 835 4414 conatus
887 4361 1037 4428 ipsos
1067 4359 1568 4426 quomodocunque
1621 4356 1778 4410 inﬂe-

181 4472 333 4510 ctere
366 4458 435 4507 ad
468 4453 576 4506 sibi
612 4462 795 4520 Optata
830 4451 1296 4512 contendentium,
1343 4450 1397 4502 bi
1425 4452 1780 4517 desperantes

1867 1968 2092 2037 εὓρηται
2127 1969 2447 2040 προῦολιὺς,
2473 1974 2535 2024 οὐ
2565 1975 2662 2041 τὴν
2683 1975 2761 2034 είς
2793 1974 2851 2024 τὸ
2881 1969 3016 2026 εἶναι
3067 1972 3325 2042 καθαρῶς
3348 1974 3442 2024 τοῦ

1869 2061 2187 2132 Πνεύματος
2241 2063 2467 2133 πρόοδον
2515 2067 2547 2134 ἡ
2583 2065 2726 2130 λέξις
2758 2064 2953 2134 δηλοῦν
3001 2066 3270 2133 βούλεται,
3308 2065 3446 2118 ἀλλὰ

1864 2154 1964 2222 τὴν
2015 2154 2092 2216 είς
2122 2154 2292 2206 dum
2339 2154 2622 2220 ἐκφανσιν.
2657 2174 2674 2207 ι
2723 2155 2892 2207 Τοῦτο
2923 2156 2967 2206 δ’
3004 2157 3032 2207 ὃ
3058 2173 3109 2208 τι
3166 2155 3444 2224 σημαίνοι,

1865 2247 1966 2300 οὐκ
1996 2246 2139 2316 ἔχειν
2164 2247 2360 2300 εἰδέναι
2393 2248 2652 2314 ἔφασκον,
2682 2250 2774 2302 καὶ
2801 2250 2901 2319 τὴν
2924 2249 3188 2320 διαφορὰν
3220 2249 3448 2318 ιζήτουν

1867 2425 2116 2478 arbitrati
2145 2424 2234 2490 qui
2267 2423 2560 2490 eiecerant,
2596 2439 2813 2481 rursum
2846 2441 2940 2481 eos
2972 2435 3216 2491 vocatos,
3250 2426 3447 2497 ecquid

1867 2516 2246 2584 resipuisscnt,
2277 2516 2710 2585 interrogabant.
2736 2518 2812 2570 Ac
2835 2533 2960 2571 cum
2986 2519 3194 2573 crebris
3219 2533 3450 2586 percon-

1867 2610 2165 2663 tationibus
2237 2608 2549 2662 istiusmodi
2610 2625 2771 2663 unam
2821 2625 3037 2677 semper
3093 2611 3452 2678 eamdemque

1868 2704 2085 2756 invictae.
2119 2702 2349 2754 indicent
2380 2701 2700 2755 constantiae
2754 2704 3166 2770 responsionem
3212 2717 3453 2771 oppone-

1867 2805 2006 2857 rent,
2036 2795 2226 2846 adesse
2260 2807 2472 2862 tempus
2549 2804 2810 2848 extremae
2863 2796 3099 2862 denique
3156 2795 3222 2848 iis
3283 2809 3455 2863 expu-

1867 2887 2097 2954 gnandis
2119 2887 2469 2938 admovendae
2509 2886 2773 2938 machina:
2803 2886 2896 2954 qtti
2947 2887 3213 2940 hactenus
3247 2885 3452 2941 frustra

1869 2985 2143 3030 tentarant
2177 2978 2301 3039 rati,
2333 2977 2732 3030 denuntiarunt
2763 2978 3052 3032 minaciter
3111 2979 3267 3046 ipsis,
3301 2981 3450 3030 vide-

1869 3081 1987 3124 rent
2011 3070 2172 3122 ctiatn
2206 3078 2368 3136 atque
2391 3071 2551 3122 etiam
2574 3070 2702 3137 quid
2731 3078 3150 3140 agerentquove
3185 3079 3406 3124 ruerent
3435 3090 3449 3124 :

1869 3175 1976 3213 non
2014 3162 2158 3212 enim
2187 3169 2292 3213 tam
2331 3162 2592 3228 pertinaci
2629 3162 2971 3216 recusatione
2998 3164 3219 3232 parendi
3279 3163 3450 3217 solum

1875 3265 1970 3304 eos
2001 3252 2386 3304 inobedientize
2417 3253 2632 3317 culpam
2673 3252 2976 3308 incurrere.
3040 3262 3134 3306 sed
3189 3253 3460 3306 indicium

1873 3343 2117 3411 praebere
2160 3343 2414 3394 idoneum
2448 3341 2694 3394 criminis
2746 3343 2918 3396 multo
2971 3345 3261 3412 gravioris.
3317 3343 3453 3397 Hine

1873 3435 2086 3489 scilicet
2116 3448 2379 3500 apparere
2409 3434 2701 3495 persistere
2730 3433 2909 3487 adhuc
2969 3435 3092 3488 illos
3126 3436 3178 3487 in
3229 3436 3295 3487 iis
3327 3452 3449 3504 qua:

1873 3537 2079 3581 statuta
2111 3528 2313 3579 dudum
2341 3541 2513 3591 nuper
2557 3526 2789 3581 rescissa
2829 3526 3069 3589 fuerant,
3108 3536 3162 3580 et
3217 3542 3339 3581 cum
3395 3543 3452 3580 se

1879 3619 2134 3672 recedere
2185 3619 2354 3670 abiis
2389 3618 2678 3686 redireque
2727 3619 2791 3671 ad
2856 3617 3256 3686 professionem
3314 3619 3456 3671 anti—

1874 3725 2037 3778 quam
2059 3709 2482 3777 signiﬁcassent,
2528 3710 2664 3765 falso
2696 3710 2748 3764 id
2772 3711 3086 3774 simulasse,
3122 3726 3258 3766 voce
3310 3711 3456 3766 dun-

1875 3811 2027 3855 tasat
2081 3802 2263 3869 pravis
2311 3801 2548 3855 decretis
2599 3803 3004 3867 renuntiantes,
3052 3802 3252 3871 quibus
3313 3816 3458 3856 nutu:

1875 3895 2054 3949 adhuc
2075 3910 2198 3948 cum
2231 3895 2465 3948 maxime
2512 3904 2626 3947 tuto
2662 3895 2846 3948 animo
2879 3897 3171 3949 haererent.
3206 3893 3339 3960 Quae
3367 3909 3454 3947 res

1881 3999 2097 4058 quantae
2129 3989 2346 4041 invidia:
2375 3988 2676 4056 quantique
2705 3998 2852 4043 esset
2890 3988 3142 4056 periculi,
3183 3987 3457 4041 mstimare

1882 4081 2031 4148 ipsos
2055 4090 2269 4133 maturo
2294 4079 2502 4148 judicio
2541 4094 2637 4147 par
2661 4094 2804 4133 esse.
2833 4078 2910 4132 Ne
2959 4079 3071 4132 haec
3100 4079 3321 4147 quidem
3349 4079 3456 4130 illis

1881 4171 2222 4227 inﬂectendis
2256 4172 2492 4224 valuere.
2529 4170 2724 4224 Audita
2784 4173 2985 4239 quippe
3035 4169 3458 4222 comminatione

1880 4266 1984 4319 ista
2003 4265 2216 4326 ultima,
2249 4264 2598 4318 declararunt
2638 4262 2798 4316 malle
2852 4277 2912 4316 se
2970 4262 3253 4330 subiacere
3298 4262 3455 4313 inno—

1883 4356 2009 4409 xios
2034 4353 2332 4422 suspicioni
2359 4352 2716 4406 l'utidamento
2743 4351 2973 4413 carenti,
3005 4365 3169 4418 quam
3204 4355 3455 4416 apertum

1886 4447 2166 4498 horrorem
2226 4441 2500 4496 manifesti
2567 4440 2748 4495 delicti
2796 4439 2940 4492 ultro
2997 4433 3344 4491 consciscere
3392 4437 3457 4489 iis

184 4549 428 4616 iratique
476 4545 548 4598 ad
591 4555 900 4598 extremum
938 4543 1197 4612 gravibus
1231 4558 1327 4596 eos
1359 4557 1423 4596 ex
1456 4539 1776 4610 suspicione
1808 4511 1860 4570 θ
1886 4535 2281 4590 subscribendo
2315 4548 2435 4603 quae
2467 4533 2802 4601 ignorarent.
2836 4531 2961 4583 Erat
2989 4528 3132 4583 enim
3185 4529 3324 4582 inter
3350 4528 3453 4580 alia

185 4636 682 4694 criminationibus
720 4634 1062 4698 detulerunt,
1100 4645 1156 4687 et
1193 4649 1317 4702 qua:
1346 4648 1376 4687 a
1427 4631 1774 4686 conscientia

188 4731 644 4798 cogitationeque
699 4724 946 4792 ipsorum
994 4725 1184 4791 procul
1227 4737 1440 4792 semper
1486 4720 1778 4777 abluerant

192 4825 589 4893 appingentes,
625 4817 906 4872 communi
958 4831 1054 4869 eos
1093 4830 1355 4870 consessu
1396 4816 1695 4882 abegeruut
1725 4821 1780 4867 et

191 4917 434 4970 hostium
467 4911 754 4965 habendos
801 4910 920 4962 loco
963 4907 1302 4978 judicarunt.
1357 4906 1434 4960 Illi
1475 4922 1603 4961 vero
1641 4922 1782 4970 cou-

189 5010 395 5061 victum
445 5006 901 5070 colloquiumque
931 5001 1219 5055 hominum
1265 5000 1390 5053 talia
1435 4998 1774 5068 loquentium

190 5112 238 5154 ct
271 5097 632 5169 poscentium
662 5094 859 5164 quavis
893 5093 1135 5146 tristiora
1165 5092 1458 5145 solitudine
1488 5093 1774 5153 ducentes,

191 5198 321 5264 quin
357 5204 410 5245 et
447 5195 505 5242 in
533 5188 830 5243 solitudine
864 5188 1181 5240 inventuros
1206 5200 1263 5238 se
1289 5185 1497 5253 asylum
1529 5200 1782 5237 securqu

202 5290 263 5340 ab
301 5288 547 5340 istorum
605 5279 1099 5348 importunissimis
1141 5277 1437 5331 insultibus
1479 5285 1785 5344 sperantes,

199 5379 582 5434 circumibant
623 5372 918 5425 errabundi
955 5371 1173 5424 deserta
1200 5371 1338 5429 loca,
1376 5367 1570 5435 privati
1608 5365 1786 5434 digni-

200 5484 329 5534 tate,
349 5466 578 5540 spoliati
600 5473 869 5534 proventu
891 5464 1063 5526 omni,
1087 5471 1267 5515 tamen
1291 5461 1436 5513 illam
1464 5459 1788 5526 ignominio-

198 5580 311 5616 sam
339 5561 656 5614 nuditatem
684 5562 735 5606 ct
763 5556 1067 5622 neglectum
1096 5556 1198 5606 hoc
1221 5552 1633 5618 obscurumque
1661 5549 1783 5601 vita:

202 5671 373 5721 genus
392 5645 685 5718 Splendori
702 5645 1000 5714 quantovis
1013 5660 1076 5696 ex
1097 5645 1369 5697 honorum
1387 5659 1509 5695 cum
1529 5643 1648 5696 istis
1662 5656 1793 5695 cou-

205 5761 370 5800 stntio
432 5739 596 5811 113
662 5737 1062 5806 prwltabenles.
1107 5735 1238 5789 POSt
1302 5737 1537 5803 aliquam
1592 5737 1646 5787 in
1709 5734 1792 5788 his

210 5839 465 5896 aerumnis
530 5848 742 5888 moram
810 5830 1078 5885 emollitos
1138 5827 1471 5898 experientza
1524 5827 1790 5883 malorum

1883 4631 1936 4683 in
1991 4638 2142 4683 tomo
2195 4626 2289 4695 qui
2373 4622 2800 4678 subscribendus
2851 4620 2983 4689 ipsis
3064 4617 3459 4671 obtrudebatur

1882 4719 2126 4790 quaedam
2161 4716 2434 4786 expositio
2467 4715 2752 4768 sententiae
2774 4712 2926 4779 prius
2975 4718 3292 4763 memoratae
3347 4708 3456 4762 divi

1886 4811 2227 4876 Datnasoeni,
2259 4811 2338 4864 sic
2393 4824 2452 4862 se
2491 4808 2698 4860 habens
2738 4823 2754 4860 :
2795 4823 2813 4856 ι
2853 4802 2910 4858 Si
2964 4819 3092 4857 vero
3160 4816 3187 4854 a
3243 4815 3461 4854 summo

1885 4905 2140 4973 theologo
2177 4902 2513 4955 Damasceno
2538 4900 2844 4967 reperiatur
2869 4897 3049 4949 dictus
3087 4893 3248 4947 Pater
3286 4892 3458 4947 sancti

1888 4999 2125 5066 Spiritus
2174 4991 2470 5063 προϐολεύς
2517 4991 2811 5059 producto'r
2869 5004 2966 5058 per
2992 4986 3256 5044 Verbum.
3321 4984 3463 5038 haud

1888 5092 2045 5160 plane
2075 5089 2176 5141 ista
2207 5087 2406 5139 locutio
2463 5085 2772 5152 signiﬁcare
2831 5082 2947 5136 vult
2999 5079 3178 5133 sancti
3225 5077 3465 5145 Spiritus

1889 5181 2292 5252 processionem
2313 5177 2365 5228 in
2385 5177 2731 5237 cxstantiam,
2753 5175 2842 5228 sed
2865 5174 2918 5226 in
2937 5180 3194 5225 sternam
3213 5169 3434 5235 esspleu

1892 5275 2244 5328 desceutiam.
2277 5289 2294 5320 ›
2329 5271 2443 5324 Hoc
2473 5280 2653 5323 autem
2706 5267 2834 5334 quid
2886 5264 2991 5319 sibi
3037 5263 3217 5327 vellet,
3260 5276 3463 5328 nequa--

1892 5382 2054 5436 quam
2088 5380 2145 5418 se
2174 5376 2367 5430 capere
2430 5361 2666 5420 aiebant,
2705 5357 3129 5426 quaerebautque
3173 5351 3459 5405 monstrari

1894 5459 1994 5513 sibi
2014 5456 2306 5511 discrimen
2331 5449 2691 5522 processionis
2710 5459 2762 5501 et
2781 5460 2994 5501 aeterna
3011 5443 3465 5512 exsplendescen-

1896 5554 2000 5612 tite,
2031 5559 2084 5601 ut
2107 5550 2183 5602 sic
2213 5561 2405 5599 earum
2427 5559 2620 5597 vocum
2646 5543 2869 5595 alteram
2889 5539 3211 5607 abjicerent,
3236 5535 3459 5586 alteram

1895 5644 2374 5713 amplecterentur.
2407 5637 2560 5691 Nunc
2595 5637 2740 5689 enim
2797 5634 2953 5702 plane
3020 5644 3284 5700 apparere
3330 5627 3462 5694 ipsis

1897 5736 1996 5787 ista
2033 5731 2293 5784 vocabula
2328 5739 2517 5780 mutuo
2549 5723 2977 5793 mquipollentia,
3035 5736 3137 5775 nec
3177 5719 3298 5785 plus
3363 5715 3463 5765 mi-

1904 5843 2070 5881 ttttsw
2089 5822 2397 5892 signiﬁcare
2424 5819 2718 5889 quidquam
2747 5815 3151 5886 processiouem
3171 5811 3224 5866 in
3245 5816 3462 5868 exstan-
