4170 6440
752 390 843 454 ὶίὶΐ

1964 389 2285 450 GEORGII
2323 386 2800 447 PACHYMERIE

3921 374 4020 433 128

742 512 931 576 μαθεῖν
954 508 1051 575 τῆς
1090 510 1230 569 τέίς
1272 508 1329 558 τὸ
1356 504 1491 558 εἶναι
1521 506 1746 580 προτέδον
1785 504 1877 558 καὶ
1916 505 2086 558 ἀῖδέου
2120 504 2319 570 ὲκφάν-
2348 506 2392 559 Α
2420 508 2496 567 εἰς
2534 506 2706 557 αῖτιον
2760 502 3261 570 ἑκλαμϐινομένου,
3317 495 3535 550 ποτὲδὲ
3580 494 3655 555 είς
3704 493 3865 559 δότην
3924 494 4018 544 καὶ

740 617 898 659 using,
934 600 1020 650 ἵνα
1052 597 1146 666 τὴν
1178 599 1272 665 μὲν
1304 596 1409 649 τῶν
1444 597 1642 659 λέξεων
1676 596 2113 659 ἁποϐἀλλωνται,
2147 596 2247 664 τὴν
2273 594 2319 646 δ’

743 690 1187 758 ἐνστερνίσωνται
1211 705 1225 719 ⁸
1254 685 1389 740 εῖναι
1426 689 1534 755 γὰρ
1575 689 1756 749 αὐτοῖς
1803 686 2065 747 δοκούσας
2104 687 2200 746 τὰς
2231 684 2318 737 λέ-

746 784 853 845 ξεις
886 780 1342 847 ταυτοδυνάμους,
1367 782 1465 847 τήν
1486 797 1540 830 τε
1572 784 1650 832 εἰς
1684 780 1742 828 τὸ
1771 774 1909 831 εἶναι
1951 777 2174 846 προοδον
2228 776 2324 829 καὶ

743 875 839 943 τὴν
866 875 945 935 εἰς
978 873 1148 924 ἀΐδιον
1183 871 1465 939 ἔκφανσιν.
1503 872 1609 922 Καὶ
1644 873 1692 922 οἱ
1730 872 1825 936 μὲν
1873 868 2044 921 ταῦτα
2072 869 2321 934 λέγοντες

744 967 821 1026 εἰς
849 964 1001 1025 τέλος
1030 964 1348 1016 ἀνθίσταντο
1370 980 1382 992 ·
1418 962 1551 1014 ἔνιοι
1600 962 1646 1014 δ’
1676 960 1980 1027 ἀσφάλειαν
2015 960 2146 1028 παρ’
2176 960 2321 1013 ὲκεί-

741 1074 848 1109 νων
877 1056 1205 1124 ζητήσαντες
1232 1054 1525 1124 ἔγγραφον,
1558 1049 1592 1123 ἦ
1624 1053 1727 1120 μὴν
1764 1051 2022 1121 ἀσφαλῶς
2054 1052 2196 1121 ἔχειν
2226 1052 2324 1119 τῆς

746 1147 1020 1213 θεολογίας
1047 1147 1145 1216 τὴν
1174 1144 1339 1209 λέξιν,
1364 1146 1456 1197 καὶ
1486 1144 1679 1203 αὐτοὺς
1708 1143 1971 1207 ἐκείνους,
2006 1144 2054 1194 εί
2090 1141 2164 1212 μὴ
2190 1140 2321 1210 παρ’

748 1239 1091 1306 ἀνθρώποις,
1122 1238 1259 1290 ἀλλά
1287 1254 1349 1303 γε
1390 1236 1537 1305 παρά
1569 1234 1687 1302 Θεῷ
1735 1233 1973 1302 κρίνοντι
2029 1233 2120 1285 τὸν
2164 1233 2324 1299 λόγον

748 1326 993 1393 ὑπέχειν,
1030 1328 1087 1378 οὐ
1144 1326 1494 1395 πατριάρχην
1548 1328 1728 1395 μόνον,
1762 1325 1899 1379 ἀλλὰ
1928 1324 2019 1379 καὶ
2046 1325 2323 1394 ἀρχιερεῖς

749 1418 870 1475 τοὺς
905 1418 983 1478 είς
1010 1416 1349 1471 διδασκάλων
1400 1418 1765 1484 τεταγμένους
1796 1414 1980 1479 ἀξίαν,
2023 1416 2194 1469 ταῦτα
2225 1417 2324 1485 ζη-

748 1506 1008 1572 τήσαντες
1047 1506 1141 1558 καὶ
1171 1507 1423 1569 λαϐόντες
1447 1508 1789 1575 ὑπέγραφον.

752 1614 817 1681 β’.
862 1617 989 1669 ’Ὁτι
1021 1621 1110 1681 εὶς
1149 1618 1351 1685 χεῖρας
1399 1618 1603 1671 λαϐὼν
1656 1619 1766 1672 τὸν
1798 1623 1981 1685 τόμον
2030 1623 2062 1673 ό
2096 1622 2325 1685 Βέκκος

1004 1686 1330 1754 κατῃτιᾶτο
1361 1694 1459 1739 καὶ
1484 1690 1789 1758 ἀνταίρειν
1819 1691 2066 1757 ἤρξατο.

822 1776 904 1847 [Ρ.
935 1778 1024 1849 76]
1069 1778 1277 1846 Ὀλίγον
1300 1781 1359 1832 τὸ
1392 1780 1617 1845 μεταξὺ,
1650 1782 1739 1837 καὶ.
1767 1784 1847 1843 εἰς
1869 1784 2051 1852 χεῖρας
2088 1781 2326 1849 γεγονὼς

2426 593 2668 662 χορηγόν
2700 610 2757 645 τε
2790 594 2882 645 καὶ
2911 591 3097 651 ἁπλῶς
3125 587 3393 655 παροχέα,
3442 587 3473 653 ἦ
3506 587 3551 635 εἱ
3596 583 3781 650 μέλλοι
3815 582 4020 634 ἁπλῶν

2423 686 2483 736 ea
2518 685 2816 753 προὸολεὺς
2858 680 3245 752 συντηρεῖσθαι
3272 719 3283 736 .
3323 679 3449 747 μιᾶς
3483 675 3688 735 ἐννοίας
3715 675 4019 740 δηλωτικᾶς

2427 772 2565 829 εἶναι
2601 777 2813 847 ἀνάγκῃ
2869 775 2962 826 καὶ
2994 772 3318 841 ἀμφοτέρας
3355 769 3451 830 τὰς
3502 767 3699 830 λέξεις,
3729 768 3826 834 τήν
3851 783 3909 816 τε
3940 767 4053 825 είς-

2425 868 2485 918 τὶ
2525 861 2663 918 εἶναι
2692 866 2916 935 πρόοδον
2944 867 3036 918 καὶ
3075 864 3173 932 τὴν
3196 864 3279 922 εἰς
3311 861 3479 913 ἀΐδιον
3514 859 3770 925 ἔκφασιν,
3805 858 3900 909 καὶ
3924 854 4020 907 οὗ·

2424 972 2532 1017 τως
2561 959 2639 1019 εἰς
2668 958 2864 1009 ταυτὸν
2907 955 3219 1026 συντρέχειν
3252 953 3445 1022 ἐκείνῳ
3470 953 3558 1005 τὸν
3610 952 3684 1014 ὼς
3709 949 3869 1017 δῆθεν
3898 950 4018 1001 δια·

2427 1049 2749 1117 φερόμενον.
2789 1049 2961 1103 Τοῦτο
2988 1050 3202 1119 γράψας
3239 1051 3330 1102 καὶ
3362 1050 3585 1117 πέμψας
3619 1046 3732 1099 τισὶ
3779 1046 3889 1097 τῶν
3916 1045 4021 1097 αὑ-

2425 1140 2521 1192 τοῦ
2555 1145 2785 1209 παρεῖχε
2817 1143 2912 1207 τὴν
2944 1142 3071 1211 περὶ
3112 1141 3316 1194 τούτων
3344 1142 3522 1211 κρίσιν
3547 1143 3663 1202 τοῖς
3701 1138 3876 1206 ὀρθῶς
3903 1138 4023 1204 ὲξεο

2427 1231 2616 1295 στάζειν
2637 1233 2933 1287 ἐθέλουσιν.
2965 1234 3048 1305 IP.
3072 1233 3164 1303 77]
3187 1235 3259 1284 Οὐ
3288 1234 3395 1301 μὴν
3420 1233 3475 1285 δὲ
3510 1231 3624 1284 ἀλλ’
3646 1231 3755 1283 οὐδ’
3780 1230 4023 1291 ἐκείνους

2428 1324 2671 1394 ἐλελήθει
2717 1328 2933 1386 πάντως
2980 1326 3203 1378 τοιαῦτα
3243 1327 3471 1395 γράφων
3500 1326 3727 1385 ἐκεῖνος,
3757 1323 3930 1391 ὀργὴν
3963 1321 4019 1373 δὲ

2426 1417 2601 1469 ταῦτα
2647 1418 2740 1468 καὶ
2779 1419 2947 1484 μόνην
2998 1418 3134 1477 τέως
3180 1419 3272 1469 καὶ
3333 1415 3438 1468 τοῦ
3476 1413 3791 1468 ἀντιλυπεῖν
3838 1412 4020 1481 ὄρεξιν

2428 1508 2598 1578 ῲοντο
2639 1505 2783 1562 εἶναι
2813 1512 2906 1562 καὶ
2945 1511 3341 1578 ἠφροντίστουν
3386 1511 3479 1562 καὶ
3506 1508 3849 1577 κατημέλουν
3878 1507 4019 1575 γρά-

2431 1618 2640 1671 φοντος.
2676 1602 2817 1655 Πολὺ
2853 1602 2897 1653 δ’
2945 1603 3175 1672 ὑφεῖρπε
3211 1600 3372 1654 τοῦτο
3399 1600 3502 1654 ἀνὰ
3528 1601 3629 1671 τὴν
3671 1600 4020 1652 Κωνσταντί-

2431 1711 2544 1753 νου.
2592 1695 2719 1762 περὶ
2758 1695 2854 1761 μὲν
2880 1695 2972 1746 τοῦ
3027 1694 3149 1746 καθ’
3199 1694 3362 1746 αὐτον
3412 1692 3879 1761 ὑποστελλομένου
3912 1691 4026 1743 τῶν

2432 1787 2739 1839 ἀκουόντων
2767 1787 3021 1852 ἑκάστου,
3050 1786 3125 1848 ὡς
3158 1787 3233 1857 μὴ
3249 1787 3453 1838 δοκοῖεν
3474 1787 3563 1856 ἀφ’
3587 1786 3794 1838 ἑαυτῶν
3816 1786 4024 1854 μέμφε-

749 1870 776 1916 ὁ
804 1869 970 1937 τόμος
1002 1870 1077 1938 τῷ
1111 1871 1301 1940 Βέκκῳ
1337 1873 1663 1941 παρέκνιζεν
1694 1873 1963 1939 ἁντιξύειν
1988 1874 2079 1926 τὸν
2112 1874 2326 1938 ξύοντα.
2364 1854 2402 1905 Β
2438 1879 2583 1940 σθαι,
2616 1881 2725 1931 δεῖν
2771 1878 2825 1931 δὲ
2859 1882 2949 1931 καὶ
2976 1878 3051 1940 ὡς
3106 1879 3231 1946 ἐνῆν
3282 1880 3574 1950 προσέχειν
3620 1880 3915 1945 λεγόντων,
3947 1879 4026 1947 μή

754 1960 861 2009 Καὶ
888 1958 948 2027 δὴ
979 1961 1077 2013 κάν
1106 1962 1321 2025 πολλοῖς
1348 1965 1447 2030 μὲν
1482 1962 1664 2026 ἄλλοις
1694 1964 1787 2016 τοῦ
1819 1965 1986 2033 τόμον
2018 1966 2334 2033 ἐπελαμϐά-

755 2066 893 2112 νετο,
943 2052 1146 2122 ταύτην
1183 2054 1237 2106 δὲ
1292 2055 1528 2123 μάλιστα
1561 2055 1659 2124 τὴν
1716 2056 1983 2126 ὲξήγητιν
2047 2057 2339 2127 μὴκαλῶς

755 2142 984 2210 ἔχουσαν
1028 2144 1124 2210 τῆς
1168 2146 1375 2207 ἑννοίας
1425 2147 1686 2215 ἐπειρᾶτο
1740 2149 2031 2213 δεικνύειν,
2066 2149 2141 2212 ὡς
2190 2150 2221 2218 ἧ
2265 2152 2340 2219 μὴ

756 2235 1239 2305 ἐρμωνυμιζομένου
1271 2238 1433 2306 δῆθεν
1474 2239 1564 2291 τοῦ
1601 2239 1906 2308 προϐολέως
1952 2241 2043 2293 καὶ
2072 2241 2204 2293 ποτὲ
2243 2242 2343 2310 μὲν

760 2418 888 2470 tiam
934 2433 1097 2486 quam
1149 2420 1549 2485 processionein
1599 2420 1656 2475 in
1694 2431 1951 2474 :L-ternam
2024 2421 2344 2490 exsplende-

763 2509 1051 2563 scentiam.
1083 2508 1342 2565 Ultimum
1387 2512 1490 2568 hoc
1538 2511 1639 2567 fuit
1686 2528 2008 2582 responsum
2039 2515 2345 2581 plerarum-

762 2616 867 2667 que
893 2617 959 2655 ex
992 2602 1096 2667 his,
1127 2605 1293 2655 lixum
1319 2603 1571 2660 indicans
1635 2607 1979 2674 propositum
2012 2607 2066 2658 in
2099 2621 2210 2675 quo
2277 2608 2342 2660 ad

762 2695 923 2746 linem
952 2711 1124 2763 usque
1164 2697 1470 2764 perstitere.
1533 2695 1767 2761 Quidam
1810 2698 1900 2751 alii
1927 2698 1993 2751 ad
2040 2707 2193 2766 pacta
2253 2700 2348 2751 de-

762 2787 1091 2839 scenderunt
1122 2806 1133 2841 :
1162 2788 1442 2842 declarato
1468 2790 1611 2842 enim
1669 2805 1727 2843 se
1783 2789 1929 2858 quod
1986 2791 2347 2857 poscebantur

764 2881 1027 2939 facturos,
1060 2878 1358 2933 dummodo
1404 2880 1508 2934 sibi
1546 2880 1705 2951 114
1740 2882 1892 2948 prius
1946 2882 2253 2948 patriarcha
2296 2890 2348 2934 et

765 2971 1004 3040 i'piscopi
1028 2973 1285 3040 scriptam
1322 2974 1630 3027 cantionem
1656 2976 1871 3037 darent,
1924 2990 2030 3042 qua
2066 2976 2117 3027 in
2189 2992 2346 3026 suum

769 3063 1013 3130 ipsorum
1041 3075 1383 3130 caputomne
1419 3065 1721 3133 periculum
1760 3066 2032 3132 ambigua:
2096 3066 2351 3119 dictionis

2440 1972 2605 2028 11:0);0
2633 1968 2787 2035 λόγος
2818 1968 3012 2037 ἔχοιτο
3047 1968 3272 2020 πιθανὸν
3312 1972 3406 2021 καὶ
3430 1972 3596 2037 μέσον
3629 1970 3774 2023 δυοῖν
3810 1970 4024 2038 ἐριζόν-

2441 2078 2554 2111 τοιν
2610 2061 2762 2114 αὐτοὶ
2816 2060 3200 2114 κινδυνεύοιεν.
3256 2063 3462 2130 Ἐφερε
3506 2061 3563 2114 δὲ
3595 2062 3811 2124 πολλοῖς
3842 2062 4025 2132 νοῦνή

2442 2149 2537 2201 τοῦ
2570 2150 2776 2202 Βέκκου
2812 2150 3153 2221 ἀντίρρησις,
3211 2152 3303 2204 καὶ
3346 2152 3736 2221 ἐφυλοκρίνουν
3778 2152 4027 2223 ἀκριϐῶς

2444 2241 2540 2310 τὴν
2570 2240 2848 2311 ἐξήγησιν,
2875 2244 2966 2293 καὶ
2993 2242 3194 2310 μᾶλλον
3216 2244 3296 2295 ὃτι
3323 2242 3431 2296 οὐδ’
3454 2244 3608 2296 αὐτοί
3630 2260 3691 2311 γε
3717 2246 3766 2295 οἱ
3793 2245 4027 2313 ὑπογρά-

2446 2437 2567 2487 quzii
2601 2422 2691 2476 ille
2752 2422 2953 2477 frustra
2985 2424 3326 2494 distinguere
3390 2424 3695 2481 contendit.
3738 2424 3866 2480 Haec
3907 2432 4031 2480 erat

2464 2514 2620 2567 \‘ecci
2650 2517 3145 2583 argumentationis
3191 2532 3404 2570 summa
3465 2517 3670 2585 scripto
3729 2517 4033 2586 prolixiore

2451 2610 2765 2662 ilo-clamne.
2804 2609 2959 2673 Quod
2995 2610 3083 2662 ille
3126 2611 3391 2678 scriptum
3445 2626 3569 2664 cum
3639 2614 3705 2664 ad
3766 2613 4036 2679 quosdam

2450 2701 2551 2752 sibi
2580 2700 2974 2753 allium-mitium
3000 2701 3261 2765 misisset,
3294 2700 3601 2770 dispersum
3662 2702 3729 2757 ab
3769 2703 3876 2756 illis
3924 2712 4036 2764 est.

2452 2804 2501 2846 et
2534 2794 2762 2861 judiciis
2790 2793 3103 2859 expositum
3128 2793 3397 2845 lectorum
3431 2794 3495 2845 ad
3530 2792 3795 2862 liquidum
3846 2794 4033 2861 explo-

2454 2900 2575 2937 rare
2601 2885 2941 2938 studentium
2977 2885 3260 2958 veritatem
3307 2883 3441 2937 recti
3475 2884 3767 2952 dogmatis,
3801 2899 4037 2952 quorum

2452 2990 2511 3029 se
2551 2975 2801 3028 censuris
2862 2990 3017 3027 suam
3059 2974 3482 3043 disputationem
3541 2974 3698 3044 115
3760 2976 4037 3043 subjicere

2456 3077 2653 3119 aui-tor
2688 3067 3069 3135 profitebatur.
3109 3066 3381 3120 Caeterum
3418 3067 3530 3135 jam
3557 3076 3691 3130 tum,
3738 3083 3862 3120 cum
3925 3069 4043 3122 haec

766 3164 1097 3217 averterent,
1137 3156 1207 3209 ita
1238 3167 1292 3210 ut
1325 3157 1369 3210 si
1407 3157 1536 3225 quid
1582 3172 1643 3210 ea
1670 3171 1815 3210 sana:
1837 3157 1904 3211 de
1945 3157 2054 3211 Deo
2086 3157 2350 3209 doctrina:
2376 3191 2421 3250 ο
2457 3157 2665 3211 Veccus
2699 3157 2997 3221 inchoavit,
3025 3173 3132 3209 non
3171 3158 3325 3210 latuit
3347 3158 3693 3211 adversarios
3710 3174 3874 3225 super
3938 3159 4043 3211 hoc

772 3264 828 3300 re
864 3263 989 3301 vera
1017 3250 1355 3302 contrarium
1391 3260 1628 3312 sonaret,
1659 3248 1836 3303 fraudi
1870 3250 1921 3303 id
1957 3266 2061 3304 non
2110 3249 2247 3304 foret
2273 3250 2350 3304 si-

774 3340 848 3402 bi,
879 3342 971 3407 qui
1012 3340 1187 3392 aliena
1223 3342 1380 3394 tracti
1421 3342 1748 3395 auctoritate
1796 3342 1958 3395 istam
2014 3342 2348 3394 locutionem

772 3436 1192 3501 approbassem,
1224 3434 1314 3486 sed
1334 3434 1451 3502 ejus
1486 3436 1561 3487 rei
1591 3442 1699 3487 tota
1723 3434 1903 3503 culpa,
1924 3433 1970 3488 si
1996 3435 2179 3488 minus
2208 3435 2348 3501 apud

774 3522 1046 3582 homines.
1077 3532 1226 3577 certe
1260 3525 1402 3593 apud
1440 3525 1608 3579 Deum
1668 3524 1934 3594 judicem,
1988 3526 2351 3593 imputaretur

779 3616 1098 3669 auctoribus
1111 3626 1164 3669 et
1179 3618 1504 3671 suasoribus
1520 3617 1676 3672 istius
1695 3618 2126 3686 approbationis,
2151 3618 2352 3687 quippe

777 3707 1116 3761 doctioribus
1134 3708 1395 3762 Ecclesia:
1428 3719 1595 3779 atque
1622 3711 1674 3762 in
1698 3710 2086 3777 magistrorum
2106 3726 2353 3764 contmn-

777 3799 930 3851 nium
967 3799 1229 3867 dignitate
1262 3800 1597 3856 constitutis.
1634 3799 1730 3855 His
1774 3804 1899 3854 data
1937 3802 1989 3854 in
2017 3817 2239 3855 manum
2270 3811 2353 3856 est

777 3904 941 3958 quam
962 3890 1214 3957 petebant
1234 3892 1578 3961 syngrapha;
1611 3908 1719 3962 qua
1758 3900 1979 3963 accepta
2012 3894 2352 3963 subscripse-

778 3991 929 4035 ιιιιιι.

780 4074 835 4125 9..
879 4073 944 4127 Ui
980 4082 1186 4139 sumpto
1238 4073 1427 4127 Veccus
1477 4074 1533 4128 in
1567 4090 1754 4127 manus
1803 4085 1942 4157 tonio
1995 4076 2249 4130 invenerit
2298 4079 2352 4131 iii

922 4161 980 4196 80
1016 4160 1132 4212 qua:
1165 4156 1475 4209 accusaret;
1503 4155 1551 4198 ει
1580 4155 1635 4197 ut
1666 4155 1875 4212 coeperit
1915 4155 2207 4214 insurgere.

855 4255 1022 4309 Breve
1078 4257 1132 4309 in
1160 4257 1339 4310 medio
1374 4257 1635 4325 spatium,
1697 4268 1750 4312 et
1789 4257 2029 4325 perlatus
2078 4266 2263 4313 tomus
2298 4260 2352 4313 in

785 4363 980 4401 manus
1021 4346 1175 4402 Vecci
1208 4350 1435 4417 pupugit
1473 4348 1820 4412 irritabilem,
1852 4364 1917 4402 ac
1954 4348 2116 4403 facile
2150 4366 2355 4420 perpu-

784 4440 849 4493 lit
876 4442 941 4493 ad
977 4441 1423 4508 reciprocandam
1456 4454 1578 4492 cum
1633 4441 1936 4494 lacessente
1981 4443 2354 4498 contentionis

2473 3249 2627 3303 illuni
2670 3257 2995 3315 argumento
3032 3247 3387 3301 commentari
3422 3248 3721 3315 quidpiam.
3776 3249 3879 3301 Sed
3914 3266 4041 3301 eum

2455 3341 2816 3409 opinarentur
2874 3339 2970 3393 ine
3000 3340 3266 3392 duntaxat
3300 3341 3353 3392 in
3423 3354 3489 3392 eo
3542 3339 3720 3407 ipsum
3782 3341 4042 3409 obsequi,

2453 3448 2554 3485 nec
2590 3432 2736 3484 aliud
2764 3440 3117 3485 ostensurum
3151 3431 3201 3483 id
3240 3430 3450 3498 agendo
3479 3430 3582 3483 nisi
3612 3430 3879 3484 rabiosam
3915 3447 4047 3499 prii-

2453 3524 2678 3593 riginein
2699 3524 2936 3577 vicissim
2961 3523 3229 3592 pangendi
3249 3538 3343 3576 eos
3362 3538 3388 3575 a
3414 3522 3615 3590 quibus
3640 3540 3699 3577 se
3714 3523 4037 3577 confossum

2454 3618 2685 3682 doleret,
2711 3616 3004 3671 carituram
3038 3616 3368 3669 auctoritate
3417 3618 3677 3668 rebantur
3706 3617 3863 3668 istam
3924 3618 4047 3684 ejus

2463 3706 2844 3774 scriptioiiem,
2869 3705 3100 3771 ideoque
3129 3705 3505 3773 negligendam
3542 3720 3653 3758 rem
3685 3716 3855 3759 totam
3881 3717 4046 3775 puta-

2455 3806 2604 3859 runt,
2642 3812 2837 3851 securo
2867 3797 3046 3850 inanis
3077 3798 3334 3865 strepitus
3362 3797 3756 3852 iudormiscere
3790 3811 4048 3853 contem-

2455 3890 2571 3959 ptui
2599 3897 2904 3943 statuentes
2920 3889 3021 3943 sibi
3050 3904 3214 3958 porro
3243 3890 3402 3943 unice
3439 3889 3623 3944 licere.
3648 3888 3771 3945 [hec
3798 3892 4039 3962 patriar-

2454 3981 2613 4035 cliam
2642 3996 2767 4033 cum
2794 3980 2931 4046 suis,
2959 3995 3026 4033 ne
3050 3981 3395 4049 interpellare
3422 3991 3515 4034 aut
3548 3982 3809 4049 impedire
3837 3998 3865 4035 a
3909 3984 4049 4037 scri-

2454 4071 2632 4125 bendo
2672 4070 2908 4125 Veccuin
2967 4079 3271 4135 curarent,
3323 4072 3495 4125 tenuit
3553 4072 3771 4139 fiducia,
3832 4090 3939 4143 qua
3989 4091 4051 4129 se

2456 4159 2626 4215 falsos
2663 4170 2849 4228 postea
2876 4171 3187 4217 senserunt.
3221 4162 3355 4216 Nam
3416 4162 3571 4217 Vecci
3617 4168 4051 4220 commentarius

2456 4268 2552 4322 per
2574 4253 2763 4306 urbem
2797 4251 3332 4322 Constantinopolim
3379 4256 3519 4308 clain
3559 4269 3787 4324 serpens
3845 4258 4050 4325 cupide

2460 4344 2635 4398 lectus
2666 4360 2694 4397 a
2733 4345 2985 4413 plurimis
3022 4354 3126 4409 est,
3159 4356 3211 4398 et
3243 4345 3517 4415 plerisque
3560 4348 3809 4401 aculeum
3849 4349 4050 4411 infixit,

2456 4438 2910 4498 contrahentibus
2926 4438 3168 4491 animum
3201 4454 3299 4507 pro
3328 4454 3385 4493 se
3409 4455 3647 4509 quoque,
3674 4442 3765 4511 qui
3800 4443 4057 4513 legebant

785 4545 1016 4583 serram.
1043 4532 1121 4584 Ac
1147 4531 1315 4583 multa
1341 4530 1429 4583 ille
1461 4529 1680 4599 quidem
1712 4539 1766 4583 et
1818 4530 1923 4583 alia
1978 4532 2031 4583 in
2084 4540 2232 4585 tomo
2276 4547 2361 4585 re-
2397 4527 2439 4582 0
2469 4540 2562 4583 aut
2590 4531 2898 4599 legentibus
2917 4547 3079 4585 aures
3097 4532 3322 4591 dabant.
3360 4534 3488 4585 dum
3520 4548 3716 4586 arcana
3745 4533 4058 4589 sollicitati-

789 4624 1181 4691 prehendcbat,
1216 4624 1308 4678 sed
1331 4624 1636 4692 prazsertiin
1694 4623 2012 4677 incursabat
2064 4624 2362 4694 expositio-

786 4731 914 4768 nem
943 4718 999 4769 fit
1030 4731 1097 4769 eo
1121 4716 1370 4768 traditam
1409 4714 1699 4769 sententia
1761 4714 2106 4775 Damasceui.
2172 4716 2360 4768 vitium

786 4808 912 4873 ejus
935 4806 1314 4860 demonstrare
1372 4808 1517 4860 hunc
1552 4807 1605 4859 in
1654 4805 1873 4859 modum
1912 4816 2184 4875 satagens.
2238 4808 2365 4861 Sive

787 4897 960 4961 enim,
989 4897 1189 4956 aiebat.
1211 4898 1471 4966 singulari
1516 4908 1566 4949 et
1599 4898 1758 4949 unica
1796 4907 2111 4951 contentum
2147 4900 2368 4953 notione

797 5004 906 5041 non
937 4999 1020 5044 est
1043 4990 1370 5043 vocabulum
1402 4989 1704 5058 προϐολεὺς
1737 4990 2054 5057 productor,
2111 5004 2208 5043 seu
2274 4992 2371 5043 ali.

792 5083 1016 5149 quando
1045 5082 1261 5150 quidem
1287 5084 1338 5134 in
1368 5083 1619 5150 principii
1652 5082 1815 5135 activi
1845 5082 2155 5149 signiﬁcatu
2208 5099 2371 5135 usur-

801 5183 979 5241 patur,
1004 5174 1296 5240 aliquando
1326 5185 1510 5227 autem
1542 5173 1673 5226 nihil
1701 5171 1852 5225 aliud
1887 5183 2042 5225 sonat
2077 5174 2180 5225 nisi
2213 5173 2369 5224 dato-

804 5282 939 5328 rt-m,
969 5276 1343 5334 suggestorem
1385 5276 1436 5319 ct
1469 5266 1788 5334 simpliciter
1829 5266 2198 5333 prtebitorein,
2261 5266 2375 5318 sive

806 5371 909 5408 una
937 5365 1093 5411 estet
1118 5356 1343 5425 simplex
1383 5372 1532 5411 voms
1580 5357 1740 5409 istius
1793 5365 2058 5424 potestas,
2110 5370 2264 5421 teque
2323 5357 2373 5408 in

805 5448 1015 5502 iitruvis
1047 5463 1178 5501 casu
1217 5463 1438 5502 necesse
1467 5458 1549 5502 est
1584 5447 1742 5501 fateri
1769 5463 1936 5500 unum
1996 5448 2253 5514 idemque
2285 5462 2377 5499 so-

812 5556 940 5593 nare
958 5542 1144 5593 ambas
1168 5542 1287 5595 illas
1321 5541 1645 5605 locutiones,
1686 5540 1938 5594 \‘idclicet
1969 5541 2377 5607 processionem

808 5634 861 5682 in
897 5632 1219 5685 chiantiain
1246 5643 1297 5687 et
1322 5633 1728 5700 processioncm
1757 5634 1808 5685 in
1838 5639 2095 5685 aeternam
2123 5633 2381 5700 exsplen-

813 5727 925 5779 «lest
946 5723 1174 5778 entiam.
1206 5728 1405 5795 Sicque
1440 5726 1598 5796 plane
1623 5727 1861 5780 recidere
1884 5724 2165 5779 inirrituin
2196 5740 2387 5777 omnes

810 5819 994 5887 (Iypiii
1037 5809 1287 5873 conatus.
1320 5836 1439 5873 cum
1501 5821 1554 5873 in
1626 5819 1675 5871 i.|
1728 5817 2013 5874 manifeste
2061 5827 2389 5873 concuiraiit

2465 4631 2556 4675 tur
2580 4637 2733 4683 cura,
2760 4639 2830 4676 ne
2871 4622 3241 4688 peifutictorie
3273 4624 3710 4678 transuiiitentes
3740 4641 3853 4678 rem
3889 4641 4060 4679 accu-

2466 4726 2580 4768 rata
2642 4714 3080 4768 consideratione
3147 4714 3368 4783 dignam
3442 4726 3647 4769 temere
3723 4716 4059 4786 przejudiciis

2468 4807 2951 4876 acquiescerentin
3010 4807 3077 4860 iis
3133 4821 3257 4875 quae
3304 4823 3401 4876 per
3434 4823 3491 4861 se
3539 4809 3689 4876 ipsos
3726 4810 4059 4877 expendisse

2470 4901 2759 4968 diligenter
2792 4916 2890 4968 par
2920 4899 3121 4962 fuerat,
3172 4901 3685 4968 committe-remque
3743 4910 3799 4953 ut
3847 4902 4061 4969 seipsos

2473 5008 2600 5047 sero
2624 5003 2813 5060 postea
2849 4994 3074 5060 culpare
3101 5004 3430 5059 cogerentur
3454 4993 3794 5061 negligentia:
3824 4993 4061 5061 supinae.

2472 5096 2724 5152 Oportere
2758 5085 3027 5153 siquidem
3062 5100 3277 5154 aequum
3332 5086 3598 5138 arbitrum
3648 5087 3820 5139 otiose
3852 5102 4063 5155 cogno-

2481 5188 2635 5228 scere
2676 5176 3057 5243 quzedicuntur
3092 5175 3160 5228 ab
3187 5176 3393 5229 titi'ovis
3422 5176 4066 5245 disceptaiitiuzii,explo-

2481 5281 2713 5334 rareque
2738 5281 2971 5333 ecquam
3006 5266 3425 5319 similitudinem
3459 5268 3603 5319 torte
3636 5268 3905 5334 majorem
3943 5268 4065 5335 ejus

2478 5360 2654 5411 oratio
2677 5357 2766 5411 cui
2802 5358 2983 5410 minus
3005 5360 3217 5411 lavetur
3241 5373 3349 5426 prie
3371 5374 3427 5411 se
3445 5357 3597 5411 ferit.
3631 5359 3845 5426 Alioqui
3870 5374 4069 5427 passu-

2484 5466 2573 5502 rus
2606 5448 2749 5518 quod
2776 5451 3138 5518 deprehensis
3170 5451 3224 5503 in
3253 5450 3431 5503 medio
3457 5449 3695 5502 dum-um
3736 5452 4066 5503 certantium

2485 5542 2776 5610 eoiitiugit,
2813 5551 2873 5595 ut
2909 5542 3007 5609 ipsi
3037 5557 3100 5594 ex
3124 5542 3302 5594 alieno
3332 5541 3812 5609 jurgiupropiiuin
3851 5545 3902 5593 in
3946 5557 4069 5595 sese

2488 5634 2787 5703 periculum
2846 5633 3141 5687 attraham.
3193 5633 3302 5686 llac
3340 5647 3468 5700 ergo
3512 5634 3773 5699 religione
3822 5634 4067 5689 illslilli‘li

2490 5725 2722 5778 lectores
2742 5726 3151 5779 dissertationis
3178 5736 3368 5778 contra
3399 5735 3608 5777 tomum
3657 5727 3983 5791 patriarchae
4042 5744 4070 5780 a

2498 5815 2672 5870 Veccu
2726 5815 2885 5869 edita:
2954 5816 3168 5885 singula
3247 5816 3371 5869 i'olia
3417 5817 3795 5884 expende-baut
3845 5818 4070 5887 judit'iis
