4182 6436
794 412 901 475 ‘207

1981 411 2303 471 GEORGII
2352 409 2837 469 PACIIYMEIUE

3933 409 4049 470 2'03

801 531 919 583 Ἐπ’
949 531 1133 584 αὐτῶν
1174 532 1227 585 δέ
1274 530 1509 599 γεγονὼς
1534 529 1641 581 τῶν
1674 528 1768 599 τῆς
1812 528 2137 596 Ἑκκλητῖας
2189 543 2364 595 πραγ-
2398 533 2441 587 Α
2473 542 2580 589 κει,
2618 530 2705 577 τὸν
2729 526 2783 577 δέ
2816 542 2877 593 γε
2912 525 3393 595 Στρατηγόπουλον
3429 527 3517 579 ἐπὶ
3552 523 3643 578 τοῦ
3672 525 3835 592 μέσου
3860 541 4050 593 παρα.-

795 624 980 687 μάτων
1029 624 1259 693 ἄστρασι
1288 622 1355 674 τὰ
1384 621 1502 674 κατ’
1540 621 1781 683 ἐκείνους
1808 619 1968 689 ἐῴκει
2013 618 2355 688 μετρεῖσθαι,

786 714 1236 782 συνυπιγόμενος
1266 715 1379 775 τοῖς
1408 714 1635 771 λοιποῖς.
1668 711 1832 763 Ὅθεν
1861 710 1956 763 καὶ
1988 709 2250 771 πολλάκις
2281 724 2361 760 τι-

783 804 891 856 νῶν
924 802 1354 870 ἐπικλαιομένων
1393 803 1487 855 ἐπὶ
1514 803 1733 855 συνόδου
1764 803 1857 855 καὶ
1886 801 1984 872 τὴν
2033 799 2225 870 κωφὴν
2263 818 2360 851 κα-

784 891 1010 961 ταδίκην
1063 890 1429 962 ὀδυρομένων,
1480 892 1677 943 ἐκεῖνοι
1730 892 1805 961 μὴ
1867 890 2081 959 ἔχοντες
2136 891 2244 958 ὅπη
2294 889 2360 941 ἂν

788 984 955 1035 στῶσι
985 984 1077 1035 καὶ
1125 985 1529 1053 ἀπερείσωνται
1577 984 1665 1049 (τὰ
1703 983 1812 1053 γὰρ
1855 983 1965 1035 τῶν
1998 983 2241 1035 κανόνων
2272 982 2361 1033 καὶ

787 1073 1008 1142 Θεσμῶν
1038 1076 1145 1127 τῶν
1196 1076 1455 1141 Πατὲρων
1499 1075 1867 1143 προσίσταντο
1912 1078 2032 1136 ταῖς
2071 1074 2360 1144 βουλήσεσι

788 1168 883 1219 καὶ
923 1166 1143 1234 ἐλεγχος
1175 1166 1358 1234 σφίσιν
1389 1162 1549 1234 ἦσαν)
1583 1167 1868 1235 ἐπήρειδον
1897 1167 1997 1227 τὰς
2030 1166 2257 1235 πράξεις
2287 1167 2365 1236 τῷ

788 1259 1021 1328 βασιλεῖ,
1049 1258 1204 1311 αὐτοὶ
1236 1258 1335 1327 μὲν
1363 1258 1473 1311 τῶν
1508 1260 1779 1326 κειμένων
1808 1256 2362 1327 καταρῤᾳθυμοῦντεε

786 1350 1047 1413 κανόνων,
1072 1348 1225 1419 τῷδέ
1251 1366 1311 1417 γε
1331 1349 1624 1419 κρατοῦντι
1640 1350 1740 1417 τῆς
1760 1349 2106 1420 παραεασίας
2125 1349 2366 1417 ἐχρῶντο

785 1441 929 1493 κατά
958 1442 1017 1493 τὸ
1046 1440 1268 1493 δυνατὸν
1300 1441 1743 1510 προτειχίσματι.

786 1554 891 1606 κθ’.
934 1551 1119 1619 Κοινὴ
1151 1551 1410 1616 σύναξις
1446 1552 1726 1621 γεγονυῖα
1766 1552 1897 1619 περὶ
1931 1550 2049 1604 τῶν
2087 1554 2366 1621 κατακρί-

1317 1640 1437 1675 των
1464 1624 1543 1687 τῷ
1563 1623 1833 1687 βασιλεῖ.

859 1720 993 1770 Τότε
1047 1735 1143 1771 και
1200 1716 1455 1787 βασιλεὺς
1489 1716 1719 1785 Κρονίου
1756 1715 1843 1789 [Ρ.
1900 1718 2028 1789 125]
2066 1719 2235 1789 μηνὸς
2284 1721 2368 1772 ἐν-

790 1812 1035 1873 στάντος,
1069 1812 1168 1862 οὐκ
1199 1806 1315 1861 οἶδα
1350 1811 1458 1862 εἴτε
1482 1811 1632 1879 παρά
1657 1810 1756 1879 τῆς
1790 1812 1996 1879 μητρὸς
2027 1813 2119 1863 καὶ
2149 1812 2366 1865 δεσποί-

2468 618 2807 687 στησάμενος
2835 618 2900 670 τά
2928 619 3049 669 κατ’
3072 620 3296 671 ἐκείνων
3319 620 3512 681 ἐκίνει,
3539 619 3614 680 ὡς
3646 619 3955 687 ἐλεγχθείεν
3979 621 4051 671 τὰ

2465 707 2559 757 καὶ
2591 706 2659 759 τὰ
2711 705 2963 773 λέγοντες
3015 706 3109 759 καὶ
3160 708 3229 759 τὰ
3281 705 3724 775 βουλευσάμενοι,
3750 705 4053 758 κάντεῦθεν

2462 797 2683 850 δικαίαν
2735 796 2767 866 ἢ
2824 798 3026 867 μᾶλλον
3076 800 3170 851 καὶ
3225 796 3489 869 συμπαθῆ
3536 796 3634 867 τὴν
3664 800 3787 849 κατ’
3818 798 4056 850 ἐκείνων

2465 886 2705 957 παρίστα
2741 886 2944 957 ψῆφον.
3410 876 3413 879 Α

2604 976 2669 1031 λ’.
2710 978 2784 1032 Τὰ
2820 982 2973 1032 κατὰ
3002 979 3109 1032 τὸν
3133 978 3569 1051 ὀνομαζόμενον
3600 978 3905 1050 Λαχηνᾶν.

2537 1068 2672 1122 Τότε
2717 1072 2810 1122 καί
2845 1089 2928 1133 τις
2967 1072 3074 1124 τῶν
3108 1072 3431 1142 Βουλγάρων
3470 1072 3706 1125 ικποθεν
3743 1075 3930 1138 φανεὶς
3954 1072 4059 1123 αὖ-

2466 1159 2701 1229 τόματος
2725 1165 2981 1233 Λαχανάν
3014 1181 3070 1215 τε
3095 1166 3289 1218 ἐαυτδν
3312 1166 3659 1235 ἐπιφημίζει,
3686 1167 3778 1217 καὶ
3798 1165 3952 1233 δῆλος
3981 1161 4053 1231 ἦν

2467 1252 2747 1320 πραξείων
2780 1256 2919 1308 κατὰ
2941 1256 3051 1309 τῶν
3073 1256 3317 1326 ἐχθρῶν,
3348 1260 3399 1311 εί
3448 1257 3703 1328 βασιλεὺς
3734 1259 4051 1327 ἐπιτρέποι,

2465 1346 2534 1397 τὰ
2571 1345 2828 1413 μέγιστα.
2857 1347 2931 1399 Τὸ
2956 1347 3055 1415 μὲν
3077 1346 3171 1401 οὖν
3198 1350 3413 1419 πρῶτον
3437 1350 3532 1402 καὶ
3556 1350 3720 1402 αὑτὸν
3746 1348 4051 1419 ἐθορύϐησε

2470 1435 2713 1504 βασιλέα,
2768 1438 2817 1490 εί
2851 1438 2910 1490 ὃν
2940 1434 3087 1509 εἶχον
3143 1443 3549 1509 πεφονευμένον
3590 1440 3742 1512 παρά
3769 1442 3922 1507 Nord
3950 1441 4049 1493 τοῦ

2468 1527 2575 1579 τῶν
2610 1528 2872 1596 Τοχάρων
2900 1530 3181 1600 ἄρχοντος,
3232 1532 3420 1584 τοῦτον
3452 1532 3712 1601 βλέπουσι
3747 1532 3926 1596 ζῶντα,
3952 1534 4055 1585 καὶ

2468 1620 2534 1670 τὰ
2574 1620 2783 1689 μεγάλα
2807 1622 2931 1690 περὶ
2966 1622 3134 1674 αὑτοῦ
3164 1624 3596 1693 φανταζόμενον.
3630 1625 3794 1677 Ὅθεν
3824 1625 3918 1677 κατ.
3950 1626 4058 1693 τῆς

2473 1713 2608 1775 ιδίας
2637 1713 2970 1783 αὐτανεψίας
2993 1714 3232 1783 Μαρίας,
3266 1717 3367 1786 τῆς
3400 1724 3493 1770 καὶ
3517 1718 3594 1786 τῷ
3617 1719 3837 1787 Λαχανᾷ
3869 1735 4060 1770 συνοι-

2472 1807 2720 1874 κησάσης
2756 1808 2946 1871 πάλαι,
3005 1801 3050 1876 ᾧ
3080 1806 3144 1879 δὴ
3193 1809 3291 1861 καὶ
3337 1810 3554 1863 παιδτον
3580 1810 3714 1879 θῆλυ
3762 1812 4060 1873 ἀπέτεκεν,

789 1921 884 1973 vr};
921 1903 994 1965 ὠς
1028 1903 1189 1955 ἄδικα
1228 1900 1443 1972 πράξας
1472 1902 1609 1971 πρὸς
1635 1902 1726 1954 τὸν
1768 1902 1927 1953 κάσιν
1959 1905 2367 1972 παρακνιζόμε-
2404 1890 2436 1942 Β
2470 1897 2686 1959 δεικνὺς
2710 1897 2768 1962 ἐξ
2790 1899 2990 1969 ἀδήλου
3023 1900 3357 1954 ἐπυνθάνετο
3390 1902 3439 1954 εί
3466 1901 3629 1964 αὐτὸς
3666 1902 3750 1971 εἴη
3772 1904 3891 1965 ταῖς
3916 1903 4064 1970 ἀλη-

790 2014 901 2058 νος,
925 1994 1034 2050 εἴτε
1065 1996 1173 2065 μὴν
1217 1998 1311 2047 καὶ
1350 1997 1602 2064 προφανῆ
1639 1994 1810 2049 θέλων
1867 1995 2040 2049 θεῖναι
2076 1996 2369 2067 Ῥωμαίοις

788 2088 881 2141 τὸν
904 2089 1113 2139 ἐκείνου
1138 2088 1273 2157 πρὸς
1299 2085 1488 2147 ἐαυτὸν
1507 2084 1657 2138 δόλον
1675 2088 1767 2138 καὶ
1794 2089 2016 2153 τρόπον,
2044 2090 2369 2157 σύμπαντας

790 2181 1054 2251 ἀγορήνδε
1094 2180 1272 2241 καλεῖ,
1306 2179 1401 2231 καὶ
1437 2180 1495 2231 ἐν
1524 2179 1600 2247 τῷ
1622 2176 1921 2249 Ἀλεξιακῷ
1951 2180 2210 2251 τρικλίνῳ
2239 2199 2372 2250 προ-

791 2272 1077 2337 καθίζεται
1138 2272 1238 2341 μὲν
1290 2272 1474 2335 αὐτὸς,
1529 2272 1940 2341 συνεδριάζουσι
1973 2273 2017 2326 δ’
2065 2275 2115 2326 οἱ
2146 2276 2205 2327 ὲν
2225 2274 2372 2327 τέλει

794 2368 1076 2436 ἀρχιερεῖς
1131 2382 1189 2433 τε
1238 2364 1335 2417 καὶ
1386 2364 1670 2433 κληρικοὶ,
1702 2366 2036 2435 παρίσταται
2067 2366 2237 2419 δὲκαὶ
2266 2366 2371 2417 τῶν

794 2462 893 2529 τῆς
925 2457 1200 2521 πολιτείας
1231 2460 1355 2511 ὅσον
1389 2458 1690 2528 περιφανές
1726 2476 1784 2511 τε
1808 2460 1902 2510 καὶ
1933 2458 2206 2529 ἔκκριτον.
2264 2463 2372 2515 Καὶ

792 2552 927 2622 δῆλα
956 2553 1027 2604 τά.
1049 2568 1108 2603 τε
1140 2549 1263 2604 κατ’
1296 2550 1507 2602 ἐκεῖνον
1541 2549 1748 2602 καὶτὸν
1780 2550 2267 2619 Στρατηγόπουλον
2288 2556 2373 2619 γί-

794 2661 996 2700 νονται.
1066 2643 1175 2698 Καὶ
1207 2641 1299 2696 τὸν
1338 2640 1435 2711 μὲν
1468 2642 1793 2710 ἐμφανίζειν
1832 2642 2107 2712 εὐπρεπὲς
2132 2644 2231 2696 οὐκ
2260 2645 2374 2697 s65-

796 2820 1146 2875 decessorum
1174 2827 1228 2872 et
1246 2817 1361 2887 ipse
1395 2816 1448 2869 in
1481 2817 1583 2869 hoc
1605 2830 1825 2887 quoque
1847 2817 2093 2886 vestigiis
2121 2820 2370 2874 insistere

798 2911 1053 2981 perrexit.
1090 2908 1241 2964 Unde
1268 2920 1409 2977 Smpe
1456 2909 1643 2963 multis
1684 2910 1740 2962 in
1791 2908 2002 2979 synodo
2035 2912 2373 2979 deploranti-

801 3002 903 3053 bus
936 2998 1156 3058 tacitam
1215 2998 1359 3050 illam
1398 2997 1835 3065 reprobationetn
1865 2999 2190 3053 clericorum
2224 3014 2275 3055 et
2306 3006 2373 3054 de

799 3099 907 3143 tant
942 3088 1209 3156 injuriaso
1257 3088 1378 3141 talis
1419 3088 1628 3142 ordinis
1662 3090 1908 3158 neglectu
1958 3092 2369 3160 quiritauliluus.

2472 1989 2643 2054 θείαις
2690 1993 2717 2043 ό
2769 1992 3047 2062 Λαχανᾶς.
3101 1994 3213 2061 Τῆς
3259 1994 3316 2047 δὲ
3348 1995 3422 2065 μὴ
3469 1994 3619 2057 ὅπως
3646 1996 3855 2048 ἐκεῖνον
3886 1991 4062 2053 εἶναι,

2474 2080 2561 2152 [Ρ.
2598 2080 2723 2152 12ίι]
2767 2082 2884 2134 ἀλλ’
2932 2083 3055 2136 οὐδέ
3105 2084 3165 2136 τὸ
3218 2086 3483 2155 παράπαν
3522 2086 3759 2138 ἐοικέναι
3792 2088 3840 2139 oi
3870 2086 4066 2139 διαϐε-

2473 2175 2829 2245 ϐαιουμένης,
2866 2179 2924 2229 ἐν
2956 2178 3018 2230 οὑ
3050 2178 3243 2241 καλαῖς
3300 2179 3581 2241 ὑπονοίαις
3609 2176 3755 2249 εἶχον
3783 2182 3874 2232 τὸν
3921 2180 4069 2248 βάρ-

2473 2267 2663 2335 ϐαρον.
2702 2269 2789 2330 Ὠς
2819 2269 2875 2322 δέ
2903 2270 3001 2323 καὶ⁸
3026 2271 3191 2333 αὐτὸς
3225 2268 3453 2335 ζάκοτός
3484 2289 3568 2334 τις
3600 2272 3923 2341 φαινόμενος
3954 2275 4068 2326 οὐκ

2473 2362 2731 2431 ἄντικρυς
2763 2362 2872 2414 οὐδ’
2898 2362 3073 2426 οὕτως
3097 2364 3277 2434 ἐαυτῷ
3319 2366 3622 2436 περιετίθει
3656 2366 3749 2420 τὸν
3777 2368 4068 2436 Λαχανᾶν,

2474 2448 2641 2500 εἰκαὶ
2677 2449 2911 2516 λέγοιτο,
2967 2450 3083 2505 ἀλλ’
3130 2453 3280 2522 ὅμως
3330 2454 3625 2510 εὐλάϐειάν
3659 2474 3780 2509 τινα
3828 2458 3957 2526 περὶ
4001 2460 4071 2509 τὸ

2475 2538 2619 2591 θεῖον
2650 2541 3085 2611 ὑποκρινόμενος
3137 2544 3308 2598 ἐδίδου
3353 2548 3495 2599 τισὶν
3523 2547 3692 2615 δρῶσι
3726 2548 3795 2601 τὰ
3822 2550 4072 2617 μέγιστα

2476 2634 2603 2702 περὶ
2656 2634 2855 2687 ἑαυτοῦ
2905 2636 3300 2705 φαντάζεσθαι,
3357 2640 3569 2693 ἐκεῖνον
3600 2644 3700 2709 μὲν
3738 2645 3796 2694 ἐν
3826 2646 4070 2713 τηρήτει

2478 2807 2677 2861 moniis
2720 2818 2944 2862 coactus
2985 2820 3066 2863 est
3109 2825 3523 2878 recognoscere.
3562 2815 3693 2883 quid
3738 2831 3917 2869 rerum
3960 2834 4073 2870 nn.

2479 2915 2666 2953 varutn
2725 2916 2946 2956 mmere
3000 2902 3335 2969 studuisset,
3390 2906 3591 2975 quibus
3640 2921 3785 2963 esset
3838 2910 4072 2965 indiciis

2476 2993 2633 3059 conju
2668 2992 2779 3045 atio
2812 2993 3056 3060 detecta,
3091 3012 3213 3064 qua:
3242 2998 3405 3052 verba
3438 3000 3721 3069 utriusque
3753 3015 3780 3052 a
3813 3001 3935 3055 ﬁdis
3962 3003 4075 3055 de-

2480 3082 2747 3137 latoribus
2780 3098 3005 3153 excepta
3031 3128 3045 3150 ,
3081 3103 3203 3154 qua:
3233 3104 3432 3144 arcana
3468 3092 3695 3146 consilia
3731 3102 3884 3146 certo
3919 3092 4077 3148 fuis-

798 3182 891 3251 qtti
926 3183 1092 3235 rebus
1125 3189 1411 3248 praeerant,
1439 3181 1581 3233 haud
1644 3180 1904 3235 hahcntes
1966 3183 2055 3234 ubi
2108 3186 2374 3238 consiste-

2482 3184 2601 3223 sent
2630 3174 2933 3243 explorata.
2969 3176 3065 3233 llis
3100 3180 3395 3247 imperator
3422 3182 3865 3239 demonstrandis
3897 3187 3947 3238 id
3986 3190 4081 3239 vi-

799 3281 940 3334 rent,
982 3270 1128 3341 quod
1181 3285 1397 3324 omnem
1428 3270 1560 3340 ipsis
1613 3274 2023 3327 excusationem
2077 3276 2372 3341 przechtde-

798 3364 930 3416 bant
963 3376 1204 3415 canones
1238 3371 1293 3414 et
1333 3360 1470 3415 scita
1498 3361 1749 3426 Patrum,
1784 3367 1962 3431 palam
2016 3366 2368 3421 adversantia

798 3452 1020 3523 nuperis
1054 3451 1450 3521 Itodiernisque
1480 3454 1616 3507 actis
1642 3468 1706 3507 ac
1732 3454 1966 3508 decretis
1995 3455 2112 3524 ejus
2140 3462 2372 3525 generis,

800 3544 887 3598 cui
924 3559 1085 3614 pares
1142 3542 1377 3597 ferendae
1406 3558 1513 3596 non
1569 3553 1750 3608 erant,
1806 3545 2063 3598 invidiam
2099 3547 2151 3599 in
2188 3549 2375 3618 Augu-

801 3644 946 3690 stum
973 3636 1349 3699 conferebant,
1384 3649 1449 3688 eo
1480 3635 1583 3689 sub
1634 3637 1859 3689 obtentu
1889 3650 2079 3690 secure
2133 3639 2243 3706 jam
2294 3643 2371 3692 in-

802 3728 1140 3782 dormientcs
1172 3728 1273 3797 ipsi
1312 3727 1600 3781 manifesto
1633 3728 1902 3795 ncglectui
1938 3728 2140 3782 frustra
2184 3731 2377 3798 jacen-

803 3821 939 3875 tinm
975 3820 1028 3873 in
1064 3819 1276 3873 chartis
1310 3818 1550 3888 antiquis
1577 3833 1889 3885 canonum;
1916 3837 2150 3888 (ιιιυιυιιι
2202 3828 2378 3874 mln.-s

804 3913 955 3965 velut
984 3926 1175 3964 omnes
1200 3920 1251 3964 et
1277 3910 1532 3964 incursus
1555 3910 1869 3968 eludebant.
1914 3919 2178 3979 quantum
2231 3922 2381 3978 pote-

804 4014 949 4067 rant,
986 4005 1205 4056 nomine
1234 4003 1580 4071 imperatoris
1607 4004 1763 4072 quasi
1801 4003 1943 4057 vallo
1988 4004 2095 4057 illis
2142 4006 2376 4072 quodam

801 4111 866 4151 ac
890 4094 1303 4165 propugnaculo
1327 4092 1565 4156 obiecto.

800 4212 893 4268 29.
930 4211 1236 4267 Communis
1268 4219 1547 4264 conventus
1600 4227 1763 4264 causa
1806 4212 2271 4264 rondemnatorum
2316 4213 2378 4265 ab

1264 4282 1583 4349 imperatore
1611 4280 1919 4335 celebratus.

878 4374 1042 4444 188
1070 4371 1223 4426 Tnnc
1260 4386 1423 4440 porro
1458 4371 1756 4440 imperator
1786 4374 1889 4427 sub
1924 4373 2137 4427 initium
2177 4377 2384 4429 mensis

802 4468 1004 4531 Martii,
1043 4465 1185 4520 haud
1222 4466 1337 4521 scio
1371 4479 1439 4518 an
1477 4464 1932 4533 quiritationibns
1969 4466 2161 4520 matris
2193 4468 2378 4533 Augu-

2483 3265 2674 3319 th-licct
2695 3280 2982 3325 assecutus
3005 3283 3106 3333 ρει,
3135 3283 3193 3325 ιιι
3215 3289 3336 3341 qme
3360 3276 3511 3343 pritts
3536 3278 3861 3344 quihusdam
3890 3278 4078 3332 rideri

2484 3372 2673 3410 severa
2710 3370 2960 3427 potuerat
2995 3364 3280 3416 ambomm
3315 3366 3593 3419 damnatio
3629 3380 3691 3421 ac
3724 3382 3879 3436 ptena
3903 3408 3917 3431 ,
3948 3371 4075 3434 jam

2485 3465 2583 3516 pro
2622 3452 2887 3520 gravitate
2928 3454 3219 3509 criminum
3261 3456 3401 3510 lenis
3446 3471 3508 3511 ac
3548 3459 3828 3513 moderata
3869 3475 4083 3515 cense-

2487 3552 2657 3597 I‘t‘lﬂl‘.

2654 3637 2742 3691 50.
2779 3637 2854 3692 De
2879 3654 2937 3691 eo
2968 3640 3057 3705 qui
3092 3638 3352 3696 anhana:
3374 3658 3560 3696 nomen
3591 3645 3883 3710 usurpavit.

2556 3724 2631 3780 Ea
2658 3737 2979 3797 tempestate
3004 3728 3271 3798 Bulgarus
3291 3730 3565 3800 quispiam
3592 3733 3845 3788 alicunde
3866 3746 4081 3801 sponte

2488 3819 2772 3887 prodiens,
2806 3838 2863 3875 se
2897 3820 3207 3876 Lachauam
3239 3838 3361 3877 esse
3395 3825 3542 3877 illmn
3577 3825 3784 3878 dudum
3818 3826 3891 3878 ibi
3924 3829 4081 3879 ειπερ,

2491 3913 2639 3965 Ιϊιιιιι
2667 3915 2892 3981 jactavit
2913 3955 2927 3977 ,
2961 3923 3242 3969 ostentans
3269 3915 3432 3968 etiam
3464 3931 3583 3970 sese
3615 3916 3964 3984 imperatori.
4006 3936 4082 3973 ac

2489 4016 2735 4071 paratum
2768 4005 3001 4060 oil‘erens
3034 4009 3099 4060 ad
3133 4009 3495 4077 aggredienda
3527 4010 3579 4062 in
3615 4009 3825 4071 hostes,
3858 4010 3904 4062 si
3940 4027 4080 4079 per-
4146 4070 4151 4071 ί

2490 4100 2759 4162 mitteret,
2798 4100 3055 4153 maxima.
3098 4100 3192 4155 His
3231 4102 3529 4169 imperator
3564 4102 3765 4156 auditis
3808 4105 4079 4159 turbatus

2489 4191 2725 4259 primum
2757 4201 2839 4245 est
2872 4192 3232 4247 admiratione
3269 4194 3562 4260 inopinatae
3600 4196 3879 4255 nmitatis,
3919 4197 4078 4250 haud

2491 4282 2710 4347 capiens
2736 4295 2843 4348 quo
2870 4295 3025 4344 casu,
3050 4297 3212 4349 quem
3243 4283 3376 4337 Satis
3404 4286 3693 4337 constabat
3719 4300 3747 4336 a
3778 4283 3927 4352 Nega
3958 4284 4051 4338 To

2490 4374 2781 4425 charorum
2815 4376 3061 4443 principe
3094 4376 3263 4431 fuisse
3290 4377 3405 4445 jam
3439 4377 3651 4445 pridem
3682 4378 4039 4431 interfectam.
4062 4420 4079 4441 ,

2495 4463 2540 4515 is
2571 4479 2679 4516 non
2708 4465 2864 4517 virus
2896 4469 3057 4517 modo
3082 4469 3511 4535 conspiceretur,
3545 4470 3637 4521 sed
3671 4484 3862 4537 magna
3895 4472 4082 4523 etiam

804 4570 925 4620 sta,
958 4558 1148 4626 inique
1181 4564 1362 4610 actum
1397 4556 1466 4609 ab
1493 4571 1558 4609 eo
1589 4572 1713 4610 cmn
1748 4557 1915 4611 fratre
1947 4558 2251 4619 causantis,
2284 4559 2383 4611 sti-
2416 4572 2457 4624 ι)
2488 4556 2727 4621 polliceri
2753 4558 2820 4610 de
2845 4573 2903 4611 se
2928 4572 2992 4611 ac
3016 4560 3257 4626 cogitare
3280 4562 3527 4614 auderet.
3551 4562 3732 4628 Quare
3758 4562 3922 4632 189
3941 4567 4087 4617 dat-t

805 4654 1077 4715 mulatus,
1108 4664 1176 4703 an
1211 4647 1416 4716 alioqui
1449 4663 1548 4701 sua
1580 4648 1845 4703 interesse
1877 4659 2029 4702 ratus
2056 4650 2317 4717 cognosci
2352 4664 2381 4702 a

808 4744 1069 4798 Romanis
1095 4743 1241 4797 clare
1270 4743 1393 4809 quae
1417 4739 1816 4794 Constantinus
1844 4740 2069 4809 despota
2099 4756 2233 4795 suus
2263 4758 2384 4810 ger-

806 4852 1003 4891 manus
1028 4845 1083 4890 et
1110 4848 1235 4889 cum
1264 4848 1330 4888 eo
1359 4834 1684 4901 conspirans
1710 4830 2131 4901 StrategOpulus
2159 4832 2387 4887 fraudu-

808 4929 981 4983 lenter
1016 4928 1069 4980 in
1099 4940 1160 4980 se
1193 4923 1426 4979 fuissent
1459 4923 1781 4992 ingrateque
1814 4924 2130 4988 machinati,
2165 4926 2386 4977 univer-

810 5036 901 5076 sos
930 5020 983 5074 iu
1013 5028 1217 5075 emtum
1249 5030 1597 5069 communem
1634 5024 1808 5068 \‘ocat.
1839 5015 2017 5085 Atque
2048 5017 2102 5070 in
2133 5017 2389 5071 Alexiaco

809 5112 1051 5167 triclinio
1080 5107 1337 5179 prtesidet
1366 5106 1586 5175 quidem
1624 5107 1738 5175 ipse
1758 5147 1773 5170 ,
1807 5107 2050 5161 assident
2081 5117 2262 5161 autem
2297 5110 2344 5160 ei
2369 5147 2386 5169 ,

811 5204 906 5274 qui
944 5200 1296 5272 magistratus
1328 5199 1733 5253 ecclesiasticos
1767 5199 2061 5267 pritnarios
2094 5199 2387 5268 gerebant,

808 5294 1051 5363 episcOpi
1082 5303 1135 5345 et
1162 5290 1368 5345 clerici.
1400 5289 1706 5367 Adstabant
1735 5289 2018 5343 lectissimi
2047 5300 2102 5344 et
2132 5290 2390 5344 illustris-

811 5387 937 5442 simi
980 5385 1183 5454 quique
1222 5382 1453 5441 civium.
1494 5379 1573 5434 lbi
1618 5381 1937 5441 recitantur.
1979 5396 2102 5449 qua
2140 5382 2388 5450 despota.

813 5493 935 5546 qua:
974 5472 1391 5542 Strategopulus
1426 5481 1611 5526 essent
1643 5470 1969 5540 deprehensi
2005 5472 2143 5525 clam
2188 5472 2388 5525 moliri.

814 5571 892 5622 Ac
929 5568 1077 5621 illum
1112 5565 1335 5636 quidem
1375 5564 1518 5616 haud
1555 5564 1888 5617 conveniens
1923 5573 2008 5617 est
2043 5565 2220 5617 visum
2258 5580 2391 5633 pro-

814 5662 1038 5715 ducere.
1080 5658 1138 5711 ln
1184 5657 1303 5711 solo
1347 5655 1731 5726 Stratcgopulo
1775 5657 1829 5710 in
1877 5657 2115 5709 medium
2159 5660 2393 5710 adducto

816 5762 927 5805 tota
954 5761 1040 5804 est
1069 5749 1375 5803 communis
1405 5748 1621 5815 utrique
1648 5746 1919 5800 convictio
1947 5756 2186 5814 peracta.
2212 5744 2395 5813 Oppo-

820 5845 944 5899 sitis
974 5844 1022 5896 ei
1054 5841 1264 5897 scilicet
1295 5838 1755 5909 irreiragahilibus
1786 5838 2123 5906 argumentis
2155 5850 2207 5893 et
2240 5839 2392 5890 testi-

2488 4649 2641 4713 prius
2665 4664 2826 4716 opera
2856 4660 2911 4703 ut
2939 4652 3084 4705 hunc
3110 4652 3385 4707 hominem
3412 4663 3565 4708 certo
3591 4654 3917 4723 productum
3949 4657 4093 4710 loco

2487 4740 2660 4793 Maria
2689 4743 2955 4809 patruelis
2984 4758 3081 4797 sua
3107 4744 3324 4798 curiose
3353 4738 3663 4813 inspiceret,
3692 4748 3807 4815 ipsa
3836 4762 3947 4800 non
3973 4750 4094 4801 oh-

2488 4844 2726 4895 serrata,
2756 4849 2822 4887 ex
2851 4849 2913 4887 ea
2941 4834 3140 4887 deinde
3169 4846 3561 4903 percunctatus
3586 4848 3670 4892 est
3696 4840 3897 4905 ecquid
3925 4854 4097 4894 esset

2492 4922 2538 4976 is
2567 4938 2754 4977 revera
2784 4923 3105 4987 Lachanas;
3139 4929 3189 4981 in
3218 4944 3325 4998 quo
3356 4929 3465 4982 falli
3498 4931 3621 4985 talis
3650 4932 3838 4998 utique
3866 4935 4091 4987 mulier

2492 5017 2738 5084 nequiret
2760 5057 2774 5080 ,
2809 5033 2947 5071 uxor
2979 5019 3107 5072 (dim
3142 5022 3251 5073 veri
3290 5020 3591 5085 Lachante.
3624 5038 3687 5077 ex
3724 5039 3833 5091 quo
3864 5040 4093 5079 ωηο-ξφ

2493 5120 2639 5175 ptam
2686 5111 2983 5177 peperisset
3030 5112 3218 5165 ﬁliam.
3256 5112 3391 5177 Quae
3427 5129 3554 5166 cum
3596 5130 3702 5169 nou
3745 5119 3908 5169 modo
3946 5132 4095 5173 esse

2493 5198 2655 5251 istum
2708 5198 3012 5253 Lachanatn
3065 5213 3339 5270 negasset,
3386 5207 3481 5259 sed
3527 5208 3690 5259 etiam
3742 5206 4095 5265 ailirtttassc-t

2496 5291 2628 5343 nihil
2663 5306 2892 5360 prorsus
2929 5294 2983 5346 in
3016 5309 3081 5347 eo
3114 5312 3173 5346 se
3203 5295 3530 5352 observasse
3568 5297 3831 5353 Lachanaa
3864 5302 4092 5363 simile,

2497 5382 2637 5435 haud
2670 5398 2860 5449 parum
2890 5395 3203 5452 suspectum
3239 5387 3551 5455 imperatori
3579 5399 3633 5442 et
3661 5390 3729 5442 iis
3754 5393 3843 5457 qui
3874 5392 3987 5443 sub
4019 5410 4099 5447 eo

2495 5487 2583 5526 res
2622 5474 2888 5526 curabant
2929 5480 3073 5529 hunc
3115 5477 3347 5531 reddidit
3386 5478 3709 5532 Barbarum.
3753 5477 3913 5533 Unde
3948 5498 4097 5537 cum

2498 5564 2643 5615 hunc
2666 5564 3051 5618 observassent
3077 5568 3145 5617 ad
3172 5565 3572 5622 aﬂ‘ectationem
3600 5570 3793 5623 subitae
3819 5586 3881 5624 ac
3913 5574 4100 5627 vehe-

2498 5654 2693 5704 ntcnt’ts
2721 5655 3211 5719 excandescentia},
3244 5660 3336 5724 qui
3371 5668 3489 5711 erat
3520 5674 3660 5712 unus
3691 5675 3756 5712 ex
3791 5664 4101 5718 characte-

2499 5744 2650 5795 rihns
2683 5744 2880 5796 indolis
2911 5744 3178 5798 Larhamc
3200 5789 3213 5807 ,
3250 5748 3393 5799 haud
3422 5749 3558 5802 Satis
3587 5765 3616 5802 a
3647 5752 3950 5818 quandth
3982 5770 4097 5807 cn-

2499 5845 2663 5889 uante
2716 5846 2895 5889 tamen
2949 5854 3270 5906 expressus,
3323 5839 3622 5910 adjungere
3671 5844 4107 5902 simulationem
