4182 6436
195 410 301 472 925

1092 415 1190 476 DE
1220 415 1670 478 ANDRONICO
1716 419 2183 481 PALA-IOIDGO
2229 420 2373 481 LIB.
2410 422 2521 483 lli.

3357 431 3463 497 226

197 525 643 596 συνεπαγόμενος
671 530 769 582 καὶ
788 530 878 582 τὸν
918 532 1152 602 μοναχὸν
1179 534 1442 603 ἑκτομίαν
1473 536 1773 605 Νεόφυτον”
1810 543 1850 597 Α
1882 536 2073 603 φορτία
2123 536 2387 607 ἐχώρουν.
2451 541 2510 591 ὐ
2556 540 2611 593 δὲ
2669 540 2926 611 βασιλεὺς
2976 545 3044 598 τὰ
3090 547 3217 616 περὶ
3257 550 3461 605 τούτων

194 618 269 679 ὡς
295 618 357 669 δὲ
398 620 531 688 περί
567 635 666 674 που
693 623 791 692 τὴν
830 621 1079 676 ⁴ιώκαιαν
1113 620 1276 695 ἦσαν,
1310 629 1598 695 πειραταῖς
1627 644 1780 697 περι-

194 709 518 773 πίπτουσιν,
539 711 589 764 οἶ
616 714 709 765 καὶ
739 715 1093 784 περισχόντες
1124 717 1319 780 αὐτοὺς
1346 718 1545 788 φόρτον
1571 720 1781 772 ἐκεῖνον

191 799 491 871 διεφόρουν
520 804 613 856 καὶ
642 804 871 867 τούτους
903 807 1327 878 παρακατέχειν,
1364 810 1441 873 ὡς
1471 810 1777 875 ἀποδοτντο,

194 893 517 961 ἠϐούλοντο.
568 896 711 950 Ἀλλ’
743 897 1008 967 ἐξαίφνης
1040 901 1290 969 φαίνεται
1310 920 1393 964 τις
1431 905 1621 974 φορτὶς
1648 905 1783 975 πλή-

195 1005 295 1058 ρης
332 991 646 1058 ἀγωγίμων
674 994 819 1045 κατά
848 993 910 1045 τὸ
930 994 1188 1062 πέλαγος,
1211 986 1279 1068 ἦς
1309 997 1373 1065 δὴ
1404 998 1496 1051 καὶ
1521 999 1782 1069 φανείσης

197 1081 488 1149 μακρόθεν
514 1083 645 1152 περὶ
674 1084 735 1135 τὸ
757 1086 971 1138 ἐκεῖθεν
992 1087 1179 1157 κέρδος
1202 1089 1252 1140 οἱ
1284 1094 1542 1159 πειραταὶ
1571 1092 1782 1160 λιχνευ-

197 1173 431 1239 σάμενοι
466 1176 664 1242 ἀφιᾶσι
696 1177 794 1244 μὲν
816 1178 952 1248 πρὸς
970 1179 1047 1248 τῷ
1070 1179 1248 1249 λιμένι
1267 1180 1384 1250 ἅμα
1407 1184 1545 1254 αὐτῇ
1568 1187 1783 1255 τριήρει

194 1264 322 1327 τοὺς
362 1268 500 1335 περὶ
527 1267 620 1319 τὸν
656 1270 1027 1341 πατριάρχην,
1065 1274 1255 1340 ἀφιᾶσι
1280 1274 1336 1327 δὲ
1362 1275 1569 1330 καὶτὸν
1596 1294 1783 1347 περιτο

195 1357 286 1409 τὸν
316 1360 527 1425 φόρτον
553 1362 778 1423 ἐκεῖνον,
814 1364 907 1417 καὶ
936 1364 1011 1426 ῶς
1038 1366 1494 1435 προσμενούντων
1518 1367 1781 1422 ἐλπίσαν-

193 1467 287 1512 τες
316 1452 404 1519 (τὺ
438 1455 552 1522 γάρ
582 1454 676 1506 τοῦ
702 1458 1047 1528 πατριάρχου
1081 1460 1269 1529 σχῆμα
1303 1461 1444 1527 σφᾶς
1484 1461 1669 1515 ἔπειθε
1709 1467 1784 1533 μὴ

196 1545 287 1595 τον
317 1546 534 1616 ἀγεννῆ
564 1546 810 1617 δρασμὸν
834 1552 1059 1620 εννοεϊν)
1086 1552 1311 1623 ἀπτέρῳ
1339 1556 1493 1623 τάχει
1525 1557 1618 1608 καὶ
1646 1574 1785 1623 προ-

198 1635 376 1706 θυμίᾳ.
408 1639 509 1692 ἐπὶ
532 1638 631 1709 τήν
662 1644 929 1708 φανεῖσαν
958 1644 1183 1714 ῶρμων.
1236 1644 1357 1699 Τῶν
1386 1646 1433 1699 δ’
1456 1648 1550 1700 ἀπ’
1586 1648 1787 1716 ὀφθαλ-

202 1729 320 1796 μῶν
346 1730 682 1797 γεγονότων,
717 1734 881 1798 εὐθὺς
917 1737 1089 1789 κακὸν
1113 1737 1380 1806 ὲλπισμὸν
1419 1741 1548 1810 περὶ
1577 1742 1788 1795 ἑαυτῶν

1885 627 2095 695 μαθὼν,
2131 631 2225 681 καὶ
2253 630 2329 693 ὡς
2374 632 2518 694 είκδς
2574 636 2983 707 προσαλγήσας,
3020 638 3213 701 ἀλλους
3264 643 3463 711 εὑτρε-

1884 718 2051 782 πίσας
2098 720 2373 789 ικπέμπει
2398 737 2411 749 ’
2443 726 2489 775 οἱ
2534 724 2578 777 δ’
2626 722 2765 795 ἦσαν
2798 728 2825 779 ὃ
2854 744 2911 779 τε
2948 730 3042 781 ἐπὶ
3072 730 3180 782 τῶν
3208 732 3450 800 δεήσεων

1885 810 2094 872 Γλυκὺς
2149 811 2408 878 Ἰωάννης
2449 818 2541 868 καὶ
2598 818 2625 870 ὁ
2679 818 2785 871 τῶν
2845 817 3056 887 ἀγελῶν
3102 821 3392 897 λογοθέτης
3432 826 3463 877 ό

1884 904 2189 973 Μετοχίτης
2229 904 2526 976 Θεόδωρος.
2558 910 2621 962 Οἳ
2644 910 2708 980 δή
2736 918 3104 981 προσσχόντες
3137 914 3355 983 πρῶτον
3393 918 3461 987 τῇ

1885 996 2119 1065 Κύπρῳ,
2149 997 2245 1049 καὶ
2268 998 2346 1066 τῷ
2386 1000 2515 1067 ῥηγὶ
2546 1002 2975 1069 προσμίξαντες,
3012 1002 3159 1073 εἶχον
3190 1007 3295 1076 μὲν
3315 1008 3461 1061 εκεῖ-

1885 1104 1974 1138 νον
1996 1088 2198 1141 αὐτίκα
2231 1089 2316 1158 ἐφ’
2336 1084 2418 1153 οἷς
2443 1089 2670 1160 ἐζήτουν
2695 1093 2993 1164 πειθήνιον,
3022 1098 3081 1149 ἓν
3104 1098 3160 1151 δὲ
3187 1098 3279 1153 καὶ
3303 1103 3468 1170 μόνον

1886 1178 2093 1240 ἐκεῖνος
2140 1181 2581 1249 προσιστάμενον
2635 1182 2890 1249 ἐγνωκὼς
2943 1188 3009 1256 τῇ
3072 1188 3265 1255 πράξει
3311 1190 3463 1243 ἔθελε

1888 1272 2141 1332 κακεῖνος
2203 1272 2547 1341 ἐξημεροῦν·
2594 1276 2655 1327 τὸ
2711 1277 2755 1328 δ’
2790 1271 2858 1346 ἦν
2902 1278 2962 1330 τὸ
2998 1280 3103 1333 ὑπὸ
3152 1280 3315 1352 βουλῇ
3370 1284 3464 1336 καὶ

1888 1359 2106 1427 θελήσει
2128 1363 2224 1426 τῆς
2248 1366 2387 1415 κατά
2422 1364 2643 1433 Ῥώμην
2662 1368 2996 1437 Ἐκκλησίας
3022 1372 3082 1423 τὸ
3108 1373 3466 1441 συνάλλαγμα

1886 1447 2339 1515 διαπράττεσθαι.
2386 1452 2572 1505 Ταῦτα
2596 1456 2641 1507 δ’
2675 1451 2814 1525 ἦσαν
2854 1460 3046 1526 χρόνου
3088 1461 3175 1532 [Ρ.
3212 1462 3337 1534 HO]
3369 1466 3463 1516 καὶ

1887 1538 2084 1608 τριϐῆς
2130 1539 2379 1608 δεόμενα.
2415 1543 2580 1597 Ἀλλά
2620 1551 3106 1619 προστεταγμένον
3150 1556 3334 1617 αὐτοῖς
3369 1561 3461 1608 καί

1889 1635 2192 1703 παρὰτοὺς
2208 1637 2305 1703 τῆς
2331 1638 2620 1707 Ἀρμενίας
2646 1641 2915 1711 ἀρχοντας
2939 1645 3208 1717 ἀπαντᾷν,
3239 1650 3463 1701 ἐκείνων

1890 1724 2109 1792 πρῶτον
2141 1727 2663 1797 προσλιπαρούντων
2708 1735 2842 1802 περὶ
2868 1735 3015 1788 δυοῖν
3045 1738 3325 1805 ἀδελφαῖν,
3376 1741 3462 1807 ἐφ’

196 1822 245 1870 οί
290 1824 427 1889 περὶ
455 1821 551 1873 τὸν
584 1824 932 1894 πατριάρχην
968 1827 1203 1896 ἔχοντες.
1260 1832 1307 1882 εί
1360 1809 1643 1884 ἐπιστατεν
1695 1835 1787 1885 καὶ
1820 1881 1859 1898 η
1889 1809 2045 1887 ᾧπερ
2065 1818 2138 1879 ὡς
2163 1818 2448 1885 βούλονται
2475 1823 2772 1891 Χρήσαιντο
2794 1827 2955 1895 (μηδὲ
2978 1828 3087 1895 γάρ
3118 1829 3264 1898 ἔχειν
3293 1834 3459 1883 ποτέ·

198 1907 385 1973 αὖθις,
402 1913 649 1983 δρασμὸν
671 1916 933 1971 ἑννοοῦσι.
964 1919 1069 1972 Καὶ
1099 1921 1163 1991 δή
1194 1921 1293 1990 τῆς
1321 1924 1449 1993 νηὸς
1477 1924 1785 1989 ἀποϐάντες

198 2005 272 2067 ῶς
336 2000 494 2076 εἶχον
543 2006 735 2075 μόναις
786 2010 1002 2073 στολαῖς
1055 2014 1148 2064 καὶ
1206 2011 1558 2090 βλαύταις,ᾗ
1613 2019 1787 2072 ποδῶν

197 2093 374 2164 εἶχον,
409 2097 708 2166 φεύγουσιν
736 2100 838 2153 ἀνά
881 2103 1104 2171 κράτος,
1138 2105 1305 2157 πάτον
1340 2107 1441 2175 μὲν
1476 2108 1787 2179 ἀνθρώπων

197 2190 574 2255 ἀλεείνοντες,
604 2193 896 2262 ἀτρίπτοις
926 2194 984 2249 δὲ
1035 2197 1390 2267 δυσχωρίαις,
1440 2201 1502 2253 τὸ
1554 2202 1653 2271 μὲν
1692 2206 1788 2257 καὶ

195 2281 449 2350 θελήσει,
487 2283 550 2335 τὸ
576 2283 633 2335 δὲ
666 2288 761 2338 καὶ
791 2287 869 2355 τῷ
912 2290 984 2356 μὴ
1033 2289 1233 2343 ειδέναι
1264 2292 1403 2356 ὅλως
1444 2294 1555 2348 τῶν
1583 2296 1783 2361 τόπων,

196 2378 356 2446 μόλις
397 2380 539 2449 μετὰ
568 2379 664 2451 τήν
694 2382 895 2453 πολλὴν
929 2381 1038 2437 τῶν
1076 2386 1253 2437 ποδῶν
1288 2389 1383 2441 ἐπὶ
1414 2388 1643 2456 θάμνοις
1690 2392 1786 2444 καὶ

194 2470 435 2539 πέτραις
467 2472 840 2542 πρόσκρουσιν
892 2478 983 2529 ὲπί
1014 2495 1062 2529 τι
1097 2477 1361 2548 φρούριον
1406 2480 1784 2542 διασώζονται.

194 2561 477 2631 ’Υστερον
499 2564 558 2616 δὲ
590 2565 996 2630 καταλαϐόντες
1024 2570 1071 2622 οἱ
1095 2572 1355 2639 πειραταὶ
1378 2572 1624 2638 ἔγνωσαν
1648 2576 1785 2638 ὅλως

195 2657 597 2725 σεσοφισμένοι
637 2661 765 2730 παρ’
796 2661 1025 2725 ἑαυτῶν,
1058 2662 1089 2731 ἢ
1127 2663 1327 2731 μᾶλλον
1357 2666 1453 2729 τῆς
1490 2669 1781 2735 προνοίας.

192 2745 269 2808 ὡς
303 2748 375 2800 ἄν
398 2765 485 2810 τις
522 2749 780 2802 εἰκάσειε·
816 2752 953 2813 τέως
1001 2751 1055 2805 δὲ
1105 2752 1365 2818 λαϐόντες
1399 2756 1494 2809 καὶ
1528 2756 1661 2810 ναῦν
1689 2759 1782 2811 καὶ

196 2937 337 2976 nave
372 2920 721 2984 ferebantur,
753 2937 887 2992 opes
921 2923 1283 2994 diripiebant,
1311 2927 1779 3001 decreverantque

194 3014 455 3068 detinene
490 3015 664 3082 ipsos,
699 3024 758 3067 ιιι
787 3016 1020 3081 prodere
1072 3031 1133 3071 ac
1170 3019 1398 3073 reddere
1431 3034 1692 3090 cogerent
1734 3026 1780 3078 si

195 3121 321 3167 qua:
360 3106 696 3175 pretiosiora
731 3106 1175 3161 recondiderant.
1224 3109 1363 3164 Ecce
1402 3122 1581 3164 autem
1616 3114 1782 3168 Iatro-

1892 1925 1994 1978 ραν
2024 1912 2298 1981 προτιμᾷν
2331 1914 2410 1975 είς
2457 1915 2556 1982 τὴν
2585 1914 2660 1984 τῷ
2686 1914 2899 1983 βασιλεῖ
2924 1922 3242 1990 πρέπουσαν
3271 1925 3466 1993 κήδευ-

1893 2016 1997 2065 σιν,
2033 2001 2109 2064 ὡς
2150 2004 2579 2076 πρυτιμωμένής
2614 2007 2742 2074 μιᾶς
2775 2010 2871 2063 καὶ
2914 2011 3151 2083 θατέραν
3183 2015 3462 2083 ἔπεσθαι),

1890 2096 2071 2145 ἐκεῖσε
2100 2094 2231 2160 γοῦν
2257 2096 2543 2164 γεγονότες
2567 2101 2615 2151 οἱ
2647 2101 2996 2169 πεμφθέντες
3022 2107 3115 2157 καὶ
3146 2107 3462 2177 ἀμφοτέρας

1888 2184 2105 2250 ἄγουσι,
2140 2185 2238 2256 τὴν
2274 2188 2371 2254 μὲν
2403 2188 2481 2257 τῷ
2510 2190 2723 2257 βασιλεί
2769 2194 2819 2244 οί
2873 2197 3329 2267 συνοικήσουσαν,
3365 2202 3465 2270 τήν

1886 2275 1932 2332 δ’
1963 2278 2113 2339 ἀξιον
2143 2280 2489 2349 εὑρήσουσαν
2519 2282 2611 2335 τὸν
2643 2284 2901 2354 νυμφίον.
2943 2286 3032 2350 Ὠς
3077 2286 3133 2339 δὲ
3168 2289 3286 2359 πλῷ
3315 2308 3464 2361 χρω-

1890 2370 2068 2437 μένων
2122 2372 2370 2433 κίνδυνος
2432 2375 2717 2441 ἐφίσταται
2786 2381 2851 2448 τῇ
2910 2380 3159 2449 προτέρᾳ
3223 2384 3465 2452 χαλεπῆς

1887 2463 2237 2533 ὲνσκτπψάσης
2280 2470 2440 2518 νόσου
2469 2506 2482 2529 ,
2520 2469 2876 2537 προσίσχουσι
2925 2488 2984 2524 τε
3036 2476 3101 2542 τῇ
3144 2474 3336 2544 Ῥόδῳ,
3370 2481 3464 2530 καὶ

1886 2560 1986 2610 ὅσα
2017 2554 2083 2626 ήν
2118 2558 2281 2628 νόμος
2325 2561 2645 2625 τελέσαντες
2687 2563 2775 2615 ἐπ’
2826 2565 2966 2634 αὐτῇ
3002 2566 3142 2619 κατὰ
3170 2569 3463 2638 συνήθειαν

1884 2650 2169 2717 όρθοδόξου
2218 2653 2472 2713 πίστεως,
2532 2654 2685 2716 τέλος
2735 2656 3145 2728 ὲξομοσαμένην
3194 2661 3462 2712 τάκείνων

1886 2742 2098 2812 χρίουσι
2136 2743 2295 2815 μύρῳ
2338 2748 2427 2797 καὶ
2473 2746 2781 2811 ἀγιάζουσι.
2816 2748 3129 2803 Κάντεύθεν
3170 2753 3269 2820 τῆς
3303 2754 3461 2807 νόσου

1886 2923 2048 2976 struit
2110 2934 2164 2976 et
2208 2925 2396 2988 mittit,
2447 2927 2768 2996 magistrum
2824 2929 3077 2983 videlicet
3144 2932 3459 2987 libellorum

1884 3012 2149 3069 Joannem
2186 3014 2414 3085 Glycyn,
2447 3031 2499 3070 et
2551 3019 2827 3085 agelarum
2887 3021 3224 3091 logotliecam
3278 3024 3460 3079 Theo-

1885 3107 2079 3159 dorum
2125 3106 2479 3160 Metucltilt'n.
2515 3106 2575 3159 lli
2605 3111 2837 3177 primum
2874 3110 2929 3163 in
2968 3110 3206 3181 Cyprum
3240 3106 3459 3183 appulsi

197 3199 377 3251 uibus
425 3198 477 3251 ei
533 3212 682 3251 curae
707 3198 900 3253 deﬁxis
948 3200 1201 3268 apparuit
1246 3202 1300 3254 in
1351 3204 1484 3257 mari
1535 3209 1787 3263 oneraria

1899 3213 2132 3267 regeqne
2180 3199 2330 3250 adito
2377 3200 2587 3252 facilem
2636 3216 2762 3253 eum
2814 3200 2879 3254 ad
2932 3205 3206 3270 postulata
3239 3220 3461 3277 repere-

199 3291 418 3355 Inultis,
462 3299 732 3359 quantum
790 3292 1054 3347 aestimari
1117 3308 1145 3346 a
1201 3295 1391 3363 procul
1448 3297 1793 3355 intuentibus

202 3390 451 3449 poterat,
507 3380 757 3435 conferta
795 3383 1091 3439 mercibus.
1142 3384 1323 3441 Τιθοιί
1367 3402 1499 3458 ergo
1535 3391 1795 3447 aviditate

202 3485 375 3526 certa.-
411 3486 479 3527 ac
513 3473 780 3529 uberioris
808 3474 1001 3542 prtedae
1025 3476 1215 3545 piratae
1248 3478 1525 3534 triremem
1552 3482 1604 3533 in
1633 3493 1792 3552 portu

203 3567 498 3635 linquunt,
537 3574 591 3620 et
632 3565 685 3619 in
733 3582 797 3619 ea
850 3569 1221 3636 patriarcbam
1260 3585 1383 3624 cum
1440 3573 1530 3626 illa
1568 3576 1792 3643 copiosa

203 3658 568 3725 supellectili,
619 3659 874 3711 arbitrati
926 3674 955 3712 e
1002 3662 1271 3728 gravitate
1312 3662 1413 3715 viri
1463 3678 1793 3731 permansu-

204 3763 328 3801 rum
389 3748 466 3802 ibi
513 3763 637 3801 eum
692 3749 822 3803 dum
877 3750 1144 3814 redirent,
1198 3766 1296 3805 nec
1348 3752 1702 3807 inducturum
1738 3755 1791 3808 in

205 3844 486 3905 animum,
525 3841 619 3909 qui
653 3855 828 3911 equos
858 3856 965 3895 non
1011 3843 1261 3907 haberet,
1308 3844 1541 3913 pedibus
1578 3855 1639 3900 ut
1668 3847 1793 3901 vilis

203 3943 256 3987 et
299 3934 573 4003 ignobilis
620 3933 917 4003 quispiam,
966 3949 1236 3989 esscensu
1288 3936 1342 3990 in
1393 3945 1595 3992 terram
1646 3938 1792 3994 facto

203 4028 505 4095 diduxere.
546 4023 664 4078 Tali
712 4025 934 4090 ﬁducia,
975 4036 1183 4095 quanta
1240 4030 1473 4082 maxima
1509 4032 1793 4085 velocitate

203 4122 433 4172 valuere
467 4118 735 4186 impetum
778 4119 833 4172 in
881 4119 1051 4174 visam
1081 4124 1387 4174 onerariam
1418 4121 1651 4177 faciunt.
1694 4123 1790 4178 llis

204 4212 283 4263 sic
314 4224 345 4261 a
379 4217 686 4277 conspectu
716 4209 937 4274 amotis,
973 4210 1285 4278 patriarcha
1306 4226 1431 4266 cum
1464 4213 1580 4267 suis
1604 4213 1791 4283 pejora

205 4309 544 4364 metuentes,
588 4300 635 4355 si
695 4316 889 4356 rursus
924 4303 1027 4356 sub
1072 4305 1556 4372 rapacissimorum
1614 4306 1793 4361 homi-

208 4412 338 4450 num
376 4394 673 4448 arbitrium
709 4396 983 4456 venirent,
1026 4394 1282 4462 expedire
1306 4393 1489 4462 fugam
1520 4402 1789 4457 statuunt,

206 4486 547 4552 triremique
594 4485 793 4553 raptim
835 4483 1154 4538 desilientes
1210 4485 1261 4536 in
1299 4485 1477 4549 littus,
1532 4487 1585 4539 in
1634 4486 1791 4541 stolis

1898 3297 2047 3343 runt.
2087 3289 2144 3342 In
2200 3305 2310 3341 uno
2351 3290 2551 3352 solum,
2587 3291 2966 3363 quodaminus
3004 3293 3201 3361 legatis
3251 3300 3461 3350 arride-

1898 3389 1999 3445 ret,
2027 3380 2375 3433 obﬁrmatum
2412 3397 2472 3436 se
2508 3397 2598 3435 rex
2645 3381 2882 3458 Cyprius
2914 3387 3175 3448 ostendit,
3208 3403 3320 3456 quo
3344 3388 3463 3458 ipso

1896 3471 2335 3525 administrando
2374 3487 2433 3525 se
2468 3453 3125 3539 recipiebathell‘ecturum
3166 3453 3301 3529 utitl
3333 3453 3460 3533 cum

1896 3577 2059 3631 quam
2098 3563 2322 3615 minima
2356 3563 2673 3617 Graecorum
2707 3565 3010 3620 od‘eusione
3039 3569 3373 3623 succederet.
3405 3570 3459 3623 Id

1894 3664 2075 3706 autem
2101 3664 2215 3705 erat
2240 3658 2577 3721 approbante
2598 3670 2661 3708 ac
2699 3657 2916 3710 volente
2943 3657 3185 3711 Ecclesia
3217 3657 3461 3714 [inritans

1898 3744 1998 3797 huc
2060 3746 2465 3797 matrimonium
2510 3761 2786 3816 peragere.
2839 3746 2942 3803 Sed
2992 3750 3105 3803 haec
3149 3752 3464 3823 indigebant

1898 3844 2141 3903 tempore
2183 3850 2244 3888 ac
2278 3849 2451 3889 mora.
2486 3837 2703 3890 Interim
2738 3839 2921 3908 legati,
2949 3841 3092 3909 quod
3125 3851 3177 3896 et
3226 3842 3277 3896 in
3300 3860 3463 3898 .mau-
3509 3904 3512 3908 Α

1895 3928 2039 3982 datis
2068 3926 2361 3990 habebant,
2396 3930 2460 3981 ad
2496 3929 2775 3999 principes
2807 3932 3075 3989 Armeniae
3103 3937 3460 3992 transierunt.

1896 4018 1972 4072 Illi
2011 4034 2110 4088 pro
2161 4035 2270 4073 una
2310 4021 2447 4074 duas
2486 4023 2649 4074 etiam
2694 4022 3058 4078 obtrudebant
3095 4041 3123 4079 e
3159 4040 3297 4096 rege
3336 4043 3463 4097 pio-

1896 4119 2093 4178 gnatas
2122 4126 2368 4177 sorores,
2399 4112 2650 4181 ultroque
2697 4114 2975 4169 instabant
2997 4117 3185 4171 ambas
3213 4119 3465 4185 accipere

1896 4211 1964 4251 ne
1985 4210 2370 4269 gravarentur,
2415 4209 2469 4253 et
2523 4202 2835 4271 imperatori
2869 4204 3089 4267 sistere,
3123 4216 3241 4259 utra
3288 4208 3467 4277 magis

1899 4289 2195 4358 placuisset
2232 4291 2475 4345 electuro
2515 4310 2527 4345 :
2562 4294 2644 4345 sui
2682 4294 2825 4347 enim
2862 4294 3103 4362 ipsorum
3131 4296 3321 4366 judicii
3352 4314 3461 4352 nun

1892 4397 2018 4436 esse
2052 4382 2277 4436 alteram
2311 4382 2467 4436 alteri
2512 4382 2791 4450 praeferre,
2841 4400 2979 4453 quas
3028 4388 3177 4454 paris
3220 4388 3454 4442 invicem

1895 4473 2229 4541 dignationis
2281 4488 2345 4526 ac
2391 4474 2570 4527 meriti
2631 4475 2914 4529 haberent.
2966 4475 3263 4533 Collocutis
3322 4480 3463 4532 intt-r

208 4591 264 4633 ut
300 4588 471 4633 erant
513 4578 736 4646 singuli,
778 4590 841 4630 ac
874 4576 1138 4645 crepidis,
1176 4584 1234 4629 ut
1272 4577 1505 4647 quisque
1556 4578 1787 4631 maxime

1900 4576 2017 4616 sese
2065 4563 2255 4632 legatis
2298 4564 2439 4617 haud
2504 4566 2837 4633 repudianda
2885 4567 3131 4623 conditio
3176 4570 3290 4625 visa
3350 4581 3457 4625 est.

205 4672 443 4741 pedibus
491 4669 684 4735 valuit,
736 4683 904 4722 cursu
949 4684 1115 4739 quam
1165 4668 1555 4724 incitatissimo
1601 4669 1790 4739 fugam

210 4763 519 4829 arripiunt,
573 4760 733 4815 tritas
776 4768 831 4813 et
876 4760 1124 4828 vestigiis
1168 4759 1414 4830 signatas
1448 4759 1792 4816 declinantes

206 4856 459 4917 semitas,
513 4865 707 4921 aspera
758 4862 812 4905 et
869 4850 1013 4904 invia
1068 4850 1191 4903 loca
1243 4859 1541 4914 sectantes,
1594 4852 1790 4918 partim

207 4946 470 5009 consilio,
506 4958 574 4997 ne
617 4942 1180 5012 deprehenderentur,
1229 4942 1428 5010 partim
1480 4942 1791 5010 ignorantia

207 5038 480 5092 locorum.
524 5034 599 5088 Ita
637 5042 758 5103 post
781 5032 1010 5086 multam
1047 5032 1114 5085 ad
1147 5032 1345 5100 stirpes
1383 5042 1437 5086 et
1469 5046 1599 5085 saxa
1627 5032 1789 5085 obvia

208 5126 370 5198 ωε
416 5124 621 5195 pedum
670 5122 1056 5187 olfensionetn,
1110 5122 1163 5176 in
1194 5123 1487 5192 quamdam
1533 5122 1654 5191 ejus
1682 5132 1791 5176 tra-

208 5231 329 5275 ctus
392 5216 859 5272 munitiunculam
903 5216 1038 5268 salvi
1102 5223 1489 5285 pervenerunt.
1562 5215 1788 5269 Reversi

210 5311 401 5381 pirate
440 5321 547 5378 spe
585 5322 685 5362 sua
734 5321 790 5361 se
822 5307 1045 5360 delusus
1075 5321 1199 5359 sero
1241 5305 1561 5369 doluerunt,
1595 5320 1791 5374 quam-

207 5417 368 5470 quam
403 5403 462 5455 in
490 5399 601 5453 hoc
625 5400 811 5452 verius
841 5397 1116 5466 quispiam
1151 5397 1496 5452 consulentis
1527 5398 1790 5449 innocui-

209 5494 358 5548 tibus
418 5491 712 5558 oppressis
781 5489 1145 5543 Providentia
1202 5488 1531 5544 beneﬁcium
1588 5489 1789 5542 divina:

208 5602 373 5656 quam
426 5586 687 5639 humana:
733 5582 788 5635 in
830 5581 1135 5635 latronibus
1177 5581 1557 5650 imprudentiae
1600 5593 1787 5632 casum

210 5680 545 5748 agnoverit:
584 5671 720 5731 Utut
764 5676 857 5737 sit,
910 5673 1145 5729 abducta
1183 5687 1306 5727 cum
1371 5687 1539 5726 onere
1581 5672 1788 5725 triremi

211 5776 399 5842 pirata:
438 5774 722 5827 abierunt.
763 5770 840 5824 Re
864 5769 1163 5838 imperator
1211 5768 1432 5836 cognita
1470 5767 1783 5827 miseratus,

212 5876 273 5917 ut
314 5880 410 5926 par
452 5874 600 5924 erat.
657 5860 925 5923 infelices,
976 5859 1117 5913 alios
1158 5857 1227 5913 ad
1273 5857 1417 5913 idem
1452 5857 1662 5923 legatos
1702 5859 1788 5908 in-

1902 4652 2200 4721 Utramque
2248 4654 2414 4721 igitur
2462 4655 2708 4710 volentes
2772 4671 3086 4724 germanam
3147 4658 3460 4720 abducunt.

1895 4760 2125 4814 quarum
2160 4747 2349 4814 utique
2369 4761 2474 4801 una
2504 4748 2712 4816 juniori
2744 4749 2992 4809 Augusto
3020 4749 3272 4812 nuberet,
3301 4750 3461 4803 alteri

1897 4838 2096 4906 dignus
2138 4853 2398 4907 sponsus,
2437 4840 2579 4892 haud
2612 4839 2723 4893 illic
2758 4839 3070 4901 defuturus,
3100 4853 3458 4909 quaeri-retur.

1898 4927 2025 4983 Inde
2063 4945 2184 4983 cum
2232 4929 2376 4983 inter
2417 4931 2784 4998 navigandum
2841 4932 2991 4998 prior
3028 4933 3304 5001 regiarum
3350 4933 3459 4986 vir-

1896 5022 2081 5090 ginum
2127 5021 2277 5090 gravi
2312 5032 2560 5089 correpta
2597 5021 2790 5075 inorbo
2821 5022 2984 5092 206
3015 5022 3311 5091 periclitari
3346 5024 3461 5076 visa

1894 5124 2057 5178 esset,
2086 5115 2135 5166 ei
2179 5112 2525 5167 commodius
2567 5114 2823 5167 curandae
2853 5115 2904 5167 in
2940 5113 3188 5167 Hbodum
3223 5113 3460 5167 insulam

1898 5205 2042 5259 forte
2070 5206 2281 5259 obviam
2312 5207 2675 5259 exscendunt.
2718 5204 2797 5260 lbi
2821 5219 2938 5258 eam
2973 5215 3331 5274 praeterquam
3375 5203 3465 5257 [υ-

1895 5300 2097 5353 mentis
2126 5306 2446 5353 recrearunt
2477 5297 2827 5366 Opportunis,
2856 5295 3137 5366 religionis
3163 5295 3324 5351 etiam
3354 5296 3465 5350 ele-

1897 5392 2097 5445 mentis
2128 5406 2191 5446 ac
2216 5391 2391 5445 sacris
2417 5389 2571 5459 juxta
2608 5404 2815 5443 morem
2847 5389 3169 5443 orthodoxa:
3197 5388 3317 5444 ﬁdei
3354 5404 3467 5458 my-

1897 5484 2085 5539 steriis
2114 5482 2413 5542 initiatam.
2446 5483 2659 5550 ejurato
2692 5482 2798 5535 ritu
2842 5481 3039 5549 patrio,
3069 5489 3282 5551 ungunt
3309 5481 3465 5534 chri-

1898 5582 2070 5629 Sniate
2101 5588 2165 5627 ac
2195 5573 2563 5627 sanctiﬁcant.
2605 5570 2743 5625 Tum
2776 5572 2967 5627 morbo
3002 5572 3112 5641 jam
3143 5572 3374 5626 liberam
3407 5579 3464 5626 et

1895 5665 2129 5733 pristino
2163 5665 2427 5718 redditam
2458 5666 2628 5733 vigori
2661 5665 2852 5718 Rhodo
2884 5664 3157 5717 solventes
3188 5663 3464 5717 Constan-

1894 5756 2177 5824 tinopolim
2201 5755 2528 5824 perducunt.
2558 5755 2661 5809 Ubi
2700 5764 3108 5822 praetervectam
3137 5754 3288 5807 littus
3312 5751 3462 5819 Quod

1891 5848 2059 5901 Ceras
2101 5855 2194 5899 aut
2239 5860 2410 5900 cornu
2468 5848 2627 5916 vulgo
2661 5847 2874 5909 dicunt,
2911 5855 2963 5900 et
3010 5847 3074 5899 ad
3121 5839 3463 5900 Cusmidiuin
