4182 6436
1984 382 2306 443 GEORGII
2351 385 2754 445 PACHYMER
2766 386 2828 443 Αἰ

3904 382 4014 444 Ξιιι

748 480 821 537 ὧν
849 492 937 537 καὶ
958 490 1005 538 τί
1046 491 1339 558 προσδοκᾷ-ι
1379 486 1514 544 εἶναι
1540 491 1646 543 τιῖιν
1677 492 1895 560 ἀγαθῶν
1928 495 2037 556 τοῖς
2057 497 2325 565 ὁσημέραι
2355 503 2399 556 Α
2431 499 2923 567 προσποιουμένους
2960 500 3057 565 τὴν
3090 498 3180 550 ὑπ’
3234 496 3426 564 ἐκείνῳ
3479 495 3722 548 δουλείαν
3770 496 3863 547 καὶ
3918 495 4013 547 ὑπ’

750 579 1284 649 ταλαιπωρουμένοις
1311 623 1325 644 ,
1361 583 1494 636 ὅπου
1520 602 1582 652 γε
1614 585 1709 638 καὶ
1736 586 1834 641 οὐκ
1866 587 2073 654 ἀγαθὰς
2112 591 2209 649 τὰς
2239 591 2333 644 ἀπ’

756 672 976 723 ἐκείνων
1008 673 1141 741 πρὸς
1193 674 1391 738 αὐτοὺς
1437 678 1742 745 ἀφιγμένας
1798 681 1985 749 φήμας
2034 681 2198 748 φόὸον
2244 685 2336 734 τὸν

755 764 981 832 ἔσχατον
1004 767 1247 833 ἐμποιεῖν
1263 784 1325 818 συ
1334 767 1546 835 μόαίνει
1563 770 1637 832 ὡς
1654 771 2128 840 διαπραττομένοες
2151 776 2212 825 τὰ
2228 774 2334 843 χεί-

752 872 943 924 ριστας
971 858 1153 911 Ταῦτα
1181 860 1223 911 δ’
1248 856 1383 912 εἶναι
1422 861 1497 931 μὴ
1542 863 1700 930 μόνον
1729 865 1939 916 πολλῶν
1995 867 2331 932 φθονούντων

752 947 946 1012 ἄλλων,
986 951 1117 1002 ἀλλὰ
1152 952 1241 1002 καὶ
1304 951 1563 1020 βασιλέως
1615 954 1777 1006 αὐτοῦ
1827 956 1995 1021 μηδὲν
2055 960 2334 1017 ἐκπαῖοντος

753 1040 890 1106 πρὸς
925 1040 989 1093 τὰ
1025 1043 1152 1109 παρ’
1195 1041 1371 1093 αὐτῶν
1396 1060 1410 1073 ο
1446 1062 1462 1093 ι
1496 1038 1568 1097 Οὖ
1599 1044 1657 1109 δὴ
1712 1045 1783 1112 μὴ
1832 1047 2211 1114 συνηδομένου,
2259 1047 2332 1103 ὡς

752 1133 815 1182 ἐκ
840 1132 947 1184 τῶν
981 1133 1315 1200 πραγμάτων
1340 1134 1402 1185 ἄν
1430 1151 1512 1192 τις
1549 1136 1641 1187 καὶ⁸
1691 1133 1774 1204 [Ρ.
1806 1136 1930 1206 ιιη
1996 1138 2331 1204 συλλογίσαιι

754 1237 836 1283 το,
872 1240 890 1272 ι
933 1222 1107 1287 ἔλεγε,
1139 1243 1155 1273 ι
1199 1225 1553 1290 κατορθοῦσιν
1590 1226 1740 1292 ἡμῖν,
1781 1226 2026 1292 σφαλεῖσί
2086 1244 2147 1293 γε
2194 1228 2332 1279 πάνυ

752 1330 858 1375 τως
902 1315 983 1375 τίς
1033 1315 1186 1375 ἐλπὶς
1235 1316 1640 1377 ὑπολέλειπται;
1680 1335 1698 1367 ι
1749 1317 1932 1373 Ταῦσα
1992 1319 2185 1385 λέγων,
2238 1320 2330 1371 καὶ

750 1407 849 1467 τὰς
895 1406 1149 1472 δυνάμεις
1214 1407 1696 1476 καταδημαςγωγῶν
1755 1409 1832 1478 τῷ
1882 1413 1973 1462 καὶ
2016 1410 2330 1480 βαθυτέρων

752 1496 1018 1550 ἅπτεσθαι
1073 1498 1166 1550 καί
1208 1497 1260 1566 γ’
1313 1500 1720 1569 ἐμφανεστέραν
1778 1498 1875 1569 τὴν
1917 1501 2078 1553 αὐτοῦ
2106 1502 2331 1570 γνώμην

754 1591 924 1641 ποιεῖν
946 1589 1017 1649 ὡς
1058 1589 1576 1658 ἁποστατησείοντος
1606 1594 1701 1644 σὺν
1737 1594 1939 1653 αὐτοῖς,
1977 1595 2023 1644 εἰ
2058 1592 2330 1660 βούλοιντο

758 1678 915 1730 ιοῦτω
967 1679 1074 1747 γὰρ
1131 1680 1195 1731 ἂν
1246 1680 1458 1733 καΐτοῦ
1485 1682 1673 1733 λοιποῦ
1711 1683 1968 1751 εὐμαρῶς
2026 1683 2248 1747 διάξειν,
2279 1686 2327 1735 εἰ

755 1769 877 1819 καθ’
912 1771 1107 1831 αὐτοὺς
1133 1772 1417 1833 πονοῦντες
1450 1773 1603 1823 αὐτοὶ
1641 1773 1747 1824 τῶν
1784 1774 2040 1826 κινδύνων
2071 1776 2137 1827 τὰ
2189 1768 2341 1827 ἆθλα

754 1860 1143 1929 καρπίζοιντο),
1176 1862 1332 1923 εὐθὺς
1362 1865 1455 1914 καὶ
1498 1862 1579 1915 ἔτι
1636 1864 1895 1934 συνείρων
1945 1866 2070 1927 τοὺς
2114 1866 2324 1932 λόγον’,

758 1954 848 2002 καὶ
874 1952 979 2003 τῶν
1004 1954 1343 2020 κρατούντων
1367 1954 1433 2007 τὰ
1461 1956 1627 2023 πολλὰ
1660 1958 2073 2025 καθαπτόμενοι
2112 1959 2177 2020 ὡς
2206 1959 2329 2027 μηδ’

753 2046 880 2096 οἴων
905 2045 951 2097 τ’
976 2046 1245 2113 ἐσομένων
1295 2047 1507 2106 ἑαυτοῖς
1551 2047 1779 2116 ἀμύνειν
1815 2051 1947 2119 μηδὲ
1981 2049 2152 2120 βραχυ
2188 2052 2330 2103 ὲκεί-

757 2153 861 2188 νων
892 2137 1317 2204 ἁποκλινάντων,
1354 2140 1723 2211 ύπερηφανῶν
1765 2142 1897 2203 ὅλως
1946 2145 2040 2196 καὶ
2104 2144 2331 2213 μεγαλι-

754 2229 975 2296 ζὸμενος
998 2229 1052 2280 ἐν
1075 2231 1185 2291 τοῖς
1204 2230 1543 2299 πράγμασιν,
1567 2232 1804 2294 ἐκείνους
1827 2232 2046 2301 εὕρισκε
2079 2233 2333 2300 παραυτὰ

754 2320 1061 2388 πειθηνίους
1090 2322 1142 2376 ἐς
1176 2321 1329 2372 τόσον
1360 2321 1499 2373 ὥστε
1531 2323 1625 2375 καὶ
1673 2322 1802 2392 βοᾷν
1844 2324 2176 2376 ἀπεντεῦθεν
2236 2326 2331 2378 καὶ

756 2410 900 2463 πόλλ’
947 2412 1079 2464 ἄττα
1127 2412 1303 2479 λέγειν
1348 2414 1614 2483 ἅπόφημα
1657 2416 1798 2468 κατὰ
1844 2415 2127 2485 βασιλέως,
2188 2420 2331 2472 ἀπο-

759 2589 890 2642 stris
964 2588 1265 2644 indormire
1319 2589 1515 2659 supine
1569 2592 1721 2645 curis
1775 2593 2053 2661 publicis,
2124 2598 2334 2649 nentiis

759 2683 912 2749 pensi
950 2682 1249 2750 quidquam
1286 2683 1637 2747 habentibus,
1669 2685 1809 2740 bene
1843 2702 1909 2739 an
1942 2703 2105 2741 secus
2133 2688 2334 2759 pop'nlo

759 2785 937 2833 esset.
989 2776 1118 2827 dum
1174 2790 1397 2827 suarum
1457 2776 1593 2843 ipsis
1651 2788 1934 2831 constaret
1986 2790 2136 2840 certa
2190 2783 2335 2835 ratio

762 2865 1054 2932 Iruitioqne
1078 2869 1454 2933 voluptatum:
1486 2884 1503 2915 ι
1535 2865 1643 2921 Nos
1672 2869 1877 2936 quippe
1905 2869 2146 2931 inierint,
2174 2870 2337 2924 adde-

770 2958 879 3019 bat,
914 2958 1030 3010 vice
1064 2958 1306 3025 ipsorum
1337 2942 1688 3020 laboramus;
1713 2968 1898 3013 nostra
1929 2960 2030 3013 sub
2059 2962 2228 3028 galeis
2250 2978 2340 3016 ca-

764 3048 870 3114 pita
905 3054 1226 3099 canescunt.
1254 3045 1360 3097 Nos
1383 3046 1436 3097 in
1467 3045 1580 3098 acie
1607 3056 1855 3112 stamus;
1888 3063 1986 3099 nos
2011 3046 2189 3126 praelia
2211 3063 2335 3100 cuni

762 3135 919 3203 217
968 3135 1217 3189 hostibus
1265 3133 1519 3197 facimus,
1562 3136 1770 3188 utinam
1820 3136 1961 3194 istis.
1993 3138 2085 3204 qni
2147 3136 2331 3190 fructu

764 3236 1073 3280 nostrarum
1122 3241 1489 3279 a'rnmnarum
1526 3226 1876 3285 deliciantur.
1928 3229 2170 3294 gaudere
2219 3231 2332 3281 sal-
2364 3220 2405 3240 “⁴

770 3332 876 3371 tem
912 3319 1263 3386 dignantibus
1299 3320 1461 3371 allato
1484 3319 1836 3371 vietoriarnni
1868 3331 2173 3393 nostrarum
2202 3338 2339 3373 unu-

770 3414 880 3466 ti'i!
923 3412 1164 3466 Invident
1196 3412 1339 3465 enim
1371 3420 1562 3463 contra
1593 3412 1752 3465 nobis
1780 3414 1965 3467 sterile
1997 3413 2128 3465 illud
2158 3413 2336 3479 ipsum

772 3508 961 3568 decus,
1023 3518 1076 3558 et
1132 3506 1224 3577 ira:
1283 3512 1580 3571 pnetextus
1640 3513 1913 3571 quaerunt,
1986 3520 2053 3557 ne
2104 3504 2336 3573 gratiam

766 3597 965 3651 debere
994 3578 1300 3650 videantur.
1330 3597 1518 3662 itaque
1550 3596 1753 3648 nostris
1795 3597 2145 3651 successibus
2178 3598 2336 3649 audi-

770 3693 841 3742 tis
882 3699 1117 3743 :estuare
1170 3690 1320 3757 ipsos
1352 3688 1669 3757 dolorisque
1708 3690 1858 3756 signa
1898 3690 2073 3742 intimi
2126 3705 2338 3757 cogno-

773 3781 950 3832 vimus
1006 3778 1214 3832 edere:
1276 3778 1408 3845 quin
1459 3786 1514 3829 et
1569 3779 1721 3844 queri
1777 3787 2032 3845 tanquam
2077 3780 2334 3847 injuriam

774 3882 985 3937 passos.
1018 3870 1175 3923 Unde
1206 3869 1511 3937 intelligitis
1543 3884 1703 3936 quam
1738 3873 2042 3923 mercedem
2084 3871 2337 3925 heroico-

777 3976 894 4014 rmn
944 3960 1013 4011 ab
1045 3960 1130 4012 bis
1161 3964 1481 4027 exspectare
1520 3959 1825 4013 facinorum
1870 3962 2186 4019 debeamus.
2229 3961 2335 4015 Ve-

777 4068 892 4103 rnm
927 4052 1028 4104 hoc
1060 4052 1239 4119 ipsum
1278 4051 1482 4103 certius
1508 4052 1831 4118 quotidiana
1865 4054 2205 4120 experientia
2236 4069 2336 4108 nos

773 4146 952 4207 docet,
995 4143 1130 4196 nihil
1178 4143 1304 4196 inde
1332 4143 1477 4196 aliud
1515 4144 1765 4211 accipere
1797 4143 1989 4196 solitos
2024 4144 2127 4196 nisi
2166 4159 2334 4198 novo-
2366 4199 2372 4205 ,

775 4255 892 4290 rum
947 4237 1318 4304 iujunctiones
1368 4237 1635 4299 laborum,
1669 4238 2078 4293 imminutioues
2119 4241 2337 4309 stipen-

772 4331 986 4382 diorum
1022 4338 1286 4391 veterum,
1318 4329 1719 4383 subtractiones
1746 4331 2151 4394 alimentorum,
2185 4332 2339 4385 deni-

774 4436 878 4487 quc
914 4420 1092 4479 minas
1125 4418 1295 4472 sortis
1333 4419 1385 4471 in
1420 4429 1696 4487 posterum
1729 4419 1892 4471 etiam
1928 4419 2152 4487 pejoris.
2187 4419 2337 4474 Fidis

774 4436 878 4487 quc
914 4436 1092 4479 minas
1125 4436 1295 4472 sortis
1333 4436 1385 4471 in
1420 4436 1696 4487 posuerunt
1729 4436 1892 4471 etiam
1928 4436 2080 4487 peior
2108 4436 2152 4473 s.
2187 4436 2337 4474 riuis

772 4513 918 4565 enim
957 4500 1258 4563 amicorum
1311 4509 1527 4563 indiciis
1556 4509 1819 4593 discimps
1856 4518 1949 4561 aut
1996 4436 2195 4563 delicrri
2245 4519 2339 4564 aut

774 4605 952 4656 delata
1006 4601 1250 4655 simulari
1301 4603 1485 4668 gravia
1540 4601 1595 4653 in
1651 4614 1750 4653 nos
1800 4599 1927 4653 illuc
1974 4602 2225 4666 crimina,
2274 4604 2341 4665 de

775 4696 975 4765 quibus
1023 4682 1174 4746 dunt
1206 4692 1293 4745 isti
1336 4686 1659 4753 deliberant,
1718 4690 1880 4743 nobis
1921 4690 2053 4756 quid
2103 4691 2249 4744 aliud
2285 4695 2341 4745 lit

776 4789 1046 4856 reliquum
1096 4798 1257 4853 quam
1309 4783 1364 4836 iu
1415 4782 1556 4835 tristi
1601 4781 2013 4850 exspectati-ine
2055 4797 2340 4851 pinnarum

778 4880 1204 4933 saevissimaruui
1252 4874 1519 4943 trepidam
1551 4875 1879 4953 auxiamque
1921 4874 2086 4927 vitam
2120 4874 2339 4938 dueere,

778 4975 960 5040 utique
1002 4986 1143 5022 mos
1170 4948 1411 5035 pessima
1462 4966 1734 5035 passuris,
1764 4979 1825 5017 ea
1861 4966 2037 5018 solum
2069 4966 2152 5027 de,
2176 4981 2343 5019 causa

776 5065 918 5133 quod
970 5063 1261 5115 fecerimus
1309 5058 1559 5127 optima?
1596 5055 1784 5125 Neque
1831 5058 1881 5109 hi
1931 5059 2103 5127 magis
2150 5060 2202 5111 in
2243 5074 2342 5113 nos

779 5154 1142 5223 ingratissimi
1186 5166 1384 5206 sensus
1434 5149 1868 5203 ministrantium
1924 5148 2034 5202 illic
2081 5160 2137 5203 et
2177 5152 2342 5203 rebus

783 5245 1157 5318 gubernandis
1196 5242 1573 5312 praefectorum
1623 5256 1787 5308 quam
1821 5241 1991 5308 ipsius
2035 5250 2159 5293 sunt
2190 5242 2342 5308 prin-

778 5338 937 5406 cipis.
989 5334 1204 5387 Primus
1252 5332 1342 5386 ille.
1374 5342 1428 5384 et
1458 5330 1693 5385 maxime
1721 5332 1964 5384 omnium
2005 5323 2212 5384 invidet
2247 5346 2344 5384 no-

778 5431 879 5488 his.
915 5429 1000 5482 ille
1033 5436 1087 5480 et
1120 5423 1536 5493 impiae-.ibililcr
1582 5438 1683 5477 nos
1714 5423 1831 5476 odit
1868 5441 1880 5474 :
1909 5423 2001 5476 ille
2031 5422 2191 5476 avide
2224 5438 2343 5475 om-

776 5538 875 5576 nes
918 5521 1175 5574 sinistros
1213 5516 1281 5570 de
1321 5515 1489 5569 rebus
1529 5518 1734 5569 nostris
1763 5515 2129 5582 undecunque
2157 5530 2343 5567 rnum-

776 5630 868 5668 res
910 5614 1210 5679 accipiens,
1250 5608 1316 5663 ad
1365 5607 1587 5677 quasvis
1638 5607 1987 5669 defensiones
2020 5606 2343 5659 innocentia:

777 5714 978 5757 nostris
1012 5700 1478 5771 patrocinantium
1529 5714 1693 5753 aures
1736 5700 1899 5753 habet
1934 5698 2345 5752 inexorabiliter

776 5798 1050 5853 oet-Insas.
1091 5792 1279 5848 Videte
1311 5801 1494 5847 autem
1524 5807 1686 5861 quam
1737 5792 1804 5846 ab
1844 5806 1932 5856 eo,
1977 5790 2069 5861 qui
2101 5790 2338 5845 felicium

2441 587 2588 655 αύτῷ
2607 589 2892 642 τάττεσθαι
2928 588 3199 649 θέλοντας.
3224 586 3389 639 Ὅθεν
3422 586 3514 638 καὶ
3546 584 3809 652 ἀλλήλους
3837 602 4018 655 παρα-

2439 679 2805 746 κροτήσαντες
2830 679 2903 739 ὼς
2935 678 3087 729 οὐδὲν
3114 670 3188 730 ὧν
3226 676 3470 743 ἔγνωσαν
3523 675 4013 745 μεταϐληθησόμε-

2438 785 2539 828 νοι,
2575 768 2736 821 αὑτὸν
2763 768 2852 820 καὶ
2881 767 2978 834 τὴν
3001 765 3293 835 ἡγεμονίαν
3320 765 3566 833 δέχεσθαι
3600 764 4016 831 κατηνάγκαζον

2435 860 2510 918 ὡς
2539 859 2676 926 ὑπὲρ
2704 856 2863 911 αὐτοῦ
2886 874 2947 923 γε
2983 857 3073 908 καὶ
3102 856 3507 923 τεθνηξομένων
3538 857 3817 918 ἁπάντων,
3847 853 3901 908 ει
3931 856 4013 917 εἰς

2434 952 2675 1018 ἀνάγκην
2700 955 2819 1002 τινα
2856 953 3202 1004 κατασταῖεν.
3230 951 3339 1002 Καὶ
3369 948 3527 1000 ⁸ιιοῦτο
3555 946 3801 1015 συμὸαίη
3830 962 3843 975 °
3870 945 4010 1015 μηδὲ

2435 1043 2543 1109 γὰρ
2574 1043 2719 1109 ἔχειν
2751 1040 2993 1093 ἐντεῦθεν
3020 1042 3153 1102 ὅλως
3182 1040 3589 1108 ἀφηνιάσαντας
3639 1038 4012 1106 ἀμφιγνωμο-

2435 1134 2543 1183 νεῖν
2575 1134 2660 1184 ἐπ’
2690 1130 2905 1195 ἐκείνῳ,
2942 1131 3057 1185 ἀλλ’
3103 1132 3285 1195 ἀξιοῦν
3333 1133 3659 1202 ἐρρωμένως
3678 1132 3777 1182 καὶ
3820 1127 4015 1181 τοῦτον

2436 1224 2624 1290 στῆναι
2651 1226 2775 1285 τοὺς
2806 1224 3099 1291 λογισμοὺς
3133 1226 3226 1275 καί
3258 1223 3425 1291 μηδὲν
3454 1223 3559 1276 τῶν
3583 1222 3681 1274 ὅσα
3707 1222 3871 1301 φέρει
3896 1221 4017 1280 τοῖς

2434 1313 2557 1365 καθ’
2594 1313 2757 1365 αὐτὸν
2784 1314 3006 1382 ἀρωγὴν
3035 1315 3151 1371 ταῖς
3183 1312 3494 1381 ἁμφινοίαις
3526 1308 4013 1379 καταπροΐξεσθαι.

2435 1405 2583 1472 Μηδὲ
2620 1405 2726 1473 γὰρ
2764 1404 2971 1457 δίκαιον
3003 1404 3201 1464 αὐτοὺς
3255 1404 3352 1470 μὲν
3394 1404 3458 1455 ἐκ
3510 1401 3603 1473 τοῦ
3666 1404 4015 1470 παραχρῆμα

2431 1498 2576 1557 ὅλαις
2635 1494 2814 1561 ἡνίαις
2870 1494 3017 1562 αύτῴ
3072 1494 3412 1564 προσρυῆναι
3466 1460 3559 1546 καί
3620 1492 3782 1545 αὑτοῦ
3843 1493 4013 1557 μόνου

2432 1588 2676 1659 ἔχεσθαι,
2707 1589 2802 1641 καὶ
2836 1588 2869 1656 ἢ
2903 1586 3167 1648 θωπείαις
3197 1585 3230 1654 ἢ
3259 1585 3441 1653 φόϐοις
3467 1586 3682 1653 ’ἑτοιμον
3703 1580 3840 1635 εἶναι
3870 1583 4015 1635 ἐνδι-

2431 1683 2580 1734 δόναι
2610 1697 2667 1733 τε
2699 1681 2793 1732 καὶ
2834 1680 3128 1750 ὑποχαλᾷν.
3167 1668 3336 1731 Τῦῦτο
3366 1678 3491 1748 ,γὰρ
3537 1678 3664 1730 ἰδεῖν
3714 1694 3866 1737 τινας
3911 1675 4014 1728 καὶ

2432 1776 2523 1827 ἐπὶ
2548 1776 2653 1825 τῶν
2682 1772 3059 1847 ἐνοχλούντων,
3093 1773 3258 1842 βάρος
3289 1774 3350 1825 τὸ
3375 1772 3679 1842 προστυχὸν
3723 1772 3881 1839 εἰπερ
3909 1770 4014 1837 οὐχ

2432 1866 2547 1933 ἅμα
2573 1868 2772 1928 πάντες
2802 1866 3129 1938 ἐρρωμένως
3161 1866 3271 1918 οὐδ’
3294 1865 3400 1917 ἀπὸ
3434 1866 3563 1933 μιᾶς
3592 1865 3687 1915 καὶ
3712 1864 3810 1931 τῆς
3836 1863 4012 1931 αὐτῆς

2430 1953 2685 2005 ἀνωθοῖεν
2723 1955 3043 2018 ἑνστάσεως,
3076 1953 3428 2018 κινδυνεύειν,
3462 1956 3515 2007 sl’
3542 1971 3681 2014 τινες
3711 1954 4011 2019 καθυφεῖν-

2431 2061 2512 2104 το,
2548 2045 2799 2109 ἐντεῦθεν
2826 2046 3058 2114 πάσχειν
3090 2046 3161 2097 τὰ
3182 2046 3382 2114 ἔσχατα
3431 2046 3767 2115 ξύμπαντας.
3817 2045 4017 2110 Μέγαν

2431 2132 2476 2185 δ’
2512 2129 2650 2185 εἶναι
2675 2134 2768 2185 καὶ
2786 2134 2972 2186 τοῦτον
3002 2136 3098 2204 οὐχ
3127 2130 3287 2207 ἦττον
3314 2124 3405 2187 τὸν
3432 2130 3613 2197 ἆθλον,
3676 2137 3768 2187 καὶ
3820 2133 4012 2200 κοινῆς

2434 2225 2530 2291 τῆς
2556 2218 2666 2276 απὸ
2694 2225 2911 2278 πάντων
2931 2226 3179 2294 δεόμενον
3211 2227 3351 2279 κατὰ
3377 2228 3437 2278 τὸ
3486 2227 3759 2296 προσῆκον
3816 2224 4019 2277 ἑνστάο

2438 2329 2593 2373 σεως.
2629 2312 2811 2365 Ταῦτα
2856 2314 3122 2381 λεγόντων
3153 2332 3211 2367 τε
3266 2315 3360 2367 καὶ
3388 2315 3464 2383 τῷ
3492 2314 3668 2385 πιστῷ
3696 2315 3835 2385 κατὰ
3867 2316 4016 2380 σφᾶς

2437 2401 2628 2474 θάρρει
2659 2405 2926 2470 διδόντων,
2958 2405 3098 2459 εἴκει
3124 2407 3275 2476 μόλις
3303 2408 3506 2468 ἐκεῖνος
3535 2408 3628 2459 καὶ
3650 2408 3707 2458 τὸ
3738 2406 3830 2475 τῆς
3878 2409 4018 2475 ἡγε-

2439 2596 2753 2639 nostrorum
2812 2598 3004 2642 contra
3054 2590 3239 2645 hostes
3288 2606 3639 2645 successuum
3667 2594 3866 2645 nullam
3917 2608 4017 2647 ac-

2444 2681 2780 2745 quiesi-entis
2805 2683 2973 2735 animi
3007 2683 3250 2737 laetitiam
3279 2698 3342 2738 ac
3374 2685 3793 2753 gratulationem
3825 2695 4018 2739 osten-

2438 2769 2580 2822 derit
2622 2773 2870 2835 audiens,
2920 2774 3263 2843 oﬂ'ensionis,
3295 2776 3340 2830 si
3367 2791 3473 2842 qua
3514 2774 3707 2839 Marte,
3753 2786 3805 2828 ιιι
3851 2779 4009 2841 solet,

2442 2862 2594 2913 vario
2645 2862 2698 2914 in
2758 2863 2914 2917 bellis
2971 2865 3247 2931 inciderit,
3297 2882 3522 2935 sperare
3565 2870 3777 2921 veniam
3829 2871 4019 2936 possi—

2444 2966 2588 3013 mus.
2631 2970 2648 3000 ι
2687 2950 2862 3021 Super
2913 2955 3026 3008 hair.
3065 2957 3218 3025 plura
3266 2961 3547 3027 congessit
3601 2961 3694 3013 ira:
3732 2962 3782 3013 in
3834 2965 4018 3031 impe-

2442 3054 2629 3098 rantes
2659 3047 3003 3100 concitandae
3037 3049 3274 3102 militum
3311 3060 3365 3103 et
3414 3054 3751 3120 contemptui
3787 3070 4018 3106 eorum-

2442 3134 2564 3188 dem
2612 3138 2990 3202 iugem-rando
3022 3144 3462 3206 accommodata,
3493 3160 3601 3212 quo
3645 3147 3725 3199 sic
3753 3148 4019 3213 explora-

2448 3237 2527 3278 ret
2553 3232 2760 3282 certius
2816 3232 2945 3297 quid
2984 3233 3057 3284 illi
3094 3234 3261 3286 animi
3315 3235 3593 3297 haberent,
3633 3251 4019 3310 quantumque

2448 3320 2501 3371 in
2526 3322 2722 3377 studiis
2744 3324 2962 3375 illorum
2992 3339 3054 3379 ae
3084 3328 3187 3381 [ide
3209 3342 3335 3396 erga
3361 3344 3417 3382 se
3440 3336 3710 3393 constanti
3738 3338 4014 3391 collocare

2447 3413 2659 3466 ﬁduciae
2708 3431 2816 3467 non
2869 3417 3248 3484 imprudenter
3289 3433 3494 3488 posset.
3532 3423 3607 3476 E0
3637 3425 3804 3483 enim.
3846 3438 3902 3477 ut
3934 3429 4022 3481 di-

2447 3507 2648 3569 ximus,
2701 3509 2936 3561 consilio
2985 3511 3126 3564 hanc
3172 3521 3290 3564 erat
3347 3513 3629 3578 ingressus
3678 3528 4017 3581 orationem,

2447 3604 2508 3647 ut
2550 3596 2802 3649 intimam
2845 3599 3144 3650 astantium
3193 3601 3418 3654 eliceret
3474 3607 3799 3657 sententiam
3854 3620 4021 3658 area-

2448 3703 2655 3757 nasque
2707 3689 2942 3743 nudaret
2988 3693 3335 3755 voluntates;
3370 3694 3421 3746 id
3475 3697 3617 3762 quod
3666 3696 3809 3750 haud
3844 3694 4022 3755 dubie

2448 3787 2786 3846 consecutus
2846 3790 2951 3834 est.
3019 3780 3117 3834 illo
3185 3784 3331 3836 enim
3391 3785 3533 3840 ultra
3588 3781 3701 3855 iam
3771 3791 4017 3845 indicata

2445 3878 2710 3939 pergente
2776 3870 3085 3927 uiemorare
3153 3873 3222 3927 de
3283 3871 3750 3945 contemptissima
3812 3882 4015 3937 inertia

2445 3961 2678 4016 duorum
2736 3952 3132 4029 Augustorum,
3182 3964 3347 4034 218
3393 3968 3459 4020 de
3507 3967 4015 4025 administrantium

2446 4067 2536 4109 res
2575 4056 2678 4107 sub
2734 4055 2855 4108 istis
2910 4055 3222 4109 inconsulta
3277 4057 3551 4119 socordia,
3608 4060 3674 4111 de
3722 4061 3909 4128 inopia
3956 4075 4017 4116 et

2443 4146 2817 4201 imbecillitate
2850 4148 3010 4203 illius
3033 4149 3147 4227 sola
3192 4148 3320 4215 iam.
3343 4151 3523 4218 specie
3557 4166 3805 4218 vanaque
3842 4155 4019 4221 maje-

2445 4247 2583 4292 state
2626 4239 2838 4306 antiqui
2880 4239 3118 4298 nominis
3162 4244 3459 4308 perstantis
3528 4244 3886 4312 prinmpatns,
3915 4249 4014 4313 qui

2443 4345 2515 4385 ne
2569 4332 2796 4384 minimo
2853 4333 3072 4401 quidem
3130 4342 3320 4387 contra
3380 4335 3712 4403 insurgentis
3763 4340 4017 4404 cujusvis

2444 4423 2688 4475 incursui
2722 4422 3074 4484 sustinendo,
3117 4424 3312 4477 nedum
3357 4428 3673 4495 repellendo
3738 4432 4018 4486 uleiscen-

2366 4513 2583 4593 Ddove
2644 4528 2740 4582 par
2795 4519 3022 4567 omnino
3078 4514 3151 4567 sit
3212 4516 3466 4582 futurus;
3503 4535 3737 4587 cumque
3797 4524 3882 4574 his
3940 4540 4011 4576 ex

2445 4603 2687 4657 adverso‘
2730 4605 3017 4672 magniﬁca
3070 4607 3139 4659 de
3197 4622 3253 4660 se
3305 4609 3609 4676 praedicans
3664 4610 4014 4680 adjungeret.

2444 4711 2599 4749 suam
2632 4707 2827 4758 artem,
2862 4713 3016 4751 suam
3053 4700 3297 4753 bellicam
3343 4700 3679 4766 felicitatem,
3711 4722 3812 4757 suo
3844 4696 4017 4760 diu-tu

2446 4788 2605 4841 toties
2642 4790 2953 4843 victricium
3008 4791 3177 4844 robur
3213 4772 3613 4862 uolucrumque
3653 4797 3887 4864 gloriose
3928 4798 4019 4864 ja-

2443 4876 2617 4932 ctarct
2666 4883 2975 4949 copiarum,
3021 4883 3160 4935 adeo
3195 4883 3596 4939 multitudinem
3631 4890 3924 4942 conuuorit
3955 4902 4020 4944 ut

2443 4984 2473 5022 c
2512 4972 2781 5024 concione
2830 4986 2994 5024 voces
3037 4977 3389 5043 eruinpereut
3424 4992 3676 5031 consonat
3723 4982 4017 5035 universo-

2442 5075 2563 5112 rum
2608 5064 2802 5128 partim
2856 5065 3169 5132 imperatori
3217 5069 3356 5119 mala
3411 5071 3578 5121 multa
3626 5072 3922 5124 dicentium
3958 5088 4020 5127 et

2444 5152 2889 5220 imprecantium,
2943 5159 3137 5223 partim
3194 5158 3269 5211 illi
3307 5158 3374 5212 de
3425 5164 3561 5214 solio
3612 5165 3835 5216 detruso
3882 5163 4021 5217 Phi-

2444 5242 2857 5311 lautbropemun
2904 5247 3189 5315 subrogari
3219 5248 3554 5314 jubentium.
3593 5249 3743 5303 llunc
3773 5250 3918 5304 enim
3953 5268 4021 5307 se

2444 5334 2702 5402 deinceps
2754 5352 2919 5388 unum
2973 5354 3293 5405 agnoscere,
3344 5342 3435 5392 nni
3472 5342 3611 5393 velle
3657 5342 3882 5405 servire,
3920 5360 4022 5410 pro

2446 5442 2552 5479 uno
2591 5438 2869 5495 promptos
2909 5445 3028 5481 esse
3081 5432 3410 5497 periclitari;
3444 5434 3625 5496 unius,
3678 5435 3873 5499 quovis
3909 5445 4019 5487 du-

2446 5528 2616 5580 ceret,
2657 5517 2923 5585 quidqnnl
2976 5526 3314 5587 praeciperet,
3354 5521 3575 5590 imperia
3621 5524 3868 5592 exsequi,
3910 5540 4019 5577 nu-

2447 5617 2561 5662 tum
2612 5611 2804 5676 Sequi;
2840 5612 2960 5679 ejus
3017 5613 3252 5681 denique
3303 5614 3464 5667 nidus
3518 5616 3776 5683 auspiciis
3834 5630 4020 5684 usque

2447 5699 2512 5751 ad
2544 5712 2801 5754 mortem.
2833 5703 2876 5753 si
2914 5702 3025 5755 fors
3058 5704 3129 5755 ita
3163 5703 3369 5764 tulerit,
3407 5706 3617 5758 fortiter
3648 5706 4020 5773 Oppetendam

2447 5800 2804 5857 pugnaturos.
2860 5788 3031 5843 Unum
3089 5809 3115 5842 ιι
3166 5807 3269 5844 suo
3326 5794 3464 5846 duce
3517 5795 3754 5849 vicissim
3803 5804 4019 5863 petere,
