4182 6436
154 393 256 455 2w

1078 405 1173 463 DE
1214 406 1662 467 ANDRONICO
1702 411 2165 471 l’AL/EOLUGO
2210 415 2354 475 LIB.
2406 416 2516 477 Ill.

3308 414 3417 476 950

155 522 250 572 ρας
277 506 476 577 ἐκείνῳ
504 509 715 562 ἀκονιτὶ
742 513 962 575 φανέντι
994 516 1089 567 καὶ
1118 518 1279 583 μόνον
1311 519 1449 585 μετὰ
1470 520 1577 570 τῶν
1607 537 1731 570 συν-
1761 525 1807 575 Δ
1836 521 2065 574 πλεῖστα
2099 527 2554 593 νεανιευσάμενος
2583 524 2772 587 ἔξεισι.
2813 526 2921 577 Καὶ
2944 524 3007 591 δὴ
3036 524 3129 590 ἀφ’
3153 524 3421 591 ἑκατέρου

152 595 360 660 τάξεων
385 599 525 662 (δέος
557 602 663 671 γὰρ
704 606 775 673 μή
824 622 877 655 τι
924 608 1018 658 καὶ¹
1066 611 1598 680 παρακινδυνευθείη
1648 611 1743 663 τοῦ

155 688 554 758 “spuma-3.0!};
582 696 675 746 καὶ
723 698 925 765 μᾶλλον
979 701 1224 771 mappa.
1278 703 1743 767 ἐπεισπεσόντος),

156 781 308 832 ταῦτ’
354 784 415 834 ὲν
475 787 807 857 ἀπορρήτοις
872 792 1180 858 πράξαντες
1227 796 1601 864 ἐκαρτέρουν,
1650 795 1745 864 τὴν

157 871 395 941 (tth
414 874 476 938 ιξ
508 876 743 939 ἅπαντας
780 880 855 943 ὠς
893 878 1038 951 εἶχον
1071 884 1432 946 ἐκκλίνοντες.

298 1011 390 1064 ια’.
431 1014 634 1080 Ὅπως
666 1018 963 1085 παρεδόθη
1000 1023 1033 1072 ό
1073 1024 1602 1089 Φιλανθρωπηνιτς.

236 1150 385 1203 Ἀλλ’
419 1152 627 1222 ἐπέστη
652 1159 745 1206 καὶ
783 1157 809 1224 1)
844 1157 1009 1225 κυρία
1032 1174 1044 1188 ·
1079 1160 1110 1227 ἡ
1140 1159 1185 1211 δ’
1216 1156 1285 1229 ἦν
1314 1161 1596 1229 ὑστεριέα.
1633 1163 1745 1214 Καὶ

156 1246 181 1291 ὁ
223 1244 328 1309 μὲν
367 1245 748 1313 συηθροικιῦς
776 1250 877 1309 τὰς
914 1251 1043 1319 περὶ
1068 1251 1229 1303 αὑτὸν
1263 1252 1517 1320 δυνάμειε
1550 1254 1612 1304 ὲκ
1647 1256 1749 1305 Λυ-

153 1335 270 1395 δίας
300 1338 601 1405 ὶφέσταται
636 1340 712 1404 τῷ
756 1340 1053 1411 Νυμφαίῳ,
1104 1344 1237 1394 ὅπου
1283 1344 1379 1397 καὶ⁵
1406 1346 1455 1396 οἱ
1506 1349 1747 1397 ἀποστα-

156 1424 377 1485 wives;
411 1426 602 1496 διῆγον
624 1446 637 1459 ·
662 1432 688 1480 ὁ
720 1430 776 1481 δὲ
811 1431 900 1481 τὸν
934 1432 1121 1483 αὐτόοι
1174 1432 1404 1499 πύργον,
1432 1432 1490 1484 ὃν
1536 1435 1563 1483 ὁ
1614 1450 1748 1502 πορ-

158 1518 576 1583 φυῳγέννητος
614 1520 741 1588 τῇδε
769 1520 973 1587 διάγων
995 1521 1407 1591 ᾠκοδομήσατο,
1434 1522 1620 1573 τοῦτον
1642 1523 1751 1575 τοί-

158 1624 253 1656 νυν
288 1608 544 1676 κατέχων
578 1614 673 1662 καὶ
708 1616 945 1677 γυναῖκα
982 1616 1073 1664 καὶ
1118 1614 1277 1667 παῖδα
1321 1616 1417 1665 καὶ
1449 1617 1752 1683 πράγματα

160 1699 278 1749 ἐκεῖ
312 1700 651 1765 συγκλείσας
687 1720 745 1754 τε
784 1703 877 1754 καὶ
910 1704 1372 1773 ἀσφαλισάμενος,
1407 1709 1620 1774 πρῶτον
1654 1706 1751 1773 μὲν

159 1789 254 1858 τὴν
287 1791 510 1843 ἐκείνου
539 1794 758 1846 ἀκούων
788 1796 969 1861 ἄφιξιν
1009 1798 1103 1847 καὶ
1139 1795 1259 1847 λίαν
1298 1798 1357 1848 ὲν
1402 1796 1641 1864 θαύματι
1675 1796 1754 1866 τῷ

163 1884 411 1952 μεγίστῳ
448 1886 637 1947 ἐτίθει,
692 1887 809 1947 πῶς
830 1880 908 1939 ’ἂν
949 1888 1043 1938 καὶ
1076 1887 1307 1959 ,τολμῴη
1355 1890 1556 1957 χωρεῖν
1585 1888 1748 1955 ὁμόσε

158 1977 445 2039 τοσούτοις
480 1995 536 2029 τε
564 1982 659 2031 καὶ
695 1979 975 2043 τοιούτοις.
1024 1982 1213 2047 Ὅμως
1261 1981 1480 2050 θαρρῶν
1512 1982 1603 2032 ἐπὶ
1639 1984 1747 2041 τοῖς

161 2070 325 2132 ὅλοις,
368 2072 449 2132 ὠς
474 2073 677 2124 αὐτίκα
718 2076 912 2140 φανεὶς
944 2073 1004 2125 τὸ
1036 2077 1145 2127 πᾶν
1188 2075 1503 2142 ἐργάσαιτο,
1539 2089 1750 2141 παραγ-

162 2162 350 2224 γείλας
395 2165 493 2215 καὶ
528 2165 654 2225 τοὺς
680 2165 871 2226 ᾶλλομς
915 2166 1259 2228 ὁπλίζεσθαι,
1294 2166 1451 2225 αὐτὸς
1476 2165 1574 2235 τὴν
1595 2166 1751 2232 ταχί-

166 2269 297 2321 stipo
323 2252 678 2317 ἐξοπλισθεὶς
703 2258 797 2307 καὶ
828 2257 966 2310 κατὰ
985 2256 1080 2309 τοῦ
1113 2257 1372 2325 φανέντος
1406 2258 1490 2327 [Ρ.
1530 2256 1656 2327 154]
1684 2257 1751 2308 τὰ

167 2437 543 2505 lantliropeno
603 2438 934 2503 militabant,
963 2441 1235 2493 destinata
1264 2452 1462 2495 eventu
1516 2439 1752 2497 frustra.-

169 2542 384 2591 rcntnr,
452 2532 517 2584 iis
569 2547 629 2585 se
682 2532 1059 2585 verisimilitcr
1104 2543 1492 2603 aggregaturo,
1553 2535 1752 2601 quibus

168 2626 413 2676 maxime
455 2624 668 2685 fideret,
696 2630 850 2689 duce,
886 2627 1052 2679 simul
1108 2627 1324 2679 initium
1355 2624 1633 2695 pugnandi
1671 2624 1755 2676 fa-

171 2728 319 2767 ctum
344 2727 525 2767 esset.
570 2715 620 2768 ld
658 2733 767 2785 quo
798 2728 1242 2785 praverteretur,
1292 2720 1586 2786 oportebat
1615 2716 1753 2770 voli-

173 2816 383 2857 ιιιιιιιιιιι
421 2822 551 2857 eum
582 2807 761 2859 adhuc
786 2820 910 2859 ante
944 2810 1140 2869 aciem,
1178 2818 1231 2862 et
1255 2809 1501 2878 singulos
1532 2810 1756 2862 ordines

173 2902 237 2949 ad
280 2915 395 2949 rem
434 2900 577 2950 bene
616 2900 910 2967 gerendam
960 2901 1366 2962 adhortanti-in,
1410 2902 1500 2955 tibi
1532 2901 1598 2954 ad
1627 2902 1756 2955 Cre-

175 3001 358 3044 tenSes
400 3008 628 3059 quoque
658 2992 707 3044 id
745 3003 970 3045 acturus
998 2995 1264 3058 venisscl,
1312 2996 1379 3046 ab
1415 2996 1484 3048 iis
1516 2995 1789 3063 cii-citing

172 3084 293 3134 sisti
329 3084 661 3151 abducique
690 3099 854 3151 quam
898 3086 1124 3137 minimo
1161 3088 1423 3148 tumultu,
1454 3088 1598 3139 haud
1623 3089 1754 3138 dum

1853 616 2051 683 μέρους
2110 617 2411 669 σταθεισῶν
2464 617 2571 669 τῶν
2628 618 2930 684 δυνάμεων,
2965 619 3060 668 καὶ
3095 617 3221 668 ὅσον
3267 615 3422 667 οὔπω

1853 708 2165 775 μεὶλουεῶν
2211 709 2644 777 συμπλέκεσθαι,
2683 709 2823 762 ὥστε
2860 711 2955 762 καὶ
2987 707 3422 777 ἀκροϐολισμοὺς

1849 799 2245 866 ἀμφοτέρωθεν
2278 799 2547 864 γίνεσθαι,
2578 800 2627 852 οἱ
2662 799 2931 867 Κρητικοὶ
2954 800 3049 850 τοῦ
3076 799 3423 865 συνθήματος

1851 891 1948 941 οὐκ
1977 891 2240 959 ἠμέλουν.
2283 891 2417 943 ἀλλὰ
2449 893 2709 957 φανέντος
2740 890 2834 943 τοῦ
2865 890 3420 959 πρωτοὸεστιαρίτου.

1850 982 2080 1045 δεδιότος
2121 983 2211 1035 καὶ
2235 981 2314 1035 ἔτι
2349 985 2478 1052 περὶ
2518 987 2629 1046 τοῖς
2669 984 2831 1044 ὅλοις,
2870 984 2943 1051 μή
2974 1000 3088 1044 πως
3117 982 3305 1051 ἀπάτῃ
3331 980 3415 1031 κα“

1847 1073 1985 1141 δόλῳ
2007 1076 2305 1141 χρήσαιντο
2330 1076 2379 1127 οἱ
2409 1074 2546 1133 τέως
2572 1075 3068 1144 καθυπισχούμινοι
3092 1074 3394 1140 προδιδόναι

1848 1167 1897 1218 οἱ
1930 1167 2074 1233 ἀμφὶ
2108 1167 2198 1219 τὸν
2219 1168 2539 1237 Χορτάτζην
2560 1168 2779 1229 αὐτίκα,
2802 1167 2976 1228 οὕτως
3000 1166 3074 1228 ὡς
3088 1161 3231 1235 εἶχον
3262 1166 3397 1231 ἑφιπ

1851 1261 1942 1310 ποί
1972 1276 2030 1312 τε
2063 1261 2155 1311 καὶ
2185 1260 2545 1328 ὡπλισμένοι,
2575 1260 2783 1327 ἀθρὸως
2823 1258 3043 1312 ἄλλοθεν
3071 1257 3229 1316 ἄλλος
3266 1271 3422 1323 περι-

1853 1351 2074 1413 στάντες
2120 1352 2210 1402 τδν
2262 1351 2527 1418 ἡγεμόνα,
2567 1351 2618 1402 οί
2672 1350 2775 1414 μὲν
2827 1350 3087 1418 ῥυτῆρας,
3130 1349 3179 1398 ol
3219 1346 3276 1398 δὲ
3327 1347 3423 1395 καὶ

1854 1444 2069 1511 σπάθην
2118 1445 2432 1513 ἐπέχουσιν,
2469 1447 2515 1497 οἱ
2562 1444 2610 1496 δ’
2648 1443 3069 1512 ἐμϐριθέστερον
3107 1436 3425 1492 ἀποϐαίνειν

1850 1537 1946 1589 τοῦ
1980 1538 2148 1588 ἵππου
2185 1536 2453 1589 ἐκέλευον.
2496 1536 2556 1587 Ὀ
2598 1535 2652 1587 δὲ
2683 1535 2845 1602 γνοὺς
2873 1534 2972 1600 τὴν
3003 1529 3297 1595 ἐπιϐουλὴν
3328 1529 3426 1578 αὑ-

1851 1629 2001 1691 τίκα,
2036 1629 2255 1699 θαρρῶν
2301 1632 2413 1690 τοῖς
2470 1629 2706 1695 Πέρσαις
2768 1628 3046 1694 ἐπεχείρει
3091 1622 3192 1691 μὲν
3227 1618 3430 1689 ἀμύνε-

1856 1718 2001 1777 σθαι,
2040 1719 2522 1789 καταταχούμενος
2561 1717 2618 1769 δὲ
2654 1719 2714 1769 τὺ
2749 1717 3013 1785 παράπαν
3043 1712 3285 1780 ἁπηύδα,
3336 1708 3431 1760 καὶ

1857 1811 2186 1881 συσχεθέντα
2209 1814 2321 1874 τοῖς
2350 1812 2494 1879 ἀμφὶ
2516 1813 2606 1863 τὸν
2640 1806 3181 1879 πρωτοόεστιαρίεην
3212 1804 3431 1869 ἕτοιμον

1855 1907 2101 1975 θήραμα,
2134 1903 2393 1956 ταπεινὸν
2425 1904 2516 1955 τὸν
2545 1903 2805 1955 σοϐοῦντα
2840 1902 2945 1970 πρὸ
2972 1901 3067 1953 τοῦ
3100 1899 3192 1951 καὶ
3215 1899 3433 1966 ἄφωνοι

1851 2000 1944 2052 τὸν
1968 1998 2138 2050 πολλὰ
2163 1998 2413 2065 λέγοντα,
2446 1995 2789 2061 παρεδίδουν.
2824 1995 2887 2044 Οἱ
2908 1994 2954 2045 δ’
2981 1991 3341 2057 ἐκδραμόντες
3371 1988 3435 2038 ἐκ

1859 2092 1954 2142 τοῦ
2007 2090 2283 2158 ἐξαίφνης.
2326 2088 2445 2140 ἐπεὶ
2496 2087 2584 2139 τὸν
2615 2083 3027 2137 ἀποστατοῦντα
3073 2085 3130 2134 ὲν
3166 2082 3433 2149 ἀφύκτοις

1855 2177 2022 2251 εἶχον,
2068 2181 2191 2243 τοὺς
2225 2181 2355 2249 περὶ
2390 2181 2596 2231 ἐκεῖνον
2624 2176 3187 2243 διασκεδαννυμένους
3213 2174 3313 2243 ἤδη
3340 2174 3436 2225 καὶ

1858 2278 2019 2345 μόνον
2056 2276 2164 2343 ὅπη
2213 2273 2520 2344 σωθήσεται
2568 2271 2799 2331 ἕκαστος
2847 2268 3167 2339 ἀφορῶντας
3227 2268 3432 2334 άμετα·

1857 2466 1969 2514 scs,
1995 2451 2158 2504 simul
2188 2449 2349 2518 227
2380 2447 2852 2518 protorestiarites
2893 2448 3145 2516 apparuit
3181 2461 3211 2499 e
3251 2444 3432 2500 medio

1860 2557 2090 2595 suorum
2155 2541 2407 2593 eminens
2449 2538 2692 2607 agmine.
2745 2539 2909 2590 anxie
2941 2538 3032 2590 ille
3067 2536 3291 2604 quidem
3322 2535 3435 2589 cir-

1862 2641 2272 2702 cumspectans,
2305 2642 2359 2685 et
2388 2630 2518 2685 dum
2553 2630 2915 2685 insmbilitate
2942 2630 3248 2697 reputanda
3282 2629 3425 2682 mili-

1863 2728 1951 2779 tia:
1988 2725 2201 2778 venalis
2237 2723 2493 2777 fraudum
2526 2734 2716 2791 operta
2746 2725 3101 2786 subveretur,
3147 2722 3288 2776 haud
3321 2721 3439 2776 sine

1860 2834 1954 2871 cor
1988 2817 2280 2870 vellicante
2307 2814 2420 2868 acri
2462 2824 2609 2868 metu
2645 2813 2803 2868 tidem
2845 2813 3244 2879 promissorum
3275 2827 3443 2881 oppe-

1861 2912 2034 2973 riens,
2083 2908 2372 2964 confestim
2434 2907 2757 2961 Chortatzes
2803 2921 2929 2959 cum
2962 2907 3103 2967 suis,
3136 2906 3337 2958 annali
3385 2914 3443 2955 ut

1858 2986 2021 3059 stant
2060 3004 2112 3056 in
2150 3004 2310 3071 equis
2333 3001 2473 3055 alius
2496 2999 2720 3053 aliunde
2752 3006 3173 3058 concurrentes,
3214 2996 3443 3049 Philan—

1863 3100 2191 3163 thrupt-nnm
2216 3095 2428 3148 circum
2455 3094 2695 3162 undique
2716 3091 3045 3156 funduntur,
3086 3099 3141 3146 et
3176 3091 3225 3145 ei
3261 3100 3417 3143 extor

177 3177 338 3240 plane
374 3174 731 3240 intelligente
761 3174 893 3242 quid
916 3182 1206 3240 gereretur
1228 3177 1475 3226 exercitii
1518 3174 1755 3241 reliquo,

1871 3189 1940 3241 tis
1976 3188 2029 3241 hi
2065 3187 2218 3240 [ταξιιί
2259 3185 2513 3249 habenis,
2546 3185 2770 3253 quidam
2803 3200 2936 3237 ense
2960 3183 3233 3242 detracto.
3270 3182 3443 3249 impe—

173 3281 232 3316 ac
255 3274 566 3333 propterea
599 3266 882 3330 quieturo.
918 3265 1125 3319 Horum
1150 3266 1233 3318 sic.
1269 3266 1658 3333 stipulatorum
1711 3267 1761 3315 in

174 3371 394 3409 summa
430 3356 885 3409 diSsimulatione
915 3356 1210 3411 Cretenses
1234 3358 1581 3411 occasionem
1610 3373 1768 3410 exse-

174 3450 542 3516 quendorutn
603 3450 1040 3515 exspectabant,
1107 3449 1344 3503 sollicite.
1415 3451 1767 3504 declinantes

174 3539 456 3609 quidquid
501 3541 883 3606 suspicionem
924 3540 1004 3593 rei
1055 3555 1176 3609 qua
1217 3543 1517 3610 parabatur
1550 3558 1769 3597 movere

176 3634 261 3688 vel
297 3635 601 3688 minimam
648 3634 825 3687 cuivis
860 3645 1069 3703 posset.

354 3770 451 3823 Η.
493 3766 562 3820 Ut
613 3766 822 3820 deditus
872 3765 1355 3836 Pliilantliropenus
1408 3769 1589 3835 fuerit.

251 3902 534 3957 Condicta
592 3914 716 3952 mox
762 3897 882 3953 dies
920 3897 1117 3963 adfuit,
1157 3908 1379 3968 postera
1433 3898 1551 3966 eius
1597 3900 1773 3970 ipsius

179 4011 287 4065 qua
319 3997 509 4048 fuerat
544 3993 600 4044 in
650 4007 715 4045 ea
750 4006 871 4059 quae
904 3992 1147 4046 dzxinius
1205 4003 1560 4047 conventum.
1596 3993 1773 4047 Liba-

175 4091 371 4143 darius
406 4088 684 4141 coileetas
714 4086 766 4136 iii
800 4099 967 4137 unum
998 4100 1027 4137 e
1085 4083 1258 4154 Lydia
1288 4086 1544 4139 universa
1586 4100 1770 4139 secum

174 4184 370 4251 capias
409 4183 654 4243 ducens,
702 4187 852 4232 rccta
904 4178 1267 4247 Nymphaiutn
1301 4193 1515 4240 versus,
1541 4179 1633 4231 ubi
1683 4195 1774 4233 re-

175 4277 350 4331 belles
388 4285 587 4327 castra
632 4272 1004 4335 muniveram,
1059 4273 1249 4326 movit.
1320 4273 1452 4325 Erat
1490 4272 1772 4343 Nymphtci

180 4370 356 4422 turris
381 4384 412 4419 a
454 4365 953 4433 Porpliyrogenito,
978 4364 1107 4417 dum
1148 4362 1221 4416 ibi
1259 4364 1509 4432 degeret,
1553 4374 1773 4417 exstru-

176 4471 294 4515 cta.
320 4460 381 4513 In
420 4473 550 4512 eam
585 4456 1098 4523 Philanthropenus
1123 4470 1153 4507 a
1189 4470 1249 4508 se
1278 4467 1601 4523 occupatam
1635 4472 1774 4509 uxo-

180 4570 299 4607 rem
334 4566 470 4605 cum
506 4549 621 4601 tilio
653 4561 706 4599 et
736 4548 966 4616 pecunia
1002 4548 1252 4609 inclusit,
1295 4548 1550 4616 prtesidio
1573 4548 1637 4599 ad
1666 4549 1768 4600 ho.
1802 4535 1849 4594 D

177 4662 304 4698 rum
376 4641 705 4697 custodiam
785 4640 983 4692 idoneo
1057 4642 1337 4709 imposito.
1411 4640 1767 4694 Libadarium

182 4752 353 4806 porro
416 4734 658 4787 audiens
694 4740 886 4785 contra
939 4748 997 4785 se
1050 4734 1298 4793 tendere,
1364 4735 1599 4802 primum
1626 4749 1770 4801 aegre

179 4829 489 4889 credebat,
516 4841 646 4877 mox
679 4824 1032 4893 ingeniiuatis
1084 4825 1150 4876 ad
1185 4825 1480 4892 ﬁdcmjain
1532 4840 1638 4876 non
1670 4826 1768 4877 du-

182 4923 330 4975 biant
363 4917 597 4971 indiciis
632 4917 986 4969 vehementer
1025 4916 1286 4967 admirari
1322 4930 1381 4968 se
1431 4916 1774 4969 monstrabat

178 5014 560 5068 temeritatem
619 5009 878 5067 hominis,
926 5006 1018 5075 qui
1082 5007 1351 5060 adversus
1394 5016 1476 5059 tot
1538 5003 1599 5059 ac
1635 5008 1773 5061 tales

179 5120 461 5174 apparere
494 5103 549 5154 in
588 5101 759 5153 armis
803 5116 865 5153 ac
892 5116 1016 5153 cum
1045 5100 1211 5154 minis
1251 5102 1509 5155 vincendi
1542 5102 1689 5157 ferte
1720 5119 1779 5155 se

177 5200 411 5252 obvium
442 5196 703 5248 auderet.
735 5192 925 5244 Jttssas
955 5200 1137 5245 tamen
1169 5194 1236 5245 ad
1278 5209 1577 5247 occursum
1609 5212 1773 5264 expc-

179 5296 289 5347 diri
328 5295 532 5362 cupias
572 5295 689 5358 ipse
732 5294 901 5345 armis
940 5302 1169 5346 strenue
1207 5295 1441 5364 sumptis
1486 5295 1776 5362 cataphra-

180 5399 307 5441 ttus
347 5395 406 5441 et
465 5384 791 5453 juvenilitet‘
832 5402 888 5437 se
920 5393 1213 5438 ostentans
1262 5403 1515 5452 prorsum
1563 5385 1780 5455 agebat,

181 5481 397 5549 ingenti
438 5479 644 5531 tiducis
670 5492 993 5531 successum
1028 5469 1150 5545 jani
1180 5493 1327 5529 nunc
1364 5480 1523 5546 quasi
1567 5489 1776 5531 certum

182 5574 377 5626 animo
402 5569 762 5638 pmcipiens,
789 5580 842 5621 et
892 5572 1012 5621 visu
1046 5584 1104 5623 se
1151 5570 1327 5636 primo
1377 5568 1779 5622 debellaturum

182 5680 446 5734 sperans.
479 5662 625 5715 ECce
648 5669 828 5713 autem
855 5660 1064 5713 diiecta
1094 5662 1218 5713 hinc
1240 5670 1293 5713 et
1324 5660 1450 5713 inde
1479 5662 1617 5722 acie,
1647 5677 1784 5729 pia:-

183 5758 348 5810 Iibari
377 5757 499 5823 jam
554 5752 856 5822 incipiente
901 5753 1233 5822 primoribus
1288 5754 1548 5822 utrinque
1592 5755 1804 5807 velita-"

188 5852 472 5905 :iumulis
501 5866 711 5918 pugna,
750 5866 854 5903 non
906 5848 1060 5902 obliti
1121 5848 1523 5917 protuissOttitn
1566 5850 1790 5905 (Iri-tcu-

1872 3282 2074 3335 riosius
2095 3281 2205 3347 jam
2240 3280 2329 3331 alii
2354 3295 2497 3346 equo
2522 3277 2745 3330 desilire
2777 3276 2993 3344 jubent.
3022 3274 3158 3329 Sero
3188 3284 3444 3327 tumsen-

1870 3375 1942 3427 sit
1974 3373 2140 3425 miser
2167 3372 2296 3439 quid
2330 3380 2641 3438 pararetur,
2673 3376 2726 3420 et
2764 3369 2980 3419 irritum
3028 3365 3309 3433 expedivit
3345 3364 3416 3415 im

1872 3474 2052 3533 petum
2089 3478 2317 3516 suorum
2360 3476 2419 3514 se
2468 3460 2759 3513 Persarum
2803 3458 3012 3511 auxilio
3062 3456 3272 3509 tuendi.
3310 3453 3442 3506 Nam

1870 3570 2173 3625 oppressus
2223 3554 2275 3605 in
2342 3560 2544 3604 conatu
2593 3548 3067 3618 proturbatusque
3130 3560 3345 3600 summa
3396 3543 3445 3594 ιί

1870 3644 2163 3715 despondit
2198 3644 2469 3705 animum,
2502 3648 2557 3694 et
2588 3642 2834 3693 vinctum
2880 3655 2939 3692 se
2969 3639 3172 3705 raptari
3201 3636 3267 3688 nti
3322 3652 3443 3703 pro.

1872 3739 2246 3794 tovestiariten
2285 3734 2540 3798 ingratiis
2601 3744 2687 3787 est
2746 3748 2981 3800 passus;
3034 3733 3123 3784 cui
3168 3728 3390 3781 humilis
3421 3748 3449 3775 ιε

1874 3834 2027 3904 prius
2060 3828 2298 3892 tumido,
2337 3835 2522 3880 muttis
2554 3843 2585 3880 e
2615 3826 2782 3880 modo
2832 3822 3167 3893 jactabunde
3208 3821 3446 3887 loquaci,

1874 3927 2023 3980 velut
2054 3924 2168 3978 fera
2228 3922 2280 3976 in
2335 3928 2559 3988 paratos
2614 3919 2902 3986 compulsa
2952 3932 3141 3969 casses
3177 3915 3449 3966 inhiantes-

1875 4016 2220 4086 exspectanti
2271 4013 2520 4067 venatori
2565 4011 2802 4064 deditur.
2852 4010 2946 4063 Sic
2980 4008 3450 4075 Philanthropcno

1876 4113 1930 4165 in
1958 4110 2289 4164 tutissimam
2316 4108 2446 4161 dato
2468 4105 2804 4169 custodiam,
2828 4102 3121 4157 Cretenses
3141 4101 3302 4154 iidem
3321 4099 3451 4169 jnu-

1876 4205 1947 4259 cti
1973 4202 2149 4270 cupiis
2182 4198 2459 4253 Libadarii
2491 4197 2543 4249 in
2582 4197 2705 4263 ejus
2740 4194 3045 4248 exercitum
3070 4208 3203 4245 casu
3243 4192 3453 4260 percul-

1878 4312 2000 4351 snin
2027 4294 2310 4361 inopinato
2346 4291 2665 4357 iucerteque
2712 4286 2893 4356 primo
2938 4287 3292 4345 titubantem,
3326 4299 3452 4335 mox

1879 4388 2119 4459 dispergi
2155 4396 2419 4451 emptum,
2442 4384 2491 4435 vi
2520 4391 2629 4435 tota
2661 4381 2901 4443 irruunt,
2932 4390 2987 4431 et
3019 4376 3455 4430 irrevocabiliter

1883 4483 2208 4536 incumbunt
2252 4479 2303 4531 in
2338 4475 2749 4545 persequendos
2808 4473 3013 4540 passim
3050 4479 3453 4530 consternatos,

1878 4587 2045 4626 cursu
2078 4569 2223 4622 varie
2271 4568 2505 4628 intento,
2544 4573 2707 4633 prout
2751 4578 2876 4631 spes
2913 4561 3158 4623 ﬂexerat,
3212 4560 3456 4613 latebras

1881 4672 1935 4717 et
1958 4678 2122 4717 casus
2156 4657 2387 4713 extremi
2421 4657 2682 4725 eﬂugimn
2739 4656 2900 4709 anxie
2932 4661 3237 4722 captantes.
3266 4651 3458 4705 Infeli-

1881 4756 2103 4809 cissima
2136 4750 2381 4803 conditio
2406 4742 2698 4802 Persarum
2728 4747 2849 4800 fuit.
2882 4744 2945 4798 Hi
2976 4745 3165 4815 procul
3203 4760 3232 4796 a
3257 4745 3455 4813 patria,

1880 4846 2181 4902 intercluso
2218 4842 2283 4895 ad
2313 4841 2530 4910 propria
2575 4854 2852 4907 regressu,
2890 4838 3168 4904 insperato
3198 4837 3454 4890 destituti

1887 4938 2141 5009 praisidio
2175 4936 2349 4996 ducis,
2372 4934 2527 5002 cujus
2564 4933 2760 4986 ﬁducia
2792 4932 3077 4999 potentite,
3109 4940 3168 4983 ut
3202 4930 3454 4983 credide.

1886 5035 2032 5088 rant,
2057 5023 2481 5085 fundatissiuiaz,
2498 5026 2549 5075 in
2576 5022 2848 5075 hosticum
2868 5034 3061 5074 secure
3081 5029 3424 5089 penetraranl
3442 5060 3454 5077 ,

1888 5122 1980 5175 tibi
2013 5135 2134 5172 eum
2183 5118 2342 5185 cujus
2393 5116 2553 5168 unice
2605 5114 2803 5182 Opibus
2848 5114 3186 5173 nitebantur,
3234 5126 3458 5181 repente

1889 5208 2287 5269 miserabilem,
2311 5205 2653 5273 irreparabili
2687 5219 3012 5273 oppressum
3040 5204 3215 5266 clade,
3248 5204 3461 5255 insolu-

1890 5302 2097 5356 bilibus
2146 5299 2464 5352 innodatum
2523 5296 2757 5349 vinculis
2812 5296 3120 5349 clarissime
3176 5295 3455 5355 viderunt,

1891 5388 1985 5439 diu
2029 5387 2219 5454 inopes
2252 5385 2469 5437 consilii
2504 5401 2613 5454 quo
2642 5401 2702 5438 se
2731 5394 3001 5438 verterent
3024 5398 3131 5437 non
3161 5383 3457 5436 habebant.

1893 5479 2050 5534 Unde
2086 5492 2187 5531 nec
2218 5478 2524 5531 consistere
2549 5492 2648 5530 nec
2674 5476 2861 5545 fugere
2893 5478 3157 5535 valentes,
3200 5476 3251 5528 in
3294 5486 3459 5528 vesti-

1891 5572 1979 5641 gio
2020 5569 2454 5625 trucidabantur.
2488 5570 2641 5623 Alius
2681 5571 2803 5633 hoc,
2857 5568 2996 5622 alitis
3035 5570 3149 5631 illo,
3178 5568 3315 5620 alter
3356 5569 3460 5619 :il:o

1896 5664 2187 5731 prehenso,
2229 5670 2393 5731 prout
2424 5661 2663 5716 libuerat
2718 5661 3073 5723 abutebatur,
3130 5666 3458 5713 mai-tantes.

1892 5756 2145 5823 captivos
2218 5756 2578 5818 abducentes,
2669 5756 3046 5816 vulnerantes,
3120 5751 3457 5807 inutilanti-s.

1895 5858 2253 5913 csett‘cantes,
2306 5849 2627 5918 spoliantes,
2679 5846 3021 5919 cxpilautcs;
3081 5845 3276 5913 quibus
3314 5842 3458 5895 varie
