4182 6436
761 413 865 476 Ξῦἲ

1943 403 2261 462 GEORGII
2310 404 2779 464 PACIIYMEILE

3895 415 4005 476 268

751 525 819 578 κ’.
861 521 999 592 Περὶ
1050 516 1327 596 τῆς-’τῶς
1365 514 1738 596 Γεννουῖτῷν
1756 513 1924 596 Δκατὰ
1971 514 2091 567 τῶν
2137 516 2204 567 ἐν
2248 515 2319 582 τῇ
2355 527 2391 576 Α
2423 516 2572 577 δέους
2621 519 2773 578 ὄντες
2818 523 3086 587 μετοικεῖν
3120 521 3197 584 είς
3237 531 3334 592 την
3388 521 3524 577 ίδίαν
3558 522 3740 594 χώραν
3775 524 3868 578 καὶ
3897 529 4002 596 τὴν

1088 593 1259 644 πόλει
1286 585 1613 640 Βενετικῶν
1645 585 1988 648 ἐπιθέσεως.

818 699 925 752 Τοῦ
955 700 1062 769 γὰρ
1085 697 1241 750 αὑτοῦ
1263 697 1435 760 ἔτους,
1460 697 1623 765 μηνὸς
1646 695 2108 766 Σκιρροφοριῶνος
2130 695 2322 763 λήγον-

749 810 862 854 τος,
881 793 943 843 ἐκ
957 805 1099 852 τινος
1117 789 1324 849 εἰκαίας
1345 787 1520 850 αἰτίας
1546 787 2054 856 παρακροτήσαντες
2072 786 2318 852 ἑαυτοὺς,

751 887 846 938 καὶ
881 882 1040 934 αὑτοῦ
1074 881 1167 933 τοῦ
1204 879 1366 950 ρηγὸς
1415 877 1704 946 ’Λρμενίας
1754 879 2006 946 τυχόντος
2039 881 2095 930 ἐν
2145 878 2317 940 πόλει.

751 978 807 1038 ὃς
841 975 903 1043 δὴ
935 974 1028 1025 καὶ
1056 973 1195 1026 κατὰ
1232 970 1487 1041 φρερίους
1530 969 1762 1030 Ἰταλοὺς
1792 969 1971 1037 διῆγε,
2001 969 2069 1020 τὰ
2094 970 2318 1022 πλεῖστα

749 1068 878 1135 γοῦν
905 1066 997 1118 καὶ
1032 1064 1195 1117 αὐτοῦ
1225 1060 1598 1122 δυσωποῦντος
1627 1060 1722 1111 καὶ
1747 1059 2141 1128 μεσιτεύοντος,
2171 1061 2318 1112 πλεῖ-

751 1176 864 1210 στοι
915 1158 1113 1222 ὀλίγοις
1140 1154 1232 1205 καὶ
1285 1153 1515 1221 ἡμέροις
1563 1151 1743 1219 ἄγριοι
1792 1150 2127 1216 ἐπιθέμενοι,
2161 1149 2318 1203 δυνα-

750 1250 1071 1309 στεύσαντες
1125 1249 1219 1297 καὶ
1264 1245 1432 1314 αὐτὴν
1464 1243 1559 1312 τὴν
1590 1242 1872 1311 βασιλικὴν
1907 1242 2174 1306 ἐξουσίαν,
2200 1243 2318 1295 τολ-

749 1342 892 1412 μῶσι
914 1341 982 1393 τά
1004 1338 1348 1393 ἀνοσιώτατα
1369 1337 1648 1405 πράττειν,
1679 1333 1834 1403 θυμῷ
1856 1351 1913 1386 τε
1938 1333 2314 1404 συστρατιώτῃ

747 1430 1084 1504 χρησάμενοι
1131 1430 1223 1480 καὶ
1248 1427 1385 1497 ὀργῇ
1415 1427 1478 1477 ἐκ
1520 1426 1742 1494 μνήμης
1771 1424 1878 1476 τῶν
1930 1422 2058 1493 χθὲς
2105 1439 2316 1493 συμπε-

666 1535 671 1538 ’
751 1526 949 1579 σόντων
988 1521 1198 1582 σπάθας
1232 1536 1288 1572 τε
1315 1517 1604 1587 γυμνοῦσι,
1637 1519 1730 1568 καὶ
1770 1513 1910 1568 συῶν
1943 1516 2127 1584 τρόπῳ
2167 1515 2313 1567 ὀδόν-

748 1636 846 1682 τας
878 1616 1135 1685 θήξαντες
1159 1612 1355 1682 ἄνδρας
1384 1608 1831 1679 ὐποκλινομένους
1861 1606 2012 1674 σφίσι
2046 1609 2139 1658 καὶ
2159 1606 2315 1658 λιπα-

750 1709 857 1778 ρῶς
893 1708 953 1773 ἐξ
985 1706 1229 1773 ἀνάγκης
1287 1702 1570 1770 δεομένους
1628 1701 1888 1769 μεγίστης
1937 1698 2175 1766 ἀνηλεῶς
2214 1699 2312 1750 αὑ-

747 1799 992 1870 θημερδν
1042 1795 1365 1858 κτείνουσιν,
1416 1792 1566 1854 ἐντὸς
1598 1791 1787 1843 οίκιῶν
1840 1791 2311 1859 κατασφάττοντες

2423 605 2520 657 τοῦ
2555 609 2745 673 γένους
2782 612 3106 681 συναγωγὴν
3136 611 3396 680 ἔγνωσαν.

2422 710 2530 765 καί.
2554 714 2690 782 Περί
2724 714 2834 783 τῆς
2853 720 2938 783 εις
2961 719 3313 784 Βενετικοὺς
3344 723 3664 788 πρεσϐείας
3688 723 3782 778 διὰ
3809 725 4003 780 ταῦτα

2984 789 3089 842 τοῦ
3113 790 3441 855 βασιλέως.

2500 879 2559 932 ’0
2591 879 2698 947 γὰρ
2753 878 3000 947 βασιλεὺς
3033 881 3146 950 ἅμα
3182 885 3281 952 μὲν
3312 885 3388 952 τῷ
3429 885 3601 938 ταῦτα
3639 887 3892 952 γενέσθαι
3925 867 3996 941 διλ

2419 969 2630 1032 ἐννοίας
2678 970 2968 1038 γενόμενος
3009 970 3082 1040 μὴ
3129 974 3311 1025 αίτίαν
3344 976 3498 1043 σχοίη
3547 953 3999 1046 ὡς’συμπράξειε

2422 1060 2606 1130 δῆθεν,
2635 1062 2894 1132 πρέσϐεις
2921 1063 3280 1132 ἐκλεξάμενος
3307 1068 3396 1118 τόν
3414 1085 3471 1119 τε
3493 1069 3725 1136 μοναχὸν
3743 1070 4001 1139 Μάξιμον

2421 1153 2512 1203 τὸν
2554 1153 2863 1224 Πλανούδην
2891 1154 2983 1206 καὶ
3006 1154 3094 1206 τὸν
3117 1157 3520 1227 ὀρφανοτρόφον
3546 1159 3770 1223 Λέοντα,
3795 1161 4000 1230 ἄνδρας

2422 1243 2748 1312 ἐλλογίμους
2773 1247 2866 1298 καὶ
2897 1249 3174 1312 συνετοὺς,
3204 1249 3288 1301 ἐπ’
3324 1251 3626 1316 ’Δκουῖλίας
3646 1253 3998 1318 ἀπέστειλεν,

2417 1333 2852 1403 ἀπολογούμενος
2886 1337 2964 1407 τῷ
3002 1339 3164 1408 κοινῷ
3199 1340 3459 1410 συνεδρίῳ
3484 1342 3688 1396 τούτων
3723 1343 3816 1396 καὶ
3843 1361 3996 1413 παρ·

2419 1425 2580 1479 ιστῶν
2609 1426 2671 1478 τό
2705 1427 2753 1477 οί
2797 1428 2889 1479 ἐπὶ
2919 1431 3026 1491 τοῖς
3058 1431 3460 1499 τετελεσμένοις
3513 1435 3772 1487 ἀναίτιον.
3805 1435 3867 1488 Οἳ
3895 1436 4000 1487 καὶ

2415 1520 2853 1586 παραγεγονότες
2910 1521 2969 1573 ἐν
3021 1523 3138 1592 χρῷ
3167 1522 3409 1577 κινδύνου
3462 1526 3831 1595 κατέστησαν,
3881 1527 3998 1581 τῶν

2415 1612 2731 1680 προσγενῶν
2757 1612 2862 1666 τῶν
2907 1614 3272 1681 φονευθέντων
3304 1616 3487 1683 σφίσιν
3545 1618 3993 1671 ἐπαναστάντων.

2412 1703 2583 1765 Μόλις
2615 1704 2669 1756 δὲ
2713 1705 2836 1767 τοὺς
2885 1705 3177 1774 περιόντας
3233 1709 3472 1770 οἰκείους
3521 1707 3862 1778 ζητήσαντες
3896 1714 3998 1766 καὶ

2412 1793 2690 1858 λαϐόντες,
2723 1796 2852 1864 περὶ
2906 1796 3005 1864 τῆς
3053 1797 3193 1866 μετά
3250 1798 3359 1850 τῶν
3423 1799 3713 1869 Ῥωμαίων
3761 1803 3996 1869 εἰρήνης

747 1854 962 1961 ἱερείῶν
991 1889 1160 1957 νόμῳ.
1207 1854 1474 1953 Ἀπδγγάρ
1500 1882 1593 1934 τοῦ
1623 1881 1706 1953 [Ρ.
1752 1881 1874 1952 165]
1905 1854 2054 1951 σφῶν
2082 1882 2314 1948 μπαῖού·
2339 1854 2385 1914 Β
2411 1884 2511 1952 τῆς
2543 1854 2741 1948 νῦνήῶς
2794 1854 3202 1956 admiraretpr
3248 1889 3460 1941 ἐτίθουν
3509 1854 3880 1958 βᾏυλεύεσθέιί

746 1984 840 2035 λου
882 1981 1197 2052 ἀρξάμενοι,
1247 1978 1305 2030 ὃν
1360 1975 1808 2042 ἐγκεκλεισμένον
1841 1975 1947 2025 ἀπὸ
1993 1973 2184 2040 τέγους
2215 1991 2313 2043 χα-

710 2072 1036 2134 ’λασθέντες
1086 2067 1469 2138 κρεανομοῦσι,
1521 2069 1631 2128 τοῖς
1676 2065 1881 2127 λοιποῖς
1913 2065 2045 2117 ὅπου
2096 2063 2310 2132 τύχοιεν

749 2165 1104 2226 ἐπιτίθενται,
1130 2163 1204 2224 ὡς
1241 2162 1336 2213 καὶ
1375 2158 1601 2228 συχνοὺς
1650 2157 1766 2228 ἃμα
1803 2156 2067 2225 τεθάφθαι
2090 2151 2191 2208 ’καὶ
2221 2173 2312 2224 γε-

745 2258 936 2315 νέσθαι
961 2257 1028 2313 τὰ
1058 2256 1314 2329 μνήματα
1346 2250 1694 2321 πολυάνδρια.
1726 2250 1845 2303 Τῶν
1873 2249 2001 2318 γοῦν
2028 2249 2309 2317 ἐπιφανῶν

745 2353 919 2416 οὕτως
947 2351 1219 2404 ὀλωλότων
1249 2343 1458 2417 ἀνδρῶν
1509 2343 1557 2395 οί
1593 2341 2013 2410 ἐλλελειμμένοι,
2057 2341 2310 2411 βάναυσοί

744 2461 890 2506 τινες
939 2441 1089 2503 δντες
1117 2440 1224 2491 ’καὶ
1277 2430 1596 2502 σκυτοτόμοι
1646 2433 1740 2484 καὶ
1788 2432 2032 2483 κιϐωτῶν
2064 2432 2306 2494 τέκτονες

747 2538 842 2591 καὶ
896 2535 1076 2602 πάσης
1123 2531 1287 2600 ἄλλης
1337 2525 1592 2596 ἐπήϐολοι
1624 2523 1840 2592 τέχνης,
1881 2523 2001 2575 τότε
2058 2525 2154 2592 μὲν
2207 2521 2311 2574 ὑπὸ

753 2630 943 2684 σκότον
973 2626 1158 2687 δύντες
1194 2625 1254 2675 το
1292 2623 1442 2691 ξίφος
1471 2619 1850 2688 ἐκφεύγουσιν,
1890 2616 2113 2686 ὓστερον
2139 2615 2194 2668 δὲ
2223 2616 2311 2669 διὰ

745 2803 836 2858 20.
871 2802 944 2856 De
967 2799 1262 2854 incursione
1287 2794 1635 2916 Genuensiizm
1681 2795 1733 2847 in
1779 2791 1996 2847 Venetos
2037 2795 2127 2863 qui
2160 2802 2309 2847 erant

1413 2883 1465 2916 ιη
1498 2882 1563 2916 ur
1598 2881 1645 2916 ε.

1413 2883 1465 2918 ιη
1498 2881 1645 2918 urve.

819 2984 1020 3038 Eodem
1054 2980 1256 3050 quippe
1280 2991 1445 3038 anno.
1479 2990 1662 3030 mense
1693 2973 1976 3029 Decembri
1998 2974 2306 3039 desinente,

747 3075 864 3128 rixa
921 3067 1007 3126 δι’
1045 3069 1253 3136 vulgari
1309 3075 1362 3122 et
1425 3065 1581 3119 nihili
1622 3063 2026 3118 oll‘eusiuncula
2073 3063 2310 3117 exarde-

753 3177 964 3230 scente,
1007 3161 1263 3218 concitati
1294 3159 1429 3213 adeo
1475 3166 1774 3225 mutuoque
1815 3156 2029 3210 hortatu
2065 3154 2130 3208 ad
2161 3168 2306 3206 arma

749 3256 1082 3312 consternati
1108 3254 1426 3306 Genuenses
1458 3256 1611 3311 sunt,
1666 3259 1724 3300 ut
1757 3245 2110 3315 quantumvis
2143 3247 2310 3299 inter-

749 3351 962 3406 cederet
994 3359 1291 3416 pacemque
1321 3341 1614 3395 conciliare
1641 3353 1738 3408 pro
1765 3337 1904 3390 virili
1936 3346 2154 3391 curaret
2183 3346 2311 3390 tunc

752 3447 892 3498 forte
938 3443 988 3494 iu
1029 3440 1162 3493 urbe
1203 3449 1445 3507 praesens
1478 3448 1571 3488 rex
1616 3430 1910 3496 Armeniae,
1958 3432 2096 3500 apud
2135 3441 2314 3486 utros-

751 3552 858 3605 que
891 3546 1175 3588 sacrorum
1213 3527 1602 3583 communione
1637 3525 1934 3591 gratiosus,
1960 3523 2159 3591 quippe
2189 3536 2312 3575 cum

749 3625 954 3680 Freriis
987 3620 1135 3674 Italis
1167 3620 1372 3680 vivens,
1405 3645 1473 3656 -—
1500 3616 1626 3678 isto,
1662 3615 1910 3682 inquam,
1943 3613 2008 3666 ad
2057 3613 2157 3667 lios
2201 3627 2230 3665 a
2261 3613 2312 3666 vi

750 3714 1152 3772 dissuadendos
1179 3711 1544 3780 nequidquam
1578 3709 1762 3762 omnia
1790 3713 2062 3772 tentante,
2098 3708 2150 3759 in
2178 3720 2315 3773 pau-

750 3827 846 3865 cos
898 3807 1146 3880 plurimi,
1201 3807 1255 3858 in
1315 3804 1478 3857 mites
1516 3813 1569 3855 et
1607 3801 1874 3855 obnoxios
1931 3799 2029 3852 feri
2076 3801 2315 3868 saevique

751 3906 1014 3972 impetum
1065 3898 1353 3959 facientes,
1409 3895 1545 3965 ipsis
1578 3895 1741 3949 etiam
1794 3893 2014 3947 obstare
2067 3892 2312 3946 nascenti

750 3993 1009 4063 tumultui
1056 3989 1272 4044 conatis
1319 3986 1671 4055 imperatoris
1727 3985 1997 4039 ministris
2054 3994 2106 4038 et
2147 3985 2316 4055 magi-

750 4086 1041 4146 stratibus,
1070 4083 1267 4136 cedere
1298 4078 1613 4147 compulsis,
1665 4077 1719 4131 in
1755 4092 1888 4132 ausa
1937 4078 2145 4132 nefaria
2184 4093 2316 4146 pro-

749 4185 1039 4246 ruperunt,
1089 4171 1444 4226 auxiliaribus
1482 4170 1562 4223 usi
1618 4170 1736 4223 zelo
1784 4183 1848 4222 ac
1908 4167 2117 4234 furore,
2176 4185 2316 4238 quos

748 4283 1040 4323 recurrens
1077 4265 1335 4319 memoria
1385 4277 1561 4333 nuper
1619 4273 1866 4316 actorum
1930 4262 2312 4318 inﬂammaret.

753 4361 972 4416 Strictis
1003 4372 1136 4426 ergo
1169 4364 1392 4410 ruentes
1426 4355 1676 4419 ensibus,
1732 4365 1787 4410 et
1834 4369 2090 4422 aprorum
2145 4356 2317 4410 instar

749 4453 940 4505 dentes
974 4449 1040 4502 ad
1079 4449 1279 4502 caedem
1313 4447 1626 4500 acuentium
1687 4445 2026 4509 frendentes,
2084 4447 2314 4500 miseros

2415 1976 2521 2045 μὴν
2572 1976 2625 2029 δὲ
2655 1978 2748 2029 καὶ
2785 1979 3045 2048 πρέσϐεις
3081 1981 3505 2033 ἀντεπέστελλον
3551 1983 3696 2043 τότε,
3752 1982 3887 2035 ἀλλά
3919 1983 3992 2035 δι’

2411 2068 2590 2120 αὑτῶν
2622 2070 2932 2139 περιαλγῶς
2972 2071 3368 2135 ἐξωνειδίξοντο
3402 2073 3611 2142 βασιλεῖ
3633 2091 3690 2126 τε
3719 2077 3813 2127 καὶ
3853 2077 3994 2128 Ῥωο

2413 2160 2616 2228 μαίοις,
2646 2164 2794 2225 ὅπως
2839 2163 2988 2226 ἐντὸς
3034 2165 3233 2233 χειρῶν
3265 2166 3487 2218 ἐκείνων
3537 2167 3814 2230 τοιαύταις
3851 2184 3994 2237 συμ-

2411 2254 2604 2320 φοραῖς
2652 2254 2727 2322 μὴ
2776 2255 3151 2323 χωρουμέναις
3196 2253 3274 2323 τῷ
3312 2257 3535 2308 ἐκείνων
3589 2256 3702 2308 ἔθει
3753 2259 3880 2318 τοὺς
3905 2262 3993 2310 ol-

2414 2347 2598 2405 κείους
2650 2347 2698 2396 οί
2749 2346 3125 2416 ἐχθραίνοντες
3179 2346 3634 2416 περιέϐαλον.Τά
3686 2349 3870 2418 μέντοι
3921 2366 3987 2417 γε

2412 2437 2716 2504 πράγματα
2765 2437 2872 2490 τῶν
2911 2438 3210 2491 Βενετικῶν
3245 2441 3338 2491 καὶ
3386 2439 3748 2510 σφοδρότερον
3777 2443 3993 2496 ἀνταπ-

2408 2524 2568 2595 ῄτουν
2601 2525 2688 2596 (τά
2718 2527 2762 2578 δ’
2814 2522 2953 2596 ἦσαν
2985 2527 3020 2580 ἃ.
3071 2529 3282 2596 φθάσας
3322 2530 3351 2581 ό
3407 2527 3658 2598 βασιλεὺς
3703 2532 3826 2584 ἀντὶ
3874 2533 3990 2585 τῶν

2410 2618 2859 2687 πυρποληθεισῶν
2908 2619 3093 2671 οἰκιῶν
3126 2621 3477 2690 ἐνεχύραζεν)
3511 2621 3585 2682 ὠς
3629 2623 3724 2690 οὐχ
3769 2623 3900 2675 οἴων
3926 2640 3990 2675 τε

2411 2807 2538 2851 tunc
2561 2796 2778 2864 quidem
2817 2795 2985 2850 abditi
3015 2797 3253 2851 tenebris
3280 2797 3517 2867 gladium
3543 2797 3816 2863 fugerunt,
3841 2806 3998 2867 pist-

2409 2906 2472 2944 ea
2528 2899 2756 2960 urgente
2811 2899 2955 2942 metu
3011 2899 3260 2959 repetere
3292 2891 3520 2958 patriam
3563 2906 3732 2959 seque
3769 2892 3836 2945 ad
3871 2909 3991 2947 sue

2412 2984 2592 3053 gentis
2636 2984 2880 3052 recipere
2911 2985 3220 3037 convictum
3255 2983 3405 3036 factu
3452 2986 3827 3038 necessarium
3878 3001 3988 3054 pu‘

2415 3084 2621 3130 larunt.

2552 3168 2643 3221 21.
2680 3166 2753 3221 De
2789 3168 3045 3236 legatione
3072 3167 3141 3220 ad
3184 3167 3403 3221 Venetos
3435 3167 3496 3219 ob
3534 3170 3628 3221 hoc
3662 3171 3841 3223 missa.

2482 3258 2547 3312 ει
2582 3260 2652 3311 At
2683 3261 2983 3327 imperator
3012 3258 3175 3311 simul
3210 3259 3322 3312 haec
3355 3259 3406 3310 in
3447 3260 3594 3312 hunc
3625 3263 3842 3314 modum
3867 3273 3992 3316 acta

2414 3352 2690 3422 cognovit,
2718 3351 2986 3404 sollicitus
3019 3364 3086 3402 ne
3127 3350 3439 3418 culparetur
3469 3353 3626 3419 quasi
3661 3368 3812 3421 conp:
3835 3363 3993 3411 ratus

2415 3445 2480 3497 ad
2499 3443 2658 3496 istam
2677 3443 2878 3496 caedem
2900 3441 3306 3502 Genuensibus,
3329 3445 3659 3496 monachum
3684 3443 3986 3499 Maximum

2414 3533 2712 3586 l’lanudeni
2750 3541 2804 3584 et
2850 3529 3163 3599 pra-fectum
3217 3531 3669 3599 orplianotropliii
3721 3531 3988 3596 Leonem,

2415 3625 2561 3678 viros
2593 3623 2838 3692 insignes
2877 3637 2941 3674 ac
2965 3623 3259 3690 prudentes
3284 3634 3680 3692 proptereaque
3712 3627 3992 3694 iudicatos

2417 3716 2644 3769 idoneos
2680 3714 2809 3768 huic
2851 3725 2998 3768 recte
3043 3714 3331 3782 fungendae
3364 3717 3645 3784 legationi,
3679 3719 3990 3785 Aquileiam

2413 3803 2580 3873 jussit
2611 3820 2669 3859 se
2699 3805 2972 3866 conferre,
3010 3819 3354 3873 purgareque
3385 3805 3500 3858 illic
3548 3808 3690 3874 apud
3727 3819 3986 3862 senatuin

2421 3897 2745 3951 Venetorum
2788 3897 3168 3964 imperatorem
3204 3910 3361 3950 suum
3395 3898 3461 3949 ab
3492 3896 3639 3950 omni
3667 3900 3992 3966 suspicione

2417 3987 2831 4056 approbationis
2863 3997 2956 4040 aut
3007 3988 3362 4041 conscientia:
3407 4003 3586 4042 rerum
3619 4003 3648 4040 a
3677 3988 3992 4044 Genuensi-

2418 4081 2519 4131 bus
2553 4080 2821 4132 violenter
2853 4083 3116 4130 actarum.
3154 4078 3232 4130 Eo
3288 4077 3364 4130 illi
3408 4092 3531 4131 eum
3577 4081 3986 4146 pervenissmt,

2419 4173 2472 4224 in
2506 4171 2745 4224 maximo
2777 4170 3024 4240 periculo
3074 4170 3319 4232 fuerunt,
3375 4171 3625 4239 cognatis
3659 4182 3712 4224 et
3743 4187 3989 4226 consan-

2416 4263 2628 4332 guineis
2686 4278 2876 4317 eorum
2924 4264 3016 4331 qui
3075 4263 3241 4316 occisi
3278 4263 3496 4316 fuerant
3527 4263 3713 4317 ulcisei
3755 4279 3987 4318 suorum

2416 4358 2616 4412 credent
2646 4357 2890 4422 ipsorum
2917 4369 3050 4408 nece
3075 4355 3554 4408 contendentibus.
3575 4353 3740 4423 Egre
3767 4356 3986 4408 tandem

2418 4444 2704 4512 praevaluit
2759 4445 2880 4496 vita:
2937 4444 3135 4496 horum
3199 4443 3458 4512 parcendi
3501 4445 3811 4507 consilium,
3849 4460 3990 4498 cura

750 4545 885 4612 ipsis
919 4556 978 4596 se
1009 4538 1337 4594 inclinantes
1369 4545 1421 4589 et
1457 4539 1508 4590 iu
1547 4544 1787 4590 extrema
1839 4535 2168 4590 necessitate
2202 4537 2300 4589 hu-
2342 4537 2385 4591 D
2409 4538 2652 4590 maxime
2671 4536 2965 4605 recipiendi
2987 4541 3387 4605 permutatione
3407 4551 3530 4590 cum
3557 4537 3706 4592 hisce
3731 4555 3871 4607 quos
3896 4541 3988 4594 sui

751 4635 973 4688 millime
1016 4630 1291 4699 supplices
1348 4627 1645 4681 crudeliter
1712 4628 1830 4695 ipsa
1887 4626 1973 4680 die
2040 4627 2308 4696 plurimos

746 4725 1101 4782 obtruncant,
1134 4720 1276 4771 intra
1307 4717 1498 4770 domos
1545 4715 1786 4783 ipsorum
1823 4715 1930 4768 ritu
1963 4716 2308 4769 victimarum

743 4816 1081 4886 jugulantes.
1109 4811 1266 4866 Initio
1296 4811 1442 4864 enim
1478 4809 1622 4864 facto
1645 4825 1673 4862 a
1697 4809 1887 4878 bajulo
1907 4823 2120 4870 eorum,
2149 4824 2309 4877 quem

748 4925 776 4961 e
811 4915 956 4960 tecto
1009 4903 1110 4957 sub
1145 4917 1252 4970 quo
1302 4900 1522 4955 clausus
1579 4900 1866 4954 tenebatur
1913 4902 2312 4970 praecipitantes

749 4993 1091 5049 membratim
1125 4991 1506 5056 conciderunt,
1559 4990 1719 5062 243
1747 4991 1800 5046 in
1839 4991 1976 5046 alios
2024 4992 2148 5046 inde
2188 4993 2312 5047 ubi-

747 5103 964 5158 cunque
1024 5088 1275 5142 inventos
1333 5085 1450 5154 pari
1509 5095 1639 5139 sunt
1689 5085 2028 5139 immanitate
2088 5085 2309 5149 invecti,

750 5187 904 5233 tanta
949 5179 1028 5234 sic
1059 5180 1207 5233 edita
1236 5186 1291 5230 et
1315 5185 1520 5231 temere
1559 5191 1746 5246 sparsa
1802 5185 2004 5246 strage,
2040 5185 2096 5229 ut
2124 5178 2314 5246 singu-

748 5273 959 5325 laribus
1012 5272 1243 5324 cadaver
1282 5269 1536 5338 quodque
1591 5268 1854 5322 mandare
1899 5268 2169 5335 sepulcris
2219 5283 2314 5336 per

751 5364 972 5417 nimiam
1005 5363 1216 5431 copiam
1252 5377 1358 5415 non
1389 5361 1596 5414 liceret.
1636 5357 1802 5413 Multa
1840 5360 2154 5412 necessario
2187 5373 2313 5412 coa-

747 5463 966 5506 cervata
1001 5454 1053 5505 in
1091 5447 1254 5505 unam
1312 5450 1523 5504 foveam
1557 5449 1833 5504 communi
1873 5451 2081 5502 tumulo
2121 5464 2312 5501 cumu-

748 5543 1022 5596 labantur.
1078 5542 1170 5596 Sic
1223 5542 1387 5610 igitur
1447 5539 1841 5594 illustrioribus
1880 5541 2190 5608 quibusque
2211 5537 2315 5592 Ve-

747 5642 1004 5687 netorum
1067 5633 1118 5686 in
1176 5637 1308 5686 urbe
1359 5633 1676 5699 degentium
1743 5630 2074 5699 absumptis,
2120 5631 2312 5700 reliqui

747 5725 969 5792 Opiﬁces
1003 5723 1168 5779 ferme
1208 5726 1363 5786 viles,
1422 5737 1661 5788 sutores,
1697 5722 1940 5780 ceriarii.
1979 5720 2116 5774 fabri
2154 5737 2312 5776 arca-

751 5829 893 5883 rutn,
916 5817 1374 5887 illiberaliumque
1394 5817 1702 5873 istiusmodi
1727 5812 2064 5883 professores
2087 5831 2133 5868 ai
2153 5818 2308 5881 tium,

2412 4629 2629 4697 generis
2660 4628 2834 4682 adhuc
2853 4628 3093 4696 reliquos
3125 4629 3296 4682 teneri
3315 4626 3789 4697 Constantinopoli
3824 4631 3992 4684 scie-

2412 4720 2563 4773 bant.
2579 4720 2784 4784 Quibus
2797 4719 3042 4789 repetitis
3056 4720 3416 4789 receptisque,
3437 4720 3641 4789 legatos
3656 4721 3988 4774 dimiserunt

2412 4812 2562 4865 nullo
2596 4826 2857 4879 responso
2888 4811 3142 4878 diguatos
3184 4813 3328 4866 circa
3361 4813 3795 4881 propositionem
3825 4827 3990 4881 paets

2413 4901 2558 4956 inter
2603 4904 2893 4971 imperium
2927 4913 2979 4956 et
3019 4901 3254 4957 Venetos
3303 4905 3505 4957 veteris
3552 4919 3691 4957 nova
3745 4905 3989 4958 invicem

2415 4995 2776 5049 conventione
2819 4993 3122 5048 firmandae.
3168 4993 3272 5050 lsta
3322 4993 3467 5047 enim
3512 4993 3581 5047 de
3617 5007 3677 5048 re
3704 5008 3765 5048 se
3794 5007 3993 5062 postea

2413 5089 2807 5140 deliberaturos
2837 5086 3116 5149 dixerunt,
3151 5085 3241 5139 ubi
3275 5095 3420 5140 esset
3461 5086 3594 5154 ipsis
3643 5087 3712 5140 ab
3744 5087 3993 5154 impera-

2413 5189 2533 5233 tore
2563 5177 2903 5232 satisfactum
2934 5178 3082 5231 circa
3111 5178 3359 5244 quaedam
3420 5192 3544 5244 quae
3612 5177 3682 5231 ab
3715 5179 3833 5244 ipso
3886 5192 3993 5246 po-

2413 5278 2651 5323 soerent.
2703 5266 2914 5332 Quibus
2950 5275 3128 5320 tamen
3183 5266 3287 5334 ipsi
3357 5269 3700 5336 exponendis
3769 5269 3991 5338 leg-tos

2412 5360 2654 5413 vicissim
2687 5357 3220 5426 ConstantinOpolim
3256 5357 3469 5411 mittere
3521 5374 3632 5411 non
3673 5372 3987 5415 curarunt:

2413 5453 2506 5505 sed
2539 5465 2634 5520 per
2669 5450 2810 5505 duos
2841 5452 3038 5504 missos
3092 5451 3240 5504 illinc
3282 5452 3473 5506 eodem
3506 5463 3838 5507 revertentes
3870 5456 3992 5523 pri-

2413 5560 2559 5597 mum
2597 5544 2849 5598 dolenter
2883 5545 3290 5613 exprobrarunt
3342 5546 3659 5616 imperaturi
3694 5558 3746 5601 et
3777 5546 3992 5599 Roma-

2415 5635 2498 5689 nis
2532 5638 2675 5706 quod
2707 5634 3050 5690 crudelitatis
3082 5637 3422 5693 iminanioris
3455 5655 3617 5704 quam
3662 5653 3844 5692 mores
3895 5641 3990 5706 ip-

2414 5743 2599 5781 sorum
2631 5726 2793 5798 2M
2839 5737 2892 5781 et
2942 5728 3120 5783 civilis
3177 5731 3449 5784 institutio
3479 5747 3673 5801 capere
3724 5746 3788 5784 ac
3835 5729 3990 5785 ferre

2414 5835 2571 5888 poss:
2601 5823 2935 5885 viderentur,
2977 5822 3225 5876 exercitw
3261 5824 3394 5892 ipsis
3433 5825 3736 5879 sinentibus
3773 5824 3824 5876 in
3853 5837 3988 5890 sup-
