4182 6436
179 427 286 486 993

1145 420 1239 480 DE
1283 419 1722 480 ANDRONICO
1766 416 2223 478 PAL.'EULOGU
2264 419 2408 480 LIB.
2462 418 2572 475 ΙΙΙ.

3350 416 3460 478 294

177 539 409 604 ὕστερον
445 532 722 594 Ἰουδαίοις
763 531 1062 601 ὑπηρέταις
1098 533 1191 584 καὶ
1217 526 1298 592 οἷς
1344 532 1421 592 είς
1453 530 1519 582 τὰ
1548 529 1768 582 τοιαῦτα
1799 550 1840 600 Α
1870 530 1934 597 τῇ
1965 527 2058 579 τοῦ
2089 528 2350 594 Σμίλτζου
2383 525 2592 594 συζύγῳ
2647 523 2999 592 προσὸἀλλει.
3055 523 3319 592 Σμίλτζου
3357 527 3453 579 τοῦ

176 625 407 692 Micipsa:
460 623 838 691 χρησάμενος,
892 622 1181 687 ἀποπνίγει
1217 620 1625 688 κεκλεισμένον,
1668 621 1762 670 καὶ

172 717 265 766 τὸν
302 715 438 783 τῇδε
469 712 908 781 πατριαρχοῦντα
935 713 1191 777 Ἰωακεὶμ
1224 714 1662 778 κατεκρήμνισεν
1685 706 1759 768 ὼς

174 807 317 872 σφᾶς
355 803 654 870 προδοῦναι
693 801 957 870 Τοχάροις
1017 801 1080 851 τὸ
1126 800 1290 852 πάλαι
1324 795 1756 861 ὐποπτευθέντα,

174 899 261 948 καὶ
290 896 472 958 οὕτως
501 896 558 961 ὲξ
583 895 910 961 ἀλαστορίας
935 891 1100 961 τόσης
1119 892 1226 942 τῶν
1252 891 1390 943 ὅλων
1415 888 1603 956 κύριος
1622 888 1761 954 γίνε.

172 1007 278 1040 ται.
319 989 434 1039 Καὶ
467 987 589 1040 κατ’
620 986 800 1053 ὀλίγον
830 984 1137 1053 προϐαίνων
1167 978 1544 1050 κραταιοῦται,
1582 981 1630 1031 εί
1658 978 1754 1030 καὶ

172 1081 386 1147 φθάσας
420 1081 449 1130 ὁ
475 1077 728 1144 βασιλεὺς
755 1077 861 1144 πρὸ
886 1073 979 1127 τοῦ
1006 1076 1212 1125 ἐκεῖνον
1243 1071 1380 1133 ὅλως
1416 1067 1762 1140 κραταιωθῆ-

170 1190 275 1232 ναι,
312 1169 431 1220 τῶν
463 1168 788 1236 Βουλγάρων
819 1164 1146 1233 πεμψάντων
1174 1163 1265 1213 καὶ¹
1291 1162 1383 1212 τὸν
1405 1164 1468 1212 ὲκ
1485 1160 1579 1210 τοῦ
1609 1161 1764 1212 Κων-

175 1261 462 1313 αταντίνου
503 1260 618 1311 υἱὸν
648 1259 745 1326 τῆς
791 1255 1010 1324 Μαρίας
1061 1252 1370 1322 ζητούντων
1404 1254 1484 1313 είς
1539 1250 1762 1318 βασιλέα

171 1354 254 1404 διὰ
291 1352 353 1402 τὸ
399 1352 644 1414 ἐξαντεις
685 1348 784 1415 ἤδη
843 1345 1102 1414 φανείσης
1154 1343 1464 1413 Τοχαρικῆς
1515 1340 1758 1405 ἐξουσίας

172 1443 424 1509 γίνεσθαι
459 1439 768 1510 βούλεσθαι,
813 1436 1130 1489 ἀποστέλλει
1159 1436 1250 1487 τὸν
1289 1433 1526 1501 Μιχαὴλ,
1574 1432 1632 1494 ὃς
1667 1431 1761 1482 καὶ

172 1536 320 1587 οὒδὲν
348 1535 517 1585 πλέον
545 1519 665 1600 ἔσχε
689 1529 1016 1598 Βουλγάροις
1067 1527 1292 1585 Emori;
1325 1526 1355 1594 ἢ
1395 1526 1455 1576 τὸ
1488 1525 1592 1590 ἔξω
1617 1525 1758 1588 Τερ-

172 1627 326 1678 νόὅου
354 1621 798 1693 περιπλανίσϐαι
829 1620 920 1671 καὶ
975 1617 1087 1686 βίον
1116 1615 1322 1686 τρίϐειν
1359 1615 1626 1668 ἰδιωτικοῦ
1664 1613 1761 1680 μὲν

172 1719 229 1770 οὗ
262 1717 483 1786 πόρρω,
517 1714 651 1772 τέως
682 1712 737 1763 δὲ
773 1709 1019 1780 βασιλείᾳ
1045 1709 1250 1778 ἥκιστα
1279 1708 1583 1775 πρέποντα.
1616 1703 1759 1756 Ἀλλ’

174 1811 311 1863 οὓτω
350 1807 456 1876 μὲν
484 1800 994 1870 “deputies-01169;,
1024 1801 1080 1863 ὃς
1114 1801 1208 1852 καὶ
1240 1799 1377 1868 μετά
1407 1799 1634 1866 χρόνους
1665 1794 1758 1847 τοῦ

1868 620 1972 688 πρὸ
1998 621 2180 685 ὀλίγου
2213 622 2302 669 καὶ
2346 618 2512 669 αὑτοῦ
2550 616 2880 684 Βουλγάρων
2913 616 3174 686 ἄρξαντος
3205 615 3455 685 βουλήσει

1868 712 2022 778 Νογᾶ
2053 711 2386 776 ἀποδράντος
2418 708 2509 760 τοῦ
2562 709 2829 778 Τερτερῆ,
2858 711 2906 760 εί
2940 711 3030 760 καὶ
3069 709 3208 778 μετά
3260 711 3458 779 μικρδν

1863 805 1951 858 διὰ
1999 804 2058 855 τὸ
2115 804 2276 872 κῆδος
2334 803 2428 854 καὶ
2476 801 2567 852 τὸν
2622 801 2844 864 Τζακᾶν
2900 801 3329 869 προτιμηθέντος
3362 801 3455 853 τοῦ

1883 893 2369 960 Ὀαφεντισθλάδου
2404 892 2540 961 μετὰ
2579 893 2667 942 τὸν
2713 893 2932 953 Τζακᾶν
2970 891 3196 960 φροῦδος
3228 896 3255 945 ὀ
3291 892 3454 962 Σμίλα

1869 984 1997 1046 τζος
2053 985 2281 1049 γίνεται.
2329 983 2460 1035 Τότε
2519 984 2700 1033 τοίνυν
2739 984 2802 1035 ὲκ
2852 983 3254 1051 Θεσσαλονίκης
3302 985 3455 1054 παρὰ

1867 1074 2129 1144 βασιλέως
2183 1076 2581 1136 ἀποσταλέντες
2633 1075 2848 1142 οἱπερὶ
2904 1075 2994 1126 τδν
3037 1075 3433 1127 Ῥαδοσθλάὁον

1868 1171 1966 1222 σὺν
1995 1171 2107 1229 τοῖς
2157 1171 2451 1236 μεγιστᾶσι
2497 1169 2587 1220 τοῦ
2637 1168 2928 1236 βασιλέως,
2977 1165 3305 1239 Βουλγάροις
3344 1173 3455 1231 τοῖς

1865 1263 1994 1328 περὶ
2019 1263 2109 1311 τὸν
2143 1260 2446 1328 Ἐλτιμηρῆ
2479 1261 2880 1329 προαῦἀλλουσι
2913 1261 3054 1311 κατά
3081 1262 3171 1311 τὸν
3211 1263 3454 1329 Κρουνὸν

1868 1351 2010 1412 ίδίως
2045 1351 2316 1419 ἄρχοντα·
2356 1350 2473 1400 καθ’
2521 1345 2595 1400 ὧν
2627 1351 2786 1411 αὐτὸς
2831 1349 3187 1419 ἀριστεύσας,
3227 1351 3319 1402 τὸν
3356 1351 3454 1417 μὲν

1867 1441 2346 1511 σεϐαστοκράτορα
2400 1438 2757 1506 ὲκτυφλώσας
2791 1441 3001 1492 στέλλει
3038 1443 3186 1507 παρὰ
3224 1440 3452 1508 βασιλέα

1869 1532 2001 1601 πρὸς
2030 1532 2127 1598 τὴν
2149 1531 2356 1582 οἰκείαν
2385 1530 2547 1583 αὐτοῦ
2585 1531 2836 1598 σύζυγον,
2861 1534 2986 1593 τοὺς
3013 1533 3066 1584 δέ
3099 1549 3158 1598 γε
3199 1534 3458 1598 μεγιστᾶ-

1868 1638 1963 1683 νας
2004 1621 2290 1688 Ῥωμαίων
2316 1622 2796 1690 Ὀσφεντισθλάὒῳ
2836 1624 3067 1690 πέμπει,
3128 1621 3220 1685 οὓς
3252 1622 3316 1691 δὴ
3360 1623 3455 1673 καὶ

1867 1714 2111 1781 κατέχων
2159 1715 2364 1774 ἐκεῖνος
2417 1714 2476 1765 οὐ
2526 1715 2790 1782 πρῦτερον
2820 1714 3053 1783 διαφῆκε
3087 1717 3212 1782 πρὶν
3265 1713 3330 1766 ἂν
3361 1715 3451 1764 τοῦ

1864 1803 2067 1870 πατρὸς
2084 1801 2327 1870 Τερτερῆ
2359 1803 2507 1871 παρὰ
2533 1803 2796 1872 βασιλέως
2821 1803 3114 1873 ἠμείψατο.
3145 1805 3252 1872 Καὶ
3277 1803 3452 1867 οὕτως

178 1902 303 1953 ἰδίου
334 1895 553 1964 πατρὸς
579 1891 822 1963 Τερτερῆ
855 1891 1075 1952 πολλοὺς
1103 1891 1211 1942 τῶν
1231 1888 1323 1940 τοῦ
1343 1888 1604 1941 παλατίου
1637 1887 1760 1940 ἀντ·
1792 1899 1832 1947 Β
1866 1896 1980 1963 ἅμα
2018 1895 2114 1963 μὲν
2141 1894 2389 1946 ἐντεῦθεν
2412 1897 2439 1946 δ
2475 1897 2769 1964 Τερτερῆς,
2796 1895 2912 1963 ἅμα
2951 1897 2993 1947 δ’
3030 1898 3239 1948 ἐκεῖθεν
3272 1899 3319 1948 οί
3353 1913 3449 1964 με·

173 1987 430 2060 ήλλαξεν.
487 1983 576 2056 [Ρ.
611 1982 738 2054 180]
781 1981 839 2036 '0
869 1982 978 2051 γὰρ
1007 1981 1115 2032 τῶν
1146 1978 1474 2046 Βουλγάρων
1505 1976 1760 2028 σεὸαστω

173 2083 403 2150 κρὰτωρ
479 2075 860 2136 Ῥαδοσθλάὁος
911 2071 1120 2143 βασιλεῖ
1179 2071 1610 2140 προσχωρήσας,
1668 2068 1761 2119 καὶ

174 2175 298 2243 παρ’
326 2169 506 2224 αὑτοῦ
533 2169 595 2239 δὴ
624 2169 698 2230 είς
720 2167 781 2218 τὸ
808 2165 904 2234 τῆς
936 2164 1496 2234 σεδαστοκρατορείας
1522 2161 1758 2231 βεῦαιω-

175 2268 280 2326 Θεὶς
311 2265 570 2331 ἀξίωμα,
599 2260 788 2326 γένους
829 2257 905 2308 ὣν
937 2255 1029 2308 τοῦ
1069 2257 1374 2326 πρωτίστου
1409 2255 1562 2324 παρα
1593 2251 1761 2304 Βουλ-

173 2359 361 2424 γαροις
413 2356 518 2421 (τῷ
565 2353 670 2418 γὰρ
720 2347 965 2418 Σμίλτζῳ
1011 2347 1107 2400 καὶ
1143 2343 1495 2415 ὼμαιμόνει),
1545 2341 1764 2407 σύναμα

173 2450 453 2505 πλείστοις
480 2443 780 2510 Ἐλτιμηρῇ
810 2441 949 2491 κατά
978 2441 1067 2489 τὸν
1093 2437 1330 2505 Κρουνδν
1357 2433 1646 2501 δεσποτεία
1667 2448 1758 2482 τε·

173 2539 490 2611 τιμημένῳ,
529 2532 742 2603 ἀδελφῷ
772 2548 833 2599 γε
855 2531 967 2582 δντι
995 2528 1089 2581 τοῦ
1118 2528 1387 2599 Τερτερῆ,
1414 2527 1507 2578 καὶ
1536 2525 1671 2594 αὐτῇ
1697 2522 1761 2591 δὴ

176 2723 483 2788 imperator
507 2712 760 2774 studens,
786 2717 1005 2778 arrepta
1033 2710 1263 2762 libenter
1287 2706 1581 2760 occasione
1613 2704 1760 2772 lega-

175 2811 340 2862 tionis
385 2808 458 2860 ad
487 2820 552 2860 se
583 2804 768 2857 misse
798 2801 1158 2869 quorumdam
1198 2801 1576 2869 Bulgarorum,
1612 2795 1760 2852 Con—

175 2900 407 2955 stantini
461 2896 745 2966 quondam
801 2894 1044 2962 ipsorum
1100 2893 1328 2961 regisex
1379 2890 1543 2944 Maria
1593 2889 1758 2942 lilium

175 2995 222 3045 in
244 3004 438 3059 regem
466 2986 840 3056 poscentium,
863 2993 916 3036 et
934 2982 1099 3052 266
1119 2991 1333 3050 tempus
1353 2991 1536 3050 aptum
1573 2979 1762 3034 existi-

176 3083 449 3136 mantium
495 3073 838 3134 restituendo
887 3073 1014 3126 huic
1069 3075 1124 3127 in
1171 3081 1459 3143 paternum
1506 3085 1758 3138 regnum,

175 3175 400 3243 quando
426 3187 524 3227 res
548 3170 926 3224 Tocharorum
954 3166 1295 3221 infensorum
1331 3163 1435 3233 ipsi
1467 3162 1762 3216 confirma-

175 3277 235 3319 ta:
258 3264 514 3319 nondum
543 3271 699 3316 erant
723 3262 776 3314 in
804 3260 1019 3329 plenum
1039 3257 1212 3311 robur
1238 3271 1300 3310 ex
1339 3269 1610 3310 concussu
1633 3254 1758 3307 belli

176 3355 517 3410 atrocissimi
559 3352 758 3414 civilis,
812 3352 972 3418 cujus
1017 3357 1293 3415 utcunque
1321 3347 1497 3400 victor
1537 3342 1762 3398 Tuctais

175 3459 224 3502 et
248 3449 462 3500 multos
498 3446 760 3498 amiserat
783 3455 1030 3504 suorum,
1058 3446 1112 3492 et
1132 3439 1282 3506 regio
1301 3451 1464 3505 quam
1490 3433 1762 3488 vincendo

177 3538 523 3607 acquisierat
577 3541 790 3586 vastata
842 3530 1192 3595 desolataque
1220 3528 1274 3580 in
1323 3527 1546 3595 longum
1585 3525 1762 3578 adhuc

178 3641 396 3698 tempus
439 3635 587 3686 erat,
614 3653 683 3664 —
712 3622 890 3690 hujus,
946 3621 1194 3688 inquam,
1246 3617 1570 3671 invitatione
1617 3617 1762 3685 lega-

181 3723 344 3773 tionis
402 3715 728 3770 Michaelem
783 3711 851 3766 ad
895 3711 1187 3779 Bulgaros,
1233 3719 1394 3778 prout
1439 3707 1758 3777 poscebant,

178 3813 347 3864 misit.
389 3809 456 3860 Et
504 3805 755 3876 pervenit
781 3805 873 3858 ille
921 3803 1142 3872 quidem
1193 3802 1246 3854 in
1284 3798 1628 3869 Bulgariam:
1661 3813 1763 3851 cae-

179 3915 356 3954 terum
404 3899 554 3953 haud
597 3907 818 3966 paratas
853 3895 962 3949 illic
998 3910 1096 3964 pro
1130 3903 1256 3946 voto
1281 3907 1367 3945 res
1414 3893 1635 3960 reperit,
1676 3892 1760 3945 fa-

177 3996 360 4046 ctione
385 4007 516 4060 qua:
545 3990 696 4042 illum
737 3988 1066 4042 accersierat
1102 4000 1211 4039 non
1240 3984 1452 4038 valente
1484 3985 1538 4038 in
1572 3985 1758 4037 urbem

181 4087 387 4152 regiam
421 4096 551 4136 eum
601 4079 979 4133 introducere.
1033 4077 1214 4142 Quare
1253 4075 1477 4129 Michael
1521 4085 1762 4129 tantum-

181 4179 341 4229 modo
403 4189 612 4240 vagans
657 4182 812 4226 extra
846 4171 1154 4226 Tcruobum
1199 4172 1362 4224 vitam
1413 4171 1602 4240 agebat
1647 4185 1760 4223 non

183 4269 420 4319 multum
450 4267 661 4333 privata
692 4264 1002 4325 clariorem,
1035 4271 1184 4316 certe
1213 4277 1242 4314 a
1269 4259 1582 4330 principalis
1615 4257 1761 4310 fasti-

181 4360 252 4428 gii
299 4359 605 4426 Splendore
655 4356 947 4419 plurimum
998 4354 1340 4408 deiicientem
1391 4368 1454 4406 ac
1487 4351 1757 4420 majestuti

181 4451 342 4517 regia:
382 4448 611 4501 minime
660 4445 940 4507 decoram,
988 4460 1174 4498 rerum
1227 4445 1334 4498 illic
1370 4443 1542 4496 nihilo
1581 4444 1759 4498 secius

1863 1987 2116 2052 γιστᾶνες
2161 1985 2450 2054 Ῥωμαίων
2485 1987 2566 2047 είς
2610 1986 2738 2038 δέκα
2775 1988 2869 2038 καὶ
2914 1989 3062 2053 τρεῖς
3119 1986 3448 2056 ποσοὺμενοι

1862 2075 2178 2128 ἀπελύοντο.
2207 2077 2281 2128 Οὐ
2328 2078 2434 2145 μὴν
2455 2077 2508 2128 δὲ
2535 2079 2626 2129 καὶ
2662 2076 2952 2129 ἀπολαὸὼν
2983 2077 3074 2128 τὸν
3100 2079 3313 2146 πατέρα
3337 2079 3364 2128 ὁ
3390 2079 3448 2143 ἐξ

1862 2166 2027 2218 αὑτοῦ
2057 2166 2335 2236 βασιλικῆς
2368 2167 2526 2230 ἀξίας
2559 2168 2848 2236 ἐπέϐησεν,
2882 2168 3016 2220 ἀλλὰ
3054 2171 3154 2238 μιᾷ
3185 2169 3292 2220 τῶν
3323 2170 3447 2220 καθ’

1862 2259 2022 2311 αὑτὸν
2048 2259 2256 2310 πόλεων
2285 2259 2662 2328 περικλείσας,
2698 2259 2772 2319 ὡς
2819 2255 2952 2328 ἧκεν
3004 2261 3134 2327 ἡμῖν
3175 2261 3206 2329 ἡ
3241 2263 3446 2323 πίστις,

1862 2350 2229 2418 ἀπραγμόνως
2284 2348 2383 2419 ζῇν
2429 2350 2486 2401 ἑν
2537 2351 2767 2418 τρυφαῖς
2805 2349 2868 2417 δὴ
2905 2352 2998 2400 καὶ
3034 2350 3222 2416 μόναις
3269 2367 3442 2418 παρε-

1864 2445 2148 2494 σκευάκει.
2203 2441 2312 2495 Καὶ
2359 2442 2386 2494 ὁ
2436 2441 2533 2509 μὲν
2579 2441 3065 2508 Ὀσφεντεσθλασος
3100 2443 3292 2502 ταῦτα.
3350 2446 3446 2498 ἐπὶ

1861 2531 2032 2602 νηπία
2063 2533 2128 2600 τῇ
2162 2530 2346 2600 ἡλικία
2379 2533 2474 2582 καὶ
2510 2530 2842 2598 συνειρχθεὶς
2874 2534 2938 2600 τῇ
2973 2534 3146 2602 μητρὶ
3179 2533 3325 2585 κατὰ
3351 2533 3449 2584 Ni-

1863 2711 2192 2765 substitutus
2251 2724 2279 2762 a
2331 2710 2480 2779 Noga
2552 2710 2854 2779 transfuga:
2914 2713 2979 2765 ad
3055 2713 3446 2782 imperatorem

1862 2799 2105 2854 Ter-teri:
2148 2799 2244 2854 sed
2275 2801 2414 2853 solio
2466 2811 2712 2853 cesserat
2740 2801 2914 2853 Tzaca
2954 2804 3189 2870 primum
3239 2819 3446 2872 praeva-

1863 2894 2047 2957 lente;
2085 2907 2209 2946 mox
2256 2908 2283 2944 a
2320 2893 2742 2946 subiusinuante
2787 2907 2908 2946 sese
2957 2895 3447 2963 Ospheutisthlabo

1865 2983 2030 3044 initio
2059 2983 2279 3050 quidem
2333 2981 2541 3045 Tui-te,
2589 2983 2676 3037 cui
2713 2983 2960 3052 parebat,
3009 2987 3208 3053 gratia,
3253 2986 3449 3042 deinde

1862 3072 2068 3139 Opibus
2099 3072 2374 3126 dotaltbrts
2403 3073 2637 3125 conllata
2681 3074 2920 3127 factione
2957 3074 3188 3130 Tzacatn
3228 3093 3448 3147 quoque

1866 3163 2042 3232 ipsum
2099 3164 2418 3232 dejicieute.
2472 3164 2717 3217 funditus
2767 3181 2996 3220 eversus
3042 3179 3365 3238 amotusque
3413 3186 3446 3224 e

1866 3255 2044 3307 medio
2087 3255 2288 3307 fuerat.
2325 3254 2480 3307 lluuc
2506 3272 2634 3323 ergo
2667 3255 3104 3311 Radosthlabum
3149 3261 3447 3327 imperator

1865 3356 2154 3415 postquam
2181 3347 2247 3400 ad
2279 3363 2400 3401 sese
2434 3349 2841 3413 coul'ugientem
2875 3352 3182 3418 excepisset
3225 3356 3451 3408 honori-

1865 3439 1986 3500 ﬁce.
2036 3455 2100 3494 ac
2149 3441 2197 3494 ei
2246 3440 2799 3494 sebastocratoricam
2857 3444 3238 3498 conﬁrmasset
3297 3457 3450 3515 pote-

1867 3539 2086 3592 statem,
2122 3531 2378 3584 idoneum
2415 3539 2563 3584 ratus
2599 3531 2985 3600 promovendis
3018 3533 3294 3589 Michaelis
3317 3552 3444 3604 spe-

1863 3621 1987 3685 bus,
2017 3623 2226 3676 remisit
2259 3622 2666 3686 Thessalonica,
2689 3624 2780 3676 ubi
2805 3633 2936 3678 tunc
2961 3636 3098 3686 erat,
3126 3629 3178 3679 in
3211 3631 3439 3696 patriam

1863 3714 2022 3783 267
2069 3729 2193 3766 cum
2235 3717 2504 3777 exercitu,
2549 3716 2635 3767 cui
2675 3715 2841 3769 duces
2881 3717 3197 3782 praefecerat
3232 3720 3449 3788 aliquot

1863 3821 1893 3858 e
1926 3821 2026 3859 suo
2076 3806 2339 3860 comitatu
2383 3806 2718 3861 clarissimos
2766 3811 2937 3863 viros.
3001 3809 3097 3864 His
3132 3811 3440 3880 Bulgariam

1867 3897 2178 3961 petentibus
2211 3895 2423 3963 primus
2470 3898 2522 3948 in
2558 3898 2730 3952 armis
2779 3902 3028 3954 occurrit
3063 3903 3350 3959 Eltitneres
3377 3907 3442 3960 ad

1865 3987 2130 4048 Crttntttn,
2165 3987 2426 4054 peculiari
2455 3988 2576 4056 ejus
2613 3989 2810 4044 ditioni
2845 3993 3170 4060 subjectum,
3209 4006 3268 4051 ut
3301 3999 3450 4062 dixi,

1863 4077 2076 4141 locum;
2111 4079 2200 4132 ubi
2237 4079 2422 4147 przrlio
2451 4082 2750 4136 commisso
2793 4083 2929 4139 fuste
2981 4084 3241 4141 Romana:
3272 4092 3444 4158 copiae

1864 4176 1915 4220 et
1939 4171 2078 4236 capti
2104 4168 2274 4223 duces
2299 4179 2446 4225 sunt.
2469 4172 2535 4224 At
2553 4171 2988 4228 Badosthlabum
3015 4179 3238 4245 quidem
3267 4183 3441 4238 victor

1864 4256 2153 4312 Eltimeres
2182 4271 2510 4314 excecatum
2546 4263 2612 4316 ad
2656 4263 2832 4331 ipsius
2876 4281 3104 4320 uxorem
3149 4269 3442 4326 Thessalo-

1866 4351 2002 4402 nica:
2035 4351 2086 4403 iu
2135 4351 2384 4420 digressu
2432 4353 2502 4406 ab
2536 4355 2865 4422 imperatore
2907 4359 3152 4413 relictam
3190 4365 3438 4419 remisit:

1866 4457 2120 4510 proceres
2157 4457 2285 4495 vero
2335 4441 2615 4498 Romanos
2644 4456 2761 4500 tuto
2801 4451 3022 4502 curavit
3061 4453 3443 4518 perducendos

181 4542 430 4607 potiente
458 4534 986 4604 Osphentisthlabo;
1033 4533 1121 4587 cui
1161 4543 1214 4586 et
1245 4544 1370 4602 post
1396 4545 1609 4600 tempus
1635 4532 1759 4584 inde
1788 4548 1842 4610 ι)
1867 4533 1930 4583 ad
1967 4529 2530 4598 Osphentisthlabum,
2579 4537 2670 4602 qui
2726 4536 2828 4591 hos
2868 4555 2976 4592 nou
3029 4541 3184 4608 prius
3238 4544 3445 4599 dimisit

182 4627 408 4698 aliquod
445 4626 679 4694 contigit
725 4624 993 4678 redimere
1029 4622 1310 4678 Terterem
1347 4631 1552 4692 patrem
1587 4623 1760 4690 capti-

183 4737 310 4774 vum
357 4720 431 4791 ab
466 4719 800 4786 imperatore
835 4716 1142 4778 detentum,
1196 4716 1595 4785 permutatione
1627 4713 1764 4767 ntul-

184 4823 368 4866 toxum
422 4826 457 4864 e
504 4809 766 4880 palatinis
811 4807 1064 4875 Augusti,
1115 4807 1210 4873 qui
1261 4811 1314 4860 in
1363 4806 1484 4874 ejus
1530 4813 1765 4873 potesta-

185 4913 292 4958 tem
323 4913 599 4958 venerant
626 4915 756 4954 casu
787 4900 1022 4968 quodam
1055 4897 1143 4951 hic
1179 4897 1421 4951 breviter
1455 4895 1761 4950 referendo.

181 4994 598 5050 Badostblabus
630 5001 750 5044 erat
776 4991 1000 5060 quidam
1038 4989 1370 5058 perillustris
1403 4989 1547 5040 inter
1570 4987 1765 5057 Bulga—

185 5103 276 5140 ros
317 5097 437 5140 tum
473 5084 742 5151 dignitate
787 5081 1250 5135 sebastocratoris
1282 5095 1388 5148 qua
1423 5081 1476 5131 in
1508 5077 1763 5148 B'ulgaria

186 5174 591 5232 honorabatur,
646 5181 762 5225 tum
812 5173 1099 5226 nobilitate
1153 5171 1374 5224 familia:
1439 5169 1600 5222 facile
1653 5170 1764 5222 illic

186 5271 374 5337 prima:
409 5267 679 5319 omnium.
712 5262 846 5317 Nam
905 5263 1157 5329 Smiltzo,
1201 5262 1656 5316 numerosissima
1709 5261 1762 5313 iu

185 5363 278 5413 illo
306 5372 478 5427 regno
519 5357 843 5425 cognatione
869 5355 1096 5424 inclyto,
1122 5355 1313 5408 intima
1341 5369 1463 5406 cum
1492 5354 1766 5421 plerisque

185 5463 476 5518 procerum
518 5446 698 5514 gentis
743 5447 1072 5514 cognatione
1106 5444 1608 5506 admovebatur;et
1636 5443 1767 5496 Elti-

185 5554 351 5593 mere
381 5538 558 5592 Cruni
586 5537 832 5605 despotrc
858 5551 1102 5590 sororem
1116 5536 1188 5589 'in
1225 5536 1574 5587 matrimonio
1603 5535 1760 5587 hahe-

187 5632 297 5694 bat,
323 5631 488 5698 cujus
512 5626 783 5682 Eltintera:
814 5642 1124 5696 germanam
1148 5629 1372 5680 alteram
1389 5628 1502 5694 ipse
1522 5642 1612 5679 rex
1639 5624 1768 5685 Ter-

186 5735 328 5778 teres
353 5736 585 5774 uxorem
631 5720 879 5774 duxerat.
918 5718 1086 5772 Porro
1111 5717 1371 5772 Smiltzus
1413 5720 1515 5772 iste
1541 5735 1764 5788 regnum

187 5817 549 5878 lLl-gamrum
590 5816 750 5882 paulo
784 5823 906 5867 ante
932 5815 1264 5878 obtinuerat,
1300 5813 1350 5864 in
1375 5827 1438 5864 co
1459 5812 1764 5880 principatu

1865 4638 2023 4691 quam
2049 4637 2146 4691 pro
2169 4624 2237 4676 iis
2262 4624 2555 4679 liberatum
2582 4628 2649 4682 ab
2681 4629 3011 4698 imperatore
3042 4642 3248 4700 patrem
3277 4651 3440 4690 suum

1867 4713 2488 4781 recepissetTcrterem.
2516 4717 2572 4771 lu
2599 4719 2743 4772 hunc
2769 4723 2989 4776 modum
3013 4724 3142 4778 hinc
3164 4726 3442 4793 Terteres,

1835 4799 1992 4856 ’inde
2033 4801 2264 4857 Romani
2313 4807 2588 4875 principes
2641 4826 2871 4864 numero
2917 4813 3202 4876 tredecim,
3253 4828 3444 4871 mutua

1867 4895 2296 4948 commutatione
2322 4897 2531 4950 liberati
2557 4900 2745 4966 patriae
2765 4901 2996 4956 invicem
3033 4906 3268 4958 restituti
3289 4917 3440 4962 sunt.

1866 4986 1934 5036 At
1981 5001 2086 5039 non
2125 4985 2381 5043 Terteres
2427 4991 2648 5058 quidem
2711 5009 2913 5063 regno,
2960 5011 3082 5050 nam
3119 4997 3442 5066 Ospheutis—

1868 5076 2109 5139 thlabus,
2136 5081 2291 5148 quasi
2339 5081 2499 5148 plene
2533 5081 2829 5138 delunctus
2875 5089 3023 5140 omni
3051 5102 3178 5156 erga
3224 5099 3442 5159 patrem

1868 5170 2084 5238 pietatis
2133 5171 2312 5225 ollicio
2347 5172 2524 5240 ipsius
2556 5175 2795 5229 vinculis
2840 5181 3180 5246 rumpendis,
3214 5197 3448 5238 necesse

1868 5260 2003 5312 nihil
2051 5263 2262 5327 putavit
2325 5276 2520 5316 rursus
2567 5279 2690 5318 eum
2738 5267 2842 5319 sibi
2907 5268 3128 5336 dempto
3186 5270 3446 5326 redimire

1866 5351 2191 5414 diademate,
2230 5353 2349 5415 sed,
2385 5369 2652 5424 quantum
2695 5357 2762 5411 ad
2802 5375 2904 5414 nos
2932 5372 3077 5415 certa
3111 5363 3261 5417 illinc
3291 5363 3440 5418 fama

1867 5444 2139 5510 perlatum
2181 5454 2284 5508 est,
2339 5462 2506 5500 unam
2548 5449 2595 5502 ei
2641 5450 2920 5506 civitatem
2967 5455 3290 5521 assignavit,
3345 5459 3436 5511 ubi

1867 5537 2091 5603 quantis
2114 5537 2271 5590 vellet
2297 5540 2670 5594 circumﬂuam
2697 5543 2929 5608 deliciis,
2971 5545 3132 5599 modo
3170 5548 3435 5616 privatam

1868 5637 1921 5682 et
1959 5630 2025 5681 ab
2055 5630 2202 5682 omni
2235 5645 2418 5685 rerum
2451 5633 2927 5689 administratione
2961 5637 3233 5702 feriatam,
3273 5643 3441 5696 vitam

1869 5721 2110 5775 duceret.
2173 5723 2263 5778 Sic
2321 5741 2547 5794 regnare
2603 5730 2845 5794 perrexit
2890 5729 3440 5798 Osphcntisthlnbus.

1872 5817 2027 5884 cujus
2069 5805 2562 5890 quomodot'unqttc
2593 5822 2753 5876 illata:
2787 5823 3046 5878 molitioni
3095 5842 3201 5882 non
3231 5828 3444 5882 Ineunt-
