4182 6436
770 400 872 460 Titi-'3

1982 392 2301 453 GEORGH
2348 391 2832 452 PACHYMERE

3920 383 4031 446 36$

767 514 1003 583 πρέπειν
1068 512 1218 579 ξὶεγε
1268 511 1378 572 τοῖς
1436 508 1691 578 μεγέθεσι
1754 507 1997 577 στοργὴνΔ
2050 508 2187 575 πρὸς
2251 507 2348 567 τὰς
2377 505 2422 563 Α
2452 508 2629 579 κράὶῃ
2672 508 3084 576 παρακεκίνητο
3132 505 3352 576 φελτρα,
3396 503 3491 557 καὶ
3523 501 3660 562 ὅλως
3702 494 3769 570 ἦν
3823 500 4036 556 helvo;

770 605 1120 665 συνοικούσας
1154 602 1554 672 ἀμετακίνητον
1606 601 1693 673 μ’.
1728 600 1853 671 186]
1893 601 2093 668 μᾶλλον
2129 601 2163 669 ἢ
2195 600 2353 652 εὐκοὲ

766 697 892 750 λίαν
921 699 1054 764 πρὸς
1083 694 1460 765 ἀλλοτρίωσιν.
1512 695 1702 762 Ὅμως
1727 693 1769 744 δ’
1794 694 1916 745 ἐπεὶ
1966 693 2028 745 ού
2078 690 2239 761 μέλον
2286 688 2354 761 ἦν

768 790 941 857 ταύτῃ
989 787 1083 840 τοῦ
1114 788 1587 854 συναλλάγματος,
1617 787 1678 840 τὸ
1712 786 1850 856 πρὸς
1896 786 1994 848 τὰς
2023 784 2115 838 ἐπ’
2144 785 2355 848 ἀδόξοις

775 880 1105 945 ἀναμνήσεις
1139 876 1469 939 ἀταμίευτον
1500 875 1649 945 ἔχειν
1686 876 1785 943 τὴν
1817 872 2133 944 παρρησίαν
2163 890 2354 943 περισ-

778 972 870 1022 σὸν
909 969 1112 1037 ἔκρινε,
1143 972 1236 1020 καὶ
1264 969 1443 1035 ἐσίγα.

776 1079 876 1134 ὶα’.
908 1080 1047 1147 Περὶ
1078 1074 1364 1144 τοῦνπρός
1393 1077 1628 1145 κράλην
1663 1079 1909 1146 Σερόίας
1943 1076 2039 1129 ἐπὶ
2076 1075 2151 1144 τῇ
2181 1079 2357 1146 θυγα-

1144 1150 1232 1216 τρὶ
1266 1148 1494 1215 κήδους
1523 1148 1630 1201 τοῦ
1654 1149 1987 1212 βασιλέως.

862 1243 1161 1309 ’Λπογνοὺς
1208 1240 1253 1294 δ’
1300 1242 1510 1293 ἐκεῖθεν
1561 1242 1589 1293 ὁ
1641 1241 1897 1310 βασιλεὺς
1946 1240 2047 1308 τῆς
2099 1228 2237 1307 μετὰ
2290 1243 2355 1309 τῇ

773 1333 979 1402 ἀδελφῇ
1028 1333 1251 1402 πείρας,
1309 1334 1399 1383 τὶν
1432 1331 1642 1401 κράλην
1689 1330 1924 1399 Σερόίας
1968 1328 2287 1399 ἀδοξότερον
2322 1330 2355 1398 ἢ

777 1429 914 1496 πρὸς
954 1428 1270 1496 οἰκειότητα
1301 1426 1399 1493 τὴν
1430 1424 1489 1489 ἐξ
1522 1425 1657 1488 ἰδίας
1703 1425 1969 1495 θυγατρὸς
2001 1424 2205 1493 ἔκρινε,
2242 1424 2360 1492 μεε-

778 1521 907 1581 ζονα
935 1520 979 1571 δ’
1014 1515 1171 1580 αὖθις
1205 1518 1237 1588 ἢ
1274 1517 1763 1585 καταφρονεῖσθαι.
1816 1516 1914 1569 Διά
1947 1515 2103 1567 τοίτο
2134 1517 2228 1567 καὶ
2268 1516 2362 1567 τδν

780 1613 974 1681 καιρὸν
1026 1612 1121 1680 τῷ·
1149 1611 1452 1675 ἐλλείποντι
1497 1609 1809 1679 προστιθεὶς
1858 1608 2156 1678 ἀξιώτερον
2188 1608 2360 1661 ἐποίει

786 1704 917 1772 πρὸς
973 1704 1070 1773 τὴν
1139 1704 1233 1755 ἐπὶ
1293 1703 1529 1771 θυγατρὶ
1584 1701 1870 1767 συζυγίαν.
1922 1697 2031 1752 Ἦν
2086 1700 2177 1753 οὖν
2219 1700 2359 1751 πάνυ

779 1798 997 1846 ἀστεῖον
1022 1793 1183 1846 τοῦτο
1210 1794 1271 1845 τὸ
1300 1792 1623 1861 θυγάτριον,
1650 1791 1805 1844 οὔπω
1836 1792 1926 1843 τον
1951 1791 2113 1843 ἕκτον
2146 1789 2360 1860 παραλ-

780 1886 971 1937 λάττον
1002 1885 1273 1948 ἐνιαυτὸν,
1314 1883 1598 1951 ἀγαπητὸν
1626 1882 1727 1950 μὲν
1765 1881 1967 1947 ἐαυτῷ,
2001 1880 2288 1949 ἀγαπητὸν
2316 1881 2362 1932 δ’

780 1979 1026 2039 ἐκτόπως
1068 1977 1161 2028 καὶ
1190 1979 1256 2045 τῇ
1291 1975 1482 2044 μητρί.
1522 1974 1649 2026 Ἐπὶ
1688 1973 1864 2042 τούτῳ
1893 1974 1954 2025 τὸ
1994 1972 2156 2041 κῆδος
2194 1971 2365 2042 ἠϐού-

781 2069 904 2118 λετο
932 2066 1215 2134 συνεστᾷν,
1244 2067 1303 2116 οὐ
1337 2063 1479 2117 κατά
1505 2056 1697 2133 χρεῖαν
1732 2062 1940 2130 μᾶλλον
1980 2062 2012 2131 ἦ
2048 2062 2169 2114 κατ’
2196 2062 2365 2128 ἀνάγ-

782 2177 905 2226 κην.
952 2157 1091 2225 Ἤδη
1152 2157 1251 2225 μὲν
1304 2150 1397 2207 οὖν
1450 2155 1518 2206 τὰ
1572 2152 1707 2223 πρὸς
1755 2152 1853 2223 τὴν
1898 2151 2252 2206 συνοικοῦσαν
2291 2152 2367 2221 τῷ

784 2351 1007 2402 rentur.
1058 2347 1377 2408 compertus
1421 2352 1548 2392 reus
1588 2335 1806 2390 violatze
1852 2334 2158 2405 conjngaiis
2189 2335 2310 2390 ﬁdei
2348 2354 2363 2390 :

783 2450 909 2487 cum
965 2442 1147 2486 tamen
1202 2431 1371 2497 magis
1409 2430 1576 2484 etiam
1617 2443 1844 2499 magnas
1884 2444 2148 2497 personas
2202 2445 2364 2498 quam

783 2526 965 2593 capita
1012 2522 1262 2592 vulgaria
1314 2522 1511 2577 decere
1564 2520 1850 2575 videretur
1900 2519 2261 2575 immutabilis
2309 2520 2366 2575 in

784 2632 1023 2671 uxorum
1060 2630 1245 2669 amore
1293 2612 1628 2668 constantia.
1674 2611 2001 2682 Quanquam
2038 2613 2367 2682 exceptione

785 2709 1053 2779 peculiari
1088 2708 1420 2763 submovere
1450 2720 1609 2773 quem
1648 2703 1915 2761 offerrent
1947 2719 2236 2774 sponsum,
2269 2720 2368 2761 su-

785 2817 1190 2873 pervacaneum
1246 2814 1373 2855 esse
1407 2799 1509 2854 sibi
1547 2799 1789 2869 quidem,
1822 2813 1943 2868 quae
1977 2797 2145 2852 semel
2192 2810 2366 2867 spon-

788 2905 902 2959 sos,
974 2893 1394 2964 cujusquemodi
1472 2891 1675 2956 iorem,
1744 2907 1934 2946 omnes
2020 2889 2368 2945 irrevocabili

787 2989 1072 3060 pmposito
1102 2987 1345 3042 colenda:
1371 3000 1547 3055 usque
1586 2986 1653 3039 ad
1691 2985 1946 3039 ultimum
1995 2984 2252 3054 spiritum
2289 2982 2371 3035 vi-

787 3081 1017 3137 duitatis
1050 3081 1385 3135 abdicasset.

789 3201 878 3255 3|.
916 3199 985 3253 L't
1018 3201 1303 3267 imperator
1334 3196 1469 3248 crali
1501 3194 1706 3267 Serbia:
1731 3196 2004 3263 propriam
2066 3194 2238 3262 ﬁliam
2282 3194 2372 3247 de-
2400 3197 2445 3255 C

1446 3265 1715 3335 sponderi!
1725 3302 1738 3318 .

865 3360 941 3415 Ea
978 3359 1188 3415 sororis
1218 3357 1405 3413 audita
1434 3356 1691 3413 oratione
1716 3356 2026 3425 imperator
2069 3356 2229 3424 plane
2253 3355 2367 3426 jam

792 3453 1123 3524 desperans,
1159 3465 1321 3520 quam
1357 3463 1466 3502 non
1504 3447 1698 3500 utilem
1732 3445 1934 3511 solum,
1956 3445 2053 3500 sed
2101 3453 2156 3499 et
2186 3460 2379 3501 neces-

795 3546 1003 3600 sariam
1036 3543 1205 3598 rcbus
1247 3542 1363 3596 suis
1392 3539 1649 3603 ducebat,
1686 3553 1813 3592 cum
1847 3538 2017 3593 Scrho
2058 3537 2376 3593 aﬂinitatem

793 3654 891 3708 per
937 3634 1239 3690 Eudociam
1294 3648 1458 3703 posse
1500 3630 1820 3693 succedere,
1860 3630 2121 3701 cogitavit
2160 3630 2228 3685 de
2286 3630 2378 3685 illa

796 3727 1138 3781 conﬁcienda
1199 3740 1294 3793 per
1346 3722 1612 3787 ﬁliolam,
1663 3736 1828 3792 quam
1882 3721 2117 3775 habebat
2174 3722 2379 3791 oppido

798 3818 1084 3885 festivam,
1125 3816 1369 3871 nondum
1403 3813 1632 3871 sexenni
1685 3812 1975 3882 majorem.
2034 3811 2136 3866 sibi
2175 3812 2385 3880 pariter

800 3922 854 3965 ct
892 3911 1054 3964 matri
1114 3909 1278 3979 longe
1333 3905 1741 3962 charissimam.
1774 3905 1853 3958 Ac
1887 3902 2106 3958 videbat
2138 3902 2231 3958 ille
2260 3903 2387 3971 qui-

798 4002 923 4055 dem
965 3999 1109 4053 haud
1136 4013 1259 4053 esse
1284 3997 1431 4051 hunc
1460 3996 1776 4067 dynastam.
1807 3994 1987 4063 gentis
2010 4008 2117 4047 non
2148 3992 2386 4049 maxime

798 4091 1137 4161 conspicuae,
1169 4089 1456 4158 dignitatis
1482 4086 1712 4142 omnino
1752 4086 2045 4153 adaequant:
2096 4083 2164 4138 ad
2210 4084 2386 4140 bono-

802 4200 919 4239 rcm
979 4183 1299 4252 nuptiarum
1358 4194 1484 4236 cum
1546 4179 1654 4233 lilia
1710 4178 1953 4249 legitima
2029 4177 2385 4248 imperatoris

801 4273 1062 4343 Romani,
1117 4272 1418 4344 praesertim
1457 4270 1620 4326 unica
1667 4287 1681 4324 :
1719 4278 1902 4325 tamen
1936 4268 2083 4339 quod
2121 4269 2169 4324 ei
2203 4268 2391 4324 deerat

810 4366 876 4419 ad
924 4367 1029 4421 hoc
1068 4363 1249 4419 meriti
1299 4379 1330 4417 e
1373 4360 1597 4432 proprio
1650 4360 1970 4431 splendore,
2023 4358 2389 4429 supplendum

806 4473 867 4510 ac
901 4453 1379 4526 compensandum
1414 4453 1743 4508 existimans
1799 4467 1899 4522 spe
1954 4450 2083 4506 inde
2143 4450 2390 4505 secuturi

2457 600 2555 666 τῆς
2600 600 2692 651 ἐπὶ
2722 598 2938 667 βασιλεῖ
2988 599 3227 659 πίστεως
3247 614 3262 629 ο
3294 597 3355 649 τὸ
3401 596 3449 649 δ’
3473 594 3569 648 ἐπὶ
3614 593 3825 659 ταύτην
3854 591 4035 643 cllum

2458 690 2657 758 σμένον
2692 690 3083 759 παλινδρομεῖν
3121 691 3179 755 ἐξ
3229 687 3552 749 ἀσυνθεσίας
3607 684 3785 738 δεινὸν
3833 680 3901 753 ἦν
3940 684 4040 735 καὶ

2460 784 2623 853 μόνον
2648 782 3123 853 κατανοούμενονο
3179 781 3475 834 ἐκλύεσθαι
3528 779 3638 849 γὰρ
3702 773 3919 845 ἀνάγκη
3977 774 4042 827 τδ

2457 878 2740 947 πρόθυμον
2768 876 3097 947 ἀποτυχόντι
3131 876 3243 928 τῶν
3272 873 3556 941 ἑλπισμῶν
3588 872 3683 924 καὶ
3718 868 4043 923 τούντεῦθεν

2457 970 2767 1040 ἐχθραίνειν
2800 971 3002 1038 μᾶλλον
3046 969 3453 1031 ὑποκνισθέντι,
3481 965 3743 1035 καὶπρὸς
3768 963 3836 1016 τὰ
3867 961 4047 1032 μείζω

2462 1060 2537 1128 μὴ
2572 1059 2947 1128 εὖοδούμενον.
2985 1059 3173 1112 Ταῦτα
3208 1062 3309 1129 τὴν
3342 1058 3610 1125 βασιλέως
3644 1055 3865 1109 ἔπειθον
3895 1051 4047 1119 γνὼ-

2463 1169 2570 1220 μην
2628 1152 2723 1203 καὶ
2758 1152 2907 1223 παρᾶ
2963 1153 3025 1204 τὸ
3056 1151 3201 1213 εἰκὸς
3239 1150 3304 1221 [P
3346 1148 3471 1221 18η
3524 1144 4041 1216 πραγματεύεσθαι.

2461 1244 2571 1294 Καὶ
2604 1241 2667 1311 δὴ
2697 1243 2817 1295 ὅλον
2863 1242 3162 1297 οἰκειοῦται
3194 1242 3283 1296 διὰ
3334 1241 3639 1311 πρεσϐείας
3672 1240 3765 1291 τδν
3810 1236 4048 1305 κρὰλην,

2466 1334 2709 1403 μαθόντα
2744 1334 2845 1402 τὴν
2873 1334 2966 1387 ἐπὶ
3005 1334 3236 1402 θυγατρῖ
3269 1334 3390 1387 ἀντὶ
3417 1336 3517 1401 τῆς
3559 1330 3799 1400 ἀδελφῆς
3824 1329 3919 1381 τοῦ
3950 1330 4054 1398 βα-

2465 1425 2660 1485 σιλέως
2694 1425 3020 1491 συγγένειαν
3042 1441 3056 1455 ο
3092 1427 3187 1476 καὶ
3216 1426 3375 1494 ὅρκοι
3403 1423 3463 1475 τὸ
3487 1422 3676 1475 λοιπὸν
3712 1418 4055 1488 προύϐαινον

2463 1519 2555 1569 ἐπὶ
2589 1517 2804 1581 τούτοις
2848 1518 2943 1571 καὶ
2979 1518 3283 1581 συνθεσίαι,
3330 1518 3426 1571 καὶ
3458 1519 3493 1587 ἡ
3529 1516 3863 1575 δεσπόσυνος
3910 1514 4056 1583 κρά-

2463 1610 2623 1663 ὶαινα
2648 1609 3004 1678 ἐπικέκλητο.
3035 1612 3214 1664 Μόνον
3241 1610 3288 1662 δ’
3315 1605 3383 1679 ἦν
3409 1611 3657 1679 ἀπαντᾷν
3678 1606 3867 1661 λοιπὸν
3901 1606 4055 1660 κατά

2463 1700 2561 1768 τὴν
2586 1698 2879 1751 Θεσσαλῶν
2918 1700 3254 1769 μητρόπολιν
3287 1699 3532 1769 βασιλέα,
3556 1699 3632 1762 ὡς
3655 1696 4059 1768 διαπρεσῦευο-

2471 1794 2654 1859 μένοις
2688 1791 2989 1856 συνέκειτο,
3022 1794 3118 1842 καὶ
3146 1792 3321 1855 οὕτως
3346 1791 3524 1843 ἐλθεῖν
3557 1790 3790 1859 κράλην,
3824 1788 3921 1842 καὶ
3950 1786 4059 1857 τὴν

2466 1881 2561 1935 τοῦ
2588 1883 2835 1953 Τερτερῆ
2874 1884 2975 1951 μὲν
3026 1884 3385 1938 ἀποστέλλειν
3419 1884 3495 1953 τῷ
3526 1883 3759 1951 βασιλεῖ,
3802 1880 4061 1952 προδιδό-

2469 1989 2560 2025 ναι
2599 1973 2655 2026 δὲ
2687 1975 2783 2026 καὶ
2816 1976 2909 2026 τὸν
2960 1975 3322 2045 Κοτανιτζην,
3375 1976 3678 2045 λαμόἀνειν
3710 1974 3767 2026 δὲ
3819 1974 3922 2043 τὴν
3953 1972 4057 2025 τοῦ

2471 2064 2735 2134 βασιλέως
2767 2069 3019 2134 γνησίαν,
3043 2067 3111 2136 ἣν
3131 2068 3196 2136 δὴ
3223 2068 3318 2120 καὶ
3341 2068 3616 2135 Σιμωνίόα
3636 2064 4059 2135 ἐκυριωνύμουν

2479 2157 2764 2226 Ῥωμαῖοι,
2802 2160 2900 2210 καὶ
2951 2158 3127 2222 οὕτως
3158 2161 3296 2229 αὐτῇ
3333 2158 3710 2226 συιόικοῦντα,
3766 2158 3906 2228 πλὴν
3956 2158 4059 2210 τον

2472 2339 2679 2409 pacisci
2720 2340 3158 2397 constantissimi
3186 2341 3297 2409 jam
3332 2342 3385 2397 in
3424 2343 3766 2413 designatum
3797 2355 4061 2396 socerum

2469 2435 2776 2502 Angustum
2811 2435 3058 2503 obsequii
3094 2433 3379 2499 dubitans,
3418 2446 3588 2490 totum
3622 2451 3682 2490 se
3735 2433 3971 2489 addebat
4000 2436 4062 2488 in

2471 2534 2703 2579 conatus
2730 2526 3122 2594 persnadenda:
3164 2544 3278 2583 sure
3318 2528 3707 2584 addictissimae
3734 2527 4062 2597 imperatori

2472 2615 2792 2678 voluntatis,
2823 2615 3157 2672 inviolabilis
3192 2618 3247 2671 iu
3284 2618 3388 2672 [ide
3411 2620 3829 2688 perseverantia
3865 2632 4059 2686 quan-

2472 2708 2543 2763 tis
2573 2723 2709 2776 opus
2738 2709 3014 2763 videretur
3048 2711 3367 2780 pignoribus
3397 2710 3699 2765 ﬁrmandae.
3749 2710 3916 2779 276
3948 2706 4065 2761 Ta-

2473 2800 2604 2854 lesa
2643 2802 2902 2870 principe
2930 2812 3197 2870 suspectae
3243 2802 3508 2856 hactenus
3553 2801 3789 2855 levitatis
3829 2800 4073 2869 ingemi-

2476 2891 2594 2946 nari
2638 2893 2740 2946 sibi
2795 2893 3229 2947 contestationes
3280 2892 3670 2946 sincerissima:
3706 2900 3761 2946 et
3806 2891 3876 2945 ab
3907 2891 4070 2945 omni

2477 2984 2723 3053 periculo
2755 2984 3135 3040 instabiiitatis
3167 2984 3548 3039 remotissima:
3575 2984 3853 3039 ﬁdelitatis
3883 2983 4071 3037 liben-

2475 3085 2559 3130 ter
2603 3078 2863 3131 audiebat
2918 3077 3259 3147 imperator,
3313 3078 3493 3147 iisque
3550 3086 3612 3131 ut
3665 3079 3956 3140 crederet,
3992 3091 4072 3130 eo

2477 3167 2753 3223 eﬂicacius
2777 3168 3182 3234 adducebatur,
3218 3169 3365 3239 quod
3397 3169 3531 3223 satis
3563 3167 3903 3237 intelligebat
3937 3168 4075 3221 nul-

2481 3260 2586 3313 lam
2645 3261 2925 3315 undelibet
2986 3261 3174 3315 on‘erri
3237 3261 3414 3317 Serbo
3466 3276 3630 3331 posse
3685 3260 4074 3316 conditionem

2479 3359 2712 3417 tantam,
2757 3367 2879 3422 quae
2915 3353 3346 3423 praeponderans
3398 3353 3708 3408 commodis
3737 3368 3802 3407 ex
3828 3353 4080 3421 impera-

2481 3442 2623 3497 torio
2655 3443 3008 3496 matrimonio
3060 3445 3297 3512 speratis
3350 3445 3502 3499 illum
3530 3446 3753 3500 eliceret
3795 3445 3851 3498 in
3898 3445 4078 3497 ullam

2480 3533 2868 3603 cogitationem
2928 3536 3213 3599 novitatis,
3246 3550 3353 3606 qua
3399 3537 3832 3607 irreparahiliter
3861 3552 3921 3591 se
3948 3552 4082 3591 cor-

2487 3633 2776 3694 rupturum
2836 3633 2944 3679 tam
2982 3628 3192 3696 amplas
3241 3638 3295 3682 et
3345 3638 3524 3683 certas
3556 3642 3681 3697 spes
3711 3628 3937 3683 haberet
3963 3631 4089 3684 cvi-

2484 3716 2811 3772 deutissime
2868 3732 3240 3789 perspectum.
3303 3722 3485 3788 Quare
3552 3723 3656 3779 hoc
3743 3728 4086 3794 propensius

2483 3811 2738 3865 incubuit
2795 3812 2849 3865 in
2892 3812 3063 3877 istud,
3100 3822 3375 3882 utcunque
3428 3817 3544 3869 suis
3589 3833 3700 3872 non
3753 3832 3953 3873 carens
3986 3819 4085 3872 iu-

2487 3903 2813 3969 commodis,
2852 3906 3152 3961 consilium
3201 3908 3326 3963 talis
3379 3908 3582 3978 negotii
3630 3909 3882 3981 urgendi,
3920 3912 4086 3980 quod

2488 4006 2545 4053 et
2581 3995 2706 4050 fecit
2753 3996 3321 4054 honoriﬁcentissima
3346 4001 3531 4055 statim
3557 4000 3887 4056 destinanda
3917 4002 4088 4073 lega-

2489 4088 2637 4143 tione
2693 4087 2761 4142 ad
2808 4088 3030 4150 cralem.
3068 4105 3177 4159 qua
3236 4091 3403 4145 ﬁliam
3458 4090 3722 4147 oﬂ‘erebat
3784 4092 3839 4147 in
3889 4092 4087 4148 locum

2491 4181 2722 4246 sororis,
2757 4182 3201 4238 commendando
3233 4184 3399 4238 etiam
3431 4200 3527 4255 per
3557 4199 3617 4240 se
3653 4185 4088 4256 incomparabili

2492 4272 2738 4327 muneris
2776 4274 2978 4343 pretio,
3028 4282 3136 4327 tam
3197 4274 3413 4331 blandis
3462 4276 3752 4346 exquisitae
3782 4258 4092 4333 cbaritatis

2494 4364 2740 4427 indiciis,
2795 4374 2854 4419 ut
2905 4366 3305 4423 incredibiliter
3354 4369 3617 4425 delinitus
3676 4370 3747 4425 iis
3803 4370 4092 4425 barbarus

2496 4461 2683 4515 statim
2733 4460 2882 4515 ultro
2931 4460 3202 4529 iuraverit
3247 4471 3509 4516 aeternam
3559 4475 3688 4515 cum
3747 4461 4098 4529 imperatore

804 4548 1081 4604 commodi
1114 4546 1325 4617 publici
1357 4559 1423 4609 ac
1448 4553 1593 4599 metu
1621 4552 2010 4599 secuturorum
2042 4544 2098 4597 in
2128 4558 2387 4612 magnum
2415 4548 2469 4609 D
2495 4554 2843 4609 concordiam
2871 4570 2886 4620 ;
2948 4569 3012 4608 ex
3069 4567 3245 4622 eoque
3279 4554 3393 4624 jam
3450 4564 3699 4624 tempore
3728 4556 4096 4625 sponsalibus

803 4642 1195 4696 detrimentum
1249 4640 1325 4694 rei
1386 4636 1673 4701 Romanae,
1737 4636 1791 4698 ui
1849 4636 1933 4691 sic
1985 4643 2388 4698 averterentur,

805 4733 1053 4804 gravium
1085 4730 1378 4793 malorum,
1408 4729 1649 4798 denique
1682 4728 1737 4782 in
1782 4743 1902 4783 eam
1943 4738 2150 4797 partem
2183 4725 2392 4781 inﬂexit

808 4821 1131 4893 aliquandiu
1191 4821 1449 4876 libratam
1504 4818 1918 4874 deliberationis
1982 4819 2219 4882 lancem,
2254 4834 2392 4888 pra:-

808 4916 997 4970 sertim
1055 4928 1181 4968 cum
1241 4918 1519 4981 reputaret
1569 4909 1843 4966 defectum
1901 4911 2070 4965 istum
2135 4910 2189 4965 in
2247 4910 2395 4964 crale

815 5007 1080 5062 Slaritatis
1114 5020 1177 5061 ex
1229 5004 1349 5075 pari
1378 5004 1762 5075 respondentis
1802 5003 2078 5059 nobilitati
2126 5005 2393 5073 Augustae

818 5100 1065 5168 virginis,
1107 5100 1420 5153 necessaria
1472 5097 1542 5150 ob
1585 5095 1751 5165 hujus
1785 5096 2136 5151 immaturam
2187 5096 2398 5165 nuptiis

816 5199 1029 5246 aetatem
1089 5187 1422 5243 matrimonii
1460 5186 1721 5242 dilatione
1772 5187 1921 5242 velut
1986 5187 2265 5256 expiatum
2331 5200 2396 5241 ac

821 5281 1219 5351 quadamtenus
1276 5285 1566 5349 purgatum
1625 5279 1714 5343 iri,
1758 5277 1889 5331 dum
1942 5278 2153 5348 sperari
2210 5287 2400 5348 posset

738 5412 744 5417 η
819 5374 923 5428 ista
956 5386 1108 5427 mora
1160 5372 1308 5424 illum
1346 5368 1670 5423 armisnrum
1729 5369 2123 5425 commendare
2158 5384 2303 5435 sese,
2335 5384 2401 5425 ac

818 5464 1119 5533 majoribus
1168 5461 1406 5523 meritis,
1450 5460 1676 5530 dignum
1720 5460 1950 5516 reddere
1983 5471 2092 5516 tam
2146 5460 2400 5516 sublimis

814 5555 1138 5611 excellentia
1194 5552 1477 5609 connubii.
1520 5551 1627 5607 ista
1675 5554 1780 5608 sibi
1834 5553 2116 5624 proposita
2161 5555 2400 5609 secunda

817 5646 1155 5715 cogitatione
1202 5645 1555 5713 imperatoris
1608 5644 1931 5699 mirabiliter
1973 5644 2181 5699 exarsit
2225 5644 2403 5698 cralcs

818 5738 873 5791 in
925 5736 1253 5793 desiderium
1306 5748 1416 5791 tam
1458 5735 1685 5794 illustris
1738 5746 1795 5792 et
1844 5750 1969 5806 spes
2013 5745 2244 5805 votaque
2304 5752 2402 5790 sua

819 5828 1000 5899 priora
1023 5830 1338 5888 excedentis
1358 5843 1596 5899 sponsa,
1618 5844 1827 5901 proque
1850 5831 1944 5885 illa
1972 5830 2105 5884 ui’iil
2133 5830 2400 5884 continuo

2492 4638 2598 4694 rite
2630 4640 2906 4708 utrimque
2935 4640 3232 4710 stipulatis,
3260 4658 3383 4712 qua:
3420 4644 3570 4712 regia
3602 4643 3921 4714 virguncula
3959 4643 4097 4698 fue-

2493 4740 2580 4784 rat
2608 4740 2834 4786 eatenns
2882 4732 3213 4802 desposyna,
3264 4735 3369 4789 hoc
3399 4744 3483 4789 est
3510 4735 3910 4790 dominantium
3948 4735 4095 4801 lilia,

2493 4832 2709 4889 vocata,
2741 4824 2980 4878 cralzena
3028 4824 3157 4879 inde
3190 4841 3220 4879 a
3274 4827 3462 4895 sponsi
3493 4828 3764 4883 vocabulo
3798 4828 4094 4883 nominari

2496 4926 2677 4984 empta
2710 4920 2819 4970 est.
2845 4914 3149 4971 Restabant
3179 4917 3356 4972 solum
3383 4920 3723 4973 exsecutioni
3757 4919 4101 4975 mandanda:

2497 5006 2748 5075 concepti
2784 5006 3070 5078 juratique
3114 5009 3394 5078 utrimque
3442 5024 3472 5062 a
3507 5010 3702 5081 legatis
3736 5011 4102 5081 imperatoris

2497 5108 2553 5152 et
2580 5097 2747 5153 cralis
2792 5099 3143 5154 conditiones
3195 5100 3443 5156 foederis.
3482 5103 3586 5157 Per
3632 5105 3728 5158 has
3776 5113 3895 5159 erat
3956 5120 4104 5175 pro-

2502 5191 2731 5245 missum
2765 5191 2973 5245 iturum
3008 5193 3063 5246 in
3100 5193 3494 5250 Thessalorum
3529 5196 3873 5266 metropolim
3905 5196 4106 5268 impe-

2504 5289 2770 5341 ratorem,
2824 5294 3002 5349 eoque
3051 5297 3176 5337 mox
3229 5284 3296 5337 ad
3341 5284 3496 5339 illum
3535 5297 3823 5340 venturum
3851 5288 4105 5353 cratem,

2501 5369 2784 5439 premissa
2833 5371 2960 5441 ipsi,
3002 5387 3167 5441 quam
3214 5389 3364 5429 nunc
3403 5376 3522 5430 vice
3556 5376 3807 5446 conjugis
3836 5376 4109 5441 haberet,

2507 5461 2615 5515 illia
2644 5460 2887 5517 Terteris
2919 5480 2933 5529 ;
2969 5463 3281 5519 dediturum
3314 5466 3478 5521 etiam
3521 5468 3701 5523 cidem
3743 5468 4111 5537 Cotanizam,

2506 5568 2715 5623 proque
2768 5554 2877 5609 illis
2925 5555 3170 5611 vicissim
3216 5568 3571 5627 accepturum
3619 5559 3853 5630 Augusti
3898 5560 4113 5629 ﬁliam,

2505 5661 2669 5713 quam
2724 5644 3068 5701 S:monidem
3119 5650 3342 5720 proprio
3394 5648 3635 5707 Romani
3671 5653 3892 5707 nomine
3930 5669 4116 5709 voea-

2510 5738 2673 5801 bant;
2711 5752 2831 5791 eam
2892 5740 2947 5792 in
2994 5738 3163 5794 dumo
3208 5743 3379 5797 cralis
3433 5745 3773 5800 educandam
3815 5762 3999 5816 usque
4038 5752 4114 5804 ad

2511 5831 2748 5886 nubilem
2785 5840 2997 5887 tutati-nl
3028 5850 3040 5887 :
3077 5842 3240 5891 atoue
3290 5837 3466 5906 ipsum
3512 5839 3731 5893 interim
3771 5850 3823 5896 ct
3871 5858 3938 5895 cx
3969 5853 4118 5899 tunc
