4182 6436
165 390 268 450 309

1086 393 1183 452 DE
1221 393 1659 452 ANDRONICO
1690 391 2150 450 PALEOLOGO
2195 391 2343 450 LIB.
2373 391 2471 451 IV.

3324 379 3434 447 310

164 510 250 550 ται
281 500 444 567 μῖσος
473 499 538 567 τῇ
571 497 634 568 [Ρ
661 495 782 570 195]
824 497 1121 569 Ἐκκλησία
1145 501 1219 568 μὴ
1252 500 1498 567 ἀνάγκην
1538 496 1738 568 ἐχούσῃ
1771 503 1813 558 Α
1843 495 1987 549 κατά
2015 495 2106 550 τὸν
2156 496 2335 548 ἐκεῖσε
2368 493 2502 546 νεὼν
2538 491 2643 560 τῆς
2673 489 2843 561 μονῆς
2875 490 2969 544 τοῦ
3019 489 3295 562 Σωτηρος,
3326 493 3426 545 καὶ

166 585 480 658 καθ’λίεράς
518 588 741 650 τελετὰς
773 587 858 641 διὰ
891 589 990 658 τὴν
1022 590 1246 657 ἀμιξίαν
1297 589 1504 641 ἐκείνου
1549 589 1753 658 μιμνὴ⁴

167 681 425 745 σκεσθαι,
461 681 554 732 διὰ
583 679 754 733 ταῦτα
783 681 1003 751 θαρῥῶν
1033 675 1113 743 οἷς
1139 681 1431 748 ἐλογίζετο,
1463 680 1575 733 οὒτ’
1610 683 1752 734 ἐκοι-

165 770 323 823 νοῦτο
383 772 462 840 τῷ
513 774 829 843 πατριάρχῃ
856 772 954 841 τὴν
989 771 1189 842 πρᾶξιν
1235 774 1330 826 καὶ
1373 775 1519 835 ὅλαις
1552 775 1752 842 ὁρμαῖς

167 863 374 932 ἐχώρει
414 865 855 935 διαπραξόμενος
891 867 952 917 τὸ
986 865 1360 936 συνάλλαγμα.
1400 867 1753 934 Πατριάρχης

167 952 390 1016 δἀὗθις
415 955 766 1025 ὑϐριοπαθῶν
797 955 925 1017 ίσως
948 955 1457 1024 ὑπερφρονούμενος
1486 958 1546 1008 ἐν
1571 953 1752 1007 τοιού-

170 1065 277 1108 τοις
320 1041 406 1108 οἷς
439 1049 537 1100 καὶ
569 1048 772 1116 μᾶλλον
801 1048 907 1101 ἔδει
962 1049 1064 1117 τῆς
1099 1048 1263 1102 αὐτοῦ
1290 1047 1536 1116 γνώμης,
1579 1045 1752 1099 δοκῶν

169 1139 221 1190 δέ
253 1139 352 1191 καί
401 1156 454 1192 τι
491 1138 670 1207 λέγειν
721 1141 872 1204 ἀξιον
913 1143 992 1204 εἰς
1026 1142 1085 1194 τὺ
1121 1141 1216 1194 καὶ
1261 1140 1451 1194 ἐαυτὸν
1478 1139 1751 1193 δεικνύναι

172 1235 423 1300 μετεῖναι
449 1233 560 1285 τῶν
592 1231 848 1285 τοιούτων
881 1239 977 1302 οὐχ
1011 1229 1197 1305 ἦττον,
1219 1236 1395 1287 καίτοι
1427 1251 1487 1298 γε
1521 1234 1612 1286 καὶ
1645 1235 1753 1285 τῶν

169 1326 371 1392 ἐνοχῶν
394 1326 546 1388 ἀνεὶς
567 1328 667 1394 τὴν
694 1327 789 1380 τοῦ
812 1330 985 1397 κράλη
1023 1330 1237 1398 μητέρα
1275 1325 1591 1392 ἀξιώσασαν
1617 1328 1752 1397 πρό-

167 1433 327 1485 τερον
355 1417 445 1485 ἐφ’
476 1414 558 1480 οἷς
589 1418 679 1470 ἐπὶ
721 1423 783 1486 τῇ
835 1421 929 1472 τοῦ
982 1419 1230 1489 Τερτερῆ
1263 1420 1520 1488 ἐνείχετο,
1554 1418 1754 1484 εὔλογα

167 1508 578 1572 λέγειν-ἐδόκει.
630 1511 717 1572 Ὠς
743 1509 923 1563 τοίνυν
963 1512 991 1564 ό
1024 1511 1277 1581 βασιλεὺς
1316 1511 1431 1581 ᾔδει
1479 1513 1561 1572 είς
1607 1511 1753 1562 τοῦτ’

167 1600 293 1652 ὄντα
322 1602 420 1652 τὸν
446 1602 823 1670 πατριάρχην,
853 1603 1062 1672 προῆγε
1091 1603 1281 1654 τοῦτον
1312 1606 1388 1664 είς
1425 1602 1752 1672 Σηλυϐρίαν,

165 1692 327 1753 αὐτὸς
363 1694 425 1742 ἐν
477 1692 706 1762 Δοιπεία
753 1693 846 1744 καὶ
894 1693 971 1744 ἔτι
1022 1694 1511 1762 παρακαθήμενος.
1559 1693 1648 1755 Ὠς
1698 1693 1754 1746 δέ

163 1784 258 1853 τῆς
287 1786 530 1854 πρώτης
550 1785 844 1854 ἑϐδομάδος
872 1787 1144 1852 ἐνστάσης
1173 1786 1280 1838 τῶν
1309 1785 1574 1856 νηστειῶν
1601 1787 1629 1838 ό
1654 1787 1753 1854 μὲν

165 1878 532 1948 πατριάρχης
563 1878 894 1931 καταλαϐὼν
931 1879 1027 1949 τὴν
1057 1879 1363 1949 Σηλυϐρίαν
1397 1882 1489 1931 καὶ
1531 1878 1755 1948 βασιλέα

163 1971 757 2040 προσαπεκδεχόμενος
768 1971 845 2041 τῷ
861 1973 996 2035 τέως
1018 1971 1281 2042 ἡσύχαζε,
1428 1972 1683 2041 βασιλεὺς
1697 1973 1755 2026 δὲ

165 2059 448 2126 σχολαίως
501 2061 644 2113 κατά
704 2063 902 2131 μικρὸν
962 2062 1232 2132 προσῄει,
1291 2063 1600 2134 Σηλυϐρίας
1653 2065 1749 2134 ὀψὲ

165 2150 458 2203 Σαϐϐάτου
495 2152 800 2207 ἐπέϐαινεν.
845 2153 910 2205 'H
958 2155 1081 2222 μετ’
1111 2157 1281 2224 αὐτὴν
1320 2157 1422 2224 μὲν
1463 2157 1559 2208 καὶ
1595 2158 1757 2209 ὑστε-

167 2244 295 2312 ραία
330 2245 386 2312 (ἡ
427 2242 472 2295 δ’
523 2239 590 2314 ἦν
631 2246 662 2313 ἡ
709 2245 808 2313 τῆς
847 2245 1156 2316 ὀρθοδοξίας
1191 2247 1403 2318 ἡμέρα.)
1438 2249 1752 2317 ἐφίσταται,

165 2336 260 2387 καὶ
287 2337 416 2388 τότε
457 2337 599 2404 μετὰ
633 2338 981 2408 μεσημϐρίαν
1013 2337 1134 2390 κατ’
1177 2338 1295 2402 ἔθος
1338 2344 1437 2410 τῆς
1487 2342 1638 2411 ἱερᾶς
1671 2359 1758 2394 τε-

163 2428 445 2497 λουμένης
510 2430 854 2497 λειτουργίας
914 2432 1231 2502 ἐπιμιγνύει
1293 2432 1370 2502 τῷ
1437 2435 1754 2508 πατριάρχῃ

167 2612 221 2659 et
272 2621 396 2659 rem
455 2615 617 2661 antea
669 2606 718 2662 ei
777 2610 1186 2665 communicare
1218 2611 1503 2676 omiserat,
1541 2619 1594 2665 et
1630 2617 1760 2664 titnc

170 2713 238 2750 ne
261 2699 330 2752 de
376 2699 465 2752 his
497 2714 804 2755 sermonem
839 2703 989 2769 prior
1018 2703 1270 2766 inferret,
1311 2704 1484 2757 vitare
1517 2703 1762 2758 occasio-

167 2802 294 2841 nem
331 2793 506 2845 otiosi
542 2805 664 2844 cum
693 2806 759 2845 eo
791 2793 1051 2862 colloquii
1081 2793 1313 2847 volebat.
1337 2794 1413 2846 Ac
1443 2802 1561 2846 erat
1593 2808 1756 2848 causa

169 2895 270 2934 cur
302 2881 496 2935 minus
528 2885 901 2937 necessarium
933 2886 1283 2939 existimaret
1307 2887 1606 2940 convenire
1631 2900 1756 2939 cum

170 2974 510 3040 praesidibus
567 2975 825 3031 Ecclesia:
881 2979 947 3033 de
991 2979 1157 3034 rebus
1193 2979 1355 3049 hujus
1402 2978 1605 3044 cralis,
1658 2979 1760 3048 dy-

168 3078 344 3120 nastae
406 3065 663 3122 videlicet
712 3071 859 3123 ritus
911 3084 940 3122 a
996 3069 1188 3125 Graeco
1236 3070 1548 3140 peregrini;
1599 3085 1758 3138 quem

169 3159 294 3211 ideo
348 3158 484 3212 licet
519 3161 863 3229 contingeret
920 3162 1032 3215 fieri
1084 3177 1346 3231 generum
1387 3163 1760 3231 imperatoris,

167 3250 220 3302 in
261 3250 458 3305 sacris
506 3249 704 3305 oﬂiciis
751 3254 1103 3307 memoraturi
1136 3254 1463 3307 nominatim
1501 3255 1763 3308 ecclesia-

166 3340 291 3391 stici
329 3354 447 3392 non
481 3337 683 3403 forent,
717 3354 784 3392 ex
821 3356 928 3408 quo
959 3349 1080 3395 erat
1121 3357 1491 3411 consequens,
1525 3344 1571 3398 si
1619 3345 1764 3398 forte

165 3433 246 3486 vel
272 3448 338 3485 ea
375 3431 470 3485 ille
499 3434 872 3488 commisisset
901 3436 982 3489 vel
1009 3437 1061 3489 in
1090 3445 1370 3504 posterum
1394 3438 1764 3497 conscisceret

164 3525 233 3577 ob
261 3539 394 3593 qua
421 3535 727 3578 mereretur
762 3529 1100 3583 anathemati
1145 3530 1368 3598 subjici,
1400 3531 1605 3583 nullam
1639 3532 1762 3585 inde

165 3619 268 3669 sibi
315 3617 445 3671 fore
485 3619 836 3672 occasionem
884 3620 1247 3676 erubescendi
1282 3638 1311 3676 e
1346 3622 1628 3692 conjuncti
1663 3626 1760 3678 ho-

165 3709 334 3762 minis
382 3709 689 3778 ignominia
750 3712 818 3764 ob
864 3712 1304 3779 praetereundam
1337 3721 1456 3767 tum
1485 3715 1661 3784 ipsius
1707 3717 1759 3768 in

163 3803 342 3856 sacris
402 3802 763 3854 mentionem.
821 3802 1038 3871 Alioqui
1095 3818 1264 3872 porro
1307 3805 1574 3862 utilitates
1621 3823 1762 3875 quas

162 3912 192 3949 e
225 3895 441 3949 fmdere
473 3909 600 3947 cum
638 3894 812 3949 Serbo
848 3906 1208 3963 proventuras
1250 3899 1570 3964 confideret,
1618 3901 1758 3953 tnala

163 4003 286 4057 qua:
336 4004 406 4042 ex
445 3998 840 4054 perseverante
876 3988 1109 4043 dissidio
1154 4000 1440 4054 metueret,
1472 3994 1606 4044 tanti
1639 4008 1761 4047 esse

165 4081 322 4134 ducet
349 4088 409 4132 at
447 4087 505 4131 ut
543 4081 834 4134 momentis
886 4092 994 4133 tam
1026 4081 1193 4148 justze
1236 4082 1365 4135 hinc
1404 4082 1714 4137 formidinis
1743 4126 1758 4150 ,

165 4184 272 4226 tam
311 4172 516 4240 amplae
567 4173 713 4226 illinc
749 4175 863 4239 spei
889 4213 902 4236 ,
944 4175 1095 4227 nulla
1145 4175 1572 4244 cujusquemodi
1610 4178 1760 4231 vide-

163 4279 361 4320 rentur
419 4266 472 4317 in
521 4266 866 4320 contrarium
931 4267 1150 4335 objecta
1210 4268 1638 4337 praeponderare
1673 4269 1760 4322 in-

165 4357 466 4412 commoda
504 4356 792 4411 deberent.
839 4355 1011 4412 Totus
1045 4372 1176 4426 ergo
1225 4358 1365 4411 fixus
1413 4358 1758 4412 Andronicus

166 4452 218 4500 in
251 4449 546 4517 proposito
576 4446 849 4502 afﬁnitatis
875 4450 1370 4518 quomodocunque
1432 4465 1555 4504 cum
1587 4450 1758 4504 Serbo

1854 591 1979 644 ὅσον
2033 586 2100 659 ἦν
2158 589 2358 659 ὁμιλεῖ.
2401 587 2484 658 [Ρ.
2520 585 2642 658 194]
2675 587 2790 640 Οὐκ
2842 583 2909 655 ἦν
2947 585 3003 639 δέ
3039 588 3258 646 πάντως
3306 585 3432 638 τότε

1856 684 2299 754 προσαναφέρειν
2354 680 2702 750 πατριάρχην
2749 679 2783 733 ἃ
2826 681 2890 746 δὴ
2923 679 3065 733 κατά
3097 678 3295 748 σχολὴν
3333 678 3433 748 τὴν

1856 774 2176 845 πρέπουσαν
2201 775 2371 826 κινεῖν
2398 771 2676 840 ἠϐούλετο,
2702 765 2777 825 ὧν
2796 768 2936 840 ἦσαν
2965 771 3056 824 δύο
3077 771 3144 822 τὰ
3175 771 3432 839 μέγιστα,

1855 865 1986 933 περὶ
2035 858 2111 916 ὧν
2139 863 2468 917 ἐσπουδάκει
2515 862 2678 915 πλέον
2728 861 3196 932 προσαναφέρειν,
3233 860 3291 912 ἐν
3335 860 3434 929 μέν

1857 956 1986 1024 περὶ
2009 953 2103 1006 τοῦ
2136 955 2554 1024 Ταρχανειώτου
2588 954 2838 1008 Ἰωάννου
2871 954 2974 1023 (ἔτι
3005 952 3133 1023 γάρ.
3159 952 3234 1016 ὡς
3260 951 3433 1020 ἐπέμ-

1855 1049 1986 1118 φθη.
2021 1049 2129 1100 τῶν
2182 1048 2279 1114 τῆς
2329 1047 2598 1115 ἀνατολῆς
2650 1046 2835 1118 μερῶν
2881 1045 3236 1116 ἡγεμόνευεν)
3269 1045 3344 1108 ὠς
3373 1045 3434 1097 οὐ

1855 1140 2065 1198 δίκαιον
2099 1138 2158 1191 ὃν
2189 1138 2362 1201 ἄλλως
2390 1139 2499 1191 οὐδ’
2524 1137 2748 1202 εὔλογον
2773 1137 2942 1207 ἀνδρα
2965 1139 3059 1208 τῆς
3105 1138 3435 1206 Ἐκκλησίας

1855 1231 2312 1302 ἀποσχιζόμενον,
2367 1232 2463 1284 καὶ
2515 1231 2685 1284 πολλά
2732 1231 2830 1284 σὺν
2882 1230 3065 1290 ἀλλοις
3121 1232 3214 1283 καὶ
3264 1228 3434 1284 αὐτοῦ

1855 1325 2196 1395 πατριάρχου
2249 1323 2498 1394 λιπαρῶς
2547 1321 2632 1390 ἐφ’
2669 1323 2860 1392 ὕϐρεσι
2905 1323 3344 1398 καθαπτόμενον,
3379 1324 3437 1373 ἐν

1856 1417 2035 1480 ἀξίαις
2069 1413 2208 1470 εἶναι
2256 1416 2544 1486 μεγίσταις
2595 1415 2894 1484 ἡγεμονίας
2929 1414 3023 1468 καὶ
3059 1414 3252 1483 ἀνέδην
3306 1430 3438 1466 κατ-

1856 1508 2180 1579 επαίρεσθαι
2210 1509 2316 1561 τῶν
2352 1507 2585 1571 πολλῶν,
2622 1507 2718 1558 καὶ
2751 1505 2953 1576 μᾶλλον
2984 1506 3093 1558 τῶν
3123 1508 3302 1559 ἐκεῖσε
3335 1508 3438 1575 ἀρ-

1856 1600 2104 1671 χιερέων,
2137 1599 2212 1661 ὡς
2242 1599 2418 1667 ἔλεγε,
2466 1598 2723 1666 δεύτερον
2755 1598 2810 1651 δὲ
2843 1599 2903 1651 τὸ
2936 1600 3064 1667 περὶ
3096 1597 3191 1651 τοῦ
3242 1598 3440 1651 συναλ-

1856 1695 2160 1764 λάγματος·
2201 1689 2339 1744 εἶναι
2371 1696 2481 1760 γάρ
2511 1690 2659 1761 αὐτῷ
2691 1691 2844 1744 πόλλ’
2872 1690 3006 1744 ἄττα
3041 1691 3108 1744 τὰ
3141 1689 3439 1760 προσιστά-

1860 1805 2019 1857 μενα,
2053 1785 2087 1840 ἀ
2121 1784 2186 1854 δὴ
2228 1786 2322 1837 καὶ
2353 1783 2558 1853 χρῆναι
2605 1783 2798 1852 σκέψει
2830 1782 3032 1836 διδόναι
3071 1784 3164 1836 καὶ
3199 1782 3343 1835 οὕτω
3376 1784 3437 1835 τὸ

1858 1879 2028 1950 φανὲν
2061 1879 2303 1945 ἀσφαλὲς
2354 1878 2445 1930 ὑπ’
2484 1877 2627 1930 alio!
2668 1876 2776 1929 τῶν
2823 1878 3004 1945 νόμων
3051 1879 3144 1928 καὶ
3173 1877 3467 1944 διαπράτ-.

1857 1975 2067 2027 τεσθαι.
2124 1972 2342 2026 Τούτων
2372 1970 2543 2025 ὅντων
2592 1971 2671 2040 τῷ
2714 1971 3031 2042 πατριάρχῃ
3069 1970 3155 2022 διά
3208 1969 3436 2032 σκοποῦ,

1857 2065 1985 2118 ἐπεὶ
2021 2065 2088 2118 τά
2117 2065 2215 2134 τῆς
2250 2064 2406 2134 ἱερᾶς
2437 2063 2662 2130 τελετῆς
2689 2061 2841 2124 τέλος
2874 2057 2986 2130 εἶχε
3016 2062 3110 2113 καὶ
3144 2062 3244 2132 ήδη
3275 2062 3440 2113 άπαιο

1862 2175 1974 2228 ρειν
2007 2157 2220 2209 ἐκεῖθεν
2274 2158 2301 2208 ὁ
2337 2156 2590 2223 βασιλεὺς
2638 2155 2994 2224 ἡτοιμάζετο,
3044 2153 3162 2220 ἆμι
3212 2170 3268 2204 τε
3304 2151 3442 2219 ὀλίγ’

1858 2251 1993 2302 ἄττα
2032 2247 2110 2316 τῷ
2161 2247 2479 2316 πατριάρχῃ
2535 2244 2663 2314 περί
2707 2263 2811 2298 των
2858 2244 3128 2314 ὡμίλησε,
3183 2244 3276 2298 καὶ
3324 2242 3440 2312 ἅμα

1858 2341 2050 2410 ῶτπερ
2088 2339 2526 2407 ὑποτεμνόμενος
2553 2337 2680 2400 τοὺς
2726 2337 2915 2402 λόγους
2944 2336 3141 2405 ἐκείνῳ
3185 2336 3440 2402 εὐλογίαν

1859 2434 2042 2501 ἐζήτει
2072 2433 2165 2484 καὶ
2192 2431 2567 2484 συνετάττετο.
2604 2429 2662 2482 '0
2688 2429 2743 2481 δὲ
2775 2429 2850 2498 τῷ
2877 2428 3051 2499 καιρῷ
3079 2427 3442 2496 συγκλασθές

1859 2625 2074 2668 summa
2104 2611 2290 2679 quiete
2324 2607 2718 2678 perseverabat
2757 2607 2970 2676 Dripeae
3001 2605 3233 2660 morari.
3261 2605 3337 2674 (9)
3378 2606 3445 2659 Αι

1863 2705 1955 2758 ubi
2000 2702 2300 2772 aliquando
2352 2699 2478 2754 inde
2521 2701 2689 2768 carpit
2746 2699 3048 2769 Selyhriam
3100 2714 3292 2752 versus
3340 2701 3444 2752 iter

1861 2794 2170 2856 intendere,
2207 2793 2456 2862 perlento
2513 2792 2775 2846 incedens
2826 2807 2988 2862 passu
3060 2791 3146 2843 vix
3200 2791 3445 2861 denique

1861 2902 2090 2958 vespera
2127 2886 2353 2940 Sabhati
2377 2900 2441 2939 eo
2476 2884 2744 2954 pervenit.
2780 2882 3006 2938 Postera
3033 2882 3195 2953 hujus
3230 2881 3341 2947 die,
3385 2883 3438 2935 in

1861 2996 2024 3051 quam
2079 2978 2270 3032 incidit
2319 2976 2602 3030 Dominica
2646 2975 3020 3038 orthodoxiaa,
3067 2989 3166 3043 per
3212 2987 3440 3028 causam

1862 3089 2035 3128 sacra:
2068 3071 2315 3139 liturgiae,
2361 3079 2415 3123 ut
2456 3071 2582 3123 talis
2619 3068 2725 3123 diei
2779 3070 2919 3121 ritus
2981 3068 3263 3137 poscebat,
3323 3075 3444 3135 post

1867 3163 2151 3217 meridiem
2187 3161 2547 3224 celebrandae,
2574 3160 2933 3215 conveniente
2963 3160 3017 3214 in
3042 3159 3302 3228 templum
3336 3159 3446 3213 Illic

1867 3258 2034 3312 situm
2067 3257 2132 3309 ad
2179 3255 2568 3309 monasterium
2595 3251 2896 3306 Salvatoris
2917 3253 3178 3320 Augusto,
3215 3251 3448 3320 patriar-

1865 3350 1966 3402 cha
2003 3349 2123 3417 ejus
2152 3345 2464 3416 alloquendi
2520 3346 2734 3415 copiam
2795 3353 2990 3398 nactus
3037 3351 3124 3398 est
3175 3344 3440 3412 aliquam,

1864 3441 1960 3495 sed
1992 3441 2156 3494 talem
2190 3455 2310 3508 qua:
2368 3454 2476 3493 non
2519 3437 2632 3492 fere
2665 3438 2824 3491 aliam
2878 3451 3042 3505 quam
3089 3435 3208 3506 ejus
3264 3435 3444 3489 obiter

1868 3533 2139 3586 salutandi
2171 3533 2438 3601 praeberet
2462 3529 2794 3585 facultatem.
2828 3523 3074 3584 llabebat
3109 3537 3290 3583 autem
3328 3526 3442 3582 duo

1866 3624 2183 3694 patriarcha
2209 3623 2405 3692 prolixi
2436 3637 2558 3675 cum
2594 3623 2922 3690 imperatore
2947 3621 3219 3676 sermonis
3283 3636 3446 3690 argu-

1865 3723 2068 3779 menta,
2101 3725 2153 3767 ut
2178 3715 2423 3782 putabat,
2457 3713 2790 3778 necessaria,
2845 3713 3051 3782 quibus
3099 3714 3441 3782 explicandis

1866 3807 2128 3875 tnajorem
2155 3806 2206 3857 in
2233 3804 2456 3858 modum
2490 3805 2741 3873 cupiebat
2766 3806 2938 3858 otium
2962 3805 3064 3859 sibi
3091 3804 3441 3859 commodum

1865 3894 2117 3948 concedi.
2161 3893 2404 3948 Primum
2464 3896 2612 3948 enim
2647 3895 2910 3964 conqueri
2962 3894 3176 3948 volebat
3211 3894 3277 3947 de
3308 3908 3446 3963 pra:-

1866 3988 2076 4042 fectura
2134 3985 2374 4042 Orientis
2440 3984 2636 4040 Joanni
2692 3983 3076 4040 Tarchaniota:
3149 3986 3440 4049 attributa,

1869 4081 2075 4135 homini
2109 4082 2286 4148 palam
2330 4082 2397 4134 ah
2433 4081 2676 4134 Ecclesia
2703 4079 2962 4142 discisso,
2991 4082 3195 4149 quique
3228 4080 3438 4133 nullum

1868 4175 2027 4227 finem
2083 4183 2174 4226 aut
2232 4172 2452 4225 modum
2505 4172 2707 4226 faceret
2753 4173 2972 4241 probris
3027 4173 3441 4226 lacerandorum

1867 4281 1989 4320 cum
2025 4266 2257 4319 aliorum
2285 4281 2382 4334 per
2413 4281 2514 4320 eos.
2540 4269 2841 4334 praesertim
2879 4274 3085 4320 tractus
3111 4266 3437 4327 antistitum,

1864 4366 1975 4411 tum
2007 4358 2199 4426 ipsius,
2225 4367 2282 4409 ut
2309 4358 2510 4420 aiebat,
2534 4357 2879 4424 patriarcha.
2907 4356 3112 4411 Deinde
3138 4357 3279 4411 circa
3300 4357 3443 4411 desi-

1865 4460 2058 4520 gnatas
2121 4449 2422 4502 Simonidis
2490 4464 2614 4503 cum
2677 4451 2824 4504 crale
2861 4451 3097 4519 nuptias,
3132 4460 3188 4503 ιιι
3214 4465 3293 4504 ea:
3340 4449 3445 4503 rite

167 4539 596 4602 contrahendae,
631 4540 876 4608 satisque
911 4540 1130 4594 aliunde
1159 4557 1366 4611 gnarus
1412 4552 1660 4610 paratum
1691 4543 1758 4596 ad
1794 4563 1836 4619 υ
1866 4557 1930 4596 ac
1960 4557 2083 4596 cum
2143 4541 2322 4595 debita
2385 4542 2691 4596 reverentia
2746 4543 2926 4612 legum
2981 4543 3171 4596 fierent
3200 4582 3214 4608 ,
3271 4542 3445 4594 multa

164 4630 509 4700 jurgandum
539 4643 603 4684 ea
638 4629 705 4684 de
738 4645 796 4684 re
827 4644 1016 4685 secum
1050 4629 1302 4700 Dripeam
1337 4632 1635 4687 adventare
1667 4649 1760 4701 pa-

167 4724 507 4780 triarcbam.
541 4735 639 4789 per
659 4731 842 4776 Certos
865 4724 912 4774 ei
947 4723 1148 4776 missos
1175 4722 1392 4777 obviam
1429 4723 1756 4792 significavit

166 4814 325 4882 281
367 4826 537 4866 orare
567 4827 622 4865 se
657 4827 722 4864 ne
746 4822 1064 4882 gravaretur
1095 4813 1401 4883 praecedere
1426 4812 1757 4884 Selyhriam,

168 4922 278 4972 quo
307 4920 444 4958 mox
479 4913 772 4958 secuturus
810 4906 928 4974 ipse
956 4906 1126 4960 foret:
1169 4907 1350 4961 locum
1384 4908 1530 4962 enim
1566 4908 1620 4960 in
1647 4921 1757 4976 quo

170 5013 312 5050 nunc
352 4997 738 5050 diversaretur
787 5012 980 5065 parum
1028 4998 1079 5051 ei
1126 4999 1452 5067 excipiendo
1482 5014 1607 5057 esse
1661 5014 1757 5068 op-

169 5097 497 5151 portunum.
547 5083 700 5139 Fecit
745 5087 1055 5155 patriarcha
1111 5092 1256 5157 quod
1315 5090 1634 5157 rogabatur,
1690 5105 1754 5144 ac

170 5190 322 5232 tanto
356 5180 477 5248 jam
508 5178 743 5245 amplius
773 5179 1052 5247 cogitandi
1105 5190 1303 5234 nactus
1354 5183 1529 5236 otium
1589 5197 1759 5252 argu-

175 5284 356 5325 menta
397 5280 587 5323 mente
623 5285 848 5325 versans
871 5271 1169 5341 digerebat,
1202 5273 1405 5342 quibus
1447 5274 1580 5326 nihil
1608 5275 1758 5327 habi-

175 5370 356 5411 turum
385 5357 540 5428 quod
584 5358 948 5427 plausibiliter
977 5371 1280 5431 Opponcret
1323 5364 1630 5433 Augustum
1671 5379 1757 5417 ar-

176 5451 410 5503 bitratus
426 5464 715 5505 cessurum
736 5451 959 5506 omnino
977 5454 1177 5508 abstitu
1188 5471 1418 5525 rumque
1440 5459 1630 5531 emptis
1650 5472 1753 5509 non

178 5542 461 5596 dubitabat
481 5542 590 5596 sibi
621 5542 906 5600 blandiens
922 5547 1214 5602 confidere.
1238 5548 1457 5602 Interim
1483 5549 1758 5616 Augustus

182 5637 304 5687 licet
331 5636 581 5688 instante
637 5636 811 5702 prima
869 5639 1018 5692 verni
1067 5640 1261 5708 jejunii
1305 5640 1642 5694 hebdomade
1696 5655 1754 5693 se

185 5727 535 5792 impatienter
562 5726 868 5794 exspectari
926 5727 1188 5800 Selybria:
1221 5747 1248 5784 a
1285 5731 1595 5800 patriarcha
1648 5745 1754 5782 non

194 5816 515 5884 ignoraret,
579 5817 746 5872 nihilo
809 5829 987 5874 tamen
1043 5823 1336 5876 sollicitius
1391 5821 1655 5876 festinans
1702 5824 1753 5872 iu

1867 4635 2031 4688 etiam
2074 4641 2240 4701 atque
2263 4635 2425 4686 etiam
2456 4633 2806 4688 eonsideratu
2838 4635 3026 4702 digna,
3073 4648 3195 4703 qua:
3253 4647 3423 4701 sugge

1867 4736 2035 4789 reret,
2065 4724 2167 4779 sibi
2204 4725 2403 4779 habere
2437 4725 2743 4779 videbatur.
2798 4725 2928 4790 Qum
2969 4725 3153 4780 omnia
3202 4723 3448 4795 perfecto

1857 4813 1968 4883 jam
2007 4826 2161 4867 sacro
2186 4812 2574 4881 propositurus
2624 4812 2938 4881 imperatori
2975 4812 3140 4883 282
3179 4827 3304 4866 cum
3354 4826 3420 4866 ac

1862 4904 2118 4958 cessisset
2145 4904 2476 4972 patriarcha,
2510 4903 2600 4958 ille
2637 4912 2698 4957 ut
2723 4919 2940 4959 movere
2976 4905 3088 4974 jam
3135 4919 3193 4960 se
3218 4905 3284 4958 ad
3328 4904 3445 4958 abi-

1863 5003 1977 5047 tum
2013 5003 2280 5062 coeperat,
2313 4995 2604 5064 perpaucis
2622 4996 2672 5049 ei
2705 5004 2762 5050 et
2801 4996 3175 5065 perfunctorie
3206 4997 3442 5058 locutus,

1864 5089 1987 5141 vale
2018 5103 2137 5140 mox
2170 5087 2320 5140 dicto
2353 5103 2416 5140 ac
2453 5097 2531 5140 tot
2584 5088 2692 5141 illis
2743 5089 3214 5156 erupturientibus
3247 5104 3313 5142 ex
3348 5105 3445 5143 ore

1866 5179 2193 5247 patriarcha:
2222 5181 2572 5235 sermonibus
2596 5181 2755 5250 quasi
2783 5183 2970 5235 valvas
3019 5180 3328 5244 obducens,
3356 5195 3446 5235 so-

1864 5269 2044 5324 lemne
2078 5270 2507 5339 digredientium
2547 5271 2772 5339 protulit
2805 5286 3048 5337 carmen,
3105 5269 3444 5325 benedictio-

1864 5374 1988 5414 nem
2027 5362 2335 5430 postulans,
2377 5364 2565 5431 sicque
2623 5363 2774 5416 illum
2834 5364 3063 5418 dimisit.
3122 5361 3439 5417 Patriarcha

1862 5453 2118 5507 exclusus
2148 5462 2413 5521 tempore,
2449 5465 2504 5506 ut
2571 5455 2781 5508 nullum
2818 5471 2924 5509 non
2986 5456 3291 5512 intenderet
3346 5470 3441 5510 co-

1864 5551 2049 5595 natum
2106 5543 2428 5611 preusandae
2473 5544 2603 5596 dum
2657 5543 2843 5598 liceret
2903 5542 3237 5607 occasionis,
3305 5543 3445 5597 stitit

1865 5633 2263 5702 aliquantulum
2332 5635 2637 5702 Augustum
2716 5635 3005 5689 abeuntem
3068 5636 3297 5706 petenda
3362 5635 3442 5692 fa-

1867 5727 2068 5778 cultate
2130 5727 2367 5780 visenda:
2410 5727 2706 5781 Simonidis
2738 5729 2895 5796 eique
2947 5729 3083 5782 bene
3145 5731 3429 5797 precandi,

1868 5829 2158 5883 antequam
2194 5836 2416 5881 pergere
2450 5821 2516 5874 ad
2553 5836 2814 5880 sponsum
2855 5823 3240 5877 abduceretur.
3286 5825 3432 5887 Quo-
