4182 6436
716 369 820 428 315

1907 369 2231 430 GEORGII
2281 365 2698 428 PACIIYMER
2725 364 2770 423 ‘E

3889 358 4014 422 316

715 486 852 546 λέως
879 485 1063 548 παῖδα,
1105 486 1224 554 μεθ’
1251 488 1332 538 ὅτι
1376 487 1634 559 πλείστης
1669 488 1767 556 τῆς
1801 490 2086 558 σπατάλης
2114 507 2172 540 τε
2201 491 2294 542 xxi.
2328 500 2370 549 Α
2404 497 2478 551 ς’.
2515 487 2654 555 Περὶ
2685 484 2794 552 τῆς
2833 483 2951 537 τῶν
2975 475 3329 559 ’ΒενετικῶνΑ
3353 480 3491 559 ,περὶ
3535 477 3647 546 τὴν
3678 482 4000 535 Θεσσαλο-

716 578 1044 645 δορυφορίας
1065 577 1428 646 πεμφθεῖσαν.
1472 581 1577 632 Καὶ
1598 580 1662 649 δὴ
1693 584 1784 634 καὶ
1810 583 1960 650 παρά
1982 583 2075 633 τοῦ
2118 583 2302 649 Ἀχρι-

719 669 826 722 δῶν
864 669 1153 738 Μακαρίου
1180 669 1539 724 τελεσθεισῶν
1571 673 1682 725 τῶν
1707 673 1954 741 συνήθων
1990 673 2302 743 ἱερολογιιίν

721 763 834 836 τὰς,
867 762 1032 832 τιμὰς
1085 763 1474 832 προσηκούσας
1529 765 1766 835 ἐδέχετο,
1804 767 1886 817 ὅτι
1938 766 2032 819 καὶ
2081 766 2242 826 αὐτὸς
2278 768 2304 817 ὁ

721 854 928 921 κράλης
960 856 1209 924 μεῖζονλῆ
1245 857 1386 908 κατὰ
1416 857 1647 925 σύζυγον
1678 859 1774 927 τήν
1805 858 1900 911 τοῦ
1933 858 2203 928 βασιλέως
2230 857 2295 926 [1’

722 945 845 1017 197]
881 947 1306 1015 καθυπεδέχετο.
1356 949 1428 1001 Οὐ
1460 950 1567 1018 γὰρ
1601 950 1675 1012 ὼς
1706 945 1854 1018 εἶχεν
1894 949 2308 1018 ἔφιππος-ἠνεί-

721 1054 845 1107 χετο
874 1039 1260 1106 ὑποδέχεσθαι,
1311 1040 1428 1092 ἀλλ’
1459 1039 1833 1103 ὑποπτώσεως
1869 1044 2135 1111 σχήματι,
2169 1041 2308 1092 αἰδοῖ

721 1126 798 1194 τῷ
821 1127 956 1195 πρὸς
982 1126 1229 1196 βασιλέα,
1256 1129 1470 1191 ἀποϐὰς
1503 1130 1598 1181 τοῦ
1626 1130 1795 1183 ἵππου
1825 1129 2304 1202 προσερχομένην,

721 1218 795 1277 ᾡς
819 1217 1158 1272 δεσπόσυνον
1189 1222 1354 1288 δῆθεν
1390 1223 1486 1275 καὶ
1512 1224 1610 1292 οὐχ
1645 1224 1719 1286 ὡς
1761 1224 2015 1291 σύζυγον,
2050 1223 2309 1292 φιλοφρο-

724 1312 988 1380 νούμενος
1027 1315 1341 1382 ὑπεδέχετο.

725 1454 786 1501 ε’.
826 1447 1028 1515 ’Ὅπως
1057 1451 1388 1516 ὑπεδέξατο
1427 1451 1733 1575 ,ἓῗσιλεὺς
1772 1451 1876 1506 τὸν
1899 1451 2139 1521 κρὰλην
2173 1455 2314 1519 Σερ-

1498 1542 1592 1575 ac.

1498 1542 1592 1587 ας.

802 1654 937 1705 Τότε
965 1653 1059 1707 καὶ
1110 1655 1366 1724 βασιλεὺς
1403 1658 1544 1711 κατά
1584 1656 1683 1728 τὴν
1727 1659 1882 1711 πόλιν
1914 1658 2317 1727 Θεσσαλονίκην

731 1745 938 1798 ἐκεῖνον
972 1747 1409 1818 μεγαλοπρεπῶς
1461 1750 1767 1820 ἐθεράπευε
1812 1753 1909 1803 καὶ
1970 1751 2164 1821 δώροις
2221 1751 2314 1804 καὶ

2922 555 3105 618 νίκην
3132 552 3380 618 πρεσόεί
3383 569 3476 615 ας.

2482 648 2615 700 Τότε
2645 646 2737 699 καὶ
2764 645 3044 698 Βενετικοὶ
3075 645 3138 696 ἐκ
3169 642 3265 695 τοῦ
3302 643 3642 714 παρασχεδὸν
3674 641 3808 712 πρὸς
3841 641 4014 713 βασι-

2414 739 2512 791 λέα
2552 734 3028 808 διεπρεσϐεύοντο.
3049 737 3144 788 καὶ
3166 737 3266 805 τὴν
3289 735 3430 804 μετά
3459 733 3752 803 Ῥωμαίων
3772 737 4012 805 εἰρήνην

2412 833 2641 903 ἐζήτουν
2675 829 2958 884 ἀνανεοῦν.
3010 827 3207 882 ’Ἤθελε
3243 830 3431 898 μέντοι
3472 829 3568 882 καὶ
3603 829 3857 897 βασιλεὺς
3895 829 4012 881 αὑ-

2411 927 2539 987 τοὺς
2571 923 2847 994 δέχεσθαι,
2890 921 3004 975 ἀλλ’
3045 923 3194 991 ὅμως
3231 922 3435 990 μεταξὺ
3482 922 3687 991 ἀμφοῖν
3737 922 4016 990 βουλομέ-

2414 1035 2524 1069 νοιν
2568 1017 2933 1086 προσίσταντο
2963 1014 3030 1066 τὰ
3059 1015 3292 1083 ἐνέχυρα
3319 1014 3465 1084 ἀπερ
3498 1015 3711 1083 φθάσας
3743 1014 4016 1084 βασιλεὺς

2416 1115 2479 1165 ἐκ
2502 1111 2806 1164 Βενετικῶν
2846 1112 2943 1180 τῆς
2985 1108 3387 1180 πυρπολήσεως
3417 1108 3582 1162 ἕνεκα
3622 1110 4016 1178 προσαφῄρει,

2417 1204 2451 1257 ἃ
2489 1205 2689 1257 ἐκεῖνοι
2728 1203 2826 1271 μὲν
2858 1202 3105 1273 ἀπῄτουν
3152 1204 3245 1255 καὶ
3278 1201 3452 1264 οὕτως
3489 1201 3684 1272 ήθελον
3721 1201 4019 1271 δέχεσθαι,

2420 1294 2678 1364 βασιλεὺς
2729 1293 2786 1346 δὲ
2822 1293 3107 1363 περιεώρα
3142 1293 3233 1346 καὶ
3265 1292 3339 1354 ὡς
3370 1293 3599 1346 δικαίων
3627 1292 3738 1345 τῶν
3775 1294 4023 1359 ἀφαιρε-

2418 1385 2620 1440 θέντων
2649 1387 2948 1454 ἀντείχετο.
2986 1385 3291 1447 Βενετικοῖς
3331 1385 3376 1436 δ’
3420 1380 3488 1455 ἦν
3521 1384 3874 1452 ὀρεγομένοις
3907 1384 4022 1450 τῆς

2423 1474 2561 1545 μετὰ
2593 1474 2856 1543 βασιλέως
2882 1476 3105 1544 εἰρήνης
3136 1475 3228 1527 καὶ
3255 1474 3505 1527 πλεῖστον
3532 1474 3595 1546 [Ρ
3629 1472 3754 1544 198]
3787 1477 4024 1541 ἀφεῖναι

2421 1563 2529 1619 τῶν
2585 1567 2880 1637 ἐνεχύρων,
2921 1568 2968 1619 εἰ
3021 1567 3276 1636 βασιλεὺς
3313 1568 3407 1619 καὶ
3460 1567 3632 1627 οὕτως
3681 1567 4025 1619 σπένδεσθαι

2422 1656 2735 1709 κατανεύοι.
2770 1657 2908 1718 Ἤδη
2956 1655 3012 1709 δὲ
3045 1655 3139 1708 καὶ
3183 1656 3441 1725 βασιλεὺς
3486 1655 3839 1721 ἀγαθοθελῶς
3870 1657 4025 1708 ὑπε-

2421 1749 2635 1802 κλίνετο
2674 1748 2777 1802 κᾶν
2805 1750 3009 1814 ἐκεῖσε,
3041 1752 3136 1803 καὶ
3166 1750 3264 1818 τὴν
3285 1751 3510 1821 εἰρήνην
3530 1749 3675 1802 οὕτω
3706 1750 4027 1811 καθίστων,

728 1840 916 1906 τιμαῖς
943 1839 1028 1907 ἐφ’
1055 1841 1547 1910 ήμέραιςήγαλλε,
1586 1845 1835 1904 καὶτοὺς
1861 1843 2026 1896 αὑτοῦ
2061 1846 2323 1912 μεγιστᾶι
2350 1845 2396 1905 Β
2425 1843 2472 1894 εί
2510 1843 2582 1910 μή
2624 1857 2687 1911 γε
2731 1841 2897 1912 βουλή
2951 1859 3115 1896 τινων
3147 1843 3260 1896 τῶν
3310 1843 3453 1916 ἀμφ’
3487 1843 3651 1896 αὐτὸν
3697 1843 4028 1912 μεσολαϐή-

703 1929 829 1992 ’νας
869 1931 1161 1998 βασιλικῶς
1197 1934 1454 2002 ἐδωρεῖτο
1507 1939 1620 1997 τοῖς
1683 1936 1946 2004 μείζοσιν.
1994 1932 2106 1989 Εἶτ’
2162 1933 2317 2000 αὖθις

731 2026 828 2075 καὶ
868 2024 1192 2091 ἀποπέμπει
1237 2026 1683 2091 πολυταλάντους
1741 2027 1938 2098 ἐκχέας
1984 2030 2082 2092 τὰς
2117 2030 2319 2092 δόσεις,

732 2115 1252 2187 παρακεκινημένου
1301 2120 1565 2190 τάδελφοῦ
1607 2122 1886 2190 Στεφάνου
1940 2123 2177 2192 (ὑπενόει
2211 2124 2318 2190 γάρ

736 2210 987 2270 κάκεῖνος
1023 2210 1125 2277 ἥδη
1163 2211 1260 2281 τὴν
1304 2214 1438 2266 ἰδίαν
1481 2215 1976 2286 παρακινδύνευσιν
2007 2217 2083 2278 ὼς
2120 2217 2320 2270 αὐτίκα.

735 2300 1004 2368 τάδελφοῦ
1026 2302 1258 2373 μεῖζονῆ
1286 2305 1552 2374 πρότερον
1581 2308 1721 2359 κατὰ
1747 2309 1807 2359 τὸ
1834 2308 1979 2369 εἰκὸς
2009 2307 2320 2376 φρονήσαν-

736 2410 847 2458 τος,
881 2395 974 2446 xui.
1001 2385 1276 2448 διάτοῢτο
1305 2395 1536 2448 ἔσπευδε
1571 2397 1952 2468 προκαθιστᾷν
1992 2395 2066 2461 ὡς
2098 2395 2210 2466 εἶχε
2252 2398 2322 2450 τὰ

738 2486 862 2538 καθ’
917 2481 1141 2555 ἑαυτὸν)
1205 2489 1440 2556 πέμπων
1499 2490 1853 2559 συμμαχικὸν
1916 2489 2194 2560 βασιλεὺς,
2245 2487 2320 2554 ὠς

739 2575 854 2634 οἷόν
880 2581 925 2632 τ’
957 2577 1046 2651 ἦν,
1080 2582 1358 2651 ὑπέθρσυε
1386 2583 1485 2644 τὰς
1515 2583 1689 2652 ὁρμὰς
1715 2581 1793 2654 τῷ
1825 2584 2105 2654 Στεφάνῳ.

743 2786 919 2857 priam
964 2786 1275 2855 conjugem,
1305 2785 1398 2840 sed
1430 2794 1486 2840 ut
1511 2784 1860 2854 imperatoris
1888 2783 2051 2837 ﬁliam
2090 2784 2324 2854 excepit,

742 2879 946 2946 quippe
967 2876 1112 2931 haud
1140 2877 1422 2931 sustinens
1453 2877 1506 2930 in
1532 2892 1697 2956 equo,
1734 2887 1792 2930 ut
1829 2885 1940 2928 tum
1985 2883 2127 2938 erat,
2159 2871 2326 2947 286

741 2978 1125 3023 occurrentem
1161 2968 1426 3032 salutare,
1459 2968 1551 3022 sed
1589 2968 1654 3021 ad
1689 2968 1927 3037 primum
1946 2966 2065 3036 ejus
2099 2980 2329 3034 conspu-

740 3073 890 3117 ctum
919 3061 1180 3115 desiliens
1230 3068 1284 3114 et
1318 3061 1370 3114 in
1421 3061 1656 3131 speciem
1708 3043 2084 3114 venerationis
2127 3057 2325 3112 inﬁma:

2424 1946 2566 1984 σασα
2599 1932 2714 1999 (καὶ
2734 1933 2844 2004 γὰρ
2875 1933 2936 1986 τὸ
2970 1932 3158 1998 κακῶς
3178 1933 3324 2002 ἔχειν
3357 1934 3663 2002 ξυμπεσεῖν
3691 1934 3800 1987 τῶν
3830 1950 4026 2004 πραγ-

2429 2025 2612 2095 μάτων
2645 2027 2877 2089 ἐκείνοις
2925 2026 3181 2080 ὑπέτεινε
3222 2028 3436 2082 τούτοις
3483 2029 3676 2081 ἐλπίδα
3710 2028 3884 2097 μείζω
3918 2025 4028 2080 τοῦ

2425 2117 2519 2168 καὶ
2551 2116 2696 2170 οὕτω
2724 2117 2892 2186 μηδὲν
2939 2117 3208 2181 λαϐόντας
3240 2120 3350 2171 τῶν
3382 2119 3658 2188 ἐνεχύρων
3698 2119 3796 2180 τὰς
3842 2135 4028 2170 σπον-

2424 2208 2522 2271 δάς
2554 2208 2799 2280 ἀγαπᾷν)
2846 2210 2945 2279 τὴν
2993 2211 3093 2277 τῆς
3144 2213 3368 2281 εἰρήνης
3418 2212 3690 2280 πρόϐασιν
3724 2210 4031 2264 διεκώλυε.

2427 2303 2536 2354 Καὶ
2565 2304 2612 2355 οἱ
2647 2297 2747 2370 μὲν
2777 2301 3030 2356 ἐντεῦθεν
3066 2302 3141 2373 μὴ
3173 2303 3317 2356 οὕτω
3349 2303 3792 2373 καταδεξάμενοι
3842 2303 4034 2356 ποιεῖν

2426 2395 2524 2457 τὰς
2559 2394 2796 2454 σπονδάς
2821 2397 3097 2464 ἄπρακτοι
3124 2397 3604 2467 καθυπέστρεφον.

2457 2487 2522 2550 ζ’.
2552 2486 2689 2553 Περὶ
2728 2480 2840 2553 τῆς
2878 2489 3172 2556 θυγατρὸς
3196 2488 3302 2542 τοῦ
3344 2488 3445 2542 ἐπὶ
3474 2487 3579 2541 τοῦ
3611 2488 3990 2542 κανικλεῖου.

2498 2579 2755 2643 Βασιλεὺς
2780 2580 2836 2633 δέ
2861 2579 2950 2632 τὸν
2995 2581 3087 2632 ἐπί
3131 2580 3225 2632 τοῦ
3276 2581 3585 2634 κανικλείου
3626 2579 3875 2650 Χοῦμνον
3907 2578 3910 2581 ’
3940 2578 4037 2631 θέ-

2431 2785 2534 2839 bus
2571 2783 2830 2851 utrinque
2877 2784 3176 2853 propositis
3231 2799 3438 2839 moram
3498 2790 3720 2857 negotio
3773 2786 4037 2854 injiceret

2426 2876 2829 2947 oppigneratio,
2859 2871 2939 2928 ‘de
2973 2891 3080 2943 qua
3115 2875 3382 2942 diximus,
3428 2879 3700 2934 bonorum
3737 2879 3804 2933 ad
3849 2880 4034 2934 Vene-

2426 2975 2512 3020 tos
2549 2968 2700 3022 urbis
2728 2965 3240 3036 Constantinopolis
3267 2968 3566 3037 inquilinos
3582 2972 3992 3036 pertinentium
4016 3014 4031 3034 ,

2430 3061 2608 3114 donec
2647 3058 2823 3113 multa
2857 3059 3162 3113 solveretur
3199 3058 3418 3115 Venetis
3454 3061 3911 3117 inccndiiGalatae
3933 3080 4043 3115 au—

742 3155 1074 3217 submissus,
1110 3153 1427 3220 imperatori
1453 3152 1698 3232 debitum
1735 3153 1994 3204 honorem
2024 3151 2143 3218 ejus
2161 3151 2325 3219 proli,
2356 3162 2403 3232 (ξ
2434 3153 2680 3208 oloribus
2706 3153 2936 3206 indicta.
2969 3149 3073 3206 Ista
3098 3155 3323 3221 pignora
3355 3153 3470 3207 suis
3496 3154 3646 3206 reddi
3694 3156 4042 3224 multamque

743 3245 1097 3314 quantumvis
1133 3260 1244 3298 sua:
1278 3258 1511 3313 sponsae,
1541 3230 1897 3302 deferendum
1932 3249 2104 3305 ratus,
2131 3241 2341 3308 potius-

711 3357 715 3363 ·
743 3353 852 3406 que
905 3334 1759 3407 Considerandum,augustorum
1794 3332 2056 3386 natalium
2079 3332 2340 3400 splendo-

746 3446 860 3484 rem
895 3445 1055 3497 quam
1080 3428 1453 3483 conditionem
1505 3426 1712 3490 uxoris,
1763 3426 1977 3479 ratione
2016 3423 2176 3492 cujus
2234 3423 2337 3477 sibi

747 3532 917 3586 esset,
950 3532 1008 3577 ut
1037 3526 1171 3586 viro,
1200 3522 1323 3591 jure
1356 3520 1624 3588 subjecta.

892 3637 943 3690 5.
993 3634 1059 3688 Ut
1094 3636 1350 3704 exceperit
1384 3635 1672 3702 imperator
1716 3634 1910 3687 cratem
1955 3631 2178 3688 Serbiw.

857 3775 1010 3829 Tunc
1027 3774 1186 3829 etiam
1215 3773 1508 3842 imperator
1538 3751 1738 3827 cralein
1768 3771 1822 3826 in
1850 3771 2127 3826 civitatem
2162 3770 2338 3825 'l‘hes-

753 3867 1054 3923 ulonicam
1104 3865 1389 3934 splendide
1421 3864 1694 3918 invectum
1725 3863 2016 3939 exquisitis
2044 3848 2222 3918 affecit
2247 3863 2343 3916 ho-

753 3960 1008 4022 noribus,
1033 3957 1193 4013 donis
1220 3966 1274 4011 et
1301 3958 1450 4010 omni
1499 3957 1902 4027 signiﬁcatione
1951 3957 2344 4012 benevolentia:

756 4066 852 4120 per
885 4049 1001 4104 dies
1029 4050 1236 4118 aliquot
1262 4048 1536 4115 dignatus,
1582 4061 1838 4116 proceres
1870 4045 2345 4114 quoque'comita-

758 4153 844 4197 tus
870 4143 1017 4196 illius
1043 4149 1370 4195 muneratus
1400 4142 1560 4209 plane
1590 4140 1758 4210 regie.
1821 4139 2040 4196 Dimisit
2087 4140 2341 4194 eumdem

743 4243 948 4302 postea
986 4234 1151 4286 multa
1186 4233 1414 4308 pecunia
1447 4233 1732 4287 donatum.
1765 4231 1906 4298 Quin
1931 4240 1985 4286 ct
2022 4231 2243 4287 auxiliis
2267 4231 2346 4300 ip-

759 4340 880 4378 sum
909 4327 1231 4392 prosecutus
1264 4324 1596 4378 militaribus
1629 4331 1735 4388 est,
1778 4324 1979 4394 quibus
2023 4325 2167 4378 tueri
2209 4339 2267 4402 se
2315 4338 2343 4377 a

757 4419 810 4469 vi
849 4426 903 4470 et
934 4417 1148 4494 insidiis
1180 4417 1366 4470 lratris
1397 4415 1662 4485 Stephani
1694 4428 1899 4487 posset.
1937 4415 2072 4471 Nam
2117 4417 2346 4487 Stepha-

757 4526 867 4564 nus
901 4526 1219 4575 germanum
1249 4511 1477 4566 audiens
1504 4511 1721 4566 ﬁrmare
1771 4527 1859 4567 res
1881 4527 2011 4567 suas
2061 4512 2332 4566 alﬁnitatc
2377 4513 2417 4567 D

761 4594 1129 4661 imperatoris,
1161 4594 1480 4662 suspicatus
1513 4596 1564 4649 id
1599 4595 1744 4666 quod
1793 4607 1932 4661 erat,
1980 4611 2040 4651 ea
2093 4597 2347 4666 praesidia

760 4695 951 4739 contra
983 4703 1041 4741 se
1065 4688 1266 4754 parari,
1300 4700 1350 4743 et
1390 4698 1650 4758 reputans
1684 4690 1857 4745 multo
1882 4690 2082 4745 deinde
2117 4690 2346 4744 inﬁrmi-

762 4795 911 4832 orem
943 4788 1145 4833 statum
1179 4795 1337 4834 suum
1364 4787 1418 4832 et
1454 4795 1579 4848 spes
1612 4780 1845 4835 ﬁliorum
1876 4780 2013 4840 fore.
2045 4782 2134 4835 ubi
2184 4781 2353 4836 {cede-

761 4888 822 4926 re
849 4873 954 4925 isto
985 4887 1048 4926 ac
1079 4874 1284 4942 nuptiis
1314 4872 1482 4926 frater
1538 4872 1659 4940 ejus
1690 4873 2075 4942 imperatorias
2097 4875 2199 4928 sibi
2221 4889 2351 4943 epes

764 4963 1129 5032 adiunxisset,
1163 4964 1407 5018 delectus
1439 4964 1642 5019 habere
1668 4979 1731 5019 ac
1761 4981 1977 5018 manum
2015 4981 2210 5034 cogere
2242 4982 2352 5020 roe-

767 5070 943 5131 pcrat,
982 5060 1126 5111 haud
1165 5059 1330 5114 dubie
1365 5060 1724 5129 irruptionem
1769 5062 2003 5123 minans,
2053 5061 2168 5115 nisi,
2209 5071 2352 5115 metu

765 5154 1044 5221 suppetias
1097 5155 1502 5207 accurrentium
1543 5152 1757 5224 imperii
1813 5156 2093 5225 copiarum
2133 5170 2354 5210 coerce-

765 5258 938 5300 retur.

770 5335 825 5390 θ.
866 5335 940 5390 De
962 5337 1221 5409 legatione
1253 5335 1567 5391 Venetorum
1612 5337 1681 5390 ad
1730 5337 2098 5406 imperatorem
2134 5336 2359 5390 Thessa-

1233 5409 1423 5462 lonica'
1463 5417 1894 5464 commorantem.

845 5519 920 5575 Ea
949 5523 1067 5576 vice
1103 5537 1312 5587 rerum,
1353 5522 1644 5577 occasione
1671 5518 2067 5574 commorantis
2110 5517 2162 5570 in
2221 5515 2358 5569 vici-

778 5620 868 5674 nia
899 5615 1248 5686 imperatoris
1277 5615 1367 5670 usi
1401 5615 1590 5670 Veneti
1630 5613 1898 5681 legatione
1926 5613 1991 5664 ad
2037 5625 2160 5665 eum
2196 5609 2361 5663 desti-

781 5720 906 5765 nata
937 5710 1188 5766 renovari
1218 5724 1401 5778 parem
1431 5723 1554 5762 cum
1588 5704 1850 5762 Romanis
1879 5703 2100 5774 petiere.
2137 5700 2245 5754 Nec
2269 5699 2361 5752 ab-

778 5805 1038 5860 horrebat
1075 5820 1102 5858 a
1138 5802 1498 5860 conventione
1538 5803 1836 5871 Augustus,
1883 5797 1984 5852 nisi
2031 5793 2360 5853 conditioni—

2447 3246 2645 3298 remitti
2682 3243 2873 3298 Veneti
2906 3245 3231 3312 poscebant,
3265 3261 3364 3299 nec
3397 3245 3560 3299 aliter
3596 3246 3648 3299 in
3684 3245 3860 3300 fmdus
3898 3262 4043 3300 con-

2446 3345 2710 3390 venturos
2737 3350 2795 3389 se
2825 3335 2987 3404 287
3017 3334 3255 3388 aiebant.
3291 3335 3494 3387 Contra
3531 3335 3837 3404 imperator
3889 3335 4046 3386 mul-

2449 3442 2555 3486 tam
2588 3431 2734 3496 justo
2768 3426 3047 3490 inﬂictam,
3079 3426 3586 3495 oppignerationem
3632 3435 3780 3481 recte
3832 3426 4040 3480 factam

2447 3519 2721 3575 tuebatur.
2759 3517 3094 3572 Procedente
3146 3525 3405 3575 tractatu.
3450 3515 3745 3584 apparebat
3797 3514 4044 3573 Venetos

2447 3611 2598 3679 pacis
2628 3607 2857 3676 cupidos
2886 3620 3136 3671 magnam
3163 3615 3368 3670 partem
3405 3605 3889 3674 oppigneratorum
3941 3607 4052 3659 bo-

2448 3716 2644 3755 norum
2688 3700 3004 3768 imperatori
3065 3711 3351 3762 cessuros,
3407 3695 3567 3749 modo
3601 3695 3647 3750 is
3676 3697 3759 3749 vel
3819 3697 4046 3751 modica

2446 3792 2770 3849 remissione
2795 3791 3089 3844 admovere
3125 3804 3184 3842 se
3214 3789 3509 3858 postulatis
3570 3803 3761 3842 eorum
3803 3799 3857 3844 et
3906 3806 4051 3843 con-

2449 3901 2673 3942 sensum
2709 3885 2761 3938 in
2792 3885 2968 3938 foedus
2991 3883 3123 3937 dare
3157 3882 3340 3936 vellet.
3384 3880 3761 3950 Propendebat
3812 3883 3862 3936 in
3895 3882 4048 3938 hanc

2451 3986 2654 4048 partem
2685 3978 2915 4046 benigne
2937 3976 3232 4029 inclinatus
3251 3973 3625 4037 Andronicus,
3645 3988 3832 4040 pacem
3870 3975 4044 4028 istam

2450 4071 2567 4126 suis
2593 4083 2812 4138 quoque
2844 4067 3152 4121 rationibus
3190 4066 3664 4120 accommodatam
3709 4073 3880 4129 ratus,
3929 4065 4046 4119 nisi

2449 4161 2692 4218 ceasiliis
2723 4157 3087 4230 quorumdam
3117 4158 3280 4214 esuis
3297 4157 3403 4212 alio
3432 4166 3795 4212 averteretur.
3817 4155 3879 4209 lli
3902 4173 4048 4211 cau-

2449 4259 2716 4312 sabantur
2777 4253 2932 4325 gravi
2968 4268 3071 4307 suo
3121 4261 3367 4321 tempore
3422 4264 3484 4304 ac
3519 4249 3805 4320 deplorato
3851 4265 4044 4304 rerum

2451 4348 2792 4421 propriarum
2832 4353 2977 4400 statu
3008 4343 3228 4397 adactos
3259 4342 3492 4397 Venetos
3527 4356 3676 4395 mera
3701 4340 4046 4394 necessitate

2451 4442 2592 4495 trahi
2622 4440 2687 4494 ad
2725 4439 3116 4508 cogitationem
3147 4436 3318 4505 pacis.
3357 4435 3538 4500 Quare
3562 4433 3707 4487 baud
3743 4434 4050 4487 convenire

2449 4532 2734 4602 indulgere
2763 4530 2897 4599 ipsis
2926 4528 3250 4599 quidquam,
3286 4526 3496 4595 utique,
3546 4540 3646 4594 pro
3696 4524 4049 4593 inexplebili-

2451 4627 2562 4672 tate
2601 4615 2922 4686 cupiditatis
2956 4628 3217 4668 successu
3256 4612 3420 4677 alitae,
3466 4611 3670 4680 paratis
3711 4610 4047 4664 remissione

2449 4709 2820 4779 qualicunque
2847 4708 3010 4775 justas
3027 4705 3501 4776 oppigneratiouis
3538 4704 4048 4772 quomodocuuque

2453 4801 2752 4870 impetrata
2779 4814 2879 4869 pro
2911 4798 3081 4866 gradu
3117 4798 3182 4850 ad
3216 4811 3364 4865 spem
3396 4795 3794 4864 audaciamque
3817 4795 4051 4849 ulterio-

2451 4907 2566 4948 rem
2607 4891 2706 4944 uti.
2741 4890 2916 4944 Unam
2949 4889 3114 4957 igitur
3137 4888 3203 4942 iis
3233 4895 3287 4941 et
3317 4885 3730 4940 irrevocabilem
3771 4885 4050 4939 conditiu-

2455 4996 2577 5037 uem
2612 4979 2914 5039 ferendam.
2951 4989 3011 5032 ut
3043 4993 3188 5032 mera
3217 4992 3348 5048 pace
3394 4976 3640 5031 contenti
3684 4977 3817 5029 nihil
3873 4991 4048 5045 super

2455 5070 2904 5143 oppigneratione
2928 5069 3254 5121 cavilleutur
3283 5075 3377 5120 aut
3405 5067 3614 5121 moveri
3660 5065 3952 5135 quidquam
3980 5068 4044 5121 in

2454 5179 2514 5217 re
2541 5161 2850 5232 iustissime
2883 5161 3100 5214 decreta
3133 5159 3324 5212 velint.
3368 5157 3425 5213 Id
3461 5159 3757 5214 consilium
3792 5159 4050 5212 tractati-

2456 5271 2617 5309 onem
2650 5253 2872 5308 foederis
2906 5251 3147 5316 diremit,
3186 5249 3413 5305 Venetis
3441 5249 3642 5306 duritie
3680 5251 3931 5317 offensis,
3976 5265 4050 5310 re

2457 5348 2656 5404 infecta
2681 5345 3082 5402 revertentibus
3103 5344 3169 5399 ad
3194 5359 3350 5401 suos.

2814 5481 2868 5534 7.
2908 5479 2985 5533 De
3016 5479 3131 5548 ﬁlia
3163 5481 3400 5550 praefecti
3425 5481 3677 5536 eanideo.

2569 5589 2840 5654 Caeterum
2873 5596 3173 5665 imperator
3203 5595 3497 5662 gratiﬁcari
3523 5593 3752 5651 studens
3783 5593 4048 5652 Cbumno

2467 5695 2722 5766 prtefecto
2785 5687 3035 5750 caniclei,
3073 5703 3183 5756 quo
3227 5688 3494 5744 ﬁdissimo
3527 5689 3592 5743 ad
3628 5689 3809 5744 omnia
3845 5689 4051 5758 proba-

2464 5788 2786 5855 tissimoque
2818 5780 3021 5834 dudum
3059 5778 3310 5832 ministro
3339 5779 3616 5846 utebatur,
3658 5779 3821 5834 ﬁliam
3854 5778 4042 5848 hujus,
