4182 6436
679 337 783 398 315

1869 338 2193 398 GEORGII
2244 333 2661 397 PAClIYMER
2689 332 2733 391 ίΕ

3849 326 3959 390 316

678 455 814 515 λέως
841 453 1025 518 παῖδα,
1068 455 1186 523 μεῦ¹
1213 457 1295 507 ὅτι
1339 456 1598 528 πλείστης
1632 457 1730 524 τῆς
1764 458 2049 526 σπατάλης
2077 476 2134 509 τε
2164 460 2257 510 καὶ
2291 468 2333 517 Α
2367 465 2441 520 ς’.
2477 455 2617 523 Περὶ
2649 452 2757 520 τῆς
2797 452 2914 505 τῶν
2937 444 3292 528 ΔΒιενιετικῶνΔ
3316 448 3453 528 περὶ
3497 445 3610 514 τὴν
3641 450 3952 503 Θεσσαλοι

679 547 1007 614 δορυφορίας
1028 546 1391 614 πεμφθεῖσαν.
1435 550 1540 601 Καὶ
1561 549 1625 618 δὴ
1655 552 1747 602 καὶ
1773 552 1923 618 παρά
1944 551 2038 602 τοῦ
2080 551 2265 617 Ἀχρι-

681 638 789 691 δῶν
827 637 1115 706 Μακαρίου
1143 638 1502 693 τελεσθεισῶν
1535 641 1644 694 τῶν
1670 641 1917 710 συνήθων
1953 641 2266 712 ἱερολογιιῖ,ν

684 732 798 804 τὰς,
830 731 995 800 τιμάς
1048 733 1437 801 προσηκούσας
1492 734 1729 804 ἐδέχετο,
1767 736 1849 785 ὃτι
1901 734 1995 787 καὶ
2044 734 2206 795 αὐτὸς
2241 737 2267 785 ὁ

684 823 891 890 κράλης
923 825 1116 889 μεῖζον
1143 825 1172 893 ἢ
1208 825 1348 877 κατᾶ
1378 826 1610 894 σύζυγον
1641 828 1737 896 τὴν
1768 827 1863 879 τοῦ
1896 826 2166 896 βασιλέως
2193 825 2258 894 [1’

685 914 809 986 197]
845 916 1269 984 καθυπεδέχετο.
1320 918 1392 968 Ού
1423 918 1530 987 γὰρ
1564 919 1638 980 ὡς
1669 913 1816 987 εἶχεν
1857 917 2272 986 ἔφιππος-ἠνεί-

685 1023 808 1076 χετο
837 1008 1224 1075 ὑποδέχεσθαι,
1275 1009 1391 1060 ἀλλ’
1423 1007 1796 1072 ὑποπτώσεως
1832 1013 2098 1080 σχήματι,
2133 1009 2271 1061 αἰδοῖ

684 1095 761 1163 τῷ
784 1097 920 1165 πρὸς
946 1095 1193 1164 βασιλέα,
1220 1097 1434 1160 ἀποϐάς
1466 1098 1561 1150 τοῦ
1590 1099 1758 1151 ἵππου
1788 1098 2268 1170 προσερχομένην,

684 1187 758 1245 ᾡς
783 1187 1121 1241 δεσπόσυνον
1153 1190 1318 1257 δῆθεν
1353 1192 1450 1244 καὶ
1475 1193 1574 1261 οὐχ
1608 1192 1682 1255 ὼς
1724 1191 1978 1259 σύζυγον,
2013 1191 2272 1260 φιλοφρο-

687 1281 778 1334 νού
790 1299 952 1349 μενος
990 1284 1304 1352 ὑπεδέχετο.

689 1423 750 1470 ε’.
790 1417 993 1484 Ὅπως
1021 1420 1352 1484 ὑπεδέξατο
1391 1420 1696 1544 gratisne
1735 1420 1840 1475 τὸν
1863 1419 2103 1489 κράλην
2137 1423 2278 1488 Σερ-

1462 1511 1556 1544 ac.

1462 1511 1556 1555 ας.

700 1697 703 1701 λ
766 1623 901 1674 Τότε
929 1623 1023 1676 καὶ
1074 1624 1330 1692 βασιλεὺς
1366 1627 1508 1681 κατά
1548 1625 1647 1696 τὴν
1691 1627 1846 1680 πόλιν
1877 1627 2281 1694 Θεσσαλονίκην

695 1714 902 1768 ἐκεῖνον
936 1717 1374 1786 μεγαλοπρεπῶς
1425 1719 1731 1789 ἐθεράπευε
1776 1721 1873 1772 καὶ
1934 1719 2127 1789 δώροις
2184 1719 2277 1772 καὶ

2886 523 3068 586 νίκην
3096 520 3438 586 πρεσϐείας.

2445 616 2578 668 Τότε
2608 614 2700 667 καὶ
2728 614 3008 666 Βενετικοὶ
3038 613 3101 664 ἐκ
3131 610 3228 663 τοῦ
3265 611 3605 682 παρασχεδὸν
3637 609 3770 680 πρὸς
3805 609 3961 680 βασι-

2378 707 2474 759 λέα
2515 701 2991 775 διεπρεσϐεύοντο,
3012 705 3108 755 καὶ
3130 705 3229 773 τὴν
3252 703 3393 772 μετά
3422 701 3713 771 Ῥωμαίων
3734 704 3960 773 εῑρήνην

2375 801 2604 872 ἐζήτουν
2637 797 2921 852 ἀνανεοῦν.
2973 795 3171 850 ’Ἤθελε
3206 798 3394 866 μέντοι
3435 797 3532 850 καὶ
3566 796 3822 864 βασιλεὺς
3856 797 3961 848 αὑ-

2374 896 2503 955 τοὺς
2534 891 2810 962 δέχεσθαι,
2853 889 2968 943 ἀλλ’
3009 891 3157 960 ὅμως
3194 889 3398 959 μεταξὺ
3445 890 3650 958 ἀμφοῖν
3698 889 3964 958 βουλομέ-

2377 1003 2488 1037 νοιν
2531 985 2896 1054 προσίσταντο
2926 983 2994 1034 τά
3023 983 3256 1051 ἐνέχυρα
3282 981 3428 1052 ἀπερ
3461 982 3674 1051 φθάσας
3705 981 3966 1051 βασιλεὺς

2379 1083 2443 1134 ἐκ
2465 1079 2768 1132 Βενετικῶν
2810 1080 2907 1148 τῆς
2948 1076 3350 1148 πυρπολήσεως
3381 1076 3546 1130 ἕνεκα
3586 1077 3966 1146 προσαφῄρει.

2380 1172 2414 1226 ἀ
2451 1174 2652 1225 ἐκεῖνοι
2691 1171 2789 1239 μὲν
2821 1170 3068 1242 ἀπῄτουν
3115 1171 3208 1223 καὶ
3241 1169 3416 1232 οὕτως
3452 1169 3647 1240 seem
3684 1168 3969 1239 δέχεσθαι,

2383 1263 2642 1333 βασιλεὺς
2692 1262 2749 1314 δὲ
2786 1262 3071 1332 περιεώρα
3105 1261 3196 1314 καὶ
3229 1260 3303 1322 ὼς
3333 1260 3563 1314 δικαίων
3591 1259 3701 1312 τῶν
3739 1262 3973 1327 ἀφαιρε-

2381 1354 2583 1408 θέντων
2612 1355 2911 1423 ἀντείχετο.
2949 1353 3254 1416 Βενετικοῖς
3295 1352 3339 1404 δ’
3383 1349 3451 1423 ἦν
3484 1351 3838 1421 ὀρεγομένοις
3868 1351 3972 1418 τῆς

2386 1442 2524 1514 μετὰ
2557 1442 2819 1512 βασιλέως
2845 1444 3068 1513 εἰρήνης
3099 1443 3191 1496 καὶ
3218 1443 3468 1495 πλεῖστον
3495 1442 3559 1513 [Ρ
3593 1440 3717 1512 198]
3751 1445 3973 1508 ἀφεῖναι

2385 1531 2492 1587 τῶν
2549 1536 2843 1605 ἐνεχύρων,
2884 1536 2931 1587 εἰ
2984 1535 3239 1605 βασιλεὺς
3276 1535 3370 1587 καὶ
3423 1534 3596 1595 οὓτως
3644 1534 3976 1587 σπένδεσθαι

2385 1624 2698 1678 κατανεύοι.
2733 1625 2871 1686 Ἤδη
2919 1624 2975 1676 δὲ
3008 1623 3102 1676 καὶ
3147 1624 3404 1694 βασιλεὺς
3449 1623 3803 1688 ἀγαΘοΘελῶς
3834 1625 3975 1676 ὑπε-

2384 1717 2598 1770 κλῐνετο
2638 1717 2740 1770 κᾶν
2768 1719 2972 1782 ἐκεῖσε,
3004 1720 3099 1771 καὶ
3129 1718 3228 1787 τὴν
3248 1719 3474 1789 εἰρήνην
3493 1717 3639 1770 οὕτω
3670 1717 3977 1778 καθίστων,

692 1809 880 1874 τιμαῖς
908 1808 992 1876 ἐφ’
1019 1809 1262 1878 ήμέραις
1284 1812 1510 1879 ήγαλλε,
1550 1813 1645 1864 καὶ
1670 1813 1800 1872 τοὺς
1826 1811 1990 1864 αὐτοῦ
2025 1814 2286 1880 μεγιστᾶι
2314 1813 2360 1873 Β
2388 1811 2436 1863 εἰ
2473 1811 2546 1879 μή
2588 1824 2650 1879 γε
2694 1809 2860 1881 βουλή
2915 1828 3078 1863 τινων
3110 1811 3223 1864 τῶν
3273 1812 3417 1884 ἀμφ’
3451 1811 3614 1864 αὑτὸν
3661 1811 3978 1881 μεσολαϐή-

626 1970 627 1973 ,
667 1899 793 1961 ’νας
833 1899 1125 1968 βασιλικῶξ
1161 1903 1417 1971 ἐδωρεῖτο
1470 1908 1584 1966 τοῖς
1646 1904 1910 1973 μείζοσιν.
1957 1901 2070 1958 Εἶτ’
2126 1901 2280 1968 αὖθις

696 1995 792 2043 καὶ
832 1993 1155 2060 ἀποπέμπει
1201 1995 1648 2059 πολυταλάντους
1705 1995 1902 2066 ἐκχέας
1948 1999 2046 2061 τὰς
2081 1999 2283 2061 δόσεις,

697 2085 1216 2156 παρακεκινημένον
1265 2089 1529 2159 τάδελφοῦ
1571 2090 1850 2158 Στεφάνου
1904 2091 2142 2159 (ὑπενόει
2175 2091 2283 2159 γὰρ

700 2180 952 2239 κακεῖνος
987 2179 1089 2246 ἤδη
1127 2179 1224 2250 τὴν
1268 2183 1402 2234 ῐδεαν
1446 2184 1940 2254 παρακινδύνευσιν
1971 2184 2048 2246 ὡς
2084 2185 2283 2238 αὐτίκα

699 2269 968 2337 τάδελφοῦ
990 2271 1222 2341 μεῖζονῆ
1250 2274 1517 2341 πρότερον
1545 2276 1686 2328 κατὰ
1711 2277 1771 2327 τὸ
1798 2276 1943 2337 εἰκὸς
1973 2276 2283 2344 φρονήσαν-

701 2379 812 2426 τος,
846 2364 939 2414 καὶ
965 2354 1240 2416 διάτοῢτο
1269 2364 1500 2417 ἔσπευδε
1535 2365 1916 2437 προκαθιστᾷν
1956 2365 2030 2429 ὡς
2062 2363 2174 2434 εἶχε
2216 2366 2286 2418 τά

703 2455 826 2517 καθ’
881 2450 1106 2524 ἑαυτὸν)
1170 2457 1404 2525 πέμπων
1463 2458 1818 2527 συμμαχικὸν
1880 2457 2158 2528 βασιλεὺς,
2209 2456 2284 2522 ὼς

704 2544 818 2602 οἷόν
844 2549 889 2601 τ’
922 2546 1010 2620 ἦν,
1044 2550 1322 2619 ὑπέϐραυε
1350 2550 1449 2613 τὰς
1479 2551 1653 2620 ὁρμὰς
1679 2550 1757 2621 τῷ
1790 2551 2069 2622 Στεφάνῳ.

708 2754 884 2825 priam
928 2755 1239 2823 eonjugem,
1269 2753 1362 2808 sed
1395 2763 1450 2808 ut
1475 2752 1824 2822 imperatoris
1851 2751 2016 2806 ﬁliam
2054 2752 2289 2822 excepit,

707 2846 910 2914 quippe
932 2844 1076 2899 haud
1104 2845 1385 2900 sustinens
1417 2845 1470 2898 in
1495 2860 1660 2924 equo,
1698 2855 1756 2898 ut
1793 2853 1904 2896 tum
1950 2851 2091 2907 erat,
2124 2839 2290 2915 286

706 2947 1090 2991 occurrentem
1125 2936 1390 3000 salutare,
1423 2936 1515 3000 sed
1553 2936 1617 2989 ad
1653 2936 1891 3006 primum
1911 2935 2029 3003 ejus
2063 2948 2294 3003 conspe-

705 3041 854 3085 ctum
884 3029 1144 3083 desiliens
1195 3029 1334 3082 etin
1385 3029 1620 3098 speciem
1673 3011 2048 3082 venerationis
2092 3026 2289 3080 inﬁma:

2388 1913 2530 1953 σασα
2563 1901 2808 1973 (καὶγὰρ
2839 1900 2899 1954 τὸ
2933 1900 3121 1966 κακῶς
3141 1901 3288 1970 ἔχειν
3321 1902 3626 1970 ξυμπεσεῖν
3655 1902 3764 1955 τῶν
3794 1917 3978 1971 πραγ-

2392 1993 2577 2063 μάτων
2609 1995 2840 2057 ἐκείνοις
2889 1995 3144 2048 ὑπέτεινε
3185 1996 3399 2050 τούτοις
3446 1997 3639 2049 ἐλπίδα
3673 1995 3847 2065 μείζω
3879 1993 3980 2048 τοῦ

2389 2085 2483 2137 καὶ
2514 2085 2659 2138 οὕτω
2688 2086 2856 2154 μηδὲν
2903 2085 3171 2149 λαῦόντας
3203 2088 3314 2139 τῶν
3345 2087 3620 2156 ἐνεχύρων
3661 2087 3760 2148 τὰς
3805 2102 3980 2138 σπον-

2388 2177 2486 2238 δὰς
2518 2177 2763 2248 ἀγαπᾷν)
2809 2178 2909 2248 τὴν
2957 2180 3056 2245 τῆς
3107 2181 3331 2249 εἰρήνης
3382 2180 3653 2248 πρόϐασιν
3688 2178 3983 2232 διεκώλυε.

2391 2271 2500 2322 Καὶ
2529 2272 2576 2323 oi
2612 2264 2711 2338 μέν
2740 2269 2994 2324 ἐντεῦθεν
3030 2270 3105 2341 μὴ
3137 2271 3281 2324 οὕτω
3312 2270 3755 2342 καταδεξάμενοι
3806 2270 3986 2324 ποιεῖν

2390 2363 2488 2426 τὰς
2523 2362 2759 2422 σπονδὰς
2784 2364 3060 2432 ἄπρακτοι
3087 2365 3567 2434 καθυπέστρεφον.

2421 2455 2486 2518 ζ’.
2516 2454 2653 2521 Περὶ
2692 2449 2804 2521 τῆς
2842 2457 3135 2524 θυγατρὸς
3160 2456 3265 2510 τοῦ
3308 2455 3409 2510 ἐπὶ
3437 2455 3542 2510 τοῦ
3575 2455 3952 2510 κανικλείου.

2462 2547 2719 2611 Βασιλεὺς
2743 2549 2800 2600 δέ
2824 2547 2914 2601 τὸν
2959 2548 3051 2600 ἐπὶ
3095 2548 3189 2601 τοῦ
3239 2548 3549 2602 κανικλεῖου
3590 2547 3838 2617 Χοῦμνον
3870 2546 3872 2549 ’
3901 2546 3990 2599 05'.-

2394 2753 2498 2807 bus
2535 2751 2794 2819 utrinque
2841 2752 3140 2821 propositis
3194 2768 3401 2807 moram
3462 2757 3683 2824 negotio
3735 2753 3990 2822 injiceret

2390 2844 2793 2916 Oppigneratio,
2823 2838 2903 2896 ‘de
2936 2859 3044 2911 qua
3079 2843 3346 2909 diximus,
3392 2847 3663 2901 bonorum
3700 2847 3768 2901 ad
3812 2847 3988 2902 Vene-

2390 2943 2477 2988 tos
2514 2936 2665 2990 urbis
2692 2934 3203 3004 Constantinopolis
3230 2936 3529 3005 inquilinos
3546 2939 3954 3004 pertinentium
3973 2980 3987 3001 ,

2394 3029 2572 3082 dorice
2611 3026 2787 3081 multa
2821 3026 3126 3081 solveretur
3162 3026 3382 3083 Venetis
3418 3029 3874 3084 incendiiGalatze
3897 3047 3998 3083 au-

707 3124 1039 3185 submissus,‘
1074 3121 1391 3189 imperatori
1417 3121 1663 3175 debitum
1699 3121 1959 3173 honorem
1989 3119 2108 3186 ejus
2125 3119 2290 3186 proli,
2320 3138 2367 3200 ρ
2399 3121 2644 3176 ctoribus
2670 3121 2900 3174 indicta.
2933 3117 3036 3174 Ista
3062 3122 3286 3188 pignora
3319 3121 3434 3174 suis
3460 3121 3610 3175 reddi
3658 3123 3998 3192 multamque

708 3213 1062 3282 quantumvis
1097 3228 1208 3266 sua:
1242 3226 1475 3281 sponsae,
1505 3200 1861 3270 deferendum
1897 3217 2069 3273 ratus,
2096 3210 2305 3276 potius-

676 3325 680 3330 ’
707 3321 816 3375 que
869 3302 1723 3376 considerandum.augustorum
1759 3301 2021 3354 natalium
2044 3299 2305 3368 splendo-

711 3414 824 3451 rem
859 3413 1019 3465 quam
1045 3397 1418 3450 conditionem
1469 3393 1677 3459 uxoris,
1728 3393 1941 3447 ratione
1981 3391 2141 3459 cujus
2199 3391 2302 3445 sibi

712 3500 881 3555 esset,
913 3500 973 3544 ut
1002 3494 1136 3554 viro,
1164 3489 1287 3558 jure
1320 3488 1589 3556 subjecta.

856 3605 908 3659 5.
957 3603 1024 3657 Ut
1058 3605 1315 3671 exceperit
1348 3603 1637 3672 imperator
1681 3602 1875 3656 cratem
1919 3599 2143 3656 Serbiaz.

821 3744 974 3797 Tunc
991 3743 1151 3797 etiam
1179 3741 1473 3810 imperator
1502 3719 1702 3796 cralein
1733 3739 1787 3794 in
1815 3739 2091 3794 civitatem
2126 3738 2303 3793 'l'bes-

717 3836 1018 3891 mionicam
1068 3833 1353 3902 splendide
1385 3833 1658 3887 invectum
1688 3832 1980 3907 exquisitis
2009 3816 2187 3886 aﬁ‘eeit
2211 3831 2307 3884 lio-

717 3929 973 3991 noribus,
998 3926 1158 3981 donis
1185 3935 1239 3980 et
1265 3926 1415 3979 omni
1464 3926 1866 3996 signiﬁcatione
1915 3925 2309 3980 benevolentiae

720 4035 817 4090 per
851 4018 967 4073 dies
993 4019 1200 4087 aliquot
1226 4017 1500 4084 dignatus,
1547 4029 1802 4084 proceres
1835 4013 2310 4083 quoque'comita-

723 4122 810 4166 tus
835 4112 981 4164 illius
1008 4118 1335 4164 muneratus
1365 4111 1524 4178 plane
1555 4109 1723 4179 regie.
1785 4107 2005 4164 Dimisit
2052 4109 2306 4162 eumdem

708 4211 912 4270 postea
950 4203 1116 4255 multa
1151 4202 1378 4276 pecunia
1411 4202 1696 4255 donatum.
1729 4200 1870 4266 Quin
1895 4208 1950 4254 et
1987 4200 2208 4255 auxiliis
2232 4200 2312 4269 ip-

724 4309 845 4347 sum
874 4296 1196 4361 prosecutus
1229 4293 1561 4347 militaribus
1593 4300 1699 4357 est,
1743 4292 1943 4363 quibus
1988 4293 2131 4346 tueri
2174 4307 2232 4370 se
2279 4307 2308 4344 a

722 4388 775 4438 vi
814 4394 868 4439 et
898 4385 1113 4462 insidiis
1144 4385 1330 4439 lratris
1362 4383 1627 4454 Stephani
1658 4397 1864 4456 posset.
1902 4383 2037 4440 Nam
2082 4385 2311 4455 Stepha-

722 4494 832 4532 nus
866 4495 1184 4544 germanum
1213 4481 1442 4534 audiens
1469 4479 1684 4534 ﬁrmare
1735 4495 1823 4535 res
1846 4496 1976 4535 suas
2026 4481 2113 4535 alii
2129 4483 2297 4534 nitate
2342 4481 2382 4535 D

725 4563 1095 4630 imperatoris,
1125 4563 1445 4631 suspicatus
1478 4565 1528 4617 id
1564 4564 1708 4634 quod
1758 4575 1897 4629 erat,
1945 4580 2006 4619 ea
2057 4565 2312 4634 praesidia

725 4663 916 4708 contra
947 4671 1006 4710 se
1030 4657 1231 4723 parari,
1264 4669 1315 4711 et
1355 4666 1615 4726 reputans
1648 4658 1822 4713 multo
1847 4658 2047 4713 deinde
2082 4658 2311 4712 inﬁrmi-

727 4763 876 4800 orem
908 4757 1110 4801 statum
1143 4763 1302 4802 suum
1329 4756 1383 4802 et
1419 4763 1544 4817 spes
1577 4749 1810 4804 ﬁliorum
1840 4749 1978 4809 fore.
2010 4750 2099 4804 ubi
2149 4749 2318 4804 {aede-

727 4856 788 4894 re
814 4841 919 4893 isto
949 4855 1013 4895 ac
1045 4843 1249 4910 nuptiis
1279 4841 1447 4894 frater
1502 4841 1624 4909 ejus
1655 4843 2040 4911 imperatorias
2061 4843 2164 4896 sibi
2186 4857 2316 4912 epes

730 4931 1094 5000 adjunxisset,
1129 4933 1372 4987 delectus
1403 4932 1606 4988 habere
1632 4948 1696 4987 ac
1726 4949 1942 4986 manum
1979 4950 2175 5003 cogere
2207 4950 2316 4989 rte-

731 5039 908 5100 pcrat,
948 5029 1091 5080 haud
1130 5027 1294 5082 dubie
1330 5029 1688 5097 irruptionem
1732 5031 1968 5092 minans,
2018 5030 2132 5084 nisi.
2174 5040 2316 5083 metu

731 5123 1009 5190 suppetias
1062 5123 1467 5175 accurrentium
1509 5121 1722 5193 imperii
1778 5125 2058 5193 copiarum
2098 5137 2319 5178 coerce-

731 5226 807 5268 TCI
820 5229 903 5266 ur.

736 5303 790 5358 6.
831 5303 905 5358 De
927 5305 1186 5376 legatione
1218 5303 1532 5359 Venetorum
1577 5305 1645 5358 ad
1695 5305 2064 5374 imperatorem
2099 5304 2324 5358 Thessa-

1198 5377 1388 5430 lonica
1427 5385 1859 5432 rommorantcm.

810 5487 885 5544 Ea
915 5491 1032 5545 vice
1069 5505 1276 5555 rerum,
1318 5491 1609 5545 occasione
1635 5487 2032 5544 commorantis
2075 5485 2126 5539 in
2185 5483 2322 5538 vici-

743 5588 834 5642 nia
865 5583 1213 5654 imperatoris
1241 5583 1332 5638 usi
1365 5584 1555 5640 Veneti
1595 5583 1862 5651 legatione
1891 5582 1955 5634 ad
2001 5594 2125 5635 eum
2161 5577 2326 5633 desti-

746 5688 871 5733 nata
902 5678 1153 5734 renovari
1184 5694 1367 5747 pacem
1397 5693 1520 5732 cum
1554 5674 1815 5731 Romanis
1844 5673 2065 5744 petiere.
2103 5671 2209 5724 Nec.
2233 5669 2326 5722 ab-

743 5773 1003 5828 horrebat
1041 5789 1068 5828 a
1103 5772 1463 5830 conventione
1503 5773 1801 5840 Augustus,
1847 5766 1949 5822 nisi
1995 5764 2324 5822 conditioni-

2411 3214 2609 3267 remitti
2647 3211 2837 3266 Veneti
2870 3213 3194 3280 poscebant,
3229 3228 3328 3266 nec
3361 3213 3524 3267 aliter
3560 3213 3612 3267 in
3648 3212 3825 3268 imitus
3862 3229 3999 3267 cou-

2411 3313 2674 3359 venturos
2701 3318 2759 3357 se
2789 3302 2952 3372 287
2981 3302 3218 3356 aiebant.
3255 3302 3457 3355 Contra
3496 3302 3801 3371 imperator
3853 3303 4002 3354 mul-

2413 3410 2520 3453 tam
2553 3398 2698 3464 jnstc
2732 3395 3011 3457 inﬁietam,
3043 3393 3550 3463 oppignerationem
3596 3403 3744 3448 recte
3796 3394 3997 3448 factam

2411 3486 2686 3543 tuebatur.
2724 3485 3059 3540 Procedente
3111 3491 3369 3542 tractatu.
3414 3483 3709 3552 apparebat
3761 3481 4000 3540 Venetos

2412 3579 2562 3647 pacis
2592 3575 2822 3643 cupidos
2851 3588 3101 3639 magnam
3127 3582 3332 3637 partem
3369 3572 3854 3641 oppigneratorum
3905 3575 4008 3627 bo-

2413 3684 2608 3723 norum
2652 3667 2969 3736 imperatori
3029 3679 3315 3729 cessurus,
3373 3663 3531 3717 modo
3565 3663 3611 3717 is
3640 3664 3723 3716 vel
3783 3665 4002 3718 modica

2411 3760 2735 3816 remissione
2759 3759 3053 3812 admovere
3089 3771 3148 3810 se
3177 3756 3474 3825 postulatis
3534 3771 3726 3810 eorum
3768 3767 3823 3811 et
3871 3773 4007 3811 eon-

2413 3869 2638 3910 sensum
2673 3853 2726 3906 in
2757 3852 2932 3907 foedus
2955 3851 3087 3905 dare
3121 3850 3304 3904 vellet.
3349 3847 3726 3918 Propendebat
3776 3850 3827 3903 in
3861 3850 4005 3905 hanc

2415 3954 2619 4015 partem
2650 3946 2879 4014 benigne
2901 3943 3196 3996 inclinatus
3215 3941 3589 4004 Andronicus,
3610 3955 3796 4008 pacem
3836 3942 4004 3996 istam

2415 4039 2532 4094 suis
2558 4051 2777 4106 quoque
2809 4034 3117 4089 rationibus
3155 4033 3628 4088 accommodatam
3673 4040 3847 4096 ratus,
3894 4032 4006 4086 nisi

2413 4129 2657 4186 coasiliis
2688 4125 3052 4197 quorumdam
3081 4142 3110 4181 e
3129 4126 3244 4180 suis
3261 4125 3367 4179 alio
3396 4133 3760 4179 averteretur.
3783 4123 3845 4177 lii
3867 4141 4007 4179 eau-

2413 4226 2681 4280 sabantur
2742 4221 2896 4293 gravi
2933 4236 3035 4274 suo
3085 4229 3332 4288 tempore
3386 4232 3448 4271 ac
3484 4217 3770 4287 deplorato
3817 4233 4005 4271 rerum

2415 4316 2756 4388 propriarum
2797 4321 2942 4368 statu
2973 4310 3192 4366 adactos
3222 4310 3456 4364 Venetos
3491 4323 3641 4363 mera
3665 4307 4007 4362 necessitate

2415 4409 2557 4463 trahi
2588 4409 2652 4463 ad
2689 4407 3080 4475 cogitationem
3111 4403 3282 4473 pacis.
3322 4402 3504 4467 Quare
3527 4401 3672 4454 haud
3707 4401 4010 4454 convenire

2414 4500 2700 4570 indulgere
2729 4498 2862 4566 ipsis
2890 4495 3214 4566 quidquam,
3250 4493 3460 4562 utique,
3511 4508 3610 4561 pro
3661 4492 4010 4561 inexplebili-

2415 4595 2528 4640 tate
2566 4583 2888 4654 cupiditatis
2921 4595 3182 4636 successu
3220 4580 3384 4644 alitae,
3431 4579 3635 4648 paratis
3676 4578 4008 4632 remissione

2414 4677 2784 4747 qualicunque
2812 4676 2974 4743 justo:
2991 4672 3466 4744 oppignerationis
3503 4672 4012 4740 quomodocuuque

2419 4768 2716 4838 impetrata
2744 4781 2844 4836 pro
2876 4765 3045 4834 gradu
3081 4765 3146 4817 ad
3180 4779 3329 4833 spem
3360 4762 3760 4831 audaciamque
3782 4762 4015 4817 ulterio—

2416 4875 2531 4916 rem
2572 4859 2671 4912 uti.
2706 4857 2881 4912 Unam
2914 4857 3079 4924 igitur
3101 4855 3167 4910 iis
3197 4863 3251 4908 et
3282 4853 3695 4908 irrevocabilem
3737 4853 4015 4907 conditio-

2419 4964 2542 5005 nem
2577 4948 2880 5007 l'ereudam,
2916 4957 2975 5000 ut
3007 4961 3153 5000 mera
3182 4960 3313 5015 pace
3359 4944 3604 4998 contenti
3649 4945 3782 4996 nihil
3841 4959 4013 5012 super

2420 5037 2868 5110 oppigneratione
2893 5037 3219 5089 cavillantur
3247 5043 3342 5088 aut
3369 5035 3579 5088 moveri
3625 5033 3922 5102 quidquam
3953 5036 4010 5089 in

2419 5147 2478 5185 re
2505 5129 2815 5200 justissime
2849 5129 3066 5181 decreta
3098 5127 3289 5179 velint.
3333 5124 3389 5180 id
3427 5126 3722 5182 consilium
3757 5128 4015 5180 tractati-

2421 5239 2581 5277 onem
2614 5220 2837 5275 foederis
2871 5219 3112 5284 diremit,
3152 5217 3377 5273 Venetis
3407 5217 3608 5274 duritie
3645 5218 3898 5284 oﬁensis,
3948 5233 4015 5276 re

2422 5316 2620 5372 infecta
2645 5313 3047 5369 revertentibus
3068 5311 3134 5366 ad
3159 5327 3315 5369 suos.

2779 5449 2832 5502 '7.
2873 5447 2950 5502 De
2981 5447 3096 5516 [ilia
3128 5448 3366 5517 prazfecti
3390 5449 3642 5503 canicleo.

2534 5559 2805 5623 Czeterum
2838 5565 3138 5633 imperator
3169 5562 3462 5629 gratiﬁcari
3488 5561 3718 5618 studens
3749 5560 4014 5620 Chumno

2432 5665 2686 5736 przei'ecto
2749 5655 3000 5720 caniclei,
3038 5671 3148 5723 quo
3193 5655 3459 5711 ﬁdissimo
3493 5656 3558 5710 ad
3593 5656 3776 5711 omnia
3812 5657 4017 5726 proba-

2428 5758 2749 5824 tissimoque
2782 5750 2984 5805 dudum
3024 5746 3275 5800 ministro
3304 5746 3582 5814 utebatur,
3624 5746 3787 5802 ﬁliam
3821 5746 4009 5815 hujus,
