4182 6436
212 382 307 446 321

1147 392 1245 452 DE
1279 389 1724 453 ANDRONlCO
1766 390 2233 451 PALIEOLOGO
2271 395 2421 453 [ιιι.
2450 395 2548 459 ιν.

3386 398 3492 461 32?.

218 498 353 559 τότε,
401 499 502 551 οὐκ
531 496 627 552 οῗδ⁴
654 501 699 554 εί
732 502 823 555 καὶ
865 500 993 555 ἄλλο
1039 502 1173 573 πρὸς
1215 504 1389 574 τούτῳ
1441 504 1523 574 (τὸ
1544 505 1597 558 δὲ
1622 501 1689 575 ἦν
1716 507 1871 569 6:th
1901 504 2323 573 ἀναλαμϐάνειν,
2354 507 2427 568 ὼς
2463 506 2666 573 ἔλεγεν,
2707 509 2751 560 εἰ
2788 506 2831 560 δ’
2867 503 2980 571 οὗ),
3014 507 3149 560 ἀλλὰ
3205 513 3493 578 παραιτεῖ-

211 588 447 656 πλήθους
469 590 617 653 ὄντος
646 594 874 661 ἀπείρου
904 588 1289 661 συμποδισθείς
1314 613 1396 658 τις
1429 597 1692 663 ἐμπίπτει
1724 598 1790 664 τῇ

209 683 403 753 τάφρῳ
437 685 531 736 καὶ
561 687 615 737 ὲν
639 687 753 757 χρῷ
780 687 873 740 τοῦ
924 688 1168 741 κινδύνου
1224 689 1477 757 γίνεται),
1526 688 1792 741 ἀκουσθὶν

208 776 501 843 τοιγαροῦν
530 778 707 839 τοῦτο.
736 774 909 847 οἶμαι,
942 781 975 849 ἢ
1012 782 1104 833 καὶ.
1131 780 1305 843 ἄλλως
1330 778 1543 849 συμϐὰν
1566 779 1791 849 βασιλέα

212 864 385 917 πείθει
443 864 766 928 ἐξαπιναίως
825 867 1149 937 ἀποπέμψαι
1200 870 1265 920 ὲκ
1316 868 1649 937 μηνυμάτων
1701 867 1791 920 τὸν

207 957 333 1008 λαὸν
358 957 595 1019 ἅπαντα.
618 941 908 1028 δεξάμενον
941 962 1040 1029 μὲν
1068 962 1167 1029 τὴν
1188 960 1368 1013 αὐτῶν
1391 959 1790 1029 φιλοφροσύνην

208 1047 307 1115 ἤδη
337 1048 431 1098 καὶ
462 1046 693 1110 εὔνοιαν,
748 1048 887 1116 πλὴν
944 1049 1437 1103 διασκεδασθέντων
1492 1050 1597 1100 τῶν
1653 1048 1789 1100 ὅλων

208 1136 403 1205 ἢθελεν
439 1140 788 1193 εἰσελαύνειν.
823 1134 977 1210 Οὗδὴ
1013 1142 1102 1193 καὶ
1136 1141 1439 1207 γεγονότος,
1467 1140 1542 1201 ὼς
1577 1140 1671 1193 καὶ
1696 1142 1788 1193 ἐπὶ

207 1233 329 1292 ταῖς
368 1232 566 1294 πύλαις
587 1233 861 1302 δυσχερῶς
890 1233 1192 1285 διεκπαίειν
1224 1233 1284 1285 τὸ
1309 1233 1536 1303 ἄπειρον
1587 1234 1789 1302 πλῆθος

206 1323 404 1385 ἐκεῖνο,
429 1324 525 1393 ὀψὲ
554 1325 651 1393 τῆς
675 1324 892 1394 ,ἡμέρας
921 1329 970 1377 oi
1006 1324 1246 1393 βασιλεῖς
1274 1328 1370 1378 σὺν
1391 1328 1503 1387 τοῖς
1532 1324 1669 1394 ἀμφ’
1690 1326 1792 1378 αὑο

203 1416 333 1478 τοὺς
362 1415 461 1483 τὴν
488 1417 641 1469 πόλιν
665 1418 913 1471 εἰσίασιν.
947 1416 1028 1486 [Ρ.
1052 1417 1181 1488 201]
1224 1418 1377 1470 Ἐπεὶ
1403 1418 1458 1469 δὲ
1489 1418 1665 1471 πάντα
1692 1420 1783 1469 τά-

205 1510 295 1559 κεῖ
322 1506 401 1576 τῷ
433 1507 641 1577 βασιλεῖ
668 1510 809 1561 κατὰ
839 1507 963 1561 νοῦν
1014 1509 1455 1578 προκεχωρήκει,
1485 1509 1579 1562 καὶ
1627 1510 1787 1577 μόνον

203 1600 265 1651 τὸ
290 1598 387 1651 τοῦ
423 1601 765 1669 πατριάρχου
798 1600 884 1653 διὰ
923 1601 1199 1671 φροντίδος
1241 1597 1328 1671 ἦν,
1362 1601 1466 1653 ὑπὸ
1488 1601 1659 1673 γωνίᾳ.
1691 1619 1787 1655 κα-

205 1690 450 1760 θημένου
479 1694 545 1761 τῇ
583 1693 679 1761 τῆς
731 1693 1207 1762 Παμμακαρίστου
1276 1696 1431 1763 μονῇ,
1475 1693 1563 1745 διὰ
1619 1693 1786 1746 ταῦτα

203 1784 447 1853 πέμπων
476 1784 734 1848 πολλάκις
754 1786 905 1853 ἠξίου
930 1784 1294 1855 μικροψυχίας
1316 1787 1496 1854 πάσης
1516 1785 1787 1855 ἀφέμενον

203 1876 470 1945 ἀπαίρειν
501 1876 708 1928 ἐκεῖθεν
725 1878 818 1929 καὶ
850 1876 983 1946 πρὸς
1010 1876 1070 1928 τὸ
1096 1877 1483 1946 πατριαρχείον
1512 1892 1785 1946 μετασκη-

203 1965 352 2018 νοῦν.
383 1966 527 2018 Ἀλλ’
557 1967 653 2019 οὐκ
673 1966 886 2019 ἔπειθεν
897 1966 1063 2031 ἀξιῶν
1078 1966 1356 2028 πολλάκις.
1387 1966 1617 2019 Ἐδίδοτο
1632 1966 1688 2019 δέ
1708 1983 1789 2029 τις

202 2060 295 2112 καὶ
326 2059 504 2113 ἔννοια
528 2059 622 2111 τοῦ
653 2059 837 2111 ἀλύειν
867 2059 1027 2129 χάριν
1053 2059 1160 2110 τῶν
1186 2059 1509 2125 γεγονότων,
1556 2057 1695 2128 πλὴν
1728 2059 1787 2110 οὐ

200 2151 429 2220 γυμνῶν
461 2154 552 2211 καὶ
578 2151 757 2220 μόνων
786 2151 1032 2211 ἐκείνων,
1069 2151 1209 2203 ἀλλὰ
1237 2151 1327 2201 καί
1358 2150 1457 2202 τιν’
1492 2150 1624 2202 ἄλλα
1648 2168 1709 2201 συ
1720 2169 1787 2217 μ-

202 2244 521 2305 πλέκοντος,
552 2243 636 2311 ἐφ’
689 2238 768 2305 οἷς
808 2241 1125 2311 προσελθεῖν
1187 2241 1286 2311 μὲν
1340 2240 1563 2310 βασιλέα
1611 2240 1784 2308 ἠξίου,
1843 2294 1847 2300 ,

204 2333 524 2403 προσελθεῖν
558 2334 615 2386 δὲ
646 2334 734 2384 καί
766 2350 914 2395 τινας
947 2332 1056 2385 τῶν
1092 2331 1185 2385 τοῦ
1220 2333 1446 2400 κλήρου,
1476 2332 1568 2384 καὶ
1601 2334 1785 2402 ἀρχιε-

205 2428 345 2495 ρέων
364 2426 556 2477 ὁπόσοι
591 2425 681 2477 καὶ
713 2423 919 2486 δόξειαν
946 2424 1309 2492 ἀποχρώντως
1346 2422 1510 2491 ἔχειν,
1551 2425 1643 2475 καὶ
1696 2424 1783 2475 λό-

201 2535 334 2585 γους
365 2517 674 2586 κινηθῆναι,
710 2517 803 2569 καλ⁵
856 2516 997 2568 οὕτω
1056 2531 1171 2576 πως
1237 2514 1643 2585 θεραπευθέντα
1694 2516 1787 2568 τὸν

201 2611 594 2682 πατριάρχην,
642 2612 691 2662 εί
736 2607 1025 2680 ἐγχωροίη,
1083 2606 1183 2678 τὴν
1254 2606 1459 2661 οἰκείαν
1509 2606 1785 2661 διακονίαν

205 2874 404 2929 urbem
452 2871 635 2926 invehi
671 2870 808 2926 velle
840 2869 946 2925 nisi
972 2877 1098 2940 post
1147 2867 1395 2938 dilapsos
1422 2866 1487 2921 ad
1521 2883 1619 2922 sua
1660 2868 1778 2923 sin-

202 2970 368 3037 gulos
394 2975 448 3020 et
488 2966 851 3020 familiaribus
886 2965 1129 3019 redditos
1160 2964 1407 3018 sedibus.
1451 2961 1509 3016 ld
1540 2978 1660 3017 cum
1690 2979 1781 3017 cs-

200 3073 287 3117 srt
316 3061 510 3115 statim
545 3061 659 3113 fieri
688 3066 931 3128 ereptum
958 3065 1012 3111 et
1055 3065 1142 3111 sat
1171 3057 1263 3111 ditt
1302 3055 1584 3121 durasset,
1610 3071 1783 3125 angu-

201 3155 328 3209 stiis
372 3153 502 3208 ostii
537 3161 746 3205 tantam
779 3150 1185 3204 multitudinem
1219 3149 1326 3203 nisi
1366 3149 1523 3218 longa
1557 3164 1772 3204 succes-

200 3246 365 3301 sione
392 3245 587 3300 densis
621 3244 787 3297 undis
815 3244 1237 3313 irrurnpentium
1272 3242 1567 3297 exhaurire
1603 3250 1784 3298 trans.

200 3338 481 3393 mittendo
515 3353 624 3391 non
649 3337 978 3399 valentibus,
1012 3343 1243 3405 purgato
1274 3334 1515 3403 denique
1556 3350 1785 3403 prorsus

198 3434 532 3485 suburbano
570 3443 771 3498 campo
812 3442 877 3483 ac
919 3428 1141 3482 cunctis
1195 3426 1310 3495 jam
1358 3426 1649 3495 dispersis,
1691 3428 1784 3481 vix

198 3540 326 3579 sero
363 3524 475 3577 diei
511 3523 746 3592 Augusti
772 3536 900 3576 cum
926 3521 1166 3587 palatina
1202 3520 1405 3573 familia
1429 3521 1619 3575 urbem
1647 3521 1784 3575 sub-

198 3616 337 3670 iere.
375 3616 591 3669 Palatio
636 3615 714 3669 sic
746 3612 1018 3669 redditum
1045 3612 1446 3675 Andronicum,
1479 3628 1546 3665 ne
1574 3614 1625 3665 in
1656 3612 1780 3667 sinu

198 3723 336 3774 pure
371 3708 643 3776 gauderet
675 3707 786 3761 fere
827 3704 1101 3759 confectis
1141 3720 1172 3758 e
1223 3706 1499 3758 sententia
1541 3720 1638 3773 per
1685 3720 1784 3757 nu-

200 3818 396 3872 peram
413 3802 822 3870 expeditionem
853 3800 1036 3861 rebus,
1057 3798 1442 3867 interpellabat
1467 3799 1783 3853 sollicitudo

194 3901 261 3951 de
295 3894 655 3965 patriarcha,
712 3908 873 3962 quem
937 3906 1295 3961 perseverare
1340 3904 1681 3946 mussantem
1726 3892 1779 3945 in

194 3988 401 4057 angulo
436 3987 589 4056 apud
620 3984 1043 4039 Pammacaristi
1101 3984 1497 4038 monasterium
1540 3984 1779 4040 sciebat.

192 4080 467 4149 Allegatis
505 4092 638 4147 ergo
672 4078 879 4147 sapius
914 4076 981 4130 ad
1038 4092 1162 4130 eum
1210 4076 1429 4130 idoneis
1461 4075 1783 4130 hominibus

192 4171 438 4241 rogavit.
472 4170 806 4239 aegritudine
829 4166 1082 4236 deposita
1116 4166 1427 4236 laxatisque
1480 4167 1781 4236 aliquando

192 4264 608 4334 superstitiosa;
665 4260 871 4314 mentis
928 4258 1150 4314 miseris
1210 4259 1488 4329 angustiis
1539 4260 1779 4328 patriar-

189 4355 337 4409 ehali
372 4369 435 4408 se
461 4350 750 4406 domicilio
798 4351 1238 4420 ministeriisque
1286 4366 1345 4406 se
1380 4350 1568 4421 dignis
1598 4360 1652 4405 et
1687 4368 1778 4407 sa-

190 4460 299 4499 cra:
334 4449 639 4514 potestatls
668 4442 940 4497 exercitio
967 4441 1244 4506 redderet,
1274 4442 1370 4495 illo
1410 4457 1633 4513 semper
1670 4445 1778 4497 ab-

1904 594 2025 647 σθαι
2057 598 2151 647 καὶ
2174 596 2298 648 καθ’
2322 598 2551 667 ἡσυχίαν
2573 598 2632 651 τὸ
2648 598 3144 667 λοιπὶνδαφέρειν
3192 599 3289 653 τοῦ
3340 600 3485 671 βίου.

1902 702 1966 757 θ’.
2006 703 2204 770 Ὅπως
2232 709 2264 759 ό
2290 707 2707 785 ,βασιλεὺς-ἐἰς
2734 711 2809 785 τὸ
2846 712 3269 785 πίιτριαρχεῒονς
3294 730 3487 785 παρα·

2266 778 2489 842 γίνεται
2516 778 2613 831 καί
2643 782 2830 831 πείθει
2860 781 3115 833 ἀνιέναι.

1974 863 2171 934 Πρὼτῃ
2204 864 2333 931 γοῦν
2353 868 2663 932 Ληναιῶνος
2698 870 2812 937 ,ὀψὲ
2869 872 2967 938 τῆς
3022 871 3213 937 νυκτὸς
3285 875 3490 941 γίνεται

1896 952 2089 1006 τοῦτο*
2118 956 2203 1008 διὰ
2231 957 2469 1025 σπουδῆς
2518 959 2628 1029 γὰρ
2682 955 2750 1029 ἦν
2792 962 3005 1028 βασιλεῖ
3062 963 3161 1032 τῆς
3221 966 3488 1035 μεγίστης

1898 1044 1991 1095 ἐπὶ
2023 1044 2099 1112 τῷ
2136 1046 2210 1111 μὴ
2240 1048 2495 1115 τηνικάδε
2531 1051 2915 1118 παραιτεῖσθαι
2968 1054 3059 1104 τὸν
3112 1057 3485 1127 πατριάρχην,

1898 1136 1992 1185 καὶ
2024 1134 2232 1197 πολλοῖς
2254 1137 2402 1203 δόξαι
2438 1137 2511 1196 ὡς
2538 1139 2746 1198 οὐδενὸς
2777 1142 2935 1219 χάριν
2971 1142 3131 1195 ἄλλου
3160 1144 3193 1215 ἢ
3226 1144 3318 1199 τοῦ
3343 1150 3487 1202 κατὰ

1896 1224 1988 1275 τὸν
2020 1226 2226 1293 κρὰλην
2271 1226 2718 1295 συναλλάγματος
2770 1234 3141 1301 παρῃτήσατο,
3193 1236 3488 1293 κάντεῦθεν

1901 1316 2197 1369 σκάνδαλον
2224 1320 2502 1389 συμὸῆναι
2539 1324 2790 1390 γενέσθαι
2848 1328 2958 1387 τοῖς
3018 1327 3117 1395 τῆς
3160 1328 3486 1397 Ἑκκλησίας

1900 1408 2208 1478 πράγμασι.
2246 1411 2345 1462 Διά
2372 1412 2529 1464 τοῦτο
2563 1414 2657 1465 καὶ
2688 1416 2833 1466 δυοῖν
2871 1414 3095 1484 μεταξὺ,
3126 1418 3223 1486 τῆς
3260 1436 3317 1470 τε
3347 1410 3485 1489 πρὸς

1895 1501 2084 1551 τοῦτον
2107 1499 2344 1563 θωπείας
2374 1506 2466 1556 καὶ
2492 1505 2589 1573 τῆς
2622 1507 2886 1576 δοκούσης
2924 1509 3071 1575 αὐτῷ
3098 1510 3481 1579 δικαιολογίας,

1896 1591 2290 1661 ἑναποληφθεὶς
2341 1597 2577 1659 συνετῶς
2629 1597 2867 1667 ὑπήγετο
2900 1601 3033 1668 πρὸς
3065 1602 3092 1655 ὅ
3122 1621 3169 1654 τι
3200 1604 3292 1655 καὶ
3341 1603 3484 1669 δόξοι

1896 1682 2230 1752 πατριάρχῃ.
2282 1684 2651 1753 Παραγίνεται
2693 1691 2982 1759 τοιγαροῦν
3053 1691 3330 1759 βασιλεὺς,
3390 1696 3484 1748 καὶ

1894 1774 2006 1834 τοῖς
2046 1776 2171 1842 περὶ
2205 1775 2295 1826 τὸν
2321 1779 2670 1847 πατριάρχην
2699 1783 3034 1847 συγγίνεται.
3066 1779 3249 1853 Ἷιμεν
3286 1786 3342 1838 δὲ
3386 1787 3483 1839 καὶ

1829 1862 1867 1917 Β
1893 1864 2054 1935 ἡμεῖς
2084 1865 2181 1917 σὺν
2215 1865 2395 1929 ἄλλοις
2420 1870 2557 1921 ἐκεῖ,
2625 1872 2758 1923 Τότε
2806 1874 3127 1937 καθίσαντος
3181 1877 3278 1943 μὲν
3329 1877 3484 1946 βασι-

1895 1954 2051 2018 λέως,
2120 1956 2590 2026 συνεδριασάντων
2635 1960 2709 2011 δὲ
2754 1962 2847 2013 καὶ
2894 1962 3003 2014 τῶν
3038 1963 3125 2035 [1³.
3164 1966 3291 2036 ⁸202]
3319 1968 3483 2035 ἱερῶν

1893 2046 2122 2115 ἀνδρῶν,
2145 2049 2309 2101 ἐκίνει
2336 2054 2676 2121 πατριάρχης
2696 2057 2827 2122 τρὶς
2857 2056 3081 2120 βασιλέα
3126 2058 3191 2109 τὰ
3220 2059 3483 2115 δοκοῦντά

1890 2138 1938 2188 οί
1969 2138 2102 2207 πρὸς
2134 2141 2541 2211 παραλύττησιν,
2575 2144 2641 2195 δι’
2673 2144 2704 2196 5t
2758 2147 2849 2197 καὶ
2886 2149 3237 2216 ἑγγωνιὰζειν
3304 2152 3479 2209 ἐθέλει

1891 2231 1981 2280 καὶ
2008 2232 2387 2298 παραιτεῖσθαι
2424 2234 2517 2285 καὶ
2559 2236 2884 2307 Ἐκκλησίας
2940 2240 3225 2309 προεδρίαν
3283 2243 3375 2297 καὶ
3409 2245 3479 2298 i3-

1894 2320 2138 2391 ρωσὺνην
2170 2323 2358 2394 αὐτὴν,
2386 2328 2433 2378 εί
2469 2328 2626 2379 πλέον
2651 2330 3137 2399 συναναγκάζοιτο.
3201 2335 3306 2386 Καὶ
3371 2335 3479 2407 πρὸ

1889 2412 2189 2467 τῶνᾶλλων
2211 2417 2268 2468 τὸ
2294 2417 2384 2468 τοῦ
2418 2420 2593 2488 κράλη
2630 2421 2932 2490 προετίθει,
2969 2424 3059 2475 καὶ
3098 2424 3164 2477 τὰ
3214 2425 3478 2480 δοκοῦντά

1887 2506 1933 2557 oi
1961 2508 2357 2575 προσίστασθαι
2387 2510 2729 2573 ἁνετάττετο,
2791 2515 2873 2566 ὅτι
2939 2513 3141 2584 δηλαδὴ
3206 2518 3478 2587 συνεστὼς

1887 2594 2029 2647 κατά
2060 2595 2257 2664 νόμους
2293 2599 2467 2665 γάμος
2492 2598 2769 2671 διαλυθείη
2829 2603 2921 2656 καὶ
2962 2606 3060 2676 τὴν
3088 2596 3183 2659 τοῦ
3212 2607 3478 2677 βασιλέως

1884 2866 1941 2924 9.
1988 2869 2048 2925 Ut
2080 2869 2373 2950 imperator
2404 2874 2472 2923 ad
2520 2876 2655 2950 a'rlcs
2708 2878 3031 2950 patriam/ue
3076 2897 3132 2932 se
3170 2884 3473 2950 contulerit,

1956 2941 2285 3022 suaseritqne
2325 2945 2373 2993 ei
2400 2960 2452 2994 sc
2495 2941 2715 2997 mam
2751 2949 3121 3014 [unctionibus
3172 2968 3284 3005 suae
3326 2941 3477 3024 pote;

1957 3022 2134 3065 statis.

1958 3144 2036 3197 Ne
2069 3145 2216 3198 istuc
2252 3147 2474 3215 quidem
2532 3153 2872 3207 descendere
2905 3156 2958 3209 in
3017 3172 3168 3225 spem
3220 3159 3473 3230 placandi

1890 3237 2222 3305 patriarcha:
2262 3241 2562 3305 imperator
2618 3248 2934 3315 recusavit;
2987 3258 3152 3318 atque
3203 3252 3341 3305 adeo
3368 3251 3469 3305 Fe-

1890 3327 2094 3381 bruarii
2130 3328 2389 3386 Kalendis
2435 3334 2604 3387 multa
2643 3346 2804 3391 nocte
2832 3354 2955 3391 cum
2985 3356 3051 3394 eo
3097 3358 3260 3410 quem
3298 3359 3472 3415 popo-

1888 3428 2069 3472 scerat
2092 3423 2355 3475 comitatu
2384 3434 2587 3490 praesto
2614 3427 2793 3482 adfuit
2833 3429 2925 3484 ubi
2956 3431 3003 3485 is
3046 3432 3462 3489 dirersabatur.

1888 3508 2068 3565 Causa
2118 3520 2229 3565 tam
2280 3514 2519 3569 sollicite
2548 3518 2967 3575 obsecundandi
3006 3524 3305 3582 desideriis
3348 3527 3471 3598 ejus

1888 3602 2206 3658 Andronico
2226 3605 2352 3671 fuit,
2381 3610 2529 3677 quod
2583 3612 2810 3667 minime
2833 3617 3082 3670 omnium
3114 3619 3335 3673 volt-bat
3368 3623 3464 3674 ab-

1888 3694 2226 3751 dicationem
2260 3715 2423 3767 quam
2460 3703 2781 3769 patriarcha
2814 3706 3153 3771 minabatur,
3207 3711 3467 3779 imputari

1883 3788 2009 3841 odio
2034 3788 2260 3844 foederis
2298 3806 2326 3843 a
2377 3808 2435 3845 sc
2470 3794 2591 3847 initi
2633 3810 2759 3849 ctun
2820 3800 2990 3852 cralc.
3046 3800 3373 3858 Credituros
3415 3805 3468 3858 id

1886 3880 2035 3933 enim
2096 3880 2257 3937 facile
2300 3885 2598 3953 plurimos;
2656 3898 2707 3941 et
2745 3890 2931 3944 statim
2963 3892 3018 3945 in
3046 3896 3244 3947 famam
3282 3896 3470 3951 abitu-

1888 3988 2009 4027 rum
2059 3981 2267 4027 tantam
2304 3976 2478 4031 fuisse
2529 3980 2915 4049 indignitatem
2949 3984 3229 4040 affinitatis
3255 3987 3324 4041 ab
3361 3990 3468 4042 im-

1885 4073 2141 4133 peratore
2176 4081 2299 4119 cum
2333 4066 2539 4123 Serbia:
2573 4071 2821 4141 principe
2876 4083 3200 4140 contractae,
3260 4089 3319 4130 ut
3351 4095 3464 4135 non

1884 4158 2048 4210 aliam
2066 4156 2308 4212 Joannes
2336 4162 2652 4227 patriarcha
2681 4162 2971 4232 dignitatis
2989 4166 3311 4222 abdicandae
3337 4186 3466 4225 cau-

1883 4263 2002 4302 sam
2038 4248 2296 4303 habuerit
2334 4266 2497 4319 quam
2534 4264 2742 4307 metum
2774 4270 2841 4309 ne
2876 4255 2929 4308 in
2960 4271 3024 4310 ea
3058 4261 3462 4327 perseverando

1885 4340 2058 4395 rideri
2085 4350 2269 4410 posset
2302 4343 2352 4395 id
2398 4345 2814 4399 matrimonium
2846 4349 3110 4415 probasse
3137 4358 3231 4406 aut
3261 4353 3468 4407 tolera-

1886 4433 1996 4488 bile
2027 4450 2295 4499 censere;
2330 4452 2394 4488 ex
2423 4452 2529 4505 qua
2563 4439 2829 4506 opinione
2876 4440 3155 4510 ingentem
3195 4445 3464 4498 orituram

191 4546 407 4591 nuente
452 4536 837 4603 acquiescere,
892 4544 949 4589 et
1004 4533 1192 4589 nescio
1270 4535 1402 4603 quid
1462 4538 1777 4604 perplexum
1810 4535 1860 4595 Ι)
1890 4540 2071 4579 rerum
2120 4525 2378 4581 Ecclesiae
2426 4530 2903 4597 perturbationem
2953 4534 3301 4601 providebat.
3336 4536 3465 4606 hijns

188 4628 592 4698 respondente,
624 4640 735 4695 quo
764 4626 1050 4681 videretur
1076 4627 1325 4681 indicare
1354 4625 1558 4681 offendi
1584 4642 1644 4681 se
1676 4643 1779 4680 nn-

188 4736 287 4790 per
313 4719 487 4790 292
514 4718 674 4779 actis.
704 4719 799 4772 sed
835 4732 944 4772 nec.
964 4718 1130 4772 meris
1176 4732 1240 4771 ac
1268 4718 1425 4783 solis,
1487 4733 1680 4773 verum
1724 4730 1779 4771 et

186 4814 340 4875 aliis,
376 4827 508 4881 qua:
540 4811 712 4878 magis
746 4809 1011 4864 innueret
1044 4824 1211 4880 quam
1245 4810 1393 4865 clare
1439 4810 1776 4879 designaret.

185 4902 270 4958 0b
296 4917 430 4973 qua!
459 4900 704 4955 addebat
735 4915 898 4955 orare
940 4916 999 4955 se
1028 4905 1343 4971 Augustum
1388 4916 1455 4955 ne
1488 4902 1555 4955 ad
1593 4917 1654 4956 se
1687 4917 1775 4955 ve—

187 4998 307 5050 nire
340 5002 699 5065 gravaretur,
761 4992 1084 5047 convocatis
1128 4992 1319 5047 eodem
1376 4992 1707 5061 quibusdam
1746 5008 1776 5047 e

186 5090 341 5142 clero
382 5101 450 5140 ac
477 5085 776 5154 episcopis,
808 5099 876 5138 eo
910 5099 1139 5139 numero
1164 5086 1258 5154 qui
1280 5084 1534 5140 sufﬁcere
1570 5086 1637 5141 ad
1686 5085 1775 5155 jn-

188 5191 342 5237 stum
367 5180 437 5235 de
476 5180 650 5233 rebus
686 5178 947 5249 gravibus
976 5193 1336 5249 congressum
1369 5181 1672 5236 videretur.
1715 5182 1772 5237 In

186 5291 255 5329 eo
279 5283 433 5329 antu
467 5287 533 5326 se
562 5273 976 5342 propositurum
1009 5273 1140 5342 quid
1168 5273 1413 5327 animum
1440 5282 1624 5329 ureret
1649 5289 1772 5343 pro-

191 5366 579 5431 hiberetquea
633 5360 1011 5417 funt-tionibus
1044 5377 1157 5416 sua:
1205 5362 1531 5431 dignitatis;
1578 5364 1781 5433 quibus

192 5455 472 5526 expositis
519 5454 565 5508 si
598 5451 793 5508 Patres
826 5468 1121 5508 censerent
1150 5455 1524 5509 ministerium
1569 5470 1629 5510 se
1653 5471 1777 5524 pro-

193 5549 379 5617 prium
412 5560 707 5603 resumere
735 5544 959 5609 debere,
988 5547 1241 5601 consiliis
1268 5547 1516 5617 ipsorum
1564 5548 1778 5601 obtem-

192 5653 532 5710 peraturnm
570 5657 586 5694 :
616 5638 671 5693 ni
706 5640 759 5693 id
790 5639 966 5706 ﬂeret,
992 5640 1102 5710 jam
1140 5654 1289 5695 nunc
1329 5640 1590 5696 abdicare
1625 5640 1778 5694 thro-

192 5752 319 5790 nuru
360 5747 415 5791 et
446 5736 503 5790 in
536 5734 725 5805 quiete
756 5735 876 5790 vitae
905 5734 1175 5804 reliquum
1209 5735 1346 5791 velle
1379 5736 1703 5806 transigere.

1886 4618 2225 4673 incommedi
2261 4620 2623 4687 praerertcndi
2655 4622 2843 4677 studio
2884 4623 3041 4685 adire
3082 4627 3458 4696 pat‘riarcham

1883 4709 2170 4778 Angustus
2190 4712 2408 4773 statuit.
2438 4728 2742 4783 coramque
2772 4729 2837 4769 ex
2869 4731 2934 4770 eo
2964 4709 3301 4785 cognoscere
3328 4722 3461 4791 quid

1883 4801 1939 4855 in
1973 4819 2033 4856 se
2077 4804 2360 4872 culparet;
2393 4804 2556 4873 idque
2601 4806 2732 4860 fecit
2796 4808 3181 4865 moderatione
3223 4815 3459 4879 quadam

1883 4894 2059 4949 media
2086 4896 2227 4947 inter
2253 4895 2515 4950 humilem
2541 4897 2933 4954 demissionem
2964 4902 3301 4959 adulationis
3332 4920 3462 4978 erga

1878 5000 2005 5039 eum
2037 4988 2288 5041 obnoxim
2336 4997 2390 5042 et
2441 4990 2605 5058 justa:
2641 5006 2756 5044 suae
2803 4992 3144 5049 defensionis
3200 4996 3456 5052 fiduciam

1883 5093 2155 5133 securam.
2193 5078 2391 5134 Curam
2429 5084 2741 5148 patriarcha
2799 5085 2962 5155 igitur
3017 5098 3164 5143 coetu
3226 5105 3456 5144 suorum

1882 5171 2224 5226 circumdato
2249 5173 2423 5227 adfuit
2459 5177 2792 5244 imperator;
2822 5177 3102 5235 adfuitnus
3131 5190 3187 5237 et
3215 5198 3315 5239 nos
3354 5183 3461 5239 ibi-

1883 5266 2005 5318 dem
2043 5282 2164 5317 cum
2211 5266 2356 5319 aliis.
2390 5266 2627 5337 Moxque
2656 5269 2747 5324 ubi
2773 5272 3114 5327 consedisset
3150 5276 3456 5346 Augustus,

1885 5355 2415 5412 cirrumsedentilms
2448 5362 2592 5413 sacri
2622 5361 2835 5415 ordinis
2862 5364 3014 5427 viris,
3049 5368 3302 5433 exposuit
3350 5367 3458 5422 im-

1886 5447 2127 5516 peratori
2168 5447 2328 5517 293
2387 5449 2701 5517 patriarcha
2737 5467 2860 5520 quae
2912 5453 3017 5506 sibi
3075 5454 3452 5525 displicerent,

1884 5540 1955 5592 ob
1992 5556 2113 5607 qua:
2154 5541 2424 5595 hactenus
2463 5543 2652 5598 volens
2682 5545 2731 5597 in
2767 5547 2977 5615 angulo
3004 5560 3298 5612 mussaret,
3322 5565 3455 5619 por-

1886 5648 2058 5702 roque
2094 5645 2319 5703 paratus
2342 5646 2489 5689 esset
2528 5636 2869 5706 pi'zefecttirze
2905 5641 3142 5709 ipsique,
3181 5643 3226 5697 si
3257 5644 3455 5711 despe-

1889 5727 2030 5781 ratio
2059 5729 2286 5781 remedii
2324 5730 2404 5783 sic
2459 5741 2702 5801 cogeret.
2748 5736 3071 5790 renuntiare
3119 5736 3453 5791 sacerdotio.

1888 5824 2025 5877 Ante
2054 5822 2238 5877 omnia
2294 5826 2621 5881 metnorarit
2673 5826 2849 5881 fmdns
2882 5845 3005 5881 cum
3054 5830 3221 5895 crale,
3257 5830 3308 5883 in
3346 5846 3454 5898 quo
