4206 6440
731 356 839 420 383

1936 354 1979 412 G
1991 350 2189 412 EURG
2206 347 2255 407 il
2290 346 2480 407 I’ACll
2497 347 2589 405 Y5!
2604 348 2697 413 Eli
2712 348 2774 407 ,Ε

3897 339 4014 410 384

732 492 837 545 χην
898 472 1215 527 τοὺντεῦὒεν
1262 473 1356 526 καὶ
1403 467 1544 526 εἶναι
1600 473 1695 526 καὶ
1722 471 2120 544 ὀνομάζεσθαι’
2152 471 2200 521 oi
2251 466 2306 518 δὲ
2338 467 2383 523 Δ
2418 469 2548 538 παρ’
2578 469 2784 521 ἐκεῖνον
2825 467 3059 535 ἀφίξεως
3094 483 3278 529 ενεκα,
3323 465 3668 535 συνέπεμπον
3787 466 3833 517 oi
3874 466 4012 528 τοὺς

705 567 954 636 ,βίϐλους
978 566 1314 618 ἀνέπτυσσον
1343 567 1432 619 καὶ
1457 567 1699 637 ἱστορίας
1732 567 2065 637 προέτεινον,
2094 562 2189 617 καὶ
2210 559 2313 615 ποῦ

733 658 835 726 μὲν
892 654 1193 708 Φλασιανμδν
1250 655 1336 727 [Ρ.
1388 654 1516 727 940]
1567 659 1847 728 προσῆγον
1897 657 2178 727 ὀμόσαντα
2218 653 2317 725 τὴν

732 746 1065 814 χειροτονίαν
1095 746 1169 816 μὴ
1201 746 1451 815 δέχεσθαι
1472 748 1570 801 καὶ
1599 748 1897 819 δεξάμενον
1935 747 2183 817 ὕστερόν,
2212 743 2317 797 ποῦ

728 836 787 890 δὲ
840 838 931 889 τὸν
965 838 1055 888 ἐπὶ
1091 835 1180 889 τοῦ
1212 838 1479 913 ¹μεγάλου
1512 840 1795 904 Βασιλείου
1844 840 2101 910 Βιάνορα,
2153 836 2321 905 θερα-

721 930 1050 980 ’πευσάντων
1080 929 1192 981 τῶν
1220 930 1393 995 ἁγίων
1430 932 1558 994 τοὺς
1608 931 1832 985 ἐκείνων
1866 933 2066 1001 ὅρκους
2097 929 2320 1000 τρόποις

731 1020 1042 1087 οἰκονομίας
1100 1020 1197 1073 καὶ
1256 1025 1636 1090 πνευματικῆς
1694 1021 2103 1084 καταστάσεως.
2152 1018 2317 1072 Ταῦτ’

733 1110 924 1177 ἔλεγον
970 1111 1496 1181 διαγνωμονοῦντες,
1532 1115 1627 1165 καὶ
1671 1114 1766 1167 ἐπὶ
1816 1113 2025 1174 τούτοις
2058 1114 2085 1165 ὁ
2132 1112 2321 1182 χρόνος

735 1203 1002 1272 ὲτρίῦετο.
1037 1204 1208 1264 Μόλις
1246 1207 1385 1275 μετὰ
1414 1208 1511 1277 τὴν
1544 1208 1745 1277 πολλὴν
1774 1207 2197 1277 διαφιλονεικίαν
2227 1206 2321 1258 καὶ

735 1294 835 1364 τὴν
873 1296 976 1347 ὑπὸ
1010 1295 1218 1363 βασιλεί
1244 1298 1490 1369 ἀκροατῇ
1522 1316 1585 1366 γε
1621 1302 1716 1353 καὶ
1747 1299 2076 1368 διαγνώμονι
2107 1298 2321 1351 συνδιά-

740 1386 961 1453 σκεψιν,
1003 1388 1127 1438 ἐπεὶ
1157 1388 1256 1441 οὐκ
1287 1385 1353 1459 ἦν
1385 1385 1705 1459 συμόαίνειν
1734 1390 1833 1454 τάς
1860 1389 2085 1458 γνώμας
2122 1391 2321 1451 αὐτῶν,

740 1479 819 1539 εἰς
859 1478 994 1529 πολὺ
1042 1478 1134 1529 τοῦ
1174 1479 1369 1547 καιροῦ
1406 1482 1886 1551 κατατεινομένου,
1928 1481 2173 1550 ἔγνωσαν
2207 1482 2323 1551 ἅμα

742 1568 997 1635 πέμπειν·
1042 1573 1130 1620 καὶ
1186 1572 1395 1639 ἐρωτᾷν
1446 1573 1654 1623 ἐκεῖνον
1717 1574 1882 1625 αὑτὸν
1940 1575 2322 1643 πατριάρχης),

741 1661 887 1719 ὅπως
921 1659 1032 1727 ἔχοι
1063 1659 1287 1728 γνώμης
1338 1663 1432 1713 καὶ
1468 1663 1575 1724 ὅτι
1605 1662 1753 1728 λέγει
1784 1663 1874 1715 ὲττί
1920 1680 1980 1715 τε
2013 1666 2078 1733 τῇ
2119 1681 2320 1733 παραι-

746 1750 903 1818 τήσει
944 1752 1034 1801 καὶ
1059 1751 1151 1802 ἐπὶ
1182 1752 1256 1819 τῷ
1286 1752 1644 1824 φημιζομένῳ
1669 1755 1845 1825 ὅρκῳ*
1880 1754 1940 1806 τὸ
1968 1755 2076 1824 γὰρ
2098 1754 2320 1814 εὐλαϐὲς

748 1846 845 1895 καὶ
878 1844 1081 1895 ἁπλοῦν
1116 1845 1206 1895 τοῦ
1240 1846 1431 1915 ἀνδρὸς
1456 1848 1716 1915 ἐχέγγυον
1746 1846 1891 1917 εἶχον
1916 1848 2095 1917 λέγειν
2119 1850 2325 1901 ἐκεῖνον

744 1937 814 1986 τά
856 1938 1034 2004 πάσης
1070 1935 1397 2000 ἀποδείξεως
1427 1940 1679 2009 κρείττω,
1714 1942 1795 2008 ἐφ’
1821 1935 1901 2003 οἷς
1933 1942 2041 2011 ἄρα
2070 1942 2327 2010 διημφισ-

748 2027 944 2093 ϐήτουν
991 2027 1261 2093 ἀλλήλοις.
1307 2031 1415 2081 Καὶ
1467 2030 1530 2099 δὴ
1581 2031 1766 2100 ἠξίουν
1819 2033 1917 2100 μὲν
1981 2031 2326 2102 πατριάρχην

764 2118 1199 2187 Ἀλεξανδρείας,
1234 2121 1347 2171 ἐκεῖ
1386 2121 1480 2172 καὶ
1511 2122 1672 2174 αὑτὸν
1706 2121 2199 2193 προκαθεζόμενον.
2231 2124 2328 2191 τῆς

756 2291 1131 2346 distinxerim.
1193 2298 1374 2363 Atque
1424 2294 1476 2348 in
1534 2297 1635 2349 hoc
1687 2296 1775 2349 isti
1839 2296 2027 2350 obnixi
2090 2297 2329 2364 stabant,

756 2384 1299 2438 contentione'certa
1344 2402 1449 2438 non
1484 2386 1701 2449 cedere,
1738 2386 1863 2441 aliis
1917 2386 2091 2440 nihilo
2143 2388 2335 2442 remis-

756 2474 875 2529 sius
906 2476 1361 2543 repugnantilms.
1405 2474 1518 2530 Nec
1573 2492 1699 2545 spes
1747 2479 2042 2547 apparebat
2083 2478 2335 2533 ﬁniendae

760 2568 1157 2631 altercationis,
1188 2584 1310 2638 qua:
1338 2569 1517 2623 minus
1545 2570 1691 2623 circa
1724 2570 2123 2625 abdicationem
2159 2573 2331 2640 ipsam

760 2676 927 2728 quam
953 2660 1096 2712 circa
1148 2661 1312 2713 verba
1366 2661 1455 2713 illa
1494 2662 1790 2737 juramenti
1853 2663 2090 2731 speciem
2147 2664 2337 2731 praele-

760 2750 937 2805 rentia
956 2760 1257 2807 exarserat.
1280 2751 1465 2821 quue
1490 2768 1574 2806 res
1586 2753 1899 2818 devenerat,
1925 2764 1981 2806 ut
1998 2767 2337 2823 qumreretur

761 2856 890 2908 nutu
918 2841 1131 2894 etiamsi
1164 2842 1303 2894 forte
1338 2856 1457 2895 sese
1490 2841 1580 2895 ille
1610 2841 2005 2897 obstrinxisset
2052 2843 2340 2911 qualicun-

761 2949 869 3000 que
899 2932 1233 3006 juramento,
1261 2933 1397 2986 solvi
1429 2949 1493 2987 ea
1528 2934 1795 3005 religione
1828 2922 2052 2988 deberet
2085 2936 2338 3006 adigique

766 3024 935 3077 nihilo
966 3021 1149 3079 secius
1174 3026 1239 3078 ad
1272 3012 1659 3079 restituendam
1695 3025 1900 3080 sedem.
1930 3025 1984 3079 ltt
2020 3041 2131 3095 quo
2183 3028 2341 3081 vehe-

766 3126 981 3170 menter
1010 3118 1449 3171 adversabantur
1487 3118 1577 3186 qui
1630 3132 1754 3171 eum
1793 3117 1895 3172 rite
1930 3133 1993 3173 ac
2024 3120 2201 3173 valide
2250 3136 2333 3173 re-
2364 3136 2406 3190 ο

768 3208 1047 3260 nuntiasse
1080 3206 1513 3270 contendebant,
1569 3207 1841 3261 nefarium
1898 3219 1948 3262 et
2000 3212 2339 3264 exsecrabile

767 3307 1075 3360 censentes,
1101 3298 1269 3352 semel
1305 3299 1529 3367 perjurii
1571 3308 1934 3367 compertum,
1972 3302 2339 3369 patriarcham

767 3386 967 3441 deinde
997 3397 1050 3442 ct
1080 3404 1203 3443 esse
1242 3398 1296 3442 et
1334 3389 1629 3466 nominari.
1656 3390 1861 3443 Contra
1900 3391 1993 3443 alii
2045 3391 2221 3445 libros
2260 3409 2346 3446 re—

771 3480 1044 3548 plicabant
1080 3490 1315 3545 veteres,
1353 3482 1723 3550 historiasque
1752 3481 2081 3551 allegabant.
2116 3483 2179 3535 Et
2204 3500 2347 3536 nunc

768 3571 988 3637 quidem
1054 3572 1371 3626 Flavianum
1438 3573 1832 3642 producebant,
1894 3574 1988 3641 qui
2058 3585 2343 3643 postquam

765 3664 1010 3730 jm'asset
1047 3680 1105 3717 se
1161 3665 1564 3718 ordinationem
1625 3680 1733 3719 non
1784 3673 2162 3732 accepturum,
2225 3680 2345 3718 eam

774 3755 974 3808 deinde
1062 3766 1241 3810 tamen
1319 3757 1637 3823 accept-rit:
1715 3771 1839 3812 mox
1897 3759 2061 3813 etiam
2109 3768 2351 3826 tempore

773 3849 938 3921 349
968 3853 1145 3919 magni
1182 3850 1366 3906 Basilii
1402 3853 1551 3921 paria
1587 3853 1796 3908 dictum
1831 3856 2008 3923 egisse
2037 3856 2349 3922 Bianorem,

776 3945 984 4013 santtis
1011 3943 1267 3997 videlicet
1308 3944 1561 4000 Patribus
1602 3946 1751 4015 ipsos
1795 3946 2059 4017 religione
2120 3948 2354 4017 jurisju-

778 4036 935 4088 randi
967 4036 1332 4092 liberantibus
1370 4040 1882 4094 accommodatione
1905 4040 2076 4109 quieti
2111 4049 2244 4093 tunc
2272 4057 2357 4094 re.

782 4141 901 4178 rum
934 4138 1235 4194 opportuna
1283 4139 1336 4181 et
1368 4129 1501 4197 ipsis
1543 4129 1807 4199 inspirata
1858 4132 2145 4186 divinitus.
2201 4132 2353 4185 Talia

782 4215 1040 4285 utrinque
1091 4218 1435 4272 irrevocabili
1465 4221 1764 4288 pertinacia
1805 4222 2200 4276 contendentes
2225 4222 2357 4275 alle-

782 4308 1006 4373 gabant.
1042 4310 1215 4375 Atque
1248 4310 1558 4378 huiusmodi
1590 4310 1793 4378 jurgiis
1840 4322 2053 4380 tempus
2107 4313 2360 4366 absume-

790 4399 970 4464 lmtur,
1012 4400 1191 4467 quoad
1230 4401 1316 4453 vix
1349 4401 1566 4456 tandem
1591 4412 1713 4469 post
1754 4403 1977 4455 multam
2016 4403 2161 4456 illam
2197 4405 2359 4458 alter-

784 4490 1058 4543 cationem
1087 4504 1139 4544 et
1165 4492 1444 4547 iudel'esse
1472 4494 1689 4547 cunctis
1719 4496 2019 4562 praesentis,
2051 4506 2358 4565 cunctaque

785 4589 990 4632 attente
1016 4580 1290 4633 audientis
1342 4594 1755 4650 cooperantem,
1814 4593 1978 4652 prout
2017 4596 2249 4654 poterat,
2290 4588 2357 4640 ad

785 4673 990 4739 aliquid
1025 4673 1262 4740 denique
1288 4674 1697 4729 decernendum
1757 4676 2208 4731 deliberationem
2252 4680 2354 4733 im-

787 4765 1077 4832 peratoris,
1132 4781 1253 4817 cum
1310 4766 1471 4819 aliter
1503 4767 1716 4821 infinite
1752 4769 2036 4822 discordes
2070 4770 2125 4823 in
2188 4786 2357 4823 unum

788 4857 907 4923 Cogi
950 4856 1237 4908 sententiae
1260 4859 1571 4924 nequirent,
1602 4867 1937 4912 conventum
1970 4875 2197 4915 assensu
2230 4878 2365 4916 cun-

789 4959 999 5002 ctorum
1037 4957 1121 5001 est
1151 4950 1572 5018 tuittioportere
1605 4952 1700 5019 qui
1734 4951 1913 5020 ipsum
1964 4953 2367 5021 interrogarent

792 5041 1184 5108 patriarcham,
1217 5057 1329 5109 quo
1378 5043 1562 5094 animo
1602 5044 2009 5097 abdicationem
2057 5045 2365 5113 scripserit,

788 5132 1031 5199 quidque
1059 5142 1242 5186 mente
1267 5144 1513 5188 versaret
1545 5150 1668 5187 cum
1702 5135 1793 5189 illa
1850 5137 2217 5206 jurisjurandi
2258 5136 2368 5190 l‘or-

793 5240 936 5277 mam
977 5222 1322 5291 praeferentia
1352 5225 1621 5294 proferret
1651 5228 1834 5279 verba.
1874 5226 2002 5279 Eam
2058 5229 2203 5281 enim
2236 5243 2371 5282 con-

788 5314 970 5366 stabat
994 5313 1139 5367 inter
1185 5328 1377 5368 omnes
1430 5328 1553 5368 esse
1584 5315 1957 5367 sinceritatem
2014 5324 2068 5369 et
2100 5316 2370 5385 simplici-

794 5417 960 5460 tatem
992 5406 1122 5467 viri,
1151 5421 1273 5475 quae
1324 5408 1569 5475 pignoris
1626 5408 1746 5459 loco
1792 5420 1935 5461 esset
1984 5409 2168 5462 idonei
2225 5410 2368 5465 haud

793 5499 939 5551 aliud
972 5498 1147 5566 ipsum
1177 5499 1244 5553 de
1287 5499 1448 5552 rebus
1478 5499 1556 5552 illi
1599 5500 1691 5552 uni
1726 5515 1790 5553 ex
1824 5501 2030 5554 intimae
2081 5502 2368 5557 admonitu

793 5593 1148 5649 conscientiae
1186 5595 1669 5664 perspectissituis,
1722 5595 1789 5648 de
1816 5594 2017 5664 quibus
2056 5611 2201 5649 nunc
2250 5599 2370 5650 dis-

792 5694 1125 5753 ceptaretur,
1152 5701 1567 5755 responsurum,
1592 5701 1753 5754 quam
1808 5686 1952 5753 quod
1983 5702 2170 5741 revera
2196 5700 2364 5743 esset.

796 5775 980 5845 lSaquc
1031 5788 1287 5846 rugarum
1321 5777 1686 5847 pa:ri::rcham
1717 5776 2166 5845 Alerandriuum,
2196 5780 2287 5844 qui
2323 5787 2374 5833 ct

2421 559 2783 629 συνεροῦντας
2818 562 2911 613 καὶ
2958 560 3051 612 δύο
3080 560 3380 629 ἀρχιερεῖς,
3429 559 3520 610 τόν
3559 574 3616 609 τε
3649 557 3871 626 Κρήτης
3906 557 4013 608 Νι-

2419 649 2659 717 κηφόρον
2686 651 2782 710 καὶ
2836 651 2930 703 τὸν
2969 651 3268 721 Περγάμου
3313 650 3608 720 Ἀρσένιον.
3646 648 3712 703 Oi
3756 649 3848 700 καὶ
3880 649 4015 699 ἐπι-

2421 741 2642 804 στάντες
2666 746 2795 811 περὶ
2826 744 2923 811 τῆς
2960 747 3349 812 παραιτήσεως
3389 743 3486 796 καὶ
3514 740 3608 794 τοῦ
3643 741 3800 809 λόγου
3830 741 3909 803 ὡς
3940 742 4010 793 ἐκ

2421 833 2641 887 συνόδου
2671 835 2852 903 πάσης
2877 836 2970 888 καὶ
2995 835 3275 906 βασιλέως
3294 834 3732 888 διεπυνθάνοντο.

2420 950 2523 1022 λβ’.
2566 950 2704 1018 Περὶ
2745 951 2863 1022 τῆς,
2891 934 3039 1022 πρὸς
3078 950 3365 1022 Ἰωάννην
3402 950 3507 1022 τοῦ
3550 947 4011 1017 Ἀλεξανδρείας

2617 1019 2870 1092 ἀφίξεως
2900 1021 2997 1074 καὶ
3037 1019 3146 1086 τῆς
3180 1020 3514 1090 ἀπολογίας
3544 1022 3808 1074 ἐκείνου.

2504 1113 2563 1165 '0
2592 1112 2647 1167 δὲ
2682 1113 2776 1165 τὸν
2802 1112 3067 1180 ἀπόλογον
3097 1113 3221 1165 ὅσον
3246 1107 3313 1182 ἦν
3345 1093 3648 1179 συντεμὼν,
3674 1112 3861 1181 γραφῇ
3908 1126 4014 1180 ση-

2425 1204 2601 1272 μήνας
2643 1205 2987 1257 ἀπέστειλεν.
3024 1199 3132 1255 Ἶὶν
3179 1204 3221 1255 δ’
3263 1203 3348 1255 ἐπ’
3376 1203 3547 1270 αὐτῆς
3576 1204 3751 1255 εἰπεῖν
3781 1203 3880 1270 τῆς
3912 1201 4010 1252 λέ-

2424 1296 2560 1361 ξεως
2600 1296 2801 1365 ἔχουσα
2845 1296 3053 1359 οὕτως·
3089 1314 3107 1346 t
3157 1296 3407 1349 Δέσποτά
3432 1292 3703 1363 ἶμου.ἆγιε
3756 1293 4007 1363 βασιλεῦ,

2423 1384 2789 1455 διεμηνύσατό
2836 1405 2925 1457 μοι
2953 1388 2987 1456 ἡ
3020 1386 3260 1458 κραταιὰ
3300 1387 3395 1438 καὶ
3443 1385 3575 1453 ἁγία
3611 1385 3858 1455 βασιλεία
3886 1374 4010 1436 σου

2425 1478 2519 1528 καὶ
2550 1478 2583 1546 ἡ
2616 1477 2737 1530 θεία
2780 1480 2871 1531 καὶ
2904 1479 3025 1546 ίερὰ
3075 1478 3314 1541 σύνοδος,
3365 1479 3504 1546 μετά
3553 1476 3647 1529 τοῦ
3698 1477 4009 1543 ἀγιωτάτου

2425 1570 2627 1622 πάππα
2659 1572 2751 1625 καὶ¹
2781 1572 3122 1641 πατριάρχου
3167 1570 3574 1638 Ἀλεξανδρείας
3601 1570 3693 1622 καὶ
3726 1568 3865 1637 μετὰ
3898 1567 4009 1619 τῶν

2424 1663 2517 1716 δύο
2542 1662 2868 1731 ἀρχιερέων,
2892 1662 2976 1714 ἵνα
3006 1662 3388 1730 παραδηλώσω
3406 1662 3471 1729 τῇ
3500 1662 3737 1728 κραταιᾴ
3761 1660 3852 1710 καὶ
3880 1660 4013 1727 ἀγέᾳ

2431 1752 2677 1821 βασιλείᾳ
2711 1751 2797 1823 [Ρ.
2830 1750 2959 1821 ΞΗ]
2995 1767 3087 1802 σου
3141 1750 3289 1811 ὅπως
3323 1750 3432 1818 ἔχω
3473 1749 3695 1817 γνώμης
3739 1750 3866 1818 περὶ
3912 1748 4010 1799 τοῦ

2431 1841 2739 1910 συμὸἀντος
2772 1842 2852 1901 εἰς
2884 1840 2983 1906 ἐμὲ
3009 1839 3187 1905 λόγου,
3220 1837 3377 1889 ἔτιδὲ
3411 1838 3505 1890 καὶ¹
3532 1837 3781 1907 περὶτῆς
3812 1851 4010 1902 πειραι⁴

2429 1928 2639 2000 τήσεώς
2670 1947 2791 1997 μου.
2842 1929 2947 1980 Καὶ
2978 1929 3086 1979 ἔδει
3118 1928 3193 1998 μὴ
3220 1928 3281 1980 τὸ
3314 1928 3573 1996 παράπαν
3604 1925 4009 1993 ἀποκρίνασθαί

2434 2037 2526 2090 με,
2566 2020 2667 2088 τῆς
2706 2018 2843 2088 ὲμῆς
2875 2020 3257 2087 παραιτήσεως
3305 2016 3488 2083 σαφῶς
3522 2014 3870 2083 παριστώσης
3910 2013 4009 2081 τὴν

2433 2114 2572 2185 ἐμὴν
2599 2113 2855 2183 βούλησιν
2877 2128 2890 2142 ο
2923 2110 3044 2163 ἐπεὶ
3083 2109 3140 2162 δὲ
3169 2108 3321 2179 μόλις
3365 2108 3460 2162 νῦν
3493 2107 3804 2178 ἐρωτῶμαι,
3835 2106 3909 2167 ὡς
3950 2106 4009 2156 ἐν

2436 2300 2552 2368 ipse
2581 2297 2635 2350 iu
2696 2296 2886 2366 primis
2942 2297 3063 2365 eius
3113 2311 3407 2350 consessus
3430 2293 3710 2349 subselliis
3759 2291 4009 2352 sedebat,

2436 2387 2587 2442 adire
2618 2386 2683 2440 ad
2716 2374 2982 2440 Joannem
3007 2401 3070 2440 ea
3109 2402 3271 2440 causa
3310 2402 3375 2439 ne
3403 2395 3740 2454 gravaretur.
3769 2380 4009 2434 Addi-le-

2436 2490 2565 2536 runt
2586 2480 2636 2534 ei
2669 2479 2961 2550 legationis
2993 2480 3157 2548 hujus
3188 2479 3367 2533 socios
3398 2480 3536 2531 duos
3561 2476 3870 2544 episcopos,
3907 2468 4002 2523 Ni-

2437 2574 2740 2642 cephorum
2776 2571 3097 2628 Cretensem
3138 2578 3192 2625 et
3248 2570 3539 2625 Arsenium
3575 2567 4007 2635 Pergamenum;

2438 2666 2531 2734 qui
2554 2675 2609 2719 et
2642 2645 2871 2734 profeCIi
2895 2665 2961 2718 ad
2992 2661 3251 2717 Joannem
3288 2663 3357 2715 ab
3395 2675 3460 2717 eo
3486 2660 3706 2714 nomine
3740 2657 4010 2723 universae

2437 2756 2629 2829 synodi
2663 2766 2715 2809 et
2762 2754 3112 2834 imperatoris
3164 2753 3521 2823 quaesierunt,
3561 2750 3690 2818 quid
3750 2747 3816 2801 de
3859 2746 4013 2799 abdi-

2440 2848 2655 2902 catione
2686 2862 2787 2900 sua
2813 2846 2990 2914 deque
3019 2844 3333 2907 verborum,
3359 2842 3561 2911 quibus
3599 2840 3816 2907 iurasse
3842 2837 4011 2919 'visus

2439 2949 2605 3002 esset,
2638 2954 2763 2993 vcra
2793 2939 3019 2992 notione
3047 2936 3164 3007 ipse
3190 2936 3444 2990 sentiret.

2441 3054 2532 3108 3‘2.
2571 3051 2642 3106 De
2693 3050 3042 3124 Alexandrini
3087 3050 3157 3102 ad
3198 3048 3457 3102 Joannem
3503 3062 3711 3099 accessu
3753 3052 3802 3096 et
3852 3042 4010 3111 hujus

3096 3133 3367 3187 responso.

2515 3212 2609 3266 llle
2640 3228 2771 3267 vero
2794 3210 3062 3282 quidquid
3105 3225 3272 3280 super
3298 3210 3383 3264 his
3432 3207 3873 3275 respondendum
3918 3206 4012 3259 ha—

2445 3302 2599 3357 beret
2627 3304 2816 3373 paucis
2842 3302 3189 3371 complexus,
3215 3300 3423 3369 scripto
3455 3300 3836 3369 consignatum
3865 3300 4013 3351 misit

2449 3391 2599 3445 hisce
2637 3392 2705 3445 ad
2734 3393 2974 3446 litteram
3004 3401 3267 3460 concepto
3322 3391 3551 3449 vvrhis:
3594 3409 3611 3439 ι
3663 3388 3889 3441 Domine
3940 3388 4010 3441 mi

2448 3494 2635 3537 sancte
2675 3484 2991 3552 imperator,
3025 3481 3370 3535 denuntiavit
3406 3480 3537 3532 mihi
3575 3489 3767 3547 potens
3807 3488 3861 3532 et
3891 3494 4013 3531 san-

2450 3584 2533 3629 sta
2560 3573 2815 3642 maiestas
2843 3580 2954 3635 tua,
3012 3586 3113 3627 nec
3187 3586 3295 3625 non
3332 3570 3515 3624 divina
3550 3569 3716 3639 350
3746 3562 3803 3621 'et
3860 3585 4013 3621 sa-‘ra

2452 3668 2713 3736 synodus,
2744 3679 2837 3731 per
2858 3664 3503 3729 sanctissimumpapam
3549 3671 3602 3715 et
3653 3663 4015 3729 patriarcbatn

2451 3758 2817 3816 Alexandriae,
2849 3768 2902 3811 et
2929 3757 3068 3811 duos
3108 3756 3421 3824 episcopos.
3454 3763 3511 3807 ιιι
3537 3754 3874 3807 declararem
3926 3770 4019 3821 po-

2455 3849 2589 3904 tenti
2620 3864 2683 3903 ac
2739 3858 2941 3903 sancta:
2988 3847 3260 3912 maiestati
3300 3857 3407 3899 tum
3461 3846 3590 3915 quid
3650 3847 3909 3898 smtirem
3956 3846 4019 3901 de

2455 3944 2639 3999 verbis
2694 3942 3025 4010 quibusdam
3062 3984 3075 4005 ,
3120 3957 3242 4009 quae
3286 3941 3419 3994 mihi
3478 3940 3719 4009 proferre
3772 3942 4018 4009 contigit,

2458 4036 2697 4103 itemque
2736 4036 2801 4086 de
2824 4033 3167 4086 abdicatione
3201 4046 3341 4085 mea.
3382 4030 3454 4085 De
3478 4031 3566 4086 his
3591 4047 3731 4101 opus
3765 4048 3872 4086 non
3907 4043 4021 4085 erat

2458 4125 2758 4195 quidquam
2788 4123 3014 4177 omnino
3036 4123 3352 4192 responderi
3382 4138 3412 4177 a
3444 4139 3552 4187 me,
3587 4138 3712 4177 cum
3740 4123 3872 4176 satis
3908 4140 4023 4176 ma-

2459 4218 2660 4273 nifeste
2693 4227 2926 4270 mentem
2966 4231 3028 4269 ac
3077 4218 3413 4271 voluntatem
3455 4232 3628 4270 meam
3689 4217 3807 4286 ipsa
3841 4218 4023 4283 expri-

2462 4317 2575 4365 mat
2596 4309 2893 4363 abdicatio.
2925 4306 3194 4373 Quoniam
3226 4319 3407 4362 autem
3441 4323 3591 4363 nunc
3644 4324 3785 4377 aegre
3808 4312 4023 4361 tandem

2463 4402 2670 4471 incipio
2706 4400 2912 4469 rogari,
2944 4400 3183 4453 breviter
3229 4409 3432 4453 sanctae
3486 4414 3550 4452 ac
3606 4400 3812 4468 potenti
3865 4400 4029 4468 maje-

2466 4494 2594 4548 stati
2630 4504 2734 4547 tuae
2771 4494 2873 4547 hoc
2906 4491 3234 4561 respondeo.
3264 4490 3376 4560 Ego
3406 4508 3471 4545 ex
3507 4492 3691 4545 tntiltis
3713 4494 3823 4563 jam
3872 4493 4029 4545 annis

2468 4586 2861 4640 coostitueram
2896 4584 3040 4651 apud
3071 4599 3155 4637 me
3202 4599 3302 4637 nec
3338 4584 3528 4651 jttrare
3564 4583 3679 4651 ipse
3723 4599 3825 4637 nec
3859 4585 4031 4653 jusju-

2468 4680 2699 4733 randum
2732 4678 2803 4731 ab
2850 4678 2957 4729 alio
2985 4676 3223 4743 exigere,
3273 4690 3451 4741 neque
3500 4675 3885 4727 contumeliam
3944 4690 4028 4726 re-

2470 4769 2835 4822 orehensione
2862 4768 3080 4838 dignam
3134 4781 3228 4819 ore
3280 4766 3551 4834 proferre,
3602 4766 3694 4819 sed
3756 4778 3802 4819 et
3859 4782 4032 4832 neque

2507 4857 2725 4925 uiquam
2755 4855 2893 4907 male
2920 4853 3128 4923 precari
3160 4870 3173 4907 :
3201 4861 3256 4905 et
3289 4851 3572 4905 observavi
3601 4867 3772 4920 usque
3812 4852 3861 4903 in
3890 4852 4031 4903 hunc

2460 4944 2614 5001 “diem
2647 4946 2850 5000 Christi
2877 4945 2979 4997 mei
3008 4945 3205 5009 gratia.
3243 4941 3384 4995 Idem
3420 4953 3597 4995 tamen
3648 4944 3713 4995 ad
3760 4958 4035 4995 assevera-

2470 5040 2675 5093 tionem
2718 5038 2994 5089 dit-torum
3052 5050 3299 5088 meorum
3353 5050 3623 5102 usurpare
3674 5050 3793 5087 sum
3846 5036 4038 5087 soitus

2472 5131 2715 5201 volgaris
2762 5127 3166 5183 consuetudine
3198 5126 3488 5190 sermonis,
3530 5136 3588 5179 ut
3620 5124 3892 5193 simplicia
3943 5140 4041 5177 nec

2472 5225 2728 5292 cuiquam
2761 5222 2922 5275 noxia
2963 5228 3058 5274 aut
3086 5220 3383 5288 juratnenti
3434 5220 3542 5271 vim
3571 5218 3850 5278 habentia,
3882 5220 4041 5271 verba

2464 5315 2626 5371 haec:
2663 5331 2683 5363 ι
2719 5312 2824 5366 Per
2879 5319 3147 5380 quantum
3200 5310 3377 5363 habeo
3432 5309 3867 5363 misericordiam
3909 5308 4040 5374 Dei,

2477 5422 2569 5474 per
2598 5416 2859 5474 quantutn
2898 5418 3015 5457 sum
3044 5416 3237 5455 servus
3266 5399 3393 5465 Dei,
3443 5415 3539 5468 per
3573 5409 3835 5468 quantum
3887 5400 4040 5453 velim

2474 5501 2749 5571 paenitens
2786 5496 2946 5549 mori.
2993 5514 3011 5546 ι
3068 5493 3259 5561 Itaque
3298 5502 3351 5545 et
3400 5490 3535 5544 illud
3571 5490 3714 5558 quod
3750 5504 3813 5541 ex
3877 5490 4042 5541 animi

2476 5590 2845 5646 amaritudine
2878 5588 2942 5642 ad
2977 5586 3171 5640 fratres
3227 5599 3377 5637 meos
3411 5582 3759 5652 pronuntiavi
3804 5580 4043 5647 ejusdem

2478 5683 2685 5745 formzr,
2721 5695 2829 5733 non
2879 5674 3261 5745 utjuramenti
3324 5673 3432 5726 vim
3483 5673 3733 5726 obtinere
3788 5682 4047 5739 reputans

2477 5777 2611 5840 dixi,
2647 5772 2742 5829 sed
2770 5772 3117 5840 simpliciter,
3152 5776 3311 5837 prout
3348 5781 3451 5821 usu
3492 5765 3653 5829 longo
3684 5764 3829 5828 loqui
3864 5778 4048 5817 assue-
