4206 6440
257 399 367 461 393

1189 398 1283 459 DE
1327 397 1773 459 ANDHOXICO
1812 395 2281 456 l‘.\i..i£()LOGO
2314 396 2456 455 LIB.
2491 396 2590 454 IV.

3410 397 3513 459 391

258 521 363 571 κῑιν
402 518 611 588 ἐμμένῃ
668 517 836 590 ταύτῃ
896 514 993 568 κᾶν
1045 515 1118 585 μὴ
1150 516 1459 586 ὲκοὲμειως,
1498 515 1575 585 μὴ
1603 516 1824 569 δυνατὴν
1856 518 1899 573 Α
1929 531 2019 565 νον
2053 512 2145 563 τοῦ
2180 511 2429 578 γέροντος
2460 512 2776 580 ἀντέχεσθαι
2806 512 3080 583 meum};
3109 505 3275 584 οὗπερ
3315 514 3519 585 προϐύ-

255 608 297 660 δ⁹
328 608 469 660 εἶναι
501 610 664 660 αὐτὸν
694 607 940 677 ἱερᾶσθαι
972 607 1030 658 τὸ
1058 608 1162 659 ἀπὸ
1198 606 1371 667 τοῦδε,
1406 608 1481 675 μὴ
1525 606 1704 667 δόντος
1742 604 1837 672 δη-

256 698 390 767 λαδὴ
424 700 523 761 τὰς
564 700 714 762 δίκας
744 698 835 751 τοῦ
861 697 1162 768 Σηλυϐρίας
1182 698 1277 766 τῆς
1308 700 1386 760 εἰς
1408 698 1571 750 αὐτὸν
1587 696 1798 767 ὕϐρεως

261 791 398 859 μηδὲ
430 792 537 859 γὰρ
564 791 785 842 δυνατὸν
807 785 1121 851 εἷναιδίκας
1162 788 1384 857 ὑπέχειν
1407 787 1497 839 τὸν
1532 788 1606 857 μὴ
1639 788 1837 856 τρόπον

258 882 569 951 κατηγόρου
614 880 872 932 σταθέντα
924 881 1057 948 μηδὲ
1082 879 1357 949 προδήλως
1415 878 1735 947 ὑϐρίσαντα.
1778 878 1838 929 '0

262 974 449 1041 μέντοι
490 990 553 1040 γε
611 974 993 1041 Φιλαδελφείας
1045 973 1351 1042 Θεόληπτος
1416 972 1551 1038 πρὸς
1600 970 1700 1040 τὴν
1740 972 1834 1023 τοῦ

272 1066 502 1131 Ἐφέσου
539 1065 782 1116 Ἰωάννου
808 1064 1138 1117 κατάστασιν
1192 1064 1391 1132 συνόδῳ
1429 1063 1575 1133 πάσῃ
1619 1058 1839 1131 διαμφιὲ

260 1156 503 1223 σὸητῶν,
540 1156 601 1208 τὸ
633 1155 873 1209 ἐκποδὼν
901 1155 1156 1223 γενέσθαι
1198 1154 1288 1208 τὸν
1333 1154 1676 1223 πατριάρχην
1710 1156 1841 1223 ὁμο-

258 1247 645 1313 γνωμονοῧντά
696 1250 741 1298 οἱ
800 1248 926 1317 περὶ
971 1246 1160 1299 τούτου
1210 1248 1310 1315 τῆς
1360 1245 1565 1307 οἰκείας
1614 1243 1837 1316 γνώμης

259 1338 555 1389 κατάλυσιν
610 1339 669 1389 τὸ
724 1338 945 1407 σύμπαν
996 1340 1279 1407 οἰόμενος,
1340 1338 1506 1407 ἀπρίξ
1550 1355 1607 1392 τε
1663 1338 1839 1407 εἴχετο

256 1428 477 1489 τούτου,
520 1430 613 1481 καὶ
648 1429 725 1498 τῷ
750 1430 1055 1497 Σηλυϐρίας
1087 1428 1252 1481 ἐτίθει
1280 1429 1495 1491 δικαίας
1538 1431 1633 1492 τὰς
1682 1430 1838 1491 δίκας

256 1519 355 1585 τῆε
396 1519 787 1588 καθαιρέσεως.
834 1519 902 1571 δι’
931 1519 997 1581 ἀς
1036 1522 1335 1590 ἀπρακτεῖν
1398 1521 1492 1573 καὶ
1537 1520 1598 1573 τὸ
1649 1519 1839 1572 δοκοῦν

257 1613 335 1670 εὶς
364 1612 529 1678 ὅρκον
558 1610 615 1672 ἐξ
653 1611 962 1676 ἀναγκαίων
994 1610 1152 1681 ᾤετο.
1220 1612 1528 1674 Ἀντέλεγον
1593 1612 1648 1664 δὲ
1695 1612 1840 1664 πλεῖ-

258 1718 400 1763 στοι,
433 1704 529 1754 καὶ
582 1703 814 1770 μάλιστα
852 1703 1052 1772 ταύτης
1092 1720 1155 1771 γε
1179 1704 1272 1755 καὶ
1323 1704 1475 1755 αὐτοὶ
1514 1706 1609 1772 τῆς
1657 1704 1837 1766 αἰτίας

254 1794 444 1853 ἕνεκα,
474 1795 571 1845 σὺν
604 1791 681 1855 οἷς
715 1797 808 1847 καὶ
840 1795 1091 1864 βασιλεὺς
1133 1795 1295 1864 ὅρκον
1346 1793 1523 1862 ἔκρινε
1584 1794 1838 1861 μέγιστον

1943 621 2056 670 μως
2088 604 2349 666 ἐξίστατο.

1941 714 2034 767 λον.
2075 714 2211 781 Περὶ
2263 717 2368 769 τοῦ
2416 719 2854 789 ὄιαμηνύματος
2900 719 3139 775 καὶτοῦ
3184 722 3373 789 λόγου
3408 719 3521 789 τῆς

2276 788 2634 856 συμϐουλῆς
2657 791 2763 843 τοῦ
2803 791 3183 845 Ἀθανασίου.

2014 874 2099 947 [Ρ.
2129 875 2255 946 256]
2299 878 2435 929 Ἀλλ’
2463 881 2522 931 ιν
2550 882 2764 943 τούτοις
2796 881 2903 934 τῶν
2959 885 3300 954 πραγμάτων
3347 884 3521 937 ὄντων

1940 964 2095 1032 (Θεὸς
2143 966 2188 1019 δ’
2237 966 2404 1036 esse)
2434 967 2551 1030 πῶς
2608 970 2780 1022 ταῦτα
2813 971 2910 1024 καὶ
2938 971 3248 1040 πέπρακτο)
3292 976 3521 1044 μοναχός

1940 1071 2022 1115 τις
2048 1056 2155 1105 τῶν
2178 1056 2423 1108 εὐλασῶν
2454 1056 2752 1111 δοκούντων
2814 1060 2912 1113 καὶ
2953 1060 3280 1129 ἐλλογίμων,
3328 1064 3523 1131 Μηνᾶς

1943 1143 2204 1214 τοῦνομα.
2237 1147 2535 1217 Σκωλήκης
2574 1149 2897 1219 τοὺπίκλην,
2932 1152 3211 1221 γνώριμος
3264 1152 3364 1221 μὲν
3398 1155 3523 1205 Ἐκ-

1943 1234 2162 1305 κλησία,
2196 1237 2468 1307 γνώριμος
2489 1241 2545 1293 δέ
2591 1257 2652 1308 γε
2680 1243 2773 1294 καὶ
2823 1242 3052 1310 panitet,
3093 1244 3389 1313 προσόδους
3444 1245 3525 1307 είς

1953 1324 2269 1378 Ἀθανάσιον
2293 1328 2384 1379 τὸν
2413 1332 2578 1382 παλαι
2602 1334 3116 1403 πατριαρχεύσαντα
3143 1338 3205 1389 ὲκ
3233 1335 3523 1405 συνηθείας

1942 1416 2281 1480 ποιούμενος.
2312 1412 2490 1483 οὗτος,
2518 1422 2591 1482 ὼς
2620 1422 2870 1489 βασιλεὺς
2900 1425 3052 1492 ἔλεγε
3095 1428 3189 1478 καὶ
3220 1426 3417 1488 πάντες
3445 1427 3526 1487 ὡς

1939 1508 2083 1569 εἰκὸς
2115 1510 2414 1573 ἐπίστευον,
2448 1515 2617 1581 μηνὸς
2656 1515 3124 1586 Ἑκατομϐαιῶνος
3178 1519 3525 1571 πεντεκαιδε-

1941 1598 2103 1667 κάτῃ,
2146 1601 2356 1668 ἡμέρας
2388 1602 2659 1674 ληγούσης
2690 1606 3002 1673 προσελθὼν
3035 1608 3244 1675 βασιλεῖ
3265 1609 3389 1670 τοὺς
3429 1608 3524 1660 ἐπὶ

1938 1689 2047 1740 τῶν
2073 1690 2342 1755 ἀγγελιῶν
2380 1694 2533 1761 ἠξίου
2556 1697 2849 1768 ἀναφέρειν
2872 1700 2996 1768 περὶ
3041 1701 3205 1753 αὗτοῦ
3250 1702 3326 1763 ὡς
3378 1702 3525 1753 ὲοείν

1941 1794 1992 1828 τι
2020 1777 2231 1846 ἔχοντος
2255 1781 2568 1849 ἀναγκαῖον.
2605 1787 2713 1839 Καὶ
2738 1788 2789 1839 οί
2821 1788 2922 1856 μὲν
2953 1789 3237 1859 ἀνέφερον,
3271 1789 3525 1859 βασιλεὺς

254 1888 315 1936 τὸ
358 1885 569 1954 λεχθέν.
601 1886 745 1954 Πλὴν
779 1886 823 1938 δ’
851 1888 965 1939 ἀλλ’
999 1888 1046 1938 εί
1070 1886 1329 1955 βούλοιτο,
1361 1886 1518 1955 φησὶ,
1550 1887 1831 1957 πατριάρο
1867 1872 1908 1927 Β
1938 1867 1993 1919 δὲ
2024 1869 2302 1939 σχολάζων
2332 1875 2421 1925 ἐπ’
2457 1875 2775 1943 ἀναγκαίαις
2837 1879 2957 1930 τότε
3013 1881 3110 1947 μὲν
3172 1882 3526 1951 ὑπιρετεθιτο

253 1992 359 2043 χης
391 1976 793 2044 ἀναλαμϐάνειν
855 1978 947 2031 καὶ
982 1976 1125 2028 οὕτω
1150 1977 1240 2028 τὸν
1279 1976 1465 2046 θρόνον
1497 1979 1591 2030 καὶ.
1635 1977 1735 2047 τὴν
1764 1995 1840 2029 τι·

258 2072 407 2134 μὴν,
465 2067 679 2137 ἕτοιμος
733 2064 873 2120 εἶναι
925 2069 1018 2121 καὶ
1082 2068 1240 2121 πάλιν
1290 2070 1494 2121 ἐκεῖνον
1563 2068 1838 2139 δέχεσθαι,

256 2152 559 2225 πιστεύων,
593 2154 766 2228 οἶμαι,
794 2158 871 2229 τῷ
902 2159 1063 2223 τέλει,
1102 2160 1173 2222 ὡς
1197 2160 1347 2212 οὐδὲν
1388 2162 1453 2212 ἃν
1480 2159 1840 2228 καταδεξαμέ-

260 2424 446 2491 quoad
475 2440 667 2495 ptenas
700 2425 1064 2499 Selybriensis
1105 2430 1257 2486 daret
1283 2428 1540 2501 irrogata:
1570 2434 1671 2502 ipsi
1707 2449 1842 2488 con-

258 2520 535 2572 tumelize.
568 2520 750 2588 Itaque
782 2522 971 2589 punito
1012 2522 1168 2590 juxta
1208 2526 1329 2592 ejus
1372 2534 1553 2578 votum
1593 2524 1845 2596 Selybri-

262 2612 411 2666 ensi.
442 2611 579 2663 nihil
605 2612 929 2667 obstiturum
972 2616 1269 2683 quominus
1312 2614 1554 2671 Joannes
1600 2617 1840 2686 legitime

262 2701 316 2752 in
355 2702 561 2753 throno
614 2704 958 2770 persisteret.
1004 2705 1206 2760 Verum
1252 2708 1626 2761 conditionem
1677 2710 1838 2763 istam

262 2795 401 2860 poni
439 2795 860 2863 haudquaquam
892 2812 1076 2867 posse,
1114 2798 1446 2867 adjiciebant
1488 2800 1673 2865 iidem,
1707 2818 1842 2871 quo-

263 2887 417 2937 niam
474 2886 687 2953 justum
738 2902 847 2941 non
897 2897 1042 2942 esset
1089 2888 1519 2958 Selybriensem,
1570 2892 1663 2959 qui
1733 2908 1841 2944 non

262 2979 451 3043 palam
492 2994 553 3031 se
597 2989 877 3033 auctorem
927 2981 1300 3034 accusationis
1358 2983 1711 3041 ostendisset.
1748 2983 1841 3034 scd

264 3074 370 3123 sub
434 3073 541 3123 fide
591 3075 775 3125 arcani
824 3089 935 3126 rem
988 3074 1056 3126 ab
1107 3075 1214 3129 alio
1246 3076 1488 3128 auditam
1539 3076 1844 3131 communi-

261 3172 497 3218 casset.
556 3164 729 3229 ramis
789 3164 1173 3218 calumniatori
1244 3166 1441 3219 debitis
1494 3167 1708 3235 subjici.
1774 3171 1843 3221 At

267 3252 767 3317 Philadelphiensis
808 3254 1161 3322 'fheoleptus.
1199 3256 1291 3324 qui
1342 3257 1483 3311 circa
1546 3259 1846 3313 restitutio-

266 3361 391 3394 nem
428 3343 658 3396 Jonnnis
696 3344 947 3411 Ephesini
982 3346 1187 3415 synodo
1218 3347 1483 3401 universa:
1532 3349 1845 3415 refragaba-

266 3447 379 3498 tur,
420 3436 631 3494 videns,
667 3437 709 3489 si
741 3449 1115 3490 removeretur
1140 3453 1171 3491 a
1230 3441 1493 3507 regimine
1535 3442 1843 3509 patriarcha

266 3526 319 3576 in
370 3527 474 3578 hoc
513 3526 615 3578 sibi
665 3538 856 3579 contra
900 3527 1165 3594 judicium
1218 3530 1453 3583 aliorum
1512 3532 1842 3593 asscnticus.

265 3619 497 3670 unicum
542 3633 652 3683 quo
693 3621 959 3671 niti-retur
1012 3620 1445 3673 subtrahendum
1478 3636 1588 3675 sum
1618 3630 1845 3676 senten-

266 3712 354 3760 tia:
388 3709 695 3769 tibicinem,
726 3709 869 3760 unde
903 3710 1047 3762 illam
1077 3710 1219 3762 haud
1249 3712 1415 3765 dubie
1446 3714 1738 3767 contrariis
1763 3722 1842 3769 tot

263 3803 502 3850 aliarum
530 3799 955 3853 auctoritatibus
985 3802 1421 3867 succubituram,
1464 3804 1605 3858 ﬁxus
1636 3804 1844 3879 irrevo-

264 3892 527 3944 cabiliter
566 3893 843 3959 perstabat
887 3894 937 3945 in
973 3910 1079 3945 non
1126 3895 1485 3962 permittenda
1520 3880 1844 3951 exauctora-

266 3986 417 4034 tione
453 3980 700 4044 Joannis,
737 3983 877 4033 viam
908 3985 1151 4034 eamdem
1185 3997 1213 4035 a
1257 3984 1530 4051 plerisque
1580 3986 1844 4052 graviori-

270 4078 371 4126 I.ns
438 4076 629 4123 initam
690 4081 884 4126 tenens
934 4073 1002 4125 de
1050 4073 1406 4140 jurisjttrandi
1458 4074 1674 4127 vinculo
1720 4090 1843 4129 vere

268 4167 397 4232 ipsi,
432 4165 528 4216 sed
560 4164 659 4215 Sub
688 4164 998 4217 conlitione
1031 4168 1292 4219 duntaxat
1322 4165 1543 4219 innexo.
1574 4165 1839 4219 Caeterum

266 4260 445 4309 aiebat
488 4257 666 4322 positu
720 4255 930 4307 facilem
967 4253 1212 4309 et‘salva
1249 4257 1458 4327 justitia
1503 4258 1841 4311 exsecutioni

267 4348 644 4399 mandabilem
679 4346 841 4396 i-tam
878 4346 1242 4398 conditionem
1279 4347 1697 4415 esse.Adeoque
1728 4362 1845 4399 nia-

267 4453 513 4505 gnopere
572 4438 801 4506 urgebat
856 4444 912 4488 ut
964 4437 1328 4505 Selybriensis
1374 4446 1595 4506 propter
1640 4449 1842 4491 temere

1941 1960 2040 2028 τὴν
2064 1963 2391 2033 εἰσαγωγὴν,
2425 1965 2656 2035 πέμπων
2680 1967 2735 2019 δὲ
2783 1970 3112 2036 προσέταττε
3152 1970 3239 2041 μ’.
3264 1971 3393 2043 247]
3429 1972 3527 2041 μι-

1942 2066 2052 2101 νειν
2082 2052 2168 2118 ἐφ’
2198 2046 2351 2122 ᾧπερ
2376 2055 2515 2107 κατά
2540 2056 2736 2128 σχολὴν
2788 2058 3088 2129 εἰσαχθείη.
3146 2061 3255 2113 Καὶ
3300 2061 3359 2121 δς
3417 2062 3524 2126 ἔξω

1945 2140 2139 2210 μένων,
2200 2143 2274 2207 ὠς
2320 2145 2423 2215 ἤδη
2476 2147 2572 2211 νὺξ
2615 2144 2681 2217 ἦν
2737 2152 2830 2201 καὶ
2885 2153 3204 2220 περιαργῶν
3254 2153 3521 2222 καθῆστο,

1944 2405 2292 2474 dignitatem,
2332 2424 2359 2461 α
2395 2425 2501 2479 qua
2555 2420 2664 2464 tam
2714 2424 2960 2484 prompte
2994 2415 3390 2489 obfirmateque
3439 2434 3525 2475 re-

1947 2500 2231 2555 cessisset.

1943 2614 2035 2669 54.
2072 2615 2144 2669 De
2174 2618 2371 2671 indicio
2399 2620 2709 2689 imperatori
2743 2622 2885 2688 [acto
2924 2624 3285 2692 pra'dictt'onis
3317 2635 3365 2678 et
3388 2643 3520 2680 con-

2510 2692 2621 2745 silii
2652 2693 2955 2746 Athanasii.

2028 2778 2131 2833 Sed
2168 2796 2290 2835 cum
2323 2782 2425 2835 hoc.
2466 2792 2611 2838 statu
2648 2799 2730 2838 res
2772 2794 2985 2850 essent,
3016 2788 3244 2857 contigit
3278 2788 3526 2858 (noverit

1946 2884 2126 2926 autem
2155 2873 2293 2928 Deus
2320 2890 2523 2929 casune
2550 2893 2617 2930 an
2651 2889 2766 2931 arte
2786 2880 3097 2948 contigerit)
3133 2890 3189 2932 ut
3218 2884 3524 2937 monachus

1946 2964 2165 3031 quidam
2221 2981 2285 3019 ex
2329 2968 2642 3021 celebribus
2686 2968 2829 3022 fama
2880 2971 3161 3039 religionis
3206 2983 3259 3026 et
3303 2974 3518 3028 dotium

1948 3059 2354 3124 praestantium,
2377 3061 2597 3115 nomine
2621 3060 2825 3126 Menas,
2849 3074 3215 3132 cognomento
3240 3064 3517 3131 Scoleces,

1947 3148 2014 3200 de
2042 3164 2151 3217 quo
2188 3159 2239 3202 et
2265 3150 2520 3207 Ecclesia:
2549 3163 2603 3206 et
2633 3154 2948 3221 imperatori
2975 3166 3166 3210 notum
3202 3167 3319 3210 erat
3344 3160 3521 3212 solere

1954 3240 2107 3294 illum
2143 3258 2208 3296 ex
2241 3250 2405 3313 longo
2436 3245 2672 3300 subinde
2695 3247 2849 3301 adire
2871 3263 2933 3301 ac
2954 3250 3129 3304 visere
3159 3252 3517 3304 Athanasium

1952 3333 2419 3402 expatriarcham.
2472 3338 2724 3408 contigit,
2785 3339 3032 3408 inquam.
3094 3350 3151 3395 ut
3199 3343 3288 3396 hic
3330 3344 3519 3413 (pi-out

1952 3425 2173 3491 quidem
2234 3425 2528 3492 imperator
2572 3429 2864 3491 referebat,
2916 3432 3003 3485 cui
3057 3448 3274 3497 omnes,
3323 3445 3379 3487 ut
3421 3450 3520 3504 par

1951 3523 2092 3578 erat,
2132 3515 2259 3568 talia
2297 3518 2542 3570 narranti
2574 3518 2882 3590 credidere)
2915 3524 3121 3578 mensis
3147 3524 3393 3581 Januarii
3431 3528 3521 3582 die

1951 3607 2142 3675 quinta
2172 3608 2383 3663 decima
2419 3609 2525 3664 sub
2551 3611 2682 3663 solis
2710 3626 2967 3667 occasum
3021 3615 3087 3668 ad
3134 3617 3517 3686 imperatorem

1951 3697 2221 3753 accedens
2248 3700 2666 3756 admissionales
2695 3715 2910 3771 rogaret
2935 3716 2992 3759 ut
3030 3722 3090 3762 se
3120 3709 3185 3761 2d
3216 3712 3518 3779 principem

1953 3787 2385 3854 introducerent,
2414 3793 2700 3848 habentem
2738 3796 2941 3864 aliquid
2968 3802 3108 3851 scitu
3136 3799 3235 3867 ipsi
3266 3817 3518 3857 necessa-

1956 3879 2096 3933 rium
2146 3884 2532 3937 nuntiandum.
2564 3883 2619 3937 Id
2656 3886 2733 3939 illi
2774 3887 2841 3940 ad
2883 3889 3268 3957 imperatorem
3304 3893 3519 3948 detule-

1953 3984 2105 4035 runt,
2136 3974 2228 4042 qui
2262 3984 2391 4028 tunc
2436 3988 2734 4046 occupatus
2782 3982 3011 4047 negotiis
3056 3984 3373 4051 urgentibus
3422 3988 3519 4038 ad-

1956 4062 2274 4116 missionem
2301 4066 2555 4119 monachi
2600 4068 2841 4134 distulit,
2872 4071 3043 4124 misso
3081 4082 3262 4126 tamen
3294 4075 3360 4127 ad
3392 4092 3516 4129 eum

1952 4152 2043 4220 qui
2070 4154 2290 4220 jnberet
2319 4165 2662 4224 exspectare,
2689 4160 2872 4227 quoad
2901 4163 3171 4230 expeditis
3201 4179 3321 4232 quae
3345 4166 3521 4220 insta-

1952 4254 2093 4307 rent,
2130 4247 2405 4300 audiendo
2435 4248 2484 4302 ei
2532 4264 2628 4317 per
2661 4251 2834 4305 otium
2874 4263 3113 4309 vacaret.
3142 4254 3327 4310 Menas
3368 4269 3520 4326 post-

1951 4349 2113 4407 quam
2151 4348 2299 4390 extra
2328 4341 2507 4392 velum
2539 4344 2827 4409 opperiens
2857 4343 2949 4396 diu
2981 4344 3105 4397 inde
3135 4344 3364 4402 feriatus
3385 4364 3518 4402 con-

1951 4428 2189 4493 sederat,
2231 4431 2571 4499 eompellatis
2623 4448 2840 4486 rursum
2896 4435 3184 4502 ministris,
3233 4450 3291 4492 ut
3318 4456 3517 4508 quam-

269 4532 557 4595 uﬂgalum
592 4527 661 4579 de
694 4526 1006 4595 patriarcha
1053 4527 1247 4580 falsum
1282 4528 1486 4580 crimen
1521 4529 1839 4597 episcopatu
1882 4551 1922 4603 η
1952 4521 2186 4587 primum
2226 4522 2641 4589 admitteretur,
2686 4524 2906 4580 institit.
2945 4526 3141 4581 Verum
3172 4529 3418 4599 Augusto
3447 4533 3517 4587 d0

264 4629 643 4680 anmvcretnr,
669 4633 732 4670 ac
765 4633 842 4670 suc
876 4619 981 4669 voti
1034 4632 1261 4685 compos
1310 4629 1362 4672 et
1400 4618 1540 4671 nodo
1573 4620 1850 4686 sutis-epla:

270 4713 559 4779 religionis
588 4710 727 4762 liber
773 4708 1012 4762 Joannes
1064 4711 1266 4763 throno
1314 4710 1670 4779 patriarchali
1720 4713 1843 4763 red-

265 4803 521 4857 deretur.
573 4800 711 4853 llnic
750 4801 997 4868 plerique
1052 4804 1452 4870 repugnabant,
1497 4805 1730 4856 maxime
1761 4802 1845 4854 ni-

266 4907 449 4949 tellit-3
482 4908 545 4945 ea
578 4907 743 4961 quam
798 4891 1029 4943 iudicavi
1079 4894 1240 4945 ducta
1285 4909 1349 4946 ex
1401 4894 1667 4960 iujustitia
1716 4894 1842 4948 tal-s

262 4988 643 5040 damnationis
678 4985 907 5036 ratione.
948 4987 1156 5049 Quibus
1195 5002 1253 5039 se
1301 4986 1632 5053 adjungebat
1665 4989 1841 5056 impe-

267 5092 441 5143 rator,
482 5078 595 5128 vq-ri
619 5077 943 5144 jnramenti,
975 5088 1024 5129 et
1056 5080 1274 5145 quidem
1314 5077 1551 5135 maximi.
1588 5079 1640 5132 in
1665 5078 1843 5133 verbis

266 5170 501 5221 Joannis
573 5171 681 5221 vim
731 5168 873 5221 haud
921 5168 1083 5221 dubie
1130 5169 1533 5236 agnoscendum
1583 5184 1837 5234 censens,

268 5276 369 5312 nec
409 5260 634 5311 modum
668 5275 727 5311 ea
769 5258 1094 5327 defungendi
1129 5275 1222 5327 per
1251 5260 1493 5327 iniquam
1527 5260 1842 5329 Selybrien-

268 5356 345 5404 sis
380 5352 806 5418 oppressionem
834 5353 1088 5419 probans.
1116 5352 1361 5405 Addebat
1394 5352 1530 5404 idem
1564 5361 1770 5417 tamen,
1795 5352 1840 5405 si

269 5448 353 5495 vel
390 5443 478 5495 sic
511 5444 821 5508 patriarcha
851 5442 1006 5494 vellet
1033 5445 1289 5495 thronum
1316 5454 1367 5495 et
1391 5444 1651 5495 honorem
1690 5459 1845 5497 resu-

269 5548 445 5595 mere,
462 5542 715 5601 paratum
753 5548 811 5586 se
842 5547 968 5587 esse
981 5532 1143 5603 359
1164 5549 1354 5587 rursus
1379 5534 1690 5595 admittere.
1713 5550 1844 5588 con-

270 5628 468 5687 fidens,
514 5625 733 5692 Opinor,
768 5624 899 5677 nihil
942 5629 1006 5677 ad
1052 5636 1354 5678 extremum
1391 5642 1455 5679 ex
1499 5626 1597 5678 hac
1634 5628 1845 5694 profes-

267 5723 425 5773 sione
484 5733 584 5770 sua
633 5728 821 5769 contra
879 5733 1029 5783 spem
1078 5734 1233 5771 suam
1276 5731 1587 5772 secuturum
1624 5738 1635 5773 ζ
1672 5738 1844 5789 neque

269 5814 416 5864 enim
442 5807 742 5862 adductum
780 5808 845 5859 iri
881 5822 1063 5860 senem
1091 5809 1154 5860 ad
1187 5808 1549 5878 recipiendam
1581 5812 1843 5878 probrose

524 5905 790 5962 Ριιτιιιιι..
836 5904 951 5960 Gn.
987 5902 1085 5962 CX
1098 5904 1163 5961 L1
1182 5904 1255 5967 ι’.

1949 4613 2050 4666 hoc
2112 4614 2307 4670 iterum
2360 4618 2663 4678 admonito.
2715 4627 2992 4685 perstante
3036 4620 3208 4674 nihilo
3247 4623 3427 4678 minus
3456 4625 3511 4680 in

1945 4706 2158 4772 emptis,
2191 4716 2247 4759 et
2298 4714 2509 4760 tantum
2562 4710 2852 4776 pollicente
2888 4711 3037 4765 brevi
3076 4727 3135 4766 se
3168 4713 3316 4765 illum
3353 4731 3513 4770 voea-

1947 4806 2155 4857 turttm.
2194 4800 2258 4851 ad
2309 4814 2374 4852 ea
2423 4800 2721 4868 impatiens
2775 4819 2939 4855 morae
2996 4808 3341 4861 monachus:
3381 4826 3399 4858 ι
3439 4811 3513 4861 Δι’

1945 4890 2099 4959 quid,
2133 4890 2333 4958 inquit,
2368 4890 2607 4958 proderit
2636 4908 2723 4946 me
2756 4895 2918 4961 paulo
2949 4904 3070 4962 post
3096 4896 3301 4961 vocari,
3331 4913 3507 4967 quan-

1944 4982 2015 5036 do
2049 4981 2262 5035 scilicet
2291 4982 2576 5036 nuntiandi
2613 4984 2821 5037 utiliter
2853 4985 2997 5052 quod
3062 5001 3258 5040 novum
3314 4997 3368 5042 et
3417 5006 3510 5043 ur-

1943 5088 2076 5144 gens
2107 5071 2303 5136 affero,
2331 5082 2544 5142 tempus
2585 5074 2899 5130 effluxerit?
2931 5095 2949 5127 ι
2990 5077 3103 5132 Hoc
3130 5079 3250 5145 ejus
3296 5079 3503 5135 dictum

1947 5170 2131 5220 statim
2180 5167 2493 5234 imperatori
2526 5168 2898 5222 rcnimtiatum
2926 5184 3111 5223 curam
3154 5170 3365 5226 scilicet
3408 5174 3509 5226 ad-

1948 5262 2114 5312 movit
2162 5276 2343 5315 aerem
2377 5261 2741 5328 cognoscendi
2788 5262 3050 5314 continuo
3082 5262 3227 5330 quod
3262 5264 3508 5332 inopina-

1947 5359 2061 5402 tum
2101 5360 2154 5403 et
2196 5352 2451 5404 momenti
2486 5366 2591 5405 non
2625 5350 2864 5419 vulgaris
2907 5354 2973 5403 ad
3024 5366 3082 5405 se
3108 5351 3306 5405 deferri
3338 5365 3509 5422 appao

1944 5452 2108 5497 reret.
2164 5444 2302 5513 Ergo
2354 5444 2401 5498 is
2445 5442 2730 5497 confestim
2787 5442 2950 5513 360
3001 5443 3345 5496 introductus
3405 5441 3508 5499 soli

1946 5539 2099 5591 solus
2130 5538 2374 5604 Angusto
2406 5538 2547 5591 hanc
2575 5537 2877 5591 orationem
2915 5536 3102 5589 habuit
3134 5551 3148 5590 :
3202 5553 3221 5587 ι
3281 5534 3506 5590 Domine

1946 5630 2018 5681 mi
2082 5631 2399 5698 imperator,
2452 5629 2581 5682 mihi
2630 5634 2951 5682 consuetum
2986 5636 3069 5680 est
3118 5627 3183 5679 ad
3220 5628 3501 5684 dominum

1948 5723 2311 5775 Anathasium
2348 5723 2517 5776 certis
2577 5732 2879 5789 temporum
2918 5721 3224 5775 intervallis
3259 5721 3398 5775 itare
3424 5722 3508 5773 vi-

1950 5813 2100 5866 Sl’tlttt
2150 5827 2334 5866 causa.
2373 5812 2449 5867 Eo
2511 5828 2662 5865 more
2718 5813 2780 5863 ad
2839 5815 2981 5863 hunc
3031 5811 3191 5866 hodie
3237 5811 3511 5880 profccms

2963 5904 3032 5961 13
