4206 6440
714 370 820 437 40⁷1

715 492 915 564 ἀγαθὴ,
936 493 1011 555 ὠς
1041 498 1236 550 αὐτίκα
1266 493 1324 552 εὖ
1351 504 1661 572 σκησόντων
1688 527 1710 560 ε

714 583 889 654 θρόνῳ
914 587 942 637 ὁ
962 586 1301 653 Ἀθανάσιος.
1334 593 1440 646 Καὶ
1470 595 1746 668 ἀρχιερεῖς
1781 603 1982 671 συνῆγε
2030 607 2123 657 καὶ
2153 583 2285 677 κλῆξ

717 690 810 741 ρον
841 677 934 727 καὶ
961 678 1249 747 μοναχοὺς,
1283 683 1377 733 καὶ
1405 684 1503 745 τὰς
1540 688 1646 755 μὲν
1683 692 1998 761 συσκέψεις,
2056 696 2104 746 εί
2133 696 2289 747 ἀνελ-

716 764 830 815 θεῖν
859 765 988 831 δέοι,
1019 771 1171 837 παρὰ
1204 770 1408 838 φαῦλον
1440 771 1553 829 οἷον
1598 779 1827 845 ἐτίθετο,
1873 785 2148 838 πιστεύων
2174 789 2289 849 τοῖς

714 851 981 946 πρότριτὲα
1002 868 1015 882 ’
1048 856 1223 946 ουδεὶς
1247 859 1355 931 γὰρ
1409 864 1518 915 τῶν
1548 866 1857 937 ἀρχιερέων
1905 867 1974 940 ἦν
2003 874 2151 938 ὅστις
2191 876 2288 946 ἀμ’

717 938 963 1037 ίδὼνᾳκαὶ
1012 943 1200 1012 μαθὼν
1251 950 1351 1018 τὴν
1404 956 1627 1024 πρώτην
1679 961 1900 1018 ἐκείνην
1928 938 2286 1037 ἦμέρανωιδχ

712 1031 1019 1124 υποκλίνων
1043 1037 1141 1107 τὴν
1169 1041 1408 1114 κεφαλὴν
1436 1044 1511 1108 ὡς
1545 1053 1896 1123 πατριάρχην
1945 1031 2159 1124 ἐδέχετο

711 1120 909 1191 ἤπειγε
964 1127 1063 1192 τὴν
1097 1129 1389 1185 ἀνάϐασιν·
1423 1138 1551 1205 περὶ
1596 1140 1651 1192 δὲ
1683 1120 1774 1194 τοῦ
1950 1120 2163 1202 ἀνέλθοι
2194 1151 2288 1203 καὶ

712 1212 865 1307 ποτε,
902 1216 948 1267 εί
974 1217 1109 1282 τέως
1157 1219 1398 1293 θελήσει,
1440 1228 1515 1292 ὡς
1552 1229 1706 1300 ἔλεγε
1729 1236 1856 1301 (τὶν
1888 1239 1998 1307 γὰρ
2038 1238 2290 1303 Ἰωάννην

711 1304 1043 1408 ὑπερεώρων
1105 1313 1195 1365 καὶ
1243 1317 1289 1368 οἱ
1341 1319 1482 1381 τέως
1536 1327 1971 1399 προσκείμενοι),
2041 1331 2126 1403 [Ρ.
2158 1334 2288 1407 258]

713 1401 964 1463 συνάγων
994 1401 1201 1469 ἠρώτα.

716 1509 780 1574 β’.
814 1511 949 1576 Περὶ
984 1513 1091 1566 τοῦ
1136 1514 1258 1570 τῶν
1307 1520 1631 1605 ἀίιχίερὲων
1682 1525 1783 1578 ἐπὶ
1838 1529 1917 1593 τῷ
1967 1531 2292 1597 Ἀθανασίῳ

1323 1606 1686 1659 σχισματος.

796 1672 1098 1765 ’Ᾱᾲρχιερεῖς
1122 1678 1185 1765 ,δὲ
1217 1681 1378 1751 μέχρι
1410 1684 1509 1753 μὲν
1537 1686 1752 1757 ἐκείνης
1773 1690 1871 1758 τῆς
1905 1694 2130 1761 πρώτης
2152 1698 2288 1765 ἠμέ-

717 1777 813 1830 ρας
842 1763 1064 1833 θερμῶς
1088 1764 1256 1837 εἶχον,
1298 1772 1391 1823 καί
1443 1773 1717 1843 μηδεμιᾶς
1757 1763 2289 1852 προσπαιούσηςῃέν-

714 1852 861 1914 νοεας
911 1856 961 1907 οἱ
1010 1858 1335 1924 ἀπεναντίας
1376 1865 1490 1926 τοῖς
1540 1864 1824 1934 λογισμοῖς
1876 1870 2069 1942 ἐκείνῳ
2106 1874 2286 1936 καλῶς
2319 1861 2362 1917 Β

714 1946 1135 2015 προσεφέροντο.
1166 1946 1300 2004 Εἶτα
1330 1951 1384 2004 δὲ
1428 1955 1522 2006 καὶ
1565 1955 1844 2027 λογισμῶν
1873 1960 2093 2032 βασάνῳ
2115 1964 2285 2017 διδόν-

713 2050 804 2095 τες
833 2035 892 2087 τὸ
921 2039 1173 2107 πρᾶγμα,
1199 2043 1250 2093 oi
1286 2043 1385 2109 μὲν
1416 2047 1509 2097 καὶ
1543 2043 1700 2110 αὖθις
1732 2050 1983 2118 ἐνέμενον
2017 2059 2131 2117 τοῖς
2155 2074 2287 2127 προσ

713 2125 891 2193 τέροις
945 2129 1038 2181 καὶ
1073 2133 1171 2194 τὰς
1206 2134 1291 2185 ἐπ’
1353 2136 1545 2206 ἐκείνῳ
1590 2141 1764 2207 ῥοπὰς
1790 2144 2142 2211 ἀνεπάλαιον,
2194 2125 2287 2202 καὶ

716 2220 959 2284 προῆγον
998 2221 1092 2289 μὲν
1146 2226 1506 2293 παραιτήσεις
1538 2229 1621 2295 ἐφ’
1657 2225 1739 2292 οἷς
1792 2233 1964 2284 ἐποίει
1996 2235 2114 2287 τότε
2141 2236 2287 2306 ἀπᾴ-

715 2310 885 2371 δουσι,
941 2314 1255 2380 προέτεινον
1302 2318 1355 2369 δὲ
1391 2320 1482 2371 καὶ
1512 2320 1607 2391 τὴν
1641 2321 1733 2373 ἐπὶ
1778 2325 2049 2388 τοσούτοις
2075 2330 2288 2397 χρόνοις

718 2502 777 2545 ιιι
812 2494 857 2547 is
919 2497 1092 2550 sacris
1159 2509 1422 2568 praeesset
1460 2504 1831 2576 impetranda)
1896 2518 2004 2561 tam
2050 2511 2289 2580 graviter

720 2587 989 2644 hactenus
1040 2590 1341 2648 laborantis
1396 2597 1469 2649 rei
1518 2596 1751 2664 publica:
1802 2603 2111 2657 vulnerum.
2146 2605 2289 2677 Ergo

719 2682 863 2736 haud
922 2685 1175 2739 cessabat
1241 2703 1555 2744 convocans
1599 2694 1908 2763 episcopos,
1971 2698 2179 2753 clerum
2236 2709 2291 2754 et

720 2774 1039 2830 monachos.
1079 2774 1291 2840 Quibus
1340 2779 1393 2831 in
1441 2780 1676 2836 cratibus
1719 2799 1820 2838 nec
1846 2787 1924 2839 vel
1957 2787 2134 2855 primo
2169 2790 2291 2857 qui»

719 2866 840 2919 dem
879 2878 1038 2921 tenus
1067 2868 1237 2923 dubio
1267 2870 1395 2924 illud
1424 2873 1477 2924 in
1509 2871 1957 2929 deliberationem
1984 2879 2289 2934 vocandum

721 2961 967 3026 putabat,
1006 2971 1267 3030 possetne
1305 2963 1358 3016 in
1392 2964 1651 3020 thronum
1704 2968 2039 3025 Athanasius
2088 2973 2190 3025 rite
2228 2987 2292 3027 ac

721 3051 1022 3104 secundum
1064 3066 1306 3107 canones
1355 3056 1476 3109 sine
1516 3058 1622 3109 alia
1665 3064 2008 3126 promotione
2051 3066 2289 3132 regredi.

722 3140 899 3196 fretus
949 3144 1212 3197 nimirum
1249 3161 1425 3215 nuper
1453 3164 1481 3200 a
1509 3163 1568 3202 se
1597 3150 1752 3203 visis.
1785 3148 2118 3210 Observarat
2147 3158 2290 3211 enim

722 3236 811 3289 dic
839 3234 948 3299 illa,
981 3251 1087 3303 qua
1114 3244 1197 3289 est
1221 3238 1440 3305 agnitus
1469 3248 1529 3292 ut
1554 3240 1792 3295 vaticinii
1813 3254 2006 3297 auctor
2029 3254 2084 3299 et
2110 3247 2295 3303 aditus
2322 3211 2367 3269 ϐ

721 3326 1082 3406 Athanasius,
1128 3331 1399 3383 neminem
1435 3331 1821 3399 episcoporum
1854 3334 2029 3391 fuisse
2060 3340 2177 3406 qui,
2211 3326 2294 3393 si-

721 3419 835 3470 lltlll
866 3418 1020 3473 illum
1053 3421 1206 3484 vidit,
1239 3438 1343 3475 non
1376 3433 1433 3475 ut
1463 3424 1829 3490 patriarebam
1859 3428 2099 3482 demisso
2120 3433 2298 3499 capite

721 3522 1015 3565 veneratus
1072 3511 1255 3579 fuerit,
1313 3530 1420 3569 non
1480 3516 1723 3585 ejusdem
1780 3521 2185 3577 restitutionem
2240 3526 2294 3578 in

722 3602 984 3657 thronum
1045 3606 1267 3659 urserit.
1327 3605 1461 3661 Illud
1530 3610 1707 3664 solum
1773 3613 2120 3668 consultabat
2171 3632 2293 3670 cum

721 3692 981 3746 Patribus
1015 3695 1385 3759 Andronicus,
1423 3712 1531 3763 quo
1574 3706 1731 3767 pacto
1759 3708 1811 3753 et
1843 3701 2063 3768 quando
2093 3717 2295 3755 conve-

723 3786 867 3840 niret
916 3788 1121 3841 resumi
1178 3790 1598 3858 patriarchalem
1648 3792 1971 3861 dignitatem
2023 3798 2090 3849 ab
2131 3796 2299 3849 Atha-

723 3879 902 3943 nasio,
937 3880 1210 3950 siquidem
1240 3882 1367 3950 (hoc
1389 3884 1534 3938 enim
1567 3886 1855 3955 subdcbat)
1884 3888 2080 3943 adduci
2110 3897 2298 3958 poseet

726 3982 784 4026 ut
817 3973 870 4060 id
904 3973 1086 4028 vellet.
1130 3973 1205 4030 De
1243 3976 1345 4032 hoc
1378 3992 1485 4031 uno
1519 3980 1823 4035 sententias
1857 3981 2080 4051 rogabat
2106 3998 2295 4037 eorum

725 4082 868 4135 quos
925 4068 1319 4136 congregabat,
1361 4068 1525 4137 plane
1565 4084 1793 4126 securus
1836 4069 2083 4135 Joannis,
2133 4088 2297 4141 quem

727 4157 797 4211 ab
828 4158 896 4211 iis
931 4173 1153 4227 quoque
1182 4157 1275 4227 qui
1314 4158 1584 4212 hactenus
1622 4159 1955 4229 perstudiosi
1988 4160 2105 4223 eius
2135 4177 2301 4231 appa-

724 4250 974 4303 ruissent
1021 4249 1329 4320 neglectum
1366 4249 1482 4317 jam
1534 4260 1892 4320 spretutnque
1946 4253 2297 4321 opinabatur.

832 4341 886 4395 2.
921 4339 997 4393 De
1031 4342 1311 4397 schismate
1334 4341 1695 4409 episcoporum
1730 4342 1791 4395 ob
1821 4343 2192 4396 Athanasium.

795 4450 970 4506 Porro
1005 4450 1246 4520 episcOpi
1282 4458 1396 4504 toto
1426 4452 1519 4504 illo
1559 4453 1738 4521 primo
1775 4452 1886 4514 die,
1946 4451 2301 4520 flagrantibus

1885 395 1927 453 C
1941 397 2136 455 ΕΘΠΟ
2154 398 2203 455 ll
2252 400 2338 456 ΡΛ
2349 400 2440 460 CH
2456 405 2553 464 Ylll
2567 406 2604 461 Ε
2618 406 2733 463 [LE

3861 416 3973 476 ωδ

1723 510 2177 584 ἱὰποκαθιστῷτο
2210 516 2287 585 τῷ
2317 528 2363 581 Α
2391 520 2611 588 ἀργίαν,
2641 522 2763 575 καθ’
2794 523 2885 586 οὓς
2912 522 3003 576 καὶ
3047 524 3202 590 ἄλλος
3250 528 3550 590 κανονικιῖκς
3587 529 3861 592 καταστὰς
3895 530 3972 589 ὡς

2393 610 2558 662 αὑτοῦ
2589 627 2649 676 γε
2684 614 3166 681 παραιτησαμένου
3192 615 3259 668 τὰ
3292 616 3390 682 τῆς
3425 617 3755 686 Ἐκκλησίας
3795 618 3969 670 διίθυ-

2391 717 2501 762 νεν,
2530 700 2587 752 ὃν
2626 700 2744 752 οὐδὲ
2776 702 2983 755 δίκαιον
3013 699 3151 757 εἶναι
3184 704 3242 757 ἐν
3270 706 3380 767 τοῖς
3426 704 3716 773 μισθωτοῖς
3756 722 3972 775 παρεγο

2392 793 2698 861 γράφεσθαι
2725 796 2814 846 καὶ
2838 795 2910 857 ὡς
2947 796 3019 864 μὴ
3039 796 3643 864 γνήσιονὸὸελίζεσθαι,
3663 797 3772 850 ἐπὶΓ
3785 799 3975 851 τοσού-

2391 902 2505 946 τοις
2556 887 2702 937 ἔτεσι
2752 887 2849 956 τὴν
2927 886 3252 956 Ἐκκλησίαν
3306 890 3604 957 κατέχοντα
3634 889 3726 941 καί
3751 906 3814 955 γε
3877 891 3974 941 καὶ

2392 977 2653 1040 πλείστας
2682 978 3013 1045 χειροτονίας
3059 980 3385 1034 τελέσαντα⁹
3422 982 3569 1033 δυοῖν
3596 982 3707 1050 γὰρ
3738 982 3972 1050 θάτερον

2394 1068 2731 1135 ξυμϐαίνειν,
2760 1069 2792 1137 ἢ
2816 1069 2977 1122 αὑτὸν
3002 1071 3099 1138 μὲν
3126 1071 3463 1124 δικαιοῦσθαι
3489 1074 3741 1126 κάκεῖνον
3775 1075 3831 1125 ἐν
3853 1076 3973 1136 τοῖς

2392 1157 2566 1219 νὸθοις
2595 1154 2760 1221 εἶναι,
2797 1158 2829 1229 ἢ
2859 1159 2965 1228 μὴν
2998 1162 3297 1223 κανονικῶς
3332 1165 3707 1226 καταστάντος
3755 1164 3972 1216 ἐκείνου

2393 1251 2487 1305 καὶ
2518 1255 2818 1317 atavo-mili;
2849 1256 3199 1326 ἐνεργοῦντος
3223 1258 3384 1311 αὐτὸν
3416 1260 3473 1310 ἐν
3507 1258 3709 1331 ἱερεῦσι
3743 1262 3837 1313 καὶ
3863 1276 3973 1313 πα-

2392 1344 2681 1412 τριάρχαις
2720 1346 2853 1413 μηδέ
2884 1345 2945 1397 τὸ
2970 1346 3236 1415 παρὰπαν
3260 1346 3595 1414 λογίζεσθαι.
3619 1348 3976 1419 Ἐρῤᾳδιουρ-

2393 1443 2643 1503 γημένην
2665 1436 2723 1488 δὲ
2756 1438 2847 1488 καὶ
2868 1436 2967 1504 τὴν
2998 1439 3136 1503 ὑπὲρ
3181 1437 3289 1489 τῶν
3328 1440 3702 1508 ἀδικουμένων
3743 1440 3971 1504 ἀξίωσιν

2395 1524 2757 1592 ὑπετοπαζον,
2813 1526 2886 1589 ὠς
2935 1528 3114 1581 αὐτίκ’
3169 1529 3235 1581 ἂν
3269 1532 3362 1583 καί
3403 1532 3533 1593 τοὺς
3573 1530 3970 1599 συντρέχοντας

2393 1619 2621 1683 πολλοὺς
2659 1615 2800 1673 εἶναι
2839 1620 3090 1691 βοηθείας
3143 1623 3305 1676 ἕνεκα
3360 1626 3459 1692 τῆς
3518 1624 3654 1692 πρὸς
3705 1625 3795 1675 τὸν
3827 1639 3971 1690 κρα-

2391 1712 2611 1775 τοῦντα,
2646 1713 2741 1766 καὶ
2793 1714 2892 1783 τὴν
2921 1715 3020 1782 τῆς
3067 1720 3408 1783 προστασίας
3436 1715 3601 1785 τιμὴν
3631 1714 3970 1783 ἐρριζῶσθαι

2392 1802 2452 1865 ἐξ
2488 1804 2783 1871 ἀναγκαίου
2815 1805 3161 1875 συμϐαίνειν,
3189 1806 3293 1859 κᾶν
3324 1807 3399 1877 μὴ
3429 1809 3578 1874 σφίσι
3604 1806 3808 1873 δοκοίη.
3829 1806 3966 1873 Διχῖ

2392 1888 2485 1945 οὖν
2505 1895 2900 1964 διαιρουμένων
2920 1895 3028 1947 τῶν
3052 1896 3372 1965 ἀρχιερέων,
3404 1900 3498 1948 καὶ
3535 1895 3642 1947 τῶν
3676 1895 3967 1964 ἠδικῆσθαι

2396 1984 2487 2037 καί
2528 1985 2649 2037 τότε
2693 1985 2803 2038 τῶν
2831 1987 2980 2054 ἱερέα
3016 1992 3311 2056 κρινόντων
3351 1989 3443 2041 καὶ
3483 1988 3638 2050 αὖθις
3687 1988 3967 2041 δικαιούν-

2392 2091 2500 2127 των
2531 2074 2851 2141 ἀνάγεσθαι,
2880 2069 2955 2128 ὧν
2987 2092 3134 2138 τινες
3169 2078 3217 2128 εί
3245 2078 3336 2129 καὶ
3362 2078 3458 2139 τῆς
3485 2078 3693 2130 ἐκείνου
3727 2094 3975 2146 χειροτοο

2397 2165 2515 2226 νίας
2543 2159 2706 2233 ἦσαν,
2741 2162 2855 2216 ἀλλ’
2888 2162 2983 2217 οὖν
3030 2164 3291 2234 ὑποσχεῖν
3325 2164 3576 2230 εὐθύνας,
3612 2167 3659 2218 εί
3716 2146 3972 2227 κάίκεῖνος

2397 2254 2482 2325 [Ρ.
2508 2252 2637 2326 259]
2667 2254 2833 2321 θέλοι,
2864 2256 3094 2317 ἑαυτοὺς
3122 2256 3414 2321 ἐδικαίουν,
3436 2258 3543 2310 τῶν
3585 2258 3643 2310 δὲ
3676 2256 3801 2327 μηδ’
3831 2257 3971 2318 ὅλως

2396 2348 2739 2415 ἀνεχομένων
2768 2346 3017 2416 δέχεσθαι
3043 2347 3161 2415 ἅμα
3188 2349 3288 2417 μὲν
3319 2350 3820 2419 παραιτησάμενον,
3850 2348 3968 2416 ἅμα

2396 2546 2568 2602 esset,
2614 2536 2870 2607 ultroque
2901 2548 3201 2604 agnoscere
3228 2534 3393 2587 alium
3444 2533 3547 2588 sibi
3582 2533 3681 2586 rite
3721 2529 3969 2600 deposito

2396 2631 2662 2684 canonice
2700 2628 3010 2689 suffectum,
3053 2628 3146 2697 qui
3195 2635 3350 2681 tanto
3395 2637 3639 2694 tempore
3688 2625 3808 2679 sine
3858 2623 3967 2674 ulla

2397 2731 2573 2775 status
2595 2720 2990 2784 controversia;
3020 2728 3113 2773 aut
3137 2718 3464 2787 cujusquam
3492 2717 3657 2771 dubio
3700 2716 3831 2784 quin
3872 2728 3969 2768 ve-

2398 2829 2495 2868 rus
2545 2822 2737 2883 pastor
2776 2820 2956 2874 esset,
3003 2809 3305 2864 Ecclesiam
3356 2808 3759 2878 gubernasset;
3805 2821 3968 2874 quem

2399 2905 2645 2977 profecto
2686 2916 2764 2959 tot
2789 2907 2902 2975 jam
2932 2904 3095 2959 annis
3134 2903 3246 2957 veri
3285 2902 3521 2971 pastoris
3560 2898 3973 2954 existimatione

2401 3000 2756 3070 praepositum
2810 2996 3089 3060 Ecclesiae,
3136 2994 3429 3063 multisque
3472 2992 3690 3047 interim
3735 2989 3967 3044 ordina-

2403 3090 2643 3146 tionibus
2691 3090 3077 3157 perfunctum,
3124 3097 3350 3156 repente
3395 3098 3543 3139 nunc
3587 3082 3713 3136 albo
3755 3097 3969 3150 expun-

2400 3195 2549 3239 ctum
2597 3182 2890 3252 praesulum
2934 3181 3300 3250 legitimorum
3351 3176 3703 3231 mercenariis
3753 3173 3987 3227 adscri--

2399 3279 2545 3341 bere,
2574 3276 2642 3330 ab
2668 3274 2926 3344 aequitate
2970 3273 3289 3340 rationeque
3322 3270 3489 3324 videri
3532 3269 3821 3337 plurimum
3870 3267 3968 3317 ab-
4048 3330 4053 3334 _

2399 3360 2653 3419 horrens.
2682 3363 2921 3417 Duorum
2944 3362 3113 3431 igitur
3133 3362 3364 3413 alterum
3388 3357 3607 3412 aiebant
3632 3358 3684 3410 in
3708 3353 3973 3409 confesso

2398 3459 2589 3515 haberi
2625 3472 2749 3512 esse
2790 3470 3044 3517 necesse,
3079 3462 3173 3507 aut
3212 3454 3304 3522 jus
3352 3465 3539 3504 verum
3588 3447 3974 3518 patriarchalis

2399 3552 2625 3607 honoris
2657 3551 2759 3604 boc
2788 3548 3058 3603 deccnuio
3082 3560 3246 3616 penes
3278 3541 3640 3598 Athanasium
3674 3538 3970 3602 resedisse,

2398 3646 2587 3713 sicque
2634 3640 2902 3695 Joannem
2950 3639 3086 3692 nihil
3130 3638 3299 3692 fuisse
3342 3634 3449 3689 nisi
3495 3632 3744 3703 spurium
3792 3632 3972 3684 intru-

2400 3751 2631 3804 sumque
2679 3733 3074 3803 patriarcham,
3122 3739 3216 3783 aut
3274 3738 3466 3782 contra
3514 3726 3659 3779 hunc
3704 3723 3973 3779 canonice

2400 3837 2705 3897 acceptam,
2751 3825 3015 3879 canonice
3047 3819 3363 3877 exercuisse
3412 3815 3828 3888 patriarcbalem
3870 3826 3972 3880 po-

2401 3929 2689 3983 testatem;
2723 3932 2789 3970 ex
2836 3929 2947 3984 quo
2994 3914 3066 3968 sit
3105 3912 3396 3965 manifeste
3437 3921 3777 3975 consequens
3821 3904 3974 3973 prio-

2401 4028 2515 4067 rem
2553 4012 2704 4066 illum
2754 4009 3048 4065 sacerdotii
3077 4007 3200 4062 talis
3232 3998 3295 4061 ai:
3319 4006 3602 4077 dignitatis
3627 4004 3797 4057 fuisse
3838 4010 3975 4056 tunc

2400 4107 2618 4177 penitus
2640 4113 2940 4173 expertem.
2979 4104 3057 4157 Ad
3086 4102 3197 4157 haec
3223 4101 3479 4156 subolere
3502 4099 3603 4153 sibi
3645 4096 3889 4151 fraudem
3915 4104 3975 4149 et

2402 4198 2600 4252 malam
2640 4196 2797 4249 fidem
2828 4195 3046 4248 aiebant
3085 4194 3139 4247 in
3180 4194 3305 4256 ista,
3333 4207 3453 4262 quae
3484 4191 3800 4260 jactaretur,
3844 4185 3976 4242 aﬂ'e-

2404 4299 2550 4344 ctata
2602 4287 2940 4357 protectione
2989 4285 3245 4354 injuriam
3284 4297 3617 4353 passorum:
3658 4290 3971 4350 quzestuosa

2405 4396 2599 4446 nempe
2640 4378 3000 4446 popularitate
3049 4386 3219 4429 artem
3256 4377 3336 4429 sic
3377 4376 3651 4427 iuventam
3697 4385 3975 4440 praeoccu-

2403 4472 2597 4538 panda:
2628 4471 2891 4524 beneficio
2921 4467 3310 4530 multitudinis,
3334 4478 3387 4520 et
3430 4465 3642 4533 injustas
3670 4479 3788 4532 quae
3815 4478 3978 4530 para-

727 4554 1051 4599 cunctorum
1080 4544 1135 4597 in
1168 4542 1529 4597 Athanasium
1565 4543 1787 4608 studiis,
1829 4552 1883 4599 et
1919 4545 2022 4614 ipsi
2058 4546 2297 4599 favorem

2407 4574 2558 4616 retur
2612 4562 2934 4617 iutrusionis
3000 4559 3236 4615 factione
3288 4560 3644 4613 obnoxiorum
3709 4556 3976 4610 corrobo-

729 4646 1037 4697 ostensum,
1086 4636 1287 4689 animis
1331 4635 1575 4688 nondum
1628 4636 2026 4690 contrariarum
2069 4651 2299 4690 recursu

730 4728 1124 4798 cogitationum
1159 4727 1349 4781 tractis
1388 4728 1442 4780 in
1486 4727 1785 4791 diversum,
1831 4738 2138 4782 tenuerunt.
2177 4728 2299 4783 Sta—

730 4822 828 4876 tim
859 4831 1037 4875 autem
1078 4827 1221 4888 post,
1255 4819 1418 4872 simul
1456 4817 1777 4888 refrigerato
1812 4821 2070 4873 novitatis
2110 4819 2304 4873 ardore

734 4911 981 4967 sedatius
1030 4910 1288 4965 reﬂexere
1338 4925 1540 4965 vacuas
1574 4910 1686 4977 jam
1734 4921 1943 4966 mentes
1988 4914 2055 4965 ad
2102 4913 2302 4966 serium

734 5019 963 5059 examen
994 5004 1159 5074 modo
1188 5013 1460 5065 actorum,
1491 5003 1764 5071 prioribus
1791 5004 2012 5073 quidam
2042 5019 2162 5057 sese
2188 5019 2306 5056 rur-

735 5114 832 5153 sus
874 5097 1187 5166 applicuere
1226 5097 1495 5161 consiliis,
1537 5096 2026 5163 instauraruntque
2074 5096 2305 5163 impetus

736 5192 873 5245 certi
912 5190 1174 5260 propositi
1209 5190 1276 5242 ad
1321 5197 1666 5242 constantem
1701 5188 2138 5257 prosecutionem
2181 5197 2307 5241 ante

736 5286 1108 5339 decretorum.
1159 5282 1482 5350 Allrgabant
1526 5281 1690 5350 igitur
1734 5289 1923 5333 contra
1972 5284 2307 5332 tumultuose

740 5378 1056 5430 festinatam
1085 5374 1420 5443 agnitionem
1453 5372 1737 5425 Athanasii
1773 5372 1844 5426 uti
1874 5372 2050 5425 adhuc
2080 5374 2309 5439 patriar-

741 5472 877 5533 chze,
905 5467 1141 5536 primum
1174 5465 1394 5534 quidem
1421 5465 1541 5533 ejus
1581 5465 1976 5519 abdicationem
2011 5475 2119 5518 tam
2144 5465 2311 5532 justis

743 5564 810 5615 dc
830 5562 1015 5615 causis
1036 5559 1554 5613 absurdissimorum
1587 5559 1706 5627 ejus
1729 5568 1973 5612 actorum
2005 5567 2058 5611 et
2088 5570 2309 5626 expres-

743 5673 861 5718 sam
892 5666 943 5709 et
973 5655 1267 5709 admissam
1302 5654 1379 5707 uti
1407 5654 1526 5706 sine
1546 5652 1712 5705 dubio
1746 5652 2057 5721 legitimam.
2094 5653 2309 5719 Altega-

742 5752 877 5805 haut
909 5759 957 5801 et
995 5748 1358 5801 cessationem
1394 5755 1505 5800 tam
1541 5745 1753 5814 longam
1782 5744 1957 5814 ipsius
1983 5745 2050 5797 ab
2084 5760 2183 5798 usu
2219 5760 2311 5810 po-

749 5843 983 5907 testatis,
1020 5840 1180 5914 372
1212 5854 1319 5910 qua
1352 5854 1411 5895 se
1445 5839 1668 5894 omnino
1702 5854 1887 5893 (arere
1916 5840 1994 5892 sic
2028 5838 2308 5910 prof-ssus

2406 4655 2607 4707 randae.
2648 4654 2707 4707 In
2746 4654 2892 4707 hunc
2929 4654 3150 4707 modum
3196 4661 3249 4705 et
3285 4637 3669 4707 sentientibus”
3698 4658 3750 4702 et
3794 4649 3975 4701 disse-

2405 4747 2650 4800 rentibus
2682 4746 2953 4815 episcopis
2985 4745 3289 4809 nonnullis,
3317 4759 3441 4798 cum
3478 4743 3566 4796 alii
3614 4742 3977 4811 persistentes

2409 4837 2461 4889 in
2501 4836 2617 4889 heri
2649 4844 2868 4889 ostensa
2903 4836 3170 4889 sententia
3221 4846 3607 4904 repugnarent,
3648 4831 3819 4885 scindi
3872 4846 3976 4882 ar.-

2408 4926 2609 4980 tistites
2652 4925 2705 4978 in
2742 4924 3007 4977 factiones
3036 4922 3283 4989 contigit,
3323 4922 3405 4975 bis
3446 4936 3510 4973 ex
3557 4920 3784 4972 :thCiSO
3826 4916 3977 4968 amr-

2409 5016 2687 5069 inantibus
2722 5028 3067 5084 nequaquam
3108 5013 3210 5066 rite
3243 5012 3411 5065 fuisse
3442 5010 3750 5080 depositum
3799 5008 3977 5061 Atha-

2408 5107 2645 5169 nasium,
2693 5107 2786 5160 sed
2819 5106 3020 5173 injuste
3051 5114 3101 5157 et
3143 5102 3376 5157 invalide
3407 5117 3500 5170 per
3538 5102 3644 5153 vim
3678 5101 3977 5163 deiectum,

2411 5195 2651 5261 legitime
2709 5211 2927 5264 semper
2977 5204 3185 5248 retenta
3249 5206 3609 5261 possessaque
3671 5190 3979 5258 dignitate;

2411 5302 2581 5353 quare
2606 5286 2758 5339 illiilli
2798 5293 2942 5338 recte
2963 5293 3126 5352 atque
3146 5283 3338 5336 ordine
3370 5297 3514 5336 nunc
3549 5283 3629 5334 vel
3656 5295 3777 5335 sero
3801 5293 3980 5347 agno-

2414 5384 2490 5433 sci
2525 5396 2620 5447 pro
2649 5395 2715 5431 eo
2756 5379 2847 5446 qui
2883 5393 3004 5431 vtre
3034 5377 3126 5435 sit.
3167 5387 3222 5430 et
3255 5378 3305 5427 in
3335 5384 3521 5440 erepto
3557 5375 3741 5441 inique
3789 5374 3981 5437 reponi

2413 5474 2614 5526 throno
2640 5487 2735 5540 par
2767 5484 2906 5524 esse.
2944 5470 3021 5523 Ita
3065 5469 3404 5536 potissimum
3440 5467 3741 5521 censebant
3786 5466 3877 5533 qui
3921 5481 3982 5520 se

2411 5561 2773 5617 ordinationis
2823 5565 3082 5614 honorem
3136 5559 3436 5612 Athanasio
3478 5559 3837 5611 meminerant
3878 5557 3980 5609 de-

2415 5658 2572 5719 bene;
2608 5654 2879 5723 iidemque
2912 5669 2971 5706 se
3014 5660 3295 5719 promptos
3327 5650 3625 5705 offerebant
3678 5652 3741 5701 ad
3787 5664 3984 5717 poenas

2414 5747 2730 5802 Sulmundas
2769 5762 2906 5814 quas
2952 5748 3082 5815 ipsis
3114 5761 3349 5809 cumque
3382 5746 3544 5798 velfet
3587 5744 3865 5813 imponere
3907 5743 3983 5797 ob

2414 5840 2577 5893 alium
2606 5838 2790 5891 tanttiu
2834 5850 3115 5903 perperam
3155 5838 3425 5890 introsum
3462 5850 3559 5905 pro
3603 5850 3732 5889 vero
3770 5833 3984 5886 admis—
