4206 6440
273 412 385 474 409

1191 420 1287 479 DE
1330 419 1771 479 ANDRUNIC)
1815 424 2280 483 l'ALiZULUGO
2328 426 2463 485 Llil.
2530 425 2592 482 ν.

3408 420 3512 483 ΗΟ

273 528 332 582 δὲ
370 533 460 582 καὶ
499 530 583 581 ἐπ’
636 532 836 596 αἰτίαις
896 534 1265 604 σκληρότητος
1308 537 1400 586 καὶ
1457 535 1551 585 τοῦ
1621 534 1850 595 πολλοὺς
1880 538 1925 597 Λ
1958 538 2055 589 ἀπ’
2092 538 2291 606 ἀρετῆς
2352 538 2501 599 ἴσως,
2532 537 2591 589 τὸ
2637 535 2691 589 δὲ
2734 520 3023 588 καὶ’π).ἐον
3050 534 3143 587 καὶ
3172 534 3277 586 ἀπὸ
3308 534 3534 603 γνώμης

272 620 586 681 αἰκίζεσθαι
638 640 693 675 τε
724 624 816 676 καὶ
848 626 1158 679 ἀποκλείειν
1202 628 1377 688 αἰτίας
1427 627 1845 694 ἁνακυπτούσης

272 711 373 762 καὶ
394 712 495 779 τῆς
526 715 815 783 τυχούσης,
834 709 908 769 ὧν
936 717 1097 768 Euax:
1118 713 1206 785 ἦν,
1244 719 1291 767 εἰ
1320 717 1393 784 μὴ
1430 716 1842 785 μεταϐάλλοιτο,

269 805 373 854 καὶ
432 806 571 855 κατὰ
627 809 857 869 κανόνας
908 807 1249 868 εὐθύνεσθαι,
1313 806 1626 857 συνίσταταί
1678 822 1757 866 τις
1789 806 1845 856 ὲν

267 894 487 957 τούτοις
517 899 608 948 καὶ
629 898 796 967 τρίτη,
820 901 1005 967 μοῖρα,
1056 900 1104 950 οἳ
1130 899 1192 964 δὴ
1226 899 1325 967 τὴν
1365 899 1462 965 μὲν
1491 898 1590 962 τῆς
1624 895 1845 963 γνώμης

274 986 573 1048 μετάθεσιν
635 987 1038 1055 αἰσχυνόμενοι.
1094 988 1452 1057 εὐπρνὶσωπον
1481 987 1522 1035 δ’
1556 989 1644 1036 ἐπὶ
1675 984 1847 1055 ταύτῃ

270 1077 551 1144 πρόφασιν
614 1078 1000 1146 προϊσχόμενοι
1035 1079 1279 1144 ἐδέχοντο
1312 1078 1430 1146 μὲν,
1463 1075 1535 1135 ὡς
1563 1075 1656 1127 καὶ
1695 1075 1841 1141 πρὶν.

266 1169 364 1219 τὸν
398 1168 569 1236 ἄνδρα
592 1170 685 1221 καὶ
718 1170 1084 1239 πατριάρχην,
1118 1170 1257 1236 πλὴν
1289 1170 1373 1220 ἐπ’
1396 1168 1663 1237 ἀσφαλείᾳ.
1694 1165 1849 1233 μεῖξον

276 1273 383 1327 στη
411 1258 506 1310 τοῦ
540 1260 612 1327 μή
645 1276 698 1311 τι
727 1258 967 1311 τοιοῦτον
992 1262 1049 1311 τδ
1082 1260 1188 1311 ἀπὸ
1219 1258 1368 1311 τοῦδε
1398 1257 1527 1326 παρ’
1557 1256 1720 1310 αὺτοῦ
1760 1255 1845 1321 γί-

272 1351 490 1407 νεσθαι,
541 1352 615 1411 ὡς
661 1353 885 1402 ἐκείνων
933 1351 1192 1421 ὀλεθρίων
1221 1352 1385 1404 ὅντων
1412 1350 1506 1401 καὶ
1536 1345 1849 1413 δυναμένων

272 1442 560 1510 ἀρχνερεῖς
595 1442 898 1510 καθαιρεῖν,
942 1444 1007 1512 ἦν
1035 1460 1116 1505 τις
1148 1443 1258 1512 ἄρα
1291 1442 1382 1493 xui.
1408 1443 1518 1502 τοῖς
1540 1439 1729 1492 κανόσι
1761 1452 1851 1489 πι-

628 1533 811 1587 Ταῦτα
852 1535 1103 1602 λέγοντες
1159 1535 1578 1602 διεφιλονείκουν
1634 1529 1850 1600 ἡμέρας

268 1624 424 1685 ὅλας,
452 1624 547 1675 καὶ
578 1625 670 1685 τὰς
691 1624 913 1693 γνώμας
940 1624 1203 1695 οὗμενουν
1229 1627 1291 1678 οὐ
1321 1624 1649 1685 ξυνέὗαινον.
1685 1622 1849 1672 Βασιο

265 1716 398 1776 λεὺς
430 1716 484 1766 δὲ
517 1716 677 1781 γνοὺς
727 1717 801 1778 ὡς
835 1717 891 1767 τὸ
936 1718 1134 1787 ἀτηρὸν
1154 1716 1248 1770 τοῦ
1290 1716 1478 1785 ἁνδρδς
1512 1716 1605 1767 καὶ
1630 1710 1847 1781 ἀμαλα-

272 1534 548 1587 στεύςειε.

269 1824 403 1858 κτον
434 1811 528 1860 καὶ
556 1809 647 1860 ἐπὶ
670 1812 781 1871 τοῖς
814 1809 1065 1879 τυχοῦσιν
1094 1809 1569 1879 ἁσυγκατάσατιον,
1602 1806 1631 1859 ὃ
1665 1805 1728 1873 δὴ
1754 1804 1848 1857 καὶ

268 1983 399 2021 sum
427 1983 711 2022 sacrorum
737 1969 1044 2037 praesidem.
1074 1970 1197 2024 Haec
1234 1971 1320 2023 isti
1360 1970 1688 2039 allegabant.
1729 1984 1849 2037 qua:

270 2075 401 2111 cum
436 2058 788 2112 adversantes
821 2060 912 2113 alii
945 2062 1348 2117 contentiosius
1396 2062 1705 2116 refellerent
1736 2076 1851 2113 ma-

268 2167 519 2219 gnopere
575 2150 833 2219 jactanda
892 2152 1342 2223 validissimaque
1423 2155 1848 2207 demonstranda

267 2244 622 2297 abdicatione
694 2245 1019 2303 Athanasii:
1090 2247 1250 2315 cujus
1299 2247 1461 2299 etiam
1522 2261 1718 2300 causas
1782 2260 1846 2299 ex

265 2334 436 2404 373
484 2337 809 2390 intolerabili
846 2339 1130 2408 rcgiminis
1160 2340 1277 2405 ejus
1321 2339 1616 2392 acerbitate
1655 2337 1849 2390 ductas

266 2426 544 2481 invidiose
581 2428 976 2497 prtedicahant,
1019 2441 1410 2500 exaggerantes
1448 2431 1539 2484 illa
1580 2430 1849 2498 supplicia

266 2532 418 2573 sere
443 2518 512 2571 ab
540 2533 603 2572 eo
638 2527 853 2587 smnpta
887 2521 955 2573 de
996 2522 1205 2584 multis,
1251 2522 1371 2576 illas
1401 2520 1749 2574 exclusiones
1782 2521 1849 2573 ab

267 2609 471 2663 ollictis
520 2618 574 2664 et
636 2611 996 2679 sacerdotiis,
1053 2613 1346 2669 levissimis
1405 2616 1729 2683 plerumque
1782 2612 1849 2665 de

264 2701 461 2756 causis
492 2703 542 2754 in
576 2702 841 2770 plurimos
871 2705 1263 2759 humanissime
1309 2710 1581 2769 decretas,
1614 2719 1751 2772 quas
1779 2706 1848 2759 ob

264 2807 367 2845 res
397 2792 785 2848 ecclesiasticae
832 2794 1040 2849 leui'ati
1079 2797 1386 2849 contrarias
1422 2797 1656 2849 maxime
1686 2796 1849 2863 juste

268 2886 429 2937 illum
465 2886 1109 2956 animadversionijuxta
1141 2904 1329 2942 sacros
1369 2903 1607 2943 canones
1653 2888 1848 2957 subjici

267 2976 652 3045 oportuisset.
724 2979 831 3031 nisi
902 2989 1149 3047 paratum
1206 2980 1473 3049 judicium
1544 2979 1851 3033 abdicando

272 3078 615 3137 pra-vertens
651 3086 678 3122 a
729 3070 985 3125 Patrihus
1025 3087 1198 3142 paruae
1251 3073 1373 3127 loco
1414 3073 1852 3142 qualemcunque

1948 627 2185 689 εἰκάζειν
2207 624 2295 696 ἦν,
2319 628 2417 693 τῆς
2457 630 2554 695 μὲν
2586 628 2643 679 τὸ
2674 626 2900 694 ἀκριῦὲς
2930 626 3202 694 ζητούσης
3232 624 3315 689 ἐφ’
3338 624 3529 686 ἅπασι,

1947 721 2047 788 τῆς
2078 720 2133 771 δὲ
2168 719 2414 785 φυσικῶς
2449 719 2743 786 πειθούσης
2776 718 2919 785 ἔχειν
2948 720 3040 769 καὶ
3070 717 3130 768 τὸ
3150 714 3224 784 μὴ
3260 717 3531 783 χρήσιμον

1949 814 2239 881 χρήσιμον,
2273 812 2488 863 ἀλλοῖον
2520 811 2773 878 γενέσθαι
2798 808 3008 868 τοῦτον,
3037 810 3157 860 ὅσον
3189 809 3411 859 εἰκάσαι
3438 808 3530 858 καὶ

1949 907 2011 957 ὲκ
2042 905 2273 967 πολλῶν,
2314 905 2622 959 διετείνετο.
2663 905 2810 973 Μηδὲ
2837 905 2946 973 γὰρ
2989 901 3152 954 αὐτὸν
3183 903 3357 961 τόσον,
3394 900 3531 952 ἀλλὰ

1949 999 2079 1058 τοὺς
2109 998 2233 1066 περὶ
2272 998 2431 1049 αὑτὸν
2462 996 2670 1065 ἀμαθίᾳ
2694 996 2917 1061 γνώμης
2953 994 3011 1045 τὸ
3046 994 3119 1059 μὴ
3153 991 3269 1043 δέον
3301 989 3532 1059 ἐργάζε-

1953 1092 2080 1140 σθαι
2121 1086 2656 1152 καταναγκάζεσθαι.
2723 1086 2782 1136 Εἰ
2839 1084 2896 1134 δέ
2929 1100 2989 1149 γε
3043 1083 3139 1134 καὶ
3169 1080 3332 1140 αὐτὸς
3369 1082 3531 1145 ἀκρι-

1952 1180 2107 1240 ϐείας
2142 1178 2542 1247 ἐπειλημμένος
2578 1177 2792 1238 πολλοῖς
2830 1176 3121 1242 γινομένης
3155 1173 3303 1239 παρὰ
3325 1171 3386 1223 τὸ
3410 1170 3530 1223 δέον

1950 1270 2201 1339 ἐμποδὼν
2259 1269 2509 1337 ὑφορῷτο
2557 1267 2898 1335 στήσεσθαι,
2956 1264 3168 1334 βασιλεῖ
3210 1280 3271 1330 γε
3330 1262 3530 1330 μᾶλρον

1950 1363 2151 1430 ἀτηρ³.ν
2214 1362 2523 1429 φανεῖσθαι,
2596 1360 2769 1411 πολλὰ
2827 1360 2920 1410 καὶ
2974 1356 3129 1427 παρὰ
3182 1357 3243 1409 τὸ
3276 1357 3423 1417 εἰκὸς
3474 1355 3532 1419 ἐξ

1951 1450 2196 1516 ἀνάγκης
2232 1449 2490 1517 πράττειν
2523 1449 2916 1517 παραγομένῳ.
2948 1448 3096 1512 Πλὴν
3132 1445 3531 1513 καταδέχεσθαι

1953 1541 2101 1609 μάλα
2128 1540 2305 1608 πολλῷ
2342 1539 2724 1604 ἀναξαὶνοντος
2764 1538 2959 1591 τούτου
3001 1538 3068 1589 τὰ
3112 1538 3247 1605 ἕλκη
3284 1536 3315 1605 ἢ
3354 1536 3533 1596 ἄλλως

1954 1633 2347 1702 μαλάσσοντας.
2398 1649 2417 1682 t
2470 1630 2625 1700 Ἐμοὶ
2654 1631 2750 1699 μὲν
2784 1626 2899 1691 οὖν,
2933 1649 2950 1680 ι
2978 1630 3181 1696 ἔλεγεν,
3217 1648 3234 1678 t
3274 1629 3331 1680 ἓν
3357 1631 3529 1693 ἀναγ-

1952 1728 2106 1777 καῖον
2145 1724 2241 1777 καὶ
2287 1723 2454 1791 αὐτῆς
2506 1723 2671 1790 πνοῆς
2702 1723 3120 1791 προτιμότερον,
3164 1721 3225 1773 τὸ
3264 1720 3399 1773 Θεοῦ
3441 1720 3531 1772 θέ-

1950 1814 2101 1886 λημα
2129 1816 2393 1884 γίνεσθαι,
2446 1815 2548 1868 κᾶν
2582 1814 2727 1884 λυπῇ
2768 1815 2873 1868 κᾶν
2918 1816 3012 1883 μή.
3053 1815 3197 1883 Πλὴν
3230 1813 3322 1865 καὶ
3354 1812 3529 1881 χαρᾶς

1954 1983 2162 2043 partem
2193 1976 2445 2027 oratione
2473 1972 2864 2035 sttblevandam
2891 1980 3062 2031 ratus,
3087 1970 3352 2024 disseruit
3388 1971 3530 2037 apud

1952 2065 2243 2135 synodum.
2275 2064 2418 2117 haud
2454 2066 2531 2117 ire
2568 2079 2626 2117 se
2654 2064 2856 2117 infitias
2886 2062 3010 2131 jure
3048 2063 3397 2130 implacidum
3446 2063 3530 2115 via

1952 2157 2070 2209 deri
2109 2171 2475 2223 asperumque
2508 2170 2569 2208 ac
2602 2155 2808 2208 levibus
2842 2155 3003 2206 etiam
3038 2154 3238 2206 erratis
3272 2154 3527 2205 inexora-

1953 2250 2129 2302 biliter
2160 2247 2413 2301 infestum
2439 2246 2720 2298 Athanasii
2746 2245 2964 2313 genium
2991 2264 3001 2297 :
3029 2244 3120 2297 sed
3157 2259 3356 2305 mores,
3381 2244 3526 2310 quod

1953 2356 2113 2393 nemo
2157 2349 2342 2406 posset
2386 2339 2599 2390 dilliteri
2627 2378 2639 2398 .
2693 2339 2892 2405 probus
2934 2352 3080 2390 esse.
3130 2340 3303 2402 Atque
3354 2336 3529 2398 adeo,

1952 2440 2217 2500 quantum
2267 2430 2366 2481 niti
2404 2431 2722 2497 conjectura
2756 2427 2919 2499 375
2949 2428 3257 2497 indagando
3316 2429 3527 2488 liceret.

1953 2521 2322 2574 verisimiliter
2358 2519 2410 2572 id
2455 2520 2837 2587 imputandum
2868 2518 3053 2571 virtuti
3088 2518 3336 2585 rigidiori
3364 2526 3417 2570 et
3447 2516 3528 2570 fa-

1953 2614 2197 2670 stidiosae
2233 2612 2582 2675 innocentiae,
2617 2613 2747 2665 vitia
2782 2613 2836 2664 in
2870 2612 2992 2664 aliis
3022 2611 3371 2665 dissimulare
3418 2627 3527 2665 non

1954 2702 2187 2757 valentis
2229 2717 2350 2770 qua:
2386 2712 2535 2755 arcet
2559 2716 2589 2754 a
2622 2716 2743 2754 sese
2776 2700 3120 2770 longissime.
3154 2715 3217 2753 ac
3256 2714 3526 2752 summam

1952 2810 2107 2863 a'que
2148 2793 2216 2847 ab
2260 2793 2519 2846 omnibus
2552 2792 2889 2847 exactionem
2928 2791 3288 2860 requirentis.
3328 2792 3529 2853 Acces-

1952 2887 2094 2939 sisse
2129 2886 2196 2939 ad
2241 2894 2494 2939 naturam
2547 2886 2620 2937 ita
2670 2884 2865 2938 factam
2910 2885 3033 2937 vitae
3072 2899 3228 2937 usum
3284 2898 3313 2936 a
3361 2896 3530 2951 puero

1952 2977 2410 3046 disciplinamque
2448 2978 2803 3038 severiorem,
2845 2984 2957 3029 tum
2992 2974 3117 3029 inde
3154 2974 3399 3028 iuolitam
3438 2972 3529 3026 in-

1953 3070 2264 3123 ductionem
2313 3069 2479 3122 animi
2516 3071 2582 3123 ad
2634 3069 3015 3124 austeritatem
3072 3067 3341 3128 indurati,
3374 3068 3530 3134 'pras-

268 3162 464 3214 throni
504 3162 860 3230 privationem
906 3164 1297 3234 imputantibus
1342 3178 1531 3231 poenas
1565 3163 1713 3232 juste
1754 3162 1848 3215 de-
1879 3200 1924 3261 ο
1951 3164 2189 3233 judicata
2250 3163 2485 3230 quadam
2553 3162 2909 3215 assuetudine
2971 3161 3172 3227 rigoris
3252 3159 3526 3212 interdum

269 3253 424 3306 bitas
460 3255 711 3307 cessione
754 3255 1060 3309 voluntaria
1108 3256 1241 3309 lucri
1286 3256 1526 3309 fecisset.
1574 3254 1723 3307 Talia
1775 3254 1850 3307 illi

269 3344 409 3397 dum
480 3354 938 3409 commemorant,
1005 3346 1329 3400 refricabam
1391 3347 1598 3400 scilicet
1666 3347 1851 3400 multis

277 3437 583 3490 astantium
647 3439 853 3491 tristem
915 3440 1232 3492 memoriam
1307 3439 1664 3506 grassationis
1719 3440 1847 3491 olim

271 3530 597 3583 inhumana
627 3530 1020 3584 monachorum
1058 3531 1343 3584 Athanasii
1382 3531 1757 3583 ministrorum
1795 3530 1847 3582 itt

270 3621 511 3675 clericos
554 3632 608 3675 et
655 3624 1056 3678 ecclesiasticos
1089 3627 1270 3679 omnis
1300 3625 1533 3693 generis.
1564 3622 1679 3688 Qua
1722 3636 1846 3675 cum

270 3712 408 3765 hinc
455 3713 673 3780 quidem
726 3716 987 3769 similium
1040 3719 1093 3771 in
1161 3726 1440 3787 posterum
1495 3719 1846 3772 atrocitatum

270 3810 427 3856 metu
464 3814 910 3870 concuterentur,
943 3807 1066 3863 inde
1108 3818 1289 3864 autem
1332 3809 1701 3864 retinerentur
1750 3826 1852 3879 pu-

271 3895 414 3948 dore
447 3896 685 3951 levitatis
709 3898 761 3950 iu
797 3908 905 3951 tam
932 3900 1221 3955 manifeste
1244 3901 1521 3957 declarata
1552 3902 1851 3971 recipiendi

271 3988 566 4043 Athanasii
594 3990 883 4053 voluntate,
910 3992 1132 4060 quidam
1159 3994 1391 4047 mediam
1423 3995 1679 4049 ineuntes
1706 3995 1846 4049 viam

273 4079 425 4131 inter
449 4080 777 4143 contrarias,
806 4095 942 4149 quas
977 4083 1138 4137 modo
1170 4084 1482 4148 retulimus,
1525 4084 1849 4150 sententias,

271 4174 502 4225 tertiam
538 4170 843 4227 conﬂaruut
869 4185 1071 4229 sectum
1104 4176 1363 4230 aientium
1392 4177 1603 4231 admitti
1631 4178 1849 4247 quidem

270 4266 481 4319 debere
524 4266 879 4321 Athanasium
914 4268 989 4321 uti
1030 4284 1218 4323 verum
1256 4269 1652 4336 patriarchatn,
1690 4278 1852 4339 prout

271 4358 517 4427 professi
571 4359 736 4412 semel
792 4358 991 4422 forent,
1039 4368 1094 4413 et
1147 4376 1293 4415 nunc
1346 4362 1534 4429 utique
1587 4377 1846 4416 censere:

271 4458 539 4506 ueterum
566 4459 857 4516 antequam
890 4452 933 4505 is
962 4459 1265 4505 resumeret
1297 4452 1623 4505 exercitium
1661 4453 1851 4507 tandiu

1960 3254 2275 3325 persuaderi
2306 3254 2411 3307 sibi
2453 3255 2683 3307 sinentis
2722 3253 2855 3305 utile
2882 3252 2934 3305 ld
2973 3266 3098 3305 esse
3132 3252 3275 3319 quod
3311 3251 3418 3303 tale
3452 3264 3532 3302 reo

1962 3362 2086 3400 vera
2127 3362 2233 3400 non
2268 3346 2359 3399 sit.
2398 3345 2575 3413 Atque
2604 3344 2693 3397 hic
2737 3354 2916 3397 tamen
2963 3343 3148 3396 multis
3192 3342 3531 3411 argumentis

1958 3446 2206 3493 astruere
2239 3438 2476 3492 sollicite
2508 3438 2794 3505 Augustus
2835 3435 3204 3488 contendebat
3247 3435 3531 3496 haudqua-

1961 3548 2123 3603 quam
2163 3540 2331 3585 totam
2355 3530 2657 3583 Athanasio
2696 3529 2777 3581 vel
2815 3526 3145 3597 prmcipuam
3173 3526 3529 3578 inclementer

1959 3637 2229 3688 actorum,
2254 3638 2376 3692 qua:
2394 3623 2689 3683 ferrentur,
2712 3634 2833 3674 esse
2853 3623 3068 3688 culpam
3089 3617 3531 3671 adscribendam:

1958 3722 2133 3788 magis
2156 3717 2299 3773 enim
2318 3731 2437 3770 eam
2467 3714 2924 3782 verisimiliusque
2949 3711 3210 3780 imputari
3246 3710 3529 3763 ministro-

1960 3829 2102 3875 rum,
2144 3812 2348 3881 quibus
2394 3816 2664 3864 uteretur.
2712 3805 3018 3875 imperitiae,
3068 3803 3349 3858 hominum
3392 3815 3531 3869 quos

1959 3919 2096 3960 suus
2115 3918 2269 3956 error
2292 3899 2672 3971 angustiasque
2698 3898 2897 3951 mentis
2925 3895 3235 3951 exorbitare
3259 3892 3528 3946 interdum

1959 4014 1989 4052 a
2021 4006 2193 4059 recto,
2244 3993 2499 4063 quodque
2548 3993 2732 4045 minus
2765 3990 3102 4052 conveniret,
3150 3989 3331 4041 facere
3373 4000 3534 4051 coge-

1956 4097 2102 4144 rent.
2135 4085 2342 4152 Quodsi
2375 4098 2537 4154 quem
2575 4092 2783 4142 tamen,
2821 4082 3076 4143 addebat,
3108 4078 3209 4132 sibi
3246 4076 3528 4130 conscium

1956 4178 2267 4248 fragilitatis
2317 4176 2369 4228 in
2426 4178 2615 4243 culpas
2665 4173 3017 4243 quotidianas
3062 4170 3218 4223 facile
3275 4169 3529 4237 lapsura,

1959 4281 2163 4326 terreat
2201 4269 2601 4338 qualiscunque
2633 4267 2735 4321 ista
2770 4264 2984 4320 deflecti
3020 4263 3087 4316 ab
3115 4270 3309 4317 exacto
3348 4259 3533 4314 nescia

1957 4363 2204 4432 rigiditas
2239 4360 2543 4425 Athanasii,
2578 4360 2668 4412 uni
2721 4358 2956 4411 maxime
2999 4356 3244 4409 omnium
3300 4360 3535 4419 impera-

1959 4456 2061 4508 tori
2089 4470 2209 4508 eam
2241 4454 2411 4507 videri
2457 4450 2860 4505 formidabilem
2910 4447 3131 4511 debere,
3186 4447 3387 4513 quippe
3440 4442 3530 4496 cui

275 4540 617 4593 intermissa:
663 4542 971 4607 potestatis,
1025 4543 1205 4595 caveri
1250 4540 1507 4595 Ecclesiae
1546 4542 1663 4595 dira
1721 4544 1849 4596 olim
1888 4533 2100 4615 Dsaepe
2132 4560 2356 4599 necesse
2404 4544 2474 4597 sit
2509 4543 2575 4595 ad
2610 4542 2951 4610 negotiorum
2999 4537 3396 4607 expeditionem
3446 4548 3533 4586 ur-

273 4644 458 4696 passee
488 4631 555 4681 ab
599 4629 718 4697 ejus
754 4632 1027 4686 ministris
1069 4642 1323 4701 oportere
1366 4634 1731 4703 promissione
1769 4651 1854 4689 se-

274 4720 537 4772 curitatis
559 4734 722 4787 quam
750 4721 1001 4775 maximae
1031 4723 1099 4774 ab
1129 4737 1195 4777 eo
1216 4723 1504 4790 exigenda,
1531 4724 1850 4794 neutiquam

275 4810 524 4877 patiendi
554 4812 735 4865 vexari
771 4814 992 4867 nomine
1015 4829 1078 4867 ac
1110 4816 1441 4868 auctoritate
1488 4831 1588 4869 sua
1615 4824 1724 4868 tam
1770 4818 1854 4869 in-

270 4907 447 4975 justis
471 4903 820 4972 indignisque
851 4906 1029 4959 modis
1054 4906 1304 4968 clericos.
1340 4908 1601 4974 quoniam
1639 4908 1855 4975 injuriae

276 4997 598 5051 isuusmodi
632 4996 869 5066 graviter
908 4996 1126 5051 Patrum
1168 5000 1548 5053 sanctionibus
1595 5001 1856 5053 adversa-

278 5101 502 5151 rentur,
543 5099 596 5143 et
649 5094 717 5141 ab
769 5089 835 5143 iis
879 5090 971 5158 qui
1025 5090 1331 5143 canonibus
1383 5092 1704 5154 crederent,
1756 5107 1854 5159 pro

274 5185 443 5251 justis
495 5193 551 5237 et
608 5183 864 5250 legitimis
904 5184 1087 5237 causis
1138 5183 1502 5251 derositionis
1541 5185 1850 5238 antistitum

280 5278 380 5347 qui
424 5279 481 5330 in
518 5291 585 5329 eo
619 5276 980 5328 conniverent
1013 5274 1417 5344 judicarentur.
1462 5275 1556 5328 llis
1611 5278 1853 5345 episcopi

276 5374 391 5443 jam
435 5368 596 5423 divisi
633 5367 938 5431 trifariam,
1002 5383 1099 5435 pro
1152 5383 1210 5421 se
1262 5368 1466 5435 quique
1516 5367 1854 5421 disserendis

284 5459 745 5525 inculcandisque
776 5465 919 5512 totos
951 5460 1309 5513 absumebant
1348 5462 1702 5513 altercatione
1735 5462 1855 5513 infi-

282 5561 401 5606 nita
436 5551 574 5611 dies,
612 5552 833 5620 quando
862 5551 1243 5605 animadverso
1275 5552 1569 5618 imperator
1602 5567 1850 5618 magnam

283 5641 551 5697 iuflictam
606 5642 821 5712 negotio
854 5644 1086 5697 securim
1128 5643 1379 5696 refricata
1420 5645 1677 5695 memoria
1715 5644 1854 5696 invi-

281 5733 736 5787 diosiSsimorum
779 5734 1087 5795 Athanasii,
1122 5734 1251 5787 dum
1290 5732 1714 5801 patriarchatum
1759 5748 1853 5801 ge-

282 5837 469 5891 reret,
523 5836 790 5893 attotum,
844 5829 983 5882 hanc
1033 5828 1373 5896 potissimum
1424 5840 1623 5891 aegram
1676 5841 1855 5881 causa:

1957 4640 2203 4707 gentium
2241 4638 2409 4690 multa
2441 4634 2676 4688 tolerare
2705 4648 2769 4686 ac
2801 4632 2980 4685 facere
3003 4630 3238 4683 obnoxia
3264 4639 3529 4686 censura,

1956 4744 1985 4781 a
2022 4728 2224 4796 quibus
2256 4726 2459 4779 acriter
2485 4721 2952 4790 reprehendendis
2992 4718 3221 4772 minime
3261 4726 3535 4784 tempera-

1959 4832 2139 4872 turum
2166 4819 2325 4872 illum
2360 4824 2641 4885 appareat.
2677 4814 2947 4867 Caeterum
2978 4812 3059 4866 sic
3097 4810 3278 4863 animo
3309 4810 3549 4875 (ποίημα-⁷

1953 4920 2135 4963 ratum
2171 4924 2290 4961 esse
2320 4921 2400 4971 se,
2436 4916 2493 4960 ut
2525 4906 2696 4973 premi
2728 4906 2795 4958 ab
2838 4904 2930 4955 illo
2964 4916 3270 4972 aspcreque
3306 4898 3529 4951 tractari

1956 5018 2054 5057 sua
2082 4979 2265 5056 ulcera
2296 5015 2459 5070 quam
2492 4997 2719 5052 mulceri
2752 4993 3082 5064 delinirique
3118 4994 3187 5048 ab
3212 4993 3335 5045 aliis
3360 4991 3534 5044 liben-

1956 5096 2065 5147 tius
2098 5096 2167 5147 sit
2190 5108 2476 5161 passurus.
2509 5109 2526 5140 t
2556 5088 2688 5141 Mihi
2716 5102 2871 5151 sane,
2903 5085 3207 5155 inquiebat,
3230 5098 3398 5135 unum
3439 5096 3532 5133 ne-

1957 5188 2260 5242 cessarium
2291 5186 2594 5251 spirituque
2627 5197 2689 5235 ac
2718 5182 2826 5235 vita
2849 5180 3071 5233 charius
3099 5185 3204 5239 est,
3234 5174 3351 5228 fieri
3384 5171 3532 5241 quod

1960 5281 2100 5331 Deus
2128 5279 2259 5340 vult,
2286 5279 2399 5329 sive
2439 5275 2488 5327 id
2522 5275 2764 5327 dolorem
2791 5270 2989 5325 inferat
3016 5270 3131 5323 sive
3157 5283 3284 5322 non.
3320 5265 3531 5334 Quippe

1960 5381 2239 5438 utcunque
2290 5384 2375 5420 res
2406 5368 2586 5429 cadat,
2618 5365 2887 5417 toleratus
2919 5363 3011 5416 tali
3054 5375 3216 5414 causa
3248 5359 3531 5412 cruciatus

1957 5478 2023 5515 co
2065 5463 2186 5530 ipso
2227 5460 2508 5527 voluptate
2546 5455 2846 5523 jucundior
2895 5455 3040 5507 omni
3086 5459 3190 5514 est,
3227 5450 3371 5519 quod
3419 5447 3531 5501 Deo

1958 5550 2179 5619 iubente
2202 5548 2484 5601 acciderit.
2510 5546 2690 5610 Quare
2722 5547 2865 5599 sicut
2892 5546 2943 5597 in
2969 5553 3077 5596 tam
3108 5542 3283 5610 spissa
3306 5548 3362 5595 et
3389 5538 3531 5592 mul-

1956 5642 2126 5707 tiplici
2158 5641 2556 5709 gubernatione
2605 5639 2680 5692 rei
2720 5638 2969 5707 pttblicrc,
3010 5638 3061 5689 in
3104 5635 3190 5690 his
3230 5631 3526 5702 praesertim

1958 5732 2203 5801 gravium
2243 5740 2550 5798 temporum
2598 5728 2877 5792 fluctibus,
2925 5728 3261 5780 offensurum
3302 5723 3528 5777 inevita-

1956 5826 2139 5878 bilitcr
2172 5839 2257 5878 me
2300 5823 2502 5887 aliquid
2552 5822 2825 5877 interdum
2864 5837 2969 5875 non
3003 5817 3341 5875 esaudicndo
3386 5814 3531 5869 inter
