4206 6440
759 395 858 457 451

1921 393 2243 454 GEORGII
2285 394 2772 455 ΡΛΟΠΥΜΕΒίΕ

3919 406 4037 471 452

757 505 952 574 τηρίας
996 500 1236 564 ἐλπίδας.
1293 500 1358 554 Τί
1398 500 1506 569 γὰρ
1551 500 1658 554 τῶν
1693 501 1969 573 δυσχερῶν
2001 503 2177 572 animi;
2220 504 2326 556 Καὶ
2361 511 2405 567 Α
2437 504 2580 557 σθαι.
2615 505 2723 558 Καὶ
2769 507 2870 559 οὐκ
2904 499 2972 577 ἦν
3020 506 3208 576 σχεδὸν
3237 509 3421 582 ἡμέρα
3471 513 3592 566 καθ’
3635 513 3703 584 ἢν
3743 513 3775 585 ἦ
3809 515 3882 585 μὴ
3917 520 4036 572 τοῖς

759 595 836 649 ἐῶ
862 593 930 648 τὰ
973 592 1213 662 μακράν.
1251 588 1415 644 Ἀλλὰ
1441 591 1515 643 τὰ
1540 590 1682 643 κατὰ
1714 591 1884 660 θύραν
1916 591 2086 645 ταῦτα
2118 592 2336 659 καὶτῆς

761 685 1041 758 βασιλίδος
1091 681 1380 750 προαύλια.
1421 683 1496 732 Τὰ
1546 683 1591 734 δ’
1623 678 1691 752 ἦν
1739 681 1897 742 εὐθὺς
1946 685 2074 751 νηὸς
2107 683 2333 736 ἀποϐαίο

757 795 906 833 νοντι
936 777 1013 844 τῷ
1040 779 1110 829 τὰ
1135 774 1298 830 στενᾶ
1339 771 1432 826 τοῦ
1462 774 1742 844 Βοσπόρου
1773 775 2180 845 περαιουμένῳ,
2204 774 2334 829 ὥστ’

759 869 1016 937 ἀφεμένῳ
1042 868 1318 934 θαλάσσης
1346 865 1649 933 λαμῦἐινειν
1677 865 1944 920 κίνδυνον.
1985 866 2202 937 Ἀνέδην
2227 869 2337 937 γὰρ

757 961 1036 1030 διέτρεχον
1072 957 1348 1026 πανταχοῦ
1397 956 1496 1026 τῆς
1541 956 1797 1028 περαίας,
1828 959 1922 1010 καὶ
1965 961 2336 1028 κατεσκήνουν

761 1055 896 1111 ὅπου
937 1049 1006 1124 ἦν
1032 1051 1402 1123 ίβουλομένοις
1449 1051 1656 1114 αὐτοῖς,
1706 1051 1797 1104 καὶ
1843 1051 1996 1104 ταῦτ’
2027 1053 2127 1105 οὐκ
2161 1053 2339 1108 ἰλαδὸν

764 1146 1174 1217 στρατεύουσιν,
1225 1144 1289 1217 [Ρ
1330 1143 1460 1216 286]
1518 1144 1634 1196 ἀλλ’
1679 1144 2034 1206 ἀσυντάκτως
2079 1147 2174 1197 καὶ
2215 1147 2340 1198 κατ’

763 1216 1002 1305 ὀλίγους,
1039 1237 1179 1289 ὥστε
1213 1216 1428 1288 κεῖσθαι
1463 1236 1562 1302 τὴν
1608 1236 1840 1305 περαίαν
1873 1237 1969 1305 τῆς
2020 1237 2340 1300 Βυζαντίδος

763 1326 1010 1390 Σκυθῶν,
1043 1327 1070 1378 ὅ
1099 1325 1163 1395 δὴ
1192 1325 1429 1393 λέγεται,
1465 1323 1729 1393 ἐρημίαν,
1769 1326 1997 1394 μηδενὸς
2028 1327 2340 1395 τολμῶντος

761 1417 1022 1486 φανῆναι,
1076 1417 1166 1467 ὅτε
1220 1415 1504 1468 συνέϐαινε
1556 1417 1652 1468 καὶ
1690 1417 2151 1487 παραϐολώτερόν
2194 1435 2340 1478 τινες

761 1505 1190 1574 διαπράττεσθαι
1247 1507 1338 1555 καὶ
1373 1506 1586 1556 ἐκθέειν
1627 1506 1968 1574 τολμῶντας,
2002 1507 2168 1576 ζήλου
2198 1507 2340 1567 τινος

766 1596 1049 1658 πείθοντος
1080 1596 1113 1663 ἢ
1149 1597 1243 1648 καὶ
1281 1595 1479 1664 ε.ι.ἇλλον
1505 1596 1710 1658 ἐνδείας
1739 1597 2060 1666 πιεζούςης,
2087 1596 2344 1666 τριϐομέ-

767 1705 860 1742 νου
891 1687 982 1741 τοῦ
1012 1687 1203 1755 χρόνου
1247 1689 1340 1737 καὶ
1379 1689 1483 1738 τῶν
1516 1689 1741 1752 ἐφοδίων
1771 1687 1920 1753 σφίσι
1951 1689 2342 1756 καταναλωμέ-

766 1797 892 1841 νων,
933 1779 1076 1846 Ξπερ
1119 1776 1337 1832 ,οἴκοθεν
1386 1779 1745 1847 ἀπεφέροντο.
1787 1780 1866 1832 Τὰ
1899 1779 1940 1831 δ’
1970 1775 2114 1850 ἦσαν
2145 1781 2344 1848 μᾶλλον

2438 592 2578 646 κατὰ
2609 591 2889 647 θάλασσαν
2920 595 3204 664 φρουρίοις
3231 598 3674 668 προσϐάλλοντες
3707 601 3969 670 ἠκούοντο
3997 601 4033 671 ἢ

2445 683 2523 753 μὴ
2569 684 2878 750 ἀπάγοντες
2909 685 3296 755 αἰχμαλώτους
3339 689 3372 759 ἢ
3427 691 3503 760 μὴ
3555 693 3898 760 φονεύοντες,
3935 691 4035 744 καὶ

2442 774 2648 846 μᾶλλον
2683 777 2772 828 ὅτε
2825 775 2920 829 καὶ
2961 777 3196 841 ίκεσίαις
3251 779 3548 850 ἐχρώμεθα
3589 781 3726 852 πρὸς
3777 781 3932 845 Θεὸν,
3967 780 4035 832 τὸ

2438 869 2731 922 οἴκτιστον.
2774 872 2952 939 Διεῖχε
3007 869 3066 923 δέ
3112 871 3268 939 μόνος
3316 874 3346 926 ό
3395 873 3644 947 πορθμὸς
3692 866 3868 937 οὗτος.
3917 873 4032 925 Καὶ

2441 959 2708 1024 πολλάκις
2744 961 2844 1029 μὲν
2882 961 3002 1031 μεθ’
3035 963 3249 1032 ἡμέραν
3285 965 3569 1033 ἐφαίνοντο
3619 969 3732 1028 τοῖς
3774 964 4033 1018 ἐντεῦθεν

2441 1053 2686 1120 ἀφορῶσι
2718 1053 2810 1105 καὶ
2848 1051 3005 1116 πεζοὶ
3037 1054 3133 1106 καὶ
3160 1053 3346 1118 ἱππεῖς
3367 1070 3384 1084 ⁶
3410 1056 3511 1108 κᾶν
3543 1073 3647 1108 που
3679 1056 3736 1108 δέ
3769 1073 3853 1118 τις
3881 1055 3914 1126 ἦ
3945 1056 4029 1105 ἐν.

2440 1143 2559 1214 δείᾳ
2588 1143 3033 1214 ἐξαπορούμενος
3083 1144 3382 1199 κάντεῦθεν
3432 1147 3671 1212 ἐλπίζων
3719 1147 4031 1218 κερδαίνειν

2443 1235 2506 1288 ἐκ
2545 1235 2655 1287 τῶν
2708 1236 3192 1306 ὑπολελειμμένων
3231 1237 3439 1304 ἄλλοις,
3492 1239 3524 1309 ἢ
3581 1240 3691 1308 μὴν
3740 1241 3834 1312 ita}
3887 1239 4035 1291 uati

2445 1331 2635 1398 χρείαν
2669 1329 2865 1398 ἑτέραν
2900 1329 2932 1399 ἦ
2961 1328 3055 1382 τοῦ
3091 1330 3359 1400 σφετέρου
3397 1332 3678 1403 κτήματος
3707 1333 4034 1401 ἐπιμέλειαν

2445 1421 2680 1491 ἐξορμᾷν
2711 1422 2943 1488 ἐτόλμα,
2979 1421 3178 1472 αὐτίκα
3203 1421 3234 1491 ἢ
3262 1423 3517 1490 ἡλίσκετο
3545 1424 3892 1492 ῆέκτείνετο.
3920 1425 4034 1477 Καὶ

2447 1511 2674 1573 πολλοὺς
2733 1512 2798 1564 ἂν
2833 1507 2974 1573 εἶδες
3030 1513 3412 1582 ἐσφαγμένους
3453 1513 3895 1584 ἢτετρωμένους
3950 1518 4034 1575 εἰς

2447 1602 2698 1666 θάνατον,
2743 1603 2932 1656 ἔστιδ’
2961 1598 3022 1656 οὗ
3082 1605 3177 1655 καὶ
3231 1605 3475 1672 κεφαλῆς
3530 1605 3658 1657 ἄνευ
3697 1607 3791 1658 καὶ
3827 1605 4036 1675 κόρσας

2447 1693 2776 1762 ἀναύχενας.
2837 1691 3112 1761 Πεπλήθει
3149 1691 3205 1744 δὲ
3250 1693 3361 1744 τῶν
3419 1695 3741 1764 ἀγρομένων
3776 1696 3808 1763 ή
3848 1695 4031 1760 πόλις,

2448 1784 2543 1836 καὶ
2576 1786 3000 1854 ἐστενοχωρεῖτο
3037 1785 3153 1842 τοῖς
3197 1783 3478 1853 πανταχοῦ
3509 1786 3788 1855 κειμένοις
3821 1789 3942 1856 εἰκῇ
3971 1804 4033 1840 τε

767 1873 846 1932 εἰς
875 1870 1142 1922 κίνδυνον.
1175 1870 1339 1920 Ὅθεν
1370 1871 1465 1921 καὶ
1512 1872 1561 1920 οἱ
1614 1871 1710 1938 μὲν
1758 1871 2062 1924 ἐκωλύοντο
2090 1872 2344 1935 ἀπειλαῖς
2381 1867 2418 1920 ll
2448 1873 2542 1924 καὶ
2570 1871 2907 1939 ὑπαιθρίοις,
2945 1874 3080 1941 πνοῇ
3121 1872 3220 1940 ζῇν
3256 1871 3351 1924 καὶ
3394 1873 3528 1943 μιίνῃ
3579 1874 3989 1943 πιστευομένοις
4014 1891 4030 1904 ⁶

767 1962 878 2017 τῶν
911 1965 1257 2033 κρατούντων
1305 1964 1395 2013 κ]ιῖ
1442 1961 1592 2030 φόϐῳ
1647 1963 2140 2032 σωφρονιζόμενοι·
2195 1967 2243 2017 οἱ
2287 1965 2344 2017 δὲ

768 2056 1101 2123 τολμῶντες,
1137 2055 1201 2124 ἦν
1253 2054 1354 2105 πού
1402 2071 1487 2114 τις
1543 2054 1916 2124 προεξέδραμε
1953 2056 2134 2119 ἱκανὸς
2173 2050 2346 2109 δοκῶν

771 2149 925 2215 ἄγειν
953 2146 1220 2213 σύντομον
1269 2146 1523 2214 (λοχαγόν
1568 2145 1662 2197 τὸν
1695 2146 1936 2197 τοιοίτον
1967 2147 2096 2220 εἴπῃ
2129 2164 2208 2209 τις
2258 2149 2345 2217 ἂν)

770 2241 864 2292 καὶ
902 2239 996 2289 ἐπὶ
1029 2238 1091 2289 τὸ
1123 2238 1273 2306 παρᾶ
1308 2239 1488 2288 πᾶσαν
1543 2234 1797 2304 αἴσθησιν
1847 2236 2158 2307 ἐξήρχοντο,
2205 2237 2346 2290 ὥστε

769 2331 868 2383 καὶ
895 2329 1182 2382 συνέϐαινε
1214 2329 1340 2381 ποτε
1377 2329 1474 2396 μὲν
1509 2329 1787 2396 εὐστοχεῖν
1819 2329 2019 2395 ὀλίγοις
2054 2331 2188 2400 πρὸς
2220 2331 2348 2382 πολ-

769 2422 896 2483 λοὺς
927 2423 1151 2491 γυμνοῖς
1186 2421 1280 2472 καὶ
1314 2419 1591 2484 ἀνόπλοις,
1631 2419 1892 2482 πολλάκις
1922 2421 2093 2474 δὲκαὶ
2120 2423 2346 2492 σφάλλε-

772 2602 1142 2660 invalescebat
1193 2614 1222 2652 a
1253 2598 1438 2653 Persis
1468 2598 1694 2662 malum,
1742 2600 1878 2653 adeo
1913 2611 1973 2654 ut
2009 2601 2194 2656 omnis
2245 2617 2344 2654 uu-

771 2699 1061 2764 deeunqne
1109 2692 1298 2748 salutis
1354 2706 1479 2760 spes
1530 2692 1964 2746 excluderetur:
2009 2692 2142 2762 quid
2194 2693 2342 2750 enim

773 2791 1121 2844 miseriarum
1174 2785 1400 2839 aberat?
1446 2784 1599 2838 Mitto
1652 2785 1973 2854 longinqua.
2049 2785 2344 2840 Videamus

771 2897 894 2951 quae
925 2881 979 2934 in
1021 2884 1189 2948 portis
1229 2882 1379 2934 urbis
1411 2879 1769 2947 gerebantur,
1807 2881 1861 2931 in
1886 2876 2009 2948 ipso
2037 2877 2345 2947 imperialis

773 2974 938 3041 regia:
978 2971 1271 3025 vestibulo.
1309 2968 1441 3022 Navi
1479 2977 1534 3023 te
1582 2968 1692 3023 illic
1727 2970 2151 3025 exsceudentem
2179 2969 2339 3041 41],

770 3065 959 3120 statim
991 3079 1022 3117 a
1073 3063 1306 3131 trajectu
1340 3062 1589 3130 Bosporo
1625 3063 1946 3130 exciperent
1970 3063 2216 3131 pericula
2249 3079 2344 3116 ex-

773 3165 946 3209 trema
982 3153 1347 3223 spoliationis,
1375 3152 1732 3221 captivitatis,
1758 3152 1948 3219 exedis,
1978 3161 2113 3216 tota,
2136 3163 2341 3223 quanta

771 3257 940 3317 patet,
989 3245 1264 3299 ulterioris
1307 3245 1641 3300 continentis
1673 3245 1962 3299 latitudine
2017 3245 2217 3300 referta
2263 3246 2341 3298 la-

771 3339 1026 3396 tronibus
1064 3337 1406 3398 saevissimis,
1457 3339 1682 3405 impune
1739 3353 1849 3406 quo
1899 3339 2093 3392 liberet
2138 3341 2345 3392 ruenti-

770 3429 898 3492 bus,
945 3440 998 3482 et
1048 3427 1362 3494 ubicunque
1414 3426 1612 3480 Vellent
1660 3424 1770 3480 lixo
1811 3429 2048 3481 tentorio
2093 3441 2345 3483 securam

771 3521 1101 3576 habentibus
1135 3520 1456 3574 stationem.
1493 3520 1675 3588 Atque
1714 3519 1750 3571 ii
1776 3533 1846 3574 ne
1880 3529 2091 3574 tantum
2123 3521 2343 3588 quidem

769 3616 941 3668 armis
977 3611 1242 3666 Romanis
1275 3611 1663 3680 impertiebant
1707 3612 2052 3675 reverentiae,
2086 3622 2146 3665 ut
2196 3622 2342 3666 metu

765 3716 958 3757 eorum
992 3702 1174 3770 aliquo
1206 3701 1398 3753 saltem
1444 3699 1758 3753 simulando
1804 3700 2205 3771 circumspecte
2256 3703 2344 3756 in.

768 3795 987 3859 cedere,
1035 3795 1115 3848 ire
1167 3795 1445 3847 turmatim
1487 3793 1790 3846 servatisve
1843 3793 2131 3848 ordinibus
2181 3809 2342 3849 cura-

767 3895 890 3939 rent
923 3902 938 3938 :
972 3894 1176 3939 temere
1224 3884 1344 3954 vagi
1378 3884 1673 3952 manipulis
1709 3883 1966 3949 modicis,
2023 3899 2186 3952 quam
2241 3901 2341 3940 uo-

761 3975 866 4029 .stri
925 3982 1276 4042 contemptus
1339 3973 1583 4038 fecerat,
1640 3975 1966 4029 coulidentia
2020 3975 2338 4030 cursabant.

763 4062 996 4134 Jamque
1022 4066 1154 4118 adeo
1182 4065 1287 4118 illae
1306 4064 1599 4118 celebrata:
1623 4065 1836 4134 adagiis
1860 4067 2184 4121 solitudines
2209 4069 2342 4138 Sey-

766 4157 988 4210 tltarum
1041 4171 1147 4209 nou
1183 4157 1311 4210 alibi
1363 4156 1546 4210 Verius
1587 4173 1754 4226 qttam
1798 4159 1851 4212 iu
1887 4173 1982 4214 ora
2026 4158 2340 4229 Byzantina:

769 4249 922 4303 tubis
953 4251 1167 4318 objecta
1203 4251 1398 4313 muris,
1432 4249 1681 4319 subjecta
1719 4251 1894 4305 oculis
1944 4251 2336 4320 reperirentur,

765 4342 984 4396 nemine
1018 4342 1128 4394 illic
1157 4348 1474 4393 nostrorum
1508 4339 1744 4394 audente
1777 4356 2114 4410 comparere,
2152 4357 2334 4411 quatt-

763 4442 1043 4499 tacuuque
1086 4431 1393 4484 necessitas
1432 4443 1679 4496 voearet,
1713 4431 1878 4485 etiam
1933 4432 2177 4498 urgentis
2215 4446 2338 4501 ege-

2447 1962 2606 2031 λιμὸς
2633 1963 2739 2033 γὰρ
2773 1961 3025 2016 ἐντεῦθεν
3051 1962 3145 2016 καί
3177 1979 3238 2030 γε
3275 1962 3465 2032 λοιμδς
3507 1966 3633 2028 τοὺς
3662 1965 3882 2028 ἀθλίους
3920 1966 4033 2018 διεο

2451 2053 2770 2121 μεριζέτην.
2810 2051 2919 2104 Καὶ
2945 2052 3000 2104 ὀί
3035 2052 3248 2104 ἀστικοὶ
3271 2050 3365 2105 τοῦ
3395 2055 3568 2106 κακοῦ
3601 2055 4028 2126 παραπήλαυον,

2449 2145 2544 2197 καὶ
2568 2145 2616 2195 oi
2652 2144 2750 2212 μὲν
2772 2144 2976 2196 αὐτίκα
3004 2147 3115 2207 τοῖς
3147 2144 3342 2206 δεινοῖς
3376 2146 3690 2215 συνείχοντο
3717 2150 3808 2201 καὶ
3832 2150 4030 2218 ἄποροι

2447 2235 2668 2307 διῄεσαν
2700 2238 2797 2289 καὶ
2829 2237 3124 2306 ἀμήχανοι,
3155 2236 3205 2289 oi
3230 2237 3287 2289 δὲ
3313 2239 3438 2290 ὅσον
3471 2239 3626 2292 οὔπω
3660 2243 3725 2292 τὰ
3751 2244 3862 2304 τοῖς
3893 2242 4033 2312 πλη-

2451 2327 2563 2379 σίον
2594 2326 2874 2396 συμϐάντα
2915 2329 3010 2380 καὶ
3058 2327 3270 2389 ἑαυτοῖς
3308 2327 3395 2379 ἐπ’
3436 2331 3556 2398 ἴσης
3585 2331 3832 2400 ἠλπιζον.
3867 2335 3931 2386 0!
3971 2333 4032 2387 δὲ

2452 2419 2527 2488 μὴ
2557 2421 2717 2487 μόνον
2749 2419 2902 2493 Χηλῇ
2934 2437 2989 2472 τε
3021 2423 3116 2473 καὶ
3151 2424 3516 2494 ’Δστραΰητῇ,
3553 2425 3687 2479 ἀλλὰ
3720 2426 3814 2478 καὶ
3856 2425 4031 2495 Ἰεριῦ
4067 2489 4073 2492 _

2451 2614 2617 2669 porro
2649 2600 2768 2654 dies
2811 2603 3151 2670 praeteribat,
3181 2620 3289 2674 qua
3341 2621 3448 2659 nou
3494 2603 3820 2660 audirentur
3849 2603 4036 2661 Persae

2449 2691 2502 2744 in
2543 2693 2783 2763 aliquam
2815 2694 3024 2747 arcium
3058 2695 3126 2747 ad
3162 2711 3314 2750 mare
3341 2697 3568 2751 sitarum
3595 2697 3923 2762 incurrisse,
3959 2699 4033 2752 ad

2450 2787 2829 2855 cujus-ponas
2867 2797 2961 2838 aut
2991 2785 3168 2843 caedes
3202 2787 3464 2841 iecissent
3498 2796 3591 2842 attt
3623 2789 3873 2858 captivos
3907 2804 4007 2859 pre

2446 2877 2784 2932 hcndissent.
2805 2876 2992 2946 quue,
3029 2894 3139 2932 rem
3165 2880 3564 2933 miserrimam!
3591 2881 3660 2936 iis
3686 2881 4035 2950 lrequentius

2445 2967 2638 3026 diebus
2659 2970 2963 3036 accidebat,
2993 2985 3130 3040 quas
3157 2969 3328 3026 festas
3360 2979 3416 3025 et
3446 2972 3581 3028 bene
3611 2973 3832 3029 feriatas
3852 2974 4036 3030 babe-

2446 3061 2638 3116 bamus
2693 3063 3188 3131 supplieationibus
3245 3065 3348 3118 rite
3419 3062 3527 3119 Deo
3585 3066 3915 3121 adhibendis
3978 3068 4034 3121 ei

2445 3153 2813 3222 propitiando.
2849 3153 3334 3222 Ceruebamusque
3373 3171 3440 3209 ex
3490 3157 3593 3211 hoc
3648 3150 3828 3212 littore
3872 3167 4036 3214 trans

2450 3243 2648 3296 fretum
2690 3251 3008 3312 augustum,
3059 3260 3169 3314 quo
3199 3243 3362 3314 412
3410 3260 3520 3300 uno
3551 3261 3580 3298 a
3635 3261 3809 3303 morte
3840 3262 4034 3318 prote-

2434 3337 2743 3405 .g~~bamur,
2782 3335 3085 3404 equitatum
3113 3348 3167 3391 et
3209 3339 3506 3405 peditatum
3539 3340 3796 3393 hostilem
3833 3356 4034 3410 rampo

2457 3442 2656 3482 secure
2699 3428 2929 3485 adverso
2976 3430 3291 3498 potientem,
3347 3431 3546 3485 frustra
3598 3445 4032 3502 recognoscente

2446 3535 2798 3588 unoquoque,
2824 3522 2951 3574 dum
2987 3537 3053 3576 ex
3090 3522 3295 3592 eli‘ugio
3335 3523 3387 3576 in
3421 3524 3556 3578 urbe
3584 3534 3802 3594 captato
3834 3529 4029 3582 villam

2448 3623 2539 3664 aut
2581 3629 2673 3665 rus
2717 3613 2951 3681 patrium
2996 3616 3243 3685 respicit,
3280 3618 3394 3670 loca
3439 3619 3530 3670 ubi
3582 3621 4034 3692 recondidit‘qua

2446 3701 2532 3755 hic
2575 3713 2716 3769 eget,
2773 3719 2937 3773 quam
2989 3705 3359 3774 nequidquam
3425 3711 3678 3778 requirit,
3725 3725 4031 3775 annonam,

2442 3793 2812 3862 certissimus,
2849 3796 2894 3849 si
2929 3807 3180 3867 repetere
3215 3807 3467 3865 attentet,
3507 3813 3683 3856 morte
3715 3820 3774 3856 se
3806 3807 4029 3862 crudeli

2441 3886 2725 3940 audaciam
2794 3888 3083 3944 luiturum.
3134 3889 3397 3946 Jacebant
3454 3895 3653 3964 quippe
3705 3911 3802 3965 per
3861 3913 4033 3967 agros

2441 3978 2646 4043 passim
2676 3981 2942 4034 cadavera
2987 3980 3070 4036 vel
3098 3983 3287 4035 mutila
3329 3987 3568 4038 membra
3611 3989 3689 4040 sic
3723 4004 4026 4043 caesorum.

2443 4071 2674 4134 Quidam
2724 4087 2790 4125 ex
2838 4071 3018 4126 letltali
3067 4075 3297 4131 vulnere
3336 4079 3564 4146 neglecti
3606 4081 3840 4134 animam
3888 4099 4028 4152 age-

2443 4163 2594 4215 bant.
2652 4160 2930 4217 Truncutn
2983 4165 3057 4220 ibi
3093 4169 3277 4237 capite
3333 4183 3558 4240 corpus,
3601 4172 3711 4227 illic
3758 4174 3949 4227 l'aeiem
3995 4193 4028 4231 a

2440 4247 2581 4300 eollo
2610 4251 2912 4306 abscissam
2946 4268 3220 4310 cerneres.
3258 4255 3662 4314 Bedundabant
3705 4265 3897 4331 platea:
3934 4266 4024 4318 ei-

2439 4337 2627 4393 vitatis
2654 4341 2898 4395 conferta
2925 4343 3112 4398 illuvie
3143 4347 3495 4413 fugitivorum
3520 4365 3583 4404 ex
3621 4353 3766 4404 omni
3802 4354 4020 4408 circum

2442 4442 2576 4496 agro
2605 4429 2962 4496 rusticorum,
2991 4434 3289 4504 deeratque
3317 4440 3410 4492 ubi
3448 4440 3638 4507 pedem
3673 4445 4030 4502 ambulantes

757 4523 948 4584 sutis,
996 4536 1093 4575 eos
1141 4522 1234 4590 qui
1292 4537 1418 4576 rure
1460 4537 1519 4578 se
1572 4523 1868 4591 reliquisse
1915 4520 2338 4576 recordarentur
2370 4541 2413 4594 ι)
2443 4532 2537 4586 per
2567 4519 2718 4572 vicos
2762 4521 3010 4589 ﬁgereut,
3046 4525 3165 4577 solo
3196 4525 3398 4595 ubique
3445 4539 3733 4584 constrato
3779 4533 4030 4600 jacenti-

756 4630 875 4683 quo
907 4615 962 4668 in
1009 4614 1146 4667 urbe
1180 4615 1522 4684 indigebant.
1571 4615 1674 4681 Qui
1712 4616 1760 4670 si
1795 4615 1997 4671 vellent
2027 4615 2201 4669 aleam
2246 4615 2337 4684 ja-

756 4721 887 4760 cere
918 4706 1097 4760 brevis
1128 4706 1588 4771 excursiuncuke,
1626 4707 1792 4761 etiam
1837 4721 1868 4760 a
1919 4705 2336 4775 magistratibus

761 4797 1202 4867 prohibebantur
1255 4807 1516 4868 tanquam
1578 4799 1644 4851 ad
1693 4805 1923 4851 mortem
1975 4799 2336 4867 ptime-tutissi-

763 4906 904 4942 mam
937 4889 1087 4942 ituri.
1123 4889 1448 4956 Quanquam
1491 4905 1627 4944 suus
1677 4904 1953 4957 quemque
2003 4889 2142 4944 satis
2178 4903 2337 4942 coer-

755 4981 922 5033 cebat
950 4988 1145 5040 metus,
1193 4978 1428 5048 vulgatis
1468 4978 1730 5047 exemplis
1781 4979 2002 5048 prodire
2042 4992 2329 5040 ausorum.

753 5069 856 5138 qui
906 5077 1182 5138 utcunque
1227 5069 1383 5136 periti
1421 5067 1870 5137 compcudiorum
1903 5079 1956 5121 et
2005 5055 2223 5138 captato
2253 5070 2334 5121 usi

762 5162 1164 5231 tempore,'ulii
1203 5162 1424 5215 minime
1465 5171 1740 5228 putaraut,
1775 5161 1899 5214 duri
1947 5161 2184 5215 barbaro
2210 5177 2332 5214 eum

759 5271 860 5310 sua
893 5264 1073 5308 turma
1106 5255 1158 5307 in
1196 5255 1410 5309 insidiis
1445 5256 1787 5309 delitesceuti
1841 5264 2198 5308 ueiiurrerant
2251 5257 2332 5305 itt-

761 5348 1004 5400 fortunio
1033 5363 1134 5399 suo
1165 5350 1425 5400 maxime.
1461 5347 1564 5401 Nec
1588 5347 1716 5401 felix
1752 5348 1807 5400 iu
1837 5362 1901 5400 eo
1935 5361 2132 5414 genere
2167 5359 2337 5398 teme-

761 5439 897 5493 ritas
931 5440 1321 5507 quorumdum,
1375 5439 1468 5508 qui
1515 5440 1673 5508 pauci
1709 5447 1764 5493 et
1817 5440 2056 5492 inermes
2089 5449 2331 5490 armato-

762 5545 882 5585 rum
915 5530 1151 5599 pluriunt
1187 5546 1378 5585 tuanus
1425 5530 1682 5600 ell'ugisse
1718 5529 2059 5593 ferebantur,
2097 5528 2328 5580 inultum

760 5622 828 5676 ad
881 5621 1095 5676 similes
1147 5636 1318 5676 ausus
1365 5621 1796 5691 lrequentaudos
1845 5621 2113 5674 incitabat
2161 5635 2174 5669 ι
2221 5619 2329 5671 rari

757 5714 907 5768 enim
941 5713 996 5766 hi
1028 5728 1192 5768 casus
1244 5724 1431 5781 erant;
1462 5715 1708 5782 qualium
1743 5711 2142 5782 exspectationi
2187 5724 2327 5764 non-

762 5807 867 5862 nisi
918 5805 1071 5861 stulti
1112 5805 1278 5876 caput
1325 5807 1780 5863 coimnittendutn
1837 5803 2124 5858 ducerent.
2171 5800 2326 5856 Nulla

2442 4611 2544 4666 bus
2574 4620 2778 4666 temere
2819 4615 3146 4682 corporibus
3175 4615 3356 4680 fessa,
3391 4623 3635 4674 omnium
3677 4622 3879 4693 inopis.
3929 4629 4027 4682 vix

2439 4717 2581 4771 {egre
2614 4702 2883 4756 trahendo
2924 4705 3120 4772 spiritu
3157 4707 3279 4760 vitae
3309 4709 3572 4764 indicium
3608 4707 3791 4767 da'ntis
3826 4718 4026 4785 plebe~

2438 4796 2592 4855 culte,
2650 4795 2753 4848 sub
2805 4796 2932 4849 divo
2979 4796 3193 4850 diuinis
3244 4800 3400 4868 juxta
3439 4806 3837 4874 nocturnisque
3885 4811 4022 4864 ρωιὶ

2438 4886 2654 4952 injuriis
2695 4888 2979 4956 expositae,
3033 4904 3196 4957 quam
3233 4893 3428 4960 praeda:
3483 4891 3762 4950 habebant
3784 4910 3835 4952 et
3870 4901 4026 4956 inter

2437 4991 2497 5029 se
2535 4976 2916 5045 partiebantur
2963 4975 3072 5030 duo
3123 4992 3230 5031 uon
3283 4979 3502 5033 mitiora
3549 4983 3800 5038 barbaris
3848 4988 4024 5052 mala,

2437 5068 2608 5123 lames
2642 5075 2695 5120 et
2746 5067 2885 5131 lues,
2939 5067 3290 5122 incommodo
3327 5085 3388 5124 se
3418 5071 3486 5124 ad
3541 5067 3742 5126 civium
3793 5090 4022 5146 quoque

2435 5174 2504 5213 ac
2553 5167 2693 5212 tecta
2759 5159 2907 5212 intra
2966 5159 3156 5213 urbem
3223 5160 3541 5216 habentium
3599 5164 4019 5221 infestationem

2436 5263 2789 5321 propagante.
2839 5251 2973 5304 Nam
3021 5264 3076 5307 et
3121 5255 3387 5322 quosdam
3449 5257 3780 5313 invadebant
3832 5262 4018 5318 morbi

2434 5355 2667 5414 contage
2704 5345 3028 5414 propagati;
3064 5355 3119 5399 et
3153 5357 3300 5401 tanta
3341 5351 3498 5402 turba
3530 5352 3682 5404 cibos
3713 5355 4019 5414 absumens

2435 5455 2502 5491 ne
2536 5453 2564 5490 a
2620 5438 2874 5492 felicibus
2929 5439 3149 5507 quidem
3213 5450 3266 5493 et
3317 5441 3463 5493 domi
3514 5443 3754 5512 copiosis
3784 5462 4017 5504 sensum

2433 5528 2697 5596 egestatis
2741 5528 3070 5582 abstinebat.
3125 5527 3436 5598 Prteterque
3493 5530 3750 5586 humanis
3804 5538 4016 5594 animis

2434 5621 2846 5674 miserationem
2877 5619 3248 5674 inevitabilem
3277 5620 3330 5672 iu
3356 5631 3654 5688 conspectu
3681 5627 4011 5691 patiemini"

2431 5719 2698 5773 extrema,
2751 5710 2916 5764 etiam
2973 5711 3055 5762 sui
3111 5714 3314 5777 cuique
3375 5710 3724 5765 denuntiatio
3780 5719 4014 5783 periculi

2433 5803 2616 5858 clades
2675 5802 2903 5856 alterius
2952 5802 3065 5854 visa
3116 5800 3300 5862 lit-bat,
3356 5802 3514 5854 anxie
3577 5807 3793 5862 cunctis
3815 5823 4017 5881 ωερε-
