4206 6440
782 376 891 443 467

2019 391 2345 453 GEORGII
2390 396 2692 459 PACHYM
2705 400 2872 460 ΕΠεΕ

3934 386 4050 460 ιδε

781 494 889 564 χρὴ
924 497 1226 564 πιστεύειν,
1261 498 1358 552 καί
1388 516 1500 553 τισι
1546 500 1614 554 δι’
1644 501 1882 574 ἀγχόνης
1910 503 2077 574 μόρον
2105 504 2249 559 κατά
2274 505 2364 559 τὸν
2394 512 2437 568 Α
2471 512 2560 583 ριξ
2584 512 2823 585 φρούρια
2864 513 2923 579 ἐξ
2955 509 3246 582 ὁμολογίας
3266 506 3355 562 διὰ
3383 507 3483 577 τὴν
3528 503 3773 571 ἀνάγκην
3812 501 4053 569 Πέρσαις

781 586 985 654 τρόπον
1014 589 1122 641 τῶν
1144 588 1367 643 Ἰταλῶν
1402 591 1606 659 έπῆξεν
1635 596 1664 647 ὁ
1694 594 2097 664 ἀφηγούμενος,
2137 596 2197 649 οὐ
2226 596 2357 665 παρ’

785 679 915 730 ἄλλο
956 698 1009 734 τι
1062 681 1094 750 ἢ
1141 683 1201 736 τὸ
1244 683 1418 736 θέλειν
1452 686 1694 749 ἐκείνους
1748 689 2058 756 περιποιεῖν
2097 688 2358 758 σφέτερα.

2463 604 2770 671 ὑπέκειντο,
2792 600 2932 677 ἦσαν
2963 604 3008 657 δ’
3039 595 3186 656 οὗτοι
3211 602 3262 653 οἱ
3296 600 3421 668 περὶ
3453 596 3544 650 τὸν
3578 592 3871 664 Ἀλισύραν
3902 593 4054 657 Καρο

2466 699 2627 767 μανοὶ
2672 697 2739 751 τά
2788 698 3060 768 κράτιστα
3089 695 3199 747 τῶν
3250 689 3501 761 Περσῶν,
3557 687 3871 755 πέμψαντες
3914 684 3963 734 οἱ
3996 683 4056 733 ἑν

794 771 853 823 ὀ
877 770 931 824 δὲ
958 771 1057 826 εἶτ’
1081 774 1421 845 ἀμυνόμενος
1452 777 1679 830 αὐτόθεν
1708 776 1818 830 εἴτε
1852 778 1958 850 μὴν
1976 780 2071 832 καὶ
2098 782 2226 843 τοὺς
2249 780 2362 833 λοι·
2462 792 2575 854 τοῖς
2609 789 2891 860 φρουρίοις
2927 789 3070 841 κατά
3103 786 3202 856 τὴν
3233 784 3366 855 περὶ
3413 782 3505 835 τὸν
3558 779 3783 833 Αὖλακα
3841 773 4058 843 διατρί-

783 864 919 926 ποὺς
943 864 1335 934 δεδιττόμενος,
1372 869 1467 922 καὶ
1502 871 1606 922 ὑπὸ
1632 870 1761 931 τοὺς
1795 870 2025 936 δώδεκα,
2062 871 2134 934 ὼς
2170 872 2362 939 ἐλέγε-

781 970 864 1019 το,
892 955 1284 1027 ἀπηγχόνισεν,
1318 961 1453 1013 ὃπου
1489 977 1553 1029 γε
1587 963 1683 1016 καὶ
1733 961 1897 1016 αὐτὸν
1922 963 2015 1016 τὸν
2044 963 2197 1031 σφῶν
2239 965 2365 1034 ἑξη-

781 1046 1072 1117 γοῦμενον,
1096 1049 1261 1120 ἄνδρα
1287 1052 1510 1121 ἀρεῖκδν
1542 1055 1606 1105 ἑκ
1628 1053 1955 1122 Βουλγάρων
1982 1053 2078 1108 καὶ
2105 1055 2283 1125 μέγαν
2306 1057 2365 1124 ἑξ

784 1138 1116 1210 ἀξιωμάτων
1142 1143 1428 1207 τζαοὺσιον
1463 1146 1555 1198 τὸν
1582 1146 2017 1216 Χρανίσθλαϐον,
2069 1148 2128 1202 ὃν
2156 1150 2220 1203 ἐκ
2265 1150 2363 1204 τοῦ

786 1224 1045 1287 κατὰτὸν
1070 1235 1327 1306 Δαχανᾶν
1347 1238 1585 1309 πολέμου
1608 1240 1701 1291 ἐπὶ
1724 1241 1947 1310 Μιχαὴλ
1975 1241 2070 1295 τοῦ
2100 1240 2365 1311 βασιλέως

786 1324 982 1379 ἁλόντα
1041 1328 1134 1382 καλ⁵
1176 1329 1395 1399 δεσμοῖς
1433 1332 1518 1398 ἐφ’
1551 1330 1773 1400 εἱρκτῆς
1808 1333 2204 1402 συνισχημένον
2237 1334 2367 1385 πολ-

783 1414 897 1478 λοῖς
923 1415 1153 1488 ὕστερον
1179 1421 1391 1489 χρόνοις
1431 1419 1687 1489 βασιλεὺς
1715 1426 1812 1491 τῆς
1846 1418 2072 1492 εἱρκτῆς
2118 1422 2367 1477 ἐκϐαλὼν

786 1508 878 1561 καὶ
907 1510 1149 1579 τιμήσας
1175 1510 1252 1579 τῷ
1279 1511 1548 1583 ἀξιώματι
1571 1517 1685 1577 τοῖς
1712 1516 1828 1569 ἑκεῖ
1865 1515 2091 1586 μέρεσιν
2121 1514 2213 1568 ἐπὶ
2243 1515 2370 1585 χρό-

786 1616 897 1662 νοις
932 1602 1180 1672 ἀρχηγὸν
1219 1600 1355 1673 εἶχε,
1402 1606 1499 1658 καὶ
1538 1606 1703 1659 αὑτὸν
1756 1607 1888 1674 γοῦν
1918 1606 2131 1669 τοῦτον,
2162 1607 2238 1671 ὡς
2283 1605 2371 1659 λέ-

788 1706 967 1757 γεται,
998 1694 1057 1759 ἑξ
1087 1693 1303 1763 ἑτοίμου
1331 1698 1396 1765 τῇ
1450 1697 1695 1768 μαχαίρᾳ
1718 1698 1936 1769 τρώσας
1976 1700 2087 1761 τοῖς
2116 1698 2368 1768 ἀπαγχο-

789 1784 1001 1838 νίσουσι
1031 1786 1342 1858 παρεδίδου.
1369 1788 1486 1841 Κᾶν
1515 1791 1609 1842 καὶ
1634 1788 1778 1843 τοῦτ’
1813 1790 2079 1858 ἐγεγόνει,
2123 1791 2173 1842 εί
2207 1790 2281 1859 μή
2304 1806 2368 1857 γε

790 1877 979 1931 πολλοὶ
1016 1880 1109 1932 καὶ
1135 1880 1275 1949 πρὸς
1305 1881 1546 1933 ἱκετείαν
1576 1882 1845 1953 ἀξιόχρεῳ
1871 1882 2012 1952 ὑπὲρ
2034 1881 2128 1935 τοῦ
2173 1882 2363 1947 ἀνδρὸς

787 1969 887 2021 οὐκ
925 1968 1081 2038 ὀλίγα
1114 1973 1486 2050 προτείνοντες
1507 1973 1692 2026 δίκαια
1721 1973 2081 2044 ἑξηρήσαντο.
2116 1973 2365 2027 Κάντεῦο

789 2061 881 2115 θεν
920 2063 1135 2134 Χλιαρέι
1168 2063 1391 2118 διελθὼν
1417 2066 1511 2118 καὶ
1532 2066 1699 2119 τᾶλλα
1726 2066 1824 2135 τὴν
1852 2067 1947 2119 ἐπὶ
1978 2066 2367 2132 Φιλαδελφείας

789 2151 1051 2208 ἔσπευδεν
1087 2156 1351 2224 ἐσχάτως,
1384 2156 1460 2215 ὡς
1503 2157 1726 2227 ἑρῤέθη,
1776 2158 2210 2210 κινδυνεύουσαν.
2257 2160 2370 2212 Kd-

789 2245 951 2316 πειδή
982 2246 1235 2315 ἡλίσκετο
1268 2246 1369 2318 μὲν
1393 2247 1655 2319 Τρίπολις
1686 2248 1789 2321 πρὸ
1833 2250 2049 2321 καιροῦ,
2078 2250 2146 2303 τὰ
2180 2250 2237 2303 δὲ
2268 2249 2368 2303 πέ-

790 2426 987 2492 laqueo
1019 2424 1087 2478 de
1119 2439 1271 2480 more
1299 2424 1559 2481 Italorum
1591 2440 1781 2482 necem
1812 2424 2142 2496 quibusdam
2175 2438 2365 2480 eorum

792 2516 995 2571 ductor
1049 2519 1258 2578 intulit,
1304 2534 1412 2573 non
1454 2520 1562 2573 alia
1593 2519 1661 2574 de
1689 2532 1859 2575 causa
1889 2534 2057 2589 quam
2105 2518 2249 2589 quod
2281 2531 2369 2572 res

793 2623 923 2664 suas
980 2610 1034 2664 in
1075 2612 1255 2681 praeda
1289 2610 1514 2666 Persica
1572 2611 1788 2683 agnitae
1836 2625 2116 2667 resumere
2182 2610 2259 2663 illi
2304 2624 2370 2664 ac

790 2701 899 2756 sibi
944 2701 1229 2757 vindicare
1273 2703 1599 2758 voluissent.
1668 2700 1783 2773 _Sed
1844 2701 2112 2773 quidquid
2167 2701 2241 2755 sit
2299 2700 2368 2755 de

789 2808 958 2848 causa
993 2792 1147 2860 facti,
1198 2794 1267 2848 de
1302 2793 1450 2849 facto
1479 2795 1701 2864 quidem
1752 2795 1890 2849 satis
1935 2802 2154 2849 constat
2201 2792 2370 2864 426

791 2883 1114 2938 testimonio
1161 2884 1483 2949 multorum,
1540 2885 1794 2941 homines
1838 2870 2094 2941 videlicet
2145 2883 2368 2939 circiter

796 2974 1089 3031 duodecim
1121 2975 1284 3047 jussu
1316 2977 1476 3034 ducis
1507 2978 1714 3048 magni,
1747 2979 1864 3034 sive
1892 2977 2209 3033 ulciscentis
2241 2991 2370 3046 pec-

797 3078 982 3126 catum
1021 3071 1347 3142 quodpiam,
1381 3071 1495 3125 sive
1522 3071 1881 3141 precaventis
1921 3069 1977 3124 in
2026 3068 2269 3122 futurum
2313 3076 2369 3122 et
2402 3124 2405 3127 ,

796 3173 1009 3219 terrore
1042 3164 1459 3231 praemunicntis
1496 3179 1627 3218 suos
1670 3178 1736 3218 ne
1778 3170 2093 3231 peccarent,
2124 3170 2371 3231 strangu-

796 3257 943 3312 latos
1003 3264 1139 3311 tunc
1192 3256 1495 3325 suspendio
1552 3256 1744 3318 fuisse,
1807 3254 2032 3326 quando
2084 3263 2137 3308 et
2187 3251 2369 3319 ipsum

793 3349 990 3406 ducem
1046 3350 1214 3407 iSIius
1275 3349 1545 3429 cohortis,
1584 3364 1648 3427 ex
1713 3352 1818 3417 qua
1853 3348 1940 3401 isti
1982 3356 2162 3411 erant,
2188 3345 2369 3398 virum

794 3442 1062 3513 inclytum
1110 3445 1316 3497 virtute
1379 3424 1634 3505 militari,
1708 3434 1866 3496 ortu"
1900 3440 2214 3509 Bulgarum,
2252 3438 2370 3492 cui

792 3533 975 3590 fuerat
1043 3536 1285 3607 dignitas
1348 3534 1551 3590 collata
1605 3535 1784 3603 magni
1834 3520 2084 3597 'tzattsii,
2124 3531 2387 3609 .Cltl’alliﬁ

792 3627 1071 3682 sthlabum
1128 3628 1372 3690 nomine,
1404 3640 1568 3695 quem
1632 3624 1777 3679 bello
1828 3614 2394 3678 contra-Laelianam'

792 3717 1024 3773 Michael
1066 3719 1348 3789 Augustus
1388 3717 1577 3772 senior
1600 3712 1608 3719 ’
1635 3715 1765 3771 olim
1789 3725 2021 3793 captum
2054 3715 2283 3783 .diuque
2315 3713 2372 3767 in

795 3824 1020 3865 carcere
1083 3809 1452 3865 constrictum
1510 3808 1747 3864 vinculis
1811 3792 2154 3870 detentum,
2208 3806 2372 3875 longo

794 3911 920 3972 post
992 3909 1240 3970 tempore
1300 3900 1655 3955 Andronicus
1729 3899 2033 3966 imperator
2103 3898 2369 3954 emissum

795 3995 1047 4051 custodia
1083 4005 1137 4049 et
1183 4009 1245 4049 ea
1280 4009 1445 4065 quam
1494 3991 1610 4046 dixi
1651 3999 1905 4046 ornatum
1933 3990 2227 4060 dignitate,
2260 3989 2370 4043 illis

795 4088 889 4143 diu
946 4091 1001 4142 in
1061 4087 1309 4157 partibus
1366 4084 1575 4140 militiae
1631 4084 1825 4161 ducem
1865 4084 2079 4149 habuit,
2116 4083 2371 4146 ethunc,

797 4181 1046 4252 inquam,
1118 4189 1176 4233 ut
1232 4178 1462 4243 dcitur,
1523 4178 1631 4232 dux
1693 4191 1926 4246 magnus
1974 4168 2101 4230 ira!
2167 4175 2372 4245 impetu

796 4279 974 4343 primo
1030 4290 1060 4328 a
1102 4290 1160 4335 se
1186 4275 1536 4329 vulneratum
1584 4273 1766 4343 gladio
1795 4272 2152 4328 carnificibus
2180 4271 2375 4339 laqueo

798 4365 1182 4421 suffucandum
1241 4364 1489 4426 tradidit,
1538 4364 1863 4433 finissetque
1933 4364 1979 4417 is
2027 4361 2173 4417 haud
2208 4361 2376 4415 dubie

797 4458 965 4512 vitam
1018 4455 1345 4524 suspendio,
1378 4454 1482 4510 nisi
1514 4455 1671 4509 multi
1703 4438 1987 4509 certatim.
2019 4462 2375 4507 accurrentes

2465 880 2613 933 ϐοντι
2640 878 3032 948 ἀναγγέλλουσι
3066 877 3166 946 μὲν
3200 874 3299 943 τὴν
3350 873 3491 943 βίαν,
3544 864 3982 939 προσ-λιπαροῦσι
4009 863 4055 918 δ’

2465 970 2769 1041 ἐπαμύνειν
2797 969 3417 1040 ἀντιπροσχωρήσουσιν
3455 962 3518 1028 ἐξ
3567 963 3812 1031 ἑτοίμου,
3846 960 3914 1027 ἦν
3949 975 4056 1009 που

2467 1066 2687 1135 φανείη,
2730 1064 3026 1134 Ῥωμαίοις
3074 1078 3140 1130 γε
3186 1055 3306 1113 οὖσι
3340 1059 3433 1112 καὶ
3472 1058 3539 1126 τῇ
3574 1053 3670 1107 τοῦ
3713 1050 3908 1120 καιροῦ
3964 1050 4058 1121 βίᾳ

2466 1160 2694 1225 εἴξασιν.
2742 1158 2801 1210 '0
2838 1158 2896 1210 δὲ
2940 1153 3153 1225 δέχεταί
3188 1171 3245 1207 τε
3282 1153 3380 1221 τὴν
3431 1148 3670 1201 ἱκετείαν
3705 1146 3797 1199 καὶ
3824 1144 4058 1212 ἀμύνειν

2467 1249 2997 1318 κατεπαγγέλλεται.
3024 1248 3099 1301 Οὐ
3128 1246 3237 1317 μὴν
3271 1244 3316 1298 δ’
3332 1244 3471 1298 ἀλλά
3504 1241 3601 1295 καὶ
3632 1238 3888 1292 ἑντεῦθεν
3922 1235 4057 1305 θάρ-

2471 1348 2564 1417 ῥος
2585 1343 2768 1398 λαϐὼν
2793 1344 2897 1396 οὐκ
2925 1342 3197 1406 ὀλίγιστον
3237 1339 3377 1410 πρδς
3405 1335 3726 1406 συμπλοκὰς
3749 1334 3891 1387 κατά
3919 1333 4061 1401 Περ-

2470 1436 2581 1490 σῶν
2612 1434 2962 1506 ἡτοιμάζετο.
2988 1433 3076 1507 [Ρ.
3104 1432 3237 1504 296]
3274 1432 3421 1500 Πλὴν
3445 1430 3491 1482 δ’
3518 1428 3633 1482 ἀλλ’
3673 1426 3791 1481 οὐδὲ
3819 1426 4060 1494 Πέρσαις

2468 1528 2784 1599 ἀνήκουστα
2807 1526 3061 1580 τάκείνου
3093 1526 3360 1593 κατέστη,
3386 1522 3527 1576 ἀλλά
3550 1520 3643 1573 καὶ
3663 1518 3821 1572 αὐτοὶ
3855 1517 4059 1585 μαθόν-

2469 1637 2561 1682 τες
2616 1617 3144 1691 προσητοιμάζοντο.
3205 1615 3317 1670 Καί
3364 1631 3471 1667 που
3532 1612 3663 1681 περὶ
3708 1610 3798 1663 τὸν
3832 1607 4058 1661 Αὕλακα

2474 1712 2822 1772 συνελθόντες
2856 1711 2958 1765 οὐκ
3006 1709 3135 1775 ἄξια
3167 1708 3269 1775 μὲν
3298 1706 3394 1760 τοῦ
3435 1706 3677 1775 πλήθους
3709 1692 3833 1755 οὐδέ
3865 1717 3929 1768 γε
3958 1699 4060 1767 τῆς

2473 1804 2836 1876 παρασκευῆς
2863 1805 3143 1873 ἑκατέρων
3165 1799 3431 1867 ἀλλήλους
3460 1798 3718 1866 ἔδρασαν,
3767 1793 3991 1857 λέγεται
4014 1790 4061 1843 δ’

2474 1900 2623 1967 ὅμως
2650 1896 2955 1966 τρωθέντος
2982 1895 3182 1949 αὐτίκα
3206 1894 3299 1946 τοῦ
3326 1891 3619 1961 Ἀλισὺρου
3648 1888 3742 1942 καὶ
3775 1889 3853 1947 είς
3876 1884 4061 1954 φυγὴν

2474 1989 2561 2043 διὰ
2604 1988 2775 2043 ταῦτα
2816 1988 3114 2059 βλέψαντος
3168 1986 3387 2055 Πέρσας
3447 1983 3546 2051 μὲν
3603 1980 3724 2050 μετ’
3753 1977 4061 2045 εὐκοσμίας

2476 2079 2734 2134 καὶκατὰ
2768 2080 2971 2151 τρόπον
3004 2077 3332 2147 ἀναχωρεῖν,
3353 2077 3465 2137 τοῖς
3494 2074 3550 2127 δὲ
3585 2072 3728 2126 κατὰ
3760 2070 3851 2123 τὶν
3881 2068 3948 2139 μέ
3965 2084 4063 2135 ⁸ἀν

2473 2173 2643 2229 δοῦκα
2670 2174 2983 2244 συναχθεῖσι
3018 2170 3162 2225 κατὰ
3193 2169 3444 2238 φρήτρας
3474 2165 3634 2236 τριχῆ
3666 2164 3768 2216 οὐκ
3805 2159 3874 2233 ἦν
3925 2160 4064 2215 ἀτά-

2476 2283 2620 2329 κτως
2652 2266 2787 2337 μίγα
2836 2266 2969 2319 πᾶσι
2996 2264 3233 2316 διώκειν.
3271 2261 3534 2314 Ἕκαστοι
3561 2257 3607 2310 δ’
3633 2255 3866 2326 ὁρῶντες
3896 2252 4063 2322 ἀλλή-

2480 2449 2632 2505 duci.
2664 2446 2869 2502 Verum
2930 2444 3023 2502 tali
3075 2452 3396 2500 coactarum
3449 2439 3739 2510 subjacere
3796 2434 4059 2490 servituti

2478 2541 2694 2595 arcium
2732 2538 2952 2602 incolat,
2990 2536 3183 2591 audito
3210 2535 3511 2590 adventare
3552 2544 3811 2599 magnum
3836 2527 4061 2591 ducem,

2477 2647 2602 2688 eum
2653 2631 2767 2701 jam
2816 2631 3029 2685 circum
3062 2629 3326 2682 Aulacem
3355 2625 3557 2680 castris
3587 2622 3784 2693 positis
3829 2636 4061 2674 moran-

2438 2746 2441 2748 ν
2481 2733 2589 2779 tem
2630 2722 2903 2793 legatione
2935 2721 3102 2774 missa
3139 2718 3514 2772 communiter
3550 2724 3819 2785 rogarunt
3864 2724 3921 2765 ιιι
3950 2712 4059 2766 sibi

2481 2817 2549 2870 ab
2600 2813 2978 2869 rebellandum
3018 2811 3224 2881 paratis
3255 2809 3475 2863 admoto
3532 2807 3758 2877 pronius
3810 2803 4061 2857 exercitu

2479 2910 2738 2964 adesset:
2773 2920 2895 2960 sese
2929 2898 3100 2966 enim,
3153 2902 3319 2957 simul
3350 2909 3470 2955 tuto
3503 2900 3554 2954 id
3592 2907 3819 2968 possent
3851 2898 4059 2958 facere,

2482 3009 2663 3072 pacta,
2696 2998 2899 3066 quibus
2926 3011 2983 3051 se
3004 2983 3219 3050 summa
3249 2995 3296 3048 vi
3326 2993 3504 3047 adacti
3540 3000 3596 3045 et
3627 2989 3883 3045 cedentes
3909 2997 4051 3041 tem-

2481 3089 2602 3161 pori
2656 3095 2847 3143 contra
2894 3085 3232 3138 voluntatem
3293 3082 3705 3136 obstrinxerant
3772 3078 4059 3139 barbaris,

2400 3208 2442 3264 ρ
2479 3182 2847 3240 rescissuros.
2893 3186 2946 3233 et
2998 3177 3143 3231 sicut
3172 3175 3336 3247 427
3374 3173 3606 3228 Romani
3653 3179 3832 3235 erant,
3867 3171 4065 3224 missis

2477 3274 2544 3327 ab
2576 3275 2914 3341 imperatore
2963 3269 3161 3337 copiis,
3198 3269 3384 3322 statim
3419 3278 3582 3335 atque
3624 3265 3715 3318 illa
3761 3264 3816 3316 in
3855 3263 4061 3316 vicinia

2476 3364 2948 3434 comparuissent,
2985 3376 3111 3416 sese
3161 3360 3342 3430 palam
3397 3359 3780 3425 adiuncturos.
3841 3354 4063 3409 Annuit

2475 3455 2568 3511 ille
2596 3455 2851 3525 precibus
2893 3453 3226 3523 supplicum,
3266 3461 3322 3505 et
3365 3452 3656 3505 ducturum
3694 3463 3754 3505 se
3800 3460 3911 3514 quo
3938 3448 4063 3500 vcl-

2475 3548 2591 3601 lent
2645 3548 2837 3616 cepias
2892 3546 3169 3614 promisit,
3230 3561 3296 3601 eo
3340 3546 3606 3599 libentius
3655 3543 3907 3612 quodex
3950 3544 4063 3596 hoc

2476 3638 2597 3709 ipso
2644 3648 2753 3693 tam
2791 3647 3098 3708 opportune
3148 3638 3357 3705 auxilio
3396 3637 3581 3691 oblato
3610 3651 3717 3689 non
3754 3650 3946 3704 parum
3998 3649 4061 3687 se

2476 3729 2794 3783 confirmari
2847 3728 3125 3782 sentiebat
3179 3727 3247 3781 ad
3285 3728 3427 3782 bene
3455 3725 3787 3794 sperandum
3822 3724 3890 3776 de
3929 3739 4063 3775 suc-

2475 3836 2635 3875 cessu
2685 3819 3059 3889 expeditionis
3097 3820 3282 3888 hujus.
3318 3817 3462 3887 Ergo
3493 3826 3646 3872 tanto
3691 3832 3750 3872 se
3778 3817 3904 3869 inde
3937 3818 4061 3868 ala-

2475 3912 2630 3967 crius
2673 3912 2741 3966 ad
2790 3911 3105 3967 conflictum
3158 3927 3280 3967 cum
3320 3910 3505 3967 Persis
3542 3910 3903 3979 comparavit.
3946 3907 4057 3974 Qui

2476 4004 2723 4059 vicissim
2785 4019 2882 4073 per
2936 4005 3321 4071 exploratores
3368 4006 3593 4073 cognito
3652 4004 3832 4095 magktti
3898 4004 4063 4057 ducis

2477 4104 2672 4151 contra
2707 4097 2858 4165 ipsos
2892 4096 3167 4151 moventis
3200 4097 3437 4151 adventu
3475 4097 3691 4151 obviam
3728 4096 3801 4150 illi
3838 4097 4061 4163 prodire

2479 4195 2827 4255 occuparunt
2858 4224 2873 4248 ,
2936 4194 3196 4254 promoto
3249 4188 3493 4241 exercitu
3539 4202 3706 4255 prope
3758 4187 4061 4249 Aulaccm,

2481 4276 2569 4329 ubi
2621 4290 2745 4329 eum
2799 4276 2996 4329 stativa
3048 4278 3234 4331 fixisse
3270 4276 3641 4331 Ostendimus.
3682 4275 4060 4330 Commissum

2483 4367 2597 4422 illic
2628 4368 2774 4421 inter
2798 4368 2944 4423 acies
2979 4368 3243 4423 adversus
3274 4377 3359 4423 est
3391 4369 3666 4437 praelium,
3704 4368 3927 4437 segnius
3971 4383 4063 4421 re-

2486 4459 2827 4528 missiusque
2879 4474 3045 4529 quam
3093 4474 3123 4512 a
3166 4469 3277 4513 tam
3329 4460 3639 4515 numerosis
3690 4460 3863 4528 copiis
3899 4467 4064 4513 tanto

798 4559 855 4606 et
894 4548 1154 4618 precibus
1201 4547 1407 4601 infimis
1450 4558 1499 4601 et
1536 4546 1874 4600 .rationibus
1925 4545 2161 4606 idoneis,
2211 4545 2367 4598 meri-
2404 4553 2457 4614 Β
2488 4551 2750 4621 utrinque
2785 4560 3052 4621 apparatu
3092 4550 3291 4606 infeste
3323 4551 3559 4607 invicem
3589 4552 4062 4607 concurrentibus

799 4646 986 4713 tisque
1028 4642 1203 4710 ipsius
1253 4656 1319 4696 ac
1369 4639 1713 4696 defensionis
1747 4638 2092 4707 argumentis
2133 4638 2376 4706 allegan—

797 4737 886 4790 dis
940 4733 1215 4804 plurimis,
1271 4747 1414 4801 tegre
1472 4729 2100 4785 tandem‘liontzerium
2144 4726 2376 4780 avertis-

798 4834 983 4882 senta
1016 4824 1300 4894 pronosito
1350 4818 1474 4877 talis
1518 4822 1619 4877 viri
1661 4822 1771 4875 leto
1826 4819 2049 4873 informi
2085 4817 2372 4873 enecandi.

802 4915 969 4971 Porro
1003 4918 1131 4970 hinc
1162 4914 1273 4969 dux
1318 4914 1461 4969 idem
1498 4928 1728 4984 magnus
1765 4912 1986 4967 Cbliara
2016 4921 2073 4966 et
2105 4911 2220 4964 loca
2252 4909 2374 4977 ejus

797 5012 899 5064 via:
950 5018 1145 5062 caetera
1196 5009 1591 5077 pertransiens,
1648 5006 1852 5059 ducere
1891 5004 2150 5059 feSIinato
2186 5002 2373 5071 copias

798 5100 1001 5154 inStitit
1058 5109 1210 5153 recta
1263 5097 1700 5167 Philadelphiam
1729 5112 1943 5161 vet-sus,
1990 5105 2258 5157 extreme,
2312 5102 2373 5148 ut

798 5197 1005 5249 dictum
1038 5206 1145 5257 cst,
1199 5193 1617 5261 periclitantem.
1678 5192 1947 5257 Quoniam
1982 5199 2166 5243 autem
2194 5188 2373 5243 conti-

799 5296 949 5355 gerat
991 5285 1273 5354 aliquanto
1334 5292 1461 5337 ante
1506 5284 1624 5352 capi
1682 5282 1967 5352 Tripolim,
2024 5297 2179 5335 art-es
2250 5295 2371 5347 quae.

798 5379 944 5431 circa
998 5378 1144 5429 illam
1203 5376 1395 5428 urbem
1456 5382 1615 5429 erant
1676 5374 1992 5428 necessario
2058 5386 2190 5440 pace
2241 5384 2368 5422 cum

798 5469 986 5524 Persis
1042 5469 1373 5538 quibusdam
1437 5468 1848 5524 conditionibus
1906 5467 2048 5521 facta
2103 5464 2366 5534 subjectae

801 5561 936 5632 ipsis
980 5562 1385 5629 quadamtenus
1438 5570 1620 5623 erant,
1668 5561 1803 5613 citra
1846 5569 2027 5612 tamen
2079 5556 2371 5619 admissio—

802 5669 924 5708 ncm
958 5650 1196 5722 pr-esidii
1235 5650 1441 5705 Persici
1478 5666 1576 5706 seu
1625 5650 1807 5720 potius
1857 5649 2165 5703 Carmauici
2196 5666 2208 5700 :
2241 5663 2365 5700 nam

804 5743 855 5795 bi
909 5758 1032 5795 cum
1094 5743 1297 5811 quibus
1357 5742 1461 5795 ista
1519 5744 1836 5809 pepigerant
1881 5740 2136 5794 Garmani
2187 5747 2366 5802 erant,

804 5837 1060 5907 prau-ipui
1104 5849 1155 5891 ct
1185 5836 1467 5892 futtissitni
1502 5836 1818 5904 Persarum,
1861 5834 2087 5904 Alisyt'a'
2114 5841 2367 5903 patentes

2478 4643 2789 4712 exspectari
2858 4643 3150 4698 debuerat.
3237 4641 3448 4696 Dicitur
3520 4653 3703 4698 tamen
3767 4644 4064 4696 vulnerato

2479 4735 2696 4805 Alisyra
2730 4735 2923 4804 primis
2950 4736 3136 4790 statim
3168 4735 3626 4804 iaculationibus,
3660 4750 3724 4789 ac
3765 4746 4060 4806 propterea

2484 4825 2668 4891 fugam
2722 4828 2997 4893 respicere
3063 4836 3281 4890 coacto,
3337 4838 3488 4882 retro
3538 4828 3777 4881 cessisse
3830 4827 4057 4894 quidem

2479 4912 2701 4976 Persas,
2746 4913 2840 4966 sed
2887 4915 3106 4967 militari
3164 4915 3335 4984 gradu
3374 4922 3428 4969 et
3474 4916 3611 4969 citra
3666 4914 4058 4969 confusionem

2478 5014 2574 5059 aut
2607 5005 2941 5059 solutionem
2976 5007 3255 5059 ordinum.
3292 5005 3403 5060 Hos
3438 5022 3508 5061 ne
3533 5007 3718 5061 acrius
3752 5014 3808 5060 et
3833 5007 4058 5076 longius

2477 5095 2651 5163 copia:
2680 5096 2862 5165 magni
2898 5094 3057 5148 ducis
3088 5096 3532 5162 insequerentur,
3567 5110 3630 5149 ea
3658 5110 3822 5149 causa
3864 5100 4051 5151 obsti-

2482 5186 2618 5240 tisse
2679 5186 2988 5249 dicebatur,
3034 5186 3183 5255 quod
3229 5188 3311 5239 hze
3351 5185 3627 5239 trifariam
3668 5188 3721 5240 itt
3761 5203 3961 5256 genera
3998 5201 4055 5243 et

2475 5293 2712 5347 corpora
2766 5278 2995 5332 t0tidetn
3045 5278 3236 5332 divisa:
3286 5278 3463 5345 (suam
3516 5278 3663 5333 enim
3703 5279 3807 5333 sibi
3844 5280 4055 5348 quique

2476 5373 2710 5427 senrsitn
2764 5372 2913 5437 Itali,
2948 5372 3105 5427 Alani
3145 5381 3200 5425 et
3254 5370 3485 5426 Romani
3539 5372 3694 5441 quasi
3737 5385 4050 5441 separatam

2479 5464 2651 5518 aciem
2688 5464 2986 5530 habebant)
3014 5464 3325 5517 immiscere
3352 5478 3411 5518 se
3441 5465 3698 5527 invicem,
3726 5474 3887 5533 prout
3909 5481 4054 5537 opus

2477 5563 2598 5609 erat
2646 5554 2712 5608 ad
2778 5564 3003 5609 strenue
3055 5554 3373 5609 instandum
3411 5556 3759 5616 cedentibus,
3797 5560 4052 5621 noluere.

2478 5648 2573 5704 sed
2601 5664 2661 5703 se
2691 5659 2879 5702 mutuo
2918 5648 3662 5718 intuebuntur,opp‘rientcs
3704 5649 3746 5702 si
3774 5651 3864 5717 qui
3900 5652 4050 5717 prio-

2481 5758 2566 5796 rcs
2600 5741 2894 5801 insilircnt,
2943 5741 3096 5807 quasi
3157 5756 3279 5791 mox
3324 5751 3375 5793 ct
3425 5742 3525 5809 ipsi
3570 5743 3837 5794 sccuturi.
3875 5742 4051 5795 (tmte-

2482 5851 2600 5889 rum
2662 5850 2727 5889 nc
2786 5832 2878 5904 qui
2941 5832 3102 5903 primi
3151 5834 3467 5905 expedirent
3500 5831 3565 5885 ad
3602 5834 3703 5888 hoc
3757 5833 4048 5902 impetum.
