4206 6440
772 405 869 466 Gl

1962 400 2284 459 GEORGII
2324 401 2805 463 PACHYMEILE

3925 391 4029 455 ίῗὲ

774 514 1095 583 ποιούμενος
1122 555 1136 577 ,
1178 513 1319 577 ἔγνω
1353 512 1452 580 μὲν
1507 511 1603 581 τὴν
1633 512 1708 575 ὡς
1738 511 1961 581 βασιλέα
2003 510 2345 580 τεχνιτεῦσαι
2377 519 2417 573 Α
2455 514 2689 581 μεγάλου
2733 511 2950 579 δουκδς,
2982 513 3056 577 ὡς
3080 512 3243 582 δῆθεν
3289 512 3423 582 πρὸς
3456 514 3549 564 τὸν
3589 506 3904 563 κανικλείου
3930 507 4031 574 δη-

774 607 1097 674 απόδρασιν,
1139 604 1275 672 ταχῦ
1306 603 1361 655 δὲ
1412 604 1652 671 παρέσχε
1695 606 1789 655 καὶ
1821 603 1855 671 ἡ
1903 603 2039 672 τύχη
2078 603 2177 670 τὴν
2204 600 2347 668 πρό-

778 714 960 765 φασιν.
1001 696 1063 748 Ἦ
1095 696 1123 748 δ
1173 692 1263 765 ἦν,
1298 695 1573 763 πέμπεται
1633 697 1732 762 μὲν
1782 695 1931 763 παρά
1964 694 2058 747 τοῦ
2104 693 2344 763 μεγάλου

775 788 966 850 δουκὸς
995 787 1133 856 ἀνὴρ
1164 788 1363 846 οἰκεῖος
1391 788 1459 854 τῇ
1511 785 1749 856 πενθερᾷ
1774 788 1823 837 οἱ
1864 786 1893 837 ό
1938 785 2348 853 Κανναῦούριος

779 880 920 948 πρὸς
954 877 1535 931 Κωνσταντινούπολιν
1573 878 1664 931 διά
1716 876 1765 929 τ’
1803 876 1963 940 ἀλλα,
2003 878 2098 930 καὶ
2135 875 2347 940 ἀξιοῦν-

776 988 867 1033 τος
902 968 1277 1037 ἀποσταλῆναι
1306 970 1405 1038 τὴν
1428 970 1674 1038 γαμετήν
1692 986 1703 999 ·
1732 969 1856 1021 ἐπεὶ
1878 968 1923 1020 δ’
1948 968 2054 1021 ἔδει
2081 969 2180 1036 τῆς
2208 965 2351 1020 κατά

779 1062 880 1130 τὴν
902 1060 1020 1112 ὁδὸν
1054 1061 1357 1127 ἀσφαλείας
1382 1061 1457 1128 τῷ
1484 1060 1637 1129 ἀνδρὶ
1662 1058 2171 1129 προμηθεύσασθαι,
2205 1058 2349 1126 πέμ-

784 1167 875 1201 πει
910 1150 1048 1220 πρὸς
1077 1149 1169 1202 τὸν
1215 1149 1523 1216 Νοστὸγγον
1576 1147 1907 1215 παρεγγυῶν
1947 1147 2210 1199 ίκανῶσαι
2240 1145 2353 1198 δια-

786 1243 1022 1302 σώσταις
1052 1242 1115 1293 ἐκ
1151 1240 1242 1291 τοῦ
1300 1240 1691 1311 στρατιωτικοῦ
1725 1240 1816 1294 τὸν
1865 1238 2351 1307 ἀποστελλόμενον.

784 1332 955 1394 Αὐτὸς
982 1331 1038 1384 δὲ
1058 1333 1155 1394 τὰς
1188 1334 1601 1401 παρεγγυήσας
1626 1332 1916 1402 δεξάμενος
1945 1332 2021 1399 τῷ
2052 1333 2230 1384 δοκεῖν
2259 1331 2354 1383 καὶ⁵

786 1424 927 1491 ὑπὲρ
960 1425 1023 1475 ἐκ
1054 1423 1319 1491 περισσοῦ
1353 1426 1421 1477 τὰ
1466 1424 1843 1491 ἐπεσταλμένα
1874 1422 2055 1475 θέλειν
2085 1421 2352 1494 πληροῦν,

785 1514 859 1572 ὡς
886 1514 1047 1576 αὐτὸς
1077 1514 1219 1582 ὑπὲρ
1254 1514 1411 1565 ἄλλον
1441 1514 1520 1575 εἰς
1551 1514 1711 1582 χάριν
1746 1513 1862 1583 ἅμα
1909 1514 2020 1576 τοῖς
2060 1514 2212 1576 ίδίοις
2240 1513 2357 1566 δια-

789 1605 1129 1672 σωσάμενος,
1186 1605 1525 1673 έτεχνίτευεν
1579 1604 1661 1675 [Ρ.
1705 1604 1834 1677 298]
1893 1600 2205 1674 ἀποφυγήν.
2269 1605 2357 1655 Ἐν

786 1699 961 1767 τούτῳ
997 1698 1053 1749 δὲ
1084 1697 1180 1751 καί
1202 1715 1288 1760 τις
1304 1698 1413 1749 τῶν
1435 1699 1491 1759 ἐς
1523 1700 1886 1766 γραμματέας
1912 1697 2104 1765 ἐκείνῳ
2139 1696 2359 1748 τελούν-

788 1806 917 1855 των,
953 1789 1078 1841 ὲπεὶ
1126 1790 1223 1842 καὶ
1272 1788 1418 1857 αὐτῷ
1451 1789 1623 1841 ἐδόκει
1675 1788 1769 1841 τοῦ
1818 1789 2164 1857 κεκτημένου
2198 1786 2357 1840 ἀλλο-

789 1879 1093 1950 τριοῦσθαι,
1126 1878 1278 1932 ἔνθεν
1316 1879 1415 1947 μὲν
1444 1872 1619 1940 οὗτος,
1648 1878 1802 1931 ἐνθεν
1826 1878 1872 1932 δ’
1900 1879 2109 1940 ἐκεῖνος
2138 1876 2239 1948 τὴν
2259 1876 2356 1928 πό-

792 1975 874 2025 λιν
898 1971 1399 2039 καταλαμϐάνουσι.
1449 1972 1589 2023 ’Δλλυ
1623 1974 1651 2023 ὁ
1694 1971 1791 2040 μὲν
1840 1970 1965 2024 ἐπεὶ
2014 1970 2166 2023 οὐδὲν
2215 1969 2361 2040 ἑώρα

792 2064 1051 2117 ἀκίνδυνα
1077 2062 1256 2131 ἑαυτῷ
1303 2063 1391 2116 διὰ
1438 2063 1535 2131 τὴν
1564 2064 1665 2130 τῆς
1690 2065 1881 2132 ὲνοχῆς
1926 2062 2236 2131 παράλυσιν
2267 2061 2360 2114 καὶ

798 2156 898 2225 τὴν
926 2157 981 2218 ές
1018 2155 1238 2224 βασιλέα
1269 2154 1612 2222 προσφυγὴν,
1641 2154 1957 2223 πατριάρχῃ
1995 2151 2359 2224 προσφεύγεισ

797 2252 827 2288 θ·
850 2247 907 2300 δὲ
936 2246 1301 2316 γραμματεὺς
1332 2245 1559 2307 ἐπιστὰς
1594 2245 1699 2313 πρὸ
1726 2242 1939 2309 τούτου,
1977 2245 2070 2297 καὶ
2097 2244 2165 2296 τά
2196 2240 2365 2294 πιστά

797 2338 1115 2407 προσδοκῶν
1141 2337 1285 2405 ἔχειν
1334 2335 1396 2389 ἐκ
1429 2353 1573 2399 τινος
1617 2337 1946 2408 γράμματος
1992 2336 2087 2389 τοῦ
2127 2335 2237 2388 ἀπὸ
2271 2334 2363 2387 τοῦ

798 2515 1014 2568 instans
1048 2522 1393 2580 praevertere,
1430 2518 1483 2563 et
1527 2510 1875 2580 ignominiam
1910 2510 1993 2564 vel
2035 2509 2215 2564 delere
2250 2510 2366 2579 jam

799 2606 1037 2657 inustam
1099 2603 1180 2656 vel
1236 2617 1306 2655 ne
1367 2601 1475 2655 sibi
1530 2602 1921 2670 impingeretur
1973 2602 2028 2656 in
2080 2610 2365 2671 posterum

800 2709 1110 2765 pracavcre
1146 2694 1398 2751 studens.
1431 2706 1597 2745 unam
1628 2693 1889 2761 optimam
1919 2701 2175 2746 votorum
2213 2706 2363 2746 asse-

802 2790 1147 2857 quendorutn
1191 2786 1405 2853 putavit
1459 2786 1754 2846 rationem,
1806 2785 2190 2853 imperatorem
2220 2786 2371 2840 adire

806 2880 1240 2950 quamprimum,
1293 2876 1337 2930 si
1387 2891 1548 2945 quem
1602 2878 1762 2929 modo
1812 2876 2155 2944 plausibilem
2212 2877 2370 2930 dese-

807 2972 987 3025 rendae
1033 2970 1327 3039 provincia:
1367 2969 1609 3022 nancisci
1659 2978 1984 3038 prtetextum
2019 2978 2222 3036 posset.
2269 2968 2371 3023 Fa-

803 3065 882 3117 vit
930 3063 983 3116 in
1042 3065 1145 3115 hoc
1192 3061 1240 3114 ei
1296 3060 1538 3125 fortuna,
1580 3061 1929 3115 occasionem
1964 3060 2111 3114 brevi
2137 3058 2372 3114 offerens

2446 602 2665 666 λοῦντος
2696 604 2797 672 τὴν
2826 604 3088 657 ἀπόλυσιν
3119 602 3195 666 ὡς
3231 602 3499 667 ἑκούσιος,
3537 599 3725 653 ἐλπίσι
3759 598 4029 667 χρησταῖς

2448 698 2697 768 ᾐωρεῖτο.
2733 696 2906 763 Λόγος
2941 696 2986 749 δ’
3008 691 3078 765 ἦν
3118 694 3464 764 ἀμφοτέρους
3492 690 3850 752 συνελθόντας
3887 688 4030 758 πρὸς

2450 786 2798 857 πατριάρχην
2823 786 3211 851 ἀπολογεῖσθαι
3245 786 3333 839 διὰ
3357 786 3552 838 τούτου
3575 783 3651 855 τῷ
3683 783 3895 853 βασιλεῖ
3925 781 4028 849 τὴν

2449 878 2513 930 ἑκ
2547 877 2636 931 τοῦ
2667 879 2908 948 μεγάλου
2948 878 3139 941 δουκὸς
3173 878 3547 948 ἀναχώρησιν,
3594 876 3661 929 τὰ
3710 874 3880 927 πολλά
3916 873 4031 925 τῶν

2451 968 2647 1037 ἐκείνῳ
2684 969 3075 1039 πραττομένων
3112 968 3463 1037 ἀταμιεύτοις
3490 964 3826 1035 παῤῥησίαις
3857 962 4035 1015 καθα-

2453 1063 2772 1131 πτομένους.
2813 1062 2878 1113 ’Λ
2907 1062 3001 1113 καὶ
3034 1059 3388 1128 ἀγγελθέντα,
3414 1059 3511 1128 οὐχ
3544 1058 3692 1120 ὅπως
3710 1057 3758 1108 οί
3774 1054 4035 1120 λέγοντες

2452 1153 2688 1217 ἔπειθον,
2717 1150 2853 1205 ἀλλὰ
2879 1152 2974 1204 καὶ
3002 1150 3378 1221 δυσμεναίνειν
3404 1151 3619 1211 ἑαυτοῖς
3650 1149 3742 1200 τον
3764 1144 4037 1216 κρατοῦν·

2451 1262 2522 1300 τα
2555 1246 2808 1298 ἐποίουνο
2842 1243 3093 1313 βασιλεὺς
3126 1243 3236 1313 γὰρ
3266 1241 3488 1304 κακίας,
3534 1241 3636 1294 οὐκ
3667 1238 3926 1308 ἀληθείας
3962 1236 4035 1288 τά

2452 1336 2723 1405 λεγόμενα
2752 1335 2976 1405 κρίνων,
3012 1334 3106 1385 καὶ
3143 1333 3550 1401 ὑπεκκαύματα
3592 1330 3789 1398 φθόνου
3825 1329 4037 1397 μᾶλλον

2454 1426 2487 1495 ἦ
2521 1426 2843 1494 προνοήσεις
2874 1423 2934 1488 ἐξ
2960 1422 3172 1481 εὐνοίας
3206 1420 3349 1490 ὓπερ
3373 1419 3561 1484 αὐτοῦ,
3602 1420 3832 1479 ἐκείνοις
3866 1418 4034 1486 ὲχόλα

2456 1517 2549 1569 καὶ
2602 1516 2950 1585 έξωργίζετο.
3006 1514 3114 1566 Τοῦ
3163 1513 3209 1566 δ’
3238 1513 3332 1568 ἐπὶ
3365 1512 3579 1573 τούτοις
3617 1511 3714 1564 καὶ
3750 1509 4036 1579 μετελθεῖν

2455 1608 2549 1660 τοῦ
2602 1608 2701 1678 μὲν
2728 1610 2787 1660 τὸ
2816 1607 2916 1660 οὐκ
2948 1607 3030 1670 είς
3061 1605 3215 1673 ὀλίγα
3266 1606 3536 1673 χρήσιμον
3566 1603 3893 1671 παρῃτεῖτο.
3930 1598 4032 1652 τοῦ

2456 1699 2599 1753 δὲτὸ
2650 1697 2982 1767 ἀξιοπρεπὲς
3019 1698 3100 1759 είς
3130 1696 3230 1765 τὴν
3278 1694 3387 1748 ἀπὸ
3420 1692 3686 1764 βασιλέως
3719 1693 4037 1761 παρόρασιν

2457 1790 2769 1848 διεκώλυεν.
2804 1785 2914 1842 Ἦν
2938 1788 2982 1841 δ’
3003 1787 3181 1849 ἀλλως
3220 1786 3468 1856 ἐμποδὼν
3498 1784 3633 1854 πρὸς
3670 1782 3836 1836 τοῦτο
3864 1783 3961 1833 καὶ
4000 1782 4036 1848 ὴ

2461 1887 2597 1953 πρδις
2618 1881 2709 1934 τὸν
2738 1880 3082 1949 πατριάρχην
3108 1876 3401 1946 καταφυγὴ
3429 1875 3523 1928 τοῦ
3554 1874 3889 1940 Νοστόγγου,
3909 1871 4040 1923 ὅθεν

2459 1974 2597 2045 ῷετο
2625 1973 2770 2043 ἔχειν
2799 1970 2897 2041 τὴν
2924 1971 2979 2033 ἐς
3006 1970 3151 2023 ἀπαν
3180 1968 3411 2021 ἀσυλίαν
3436 1970 3501 2036 τῇ
3530 1966 3630 2035 τῆς
3661 1964 4040 2035 Περιϐλέπτου

2461 2065 2598 2126 τέως
2647 2062 3101 2130 ἐγκεκλεισμένον
3164 2062 3319 2130 μονῇ.
3376 2057 3537 2111 Ὅθεν
3581 2055 3677 2109 καὶ
3733 2054 3884 2123 παρά
3936 2052 4044 2121 τῆς

2463 2148 2696 2225 ἀδελφῆς
2726 2155 2753 2207 ὀ
2774 2152 2991 2223 κρατῶν
3024 2152 3283 2212 πολλάκις
3319 2148 3758 2218 παρωξυμμένος
3792 2145 4043 2212 (ἀνάπυ-

2467 2266 2565 2302 στα
2596 2248 2706 2317 γὰρ
2748 2246 2978 2316 κάκείνῃ
3005 2246 3073 2297 τὰ
3129 2243 3388 2313 λεχθέντα
3420 2244 3558 2294 κατὰ
3583 2239 3642 2292 τὸ
3672 2239 3814 2300 elicit;
3853 2236 4045 2304 ἐγεγό-

2465 2358 2565 2402 νει,
2597 2340 2692 2394 καὶ
2731 2336 3056 2408 ὑδριοπάθει
3084 2334 3154 2389 τὰ
3185 2335 3439 2411 μέγιστα,
3472 2332 3522 2384 εί
3570 2332 3643 2399 μή
3676 2345 3739 2396 γε
3778 2328 3827 2380 oi.
3854 2342 4045 2379 κατει-

2470 2524 2552 2578 υιί
2606 2505 3001 2581 destinaverat,
3034 2518 3097 2571 ad
3134 2518 3337 2587 ipsum,
3367 2526 3417 2570 et
3451 2513 3727 2569 audientia
3764 2510 4043 2581 poscenda

2468 2616 2589 2685 ejus
2614 2614 2868 2683 potestati
2895 2626 2953 2666 se
2978 2611 3316 2681 permittere.
3347 2608 3529 2674 Quare
3560 2608 3625 2661 ad
3669 2605 4042 2677 patriarcham

2471 2723 2530 2762 se
2580 2705 2814 2767 confert,
2874 2703 3012 2774 asyli
3053 2702 3180 2771 jure
3232 2716 3464 2756 securus
3520 2701 3634 2754 illic
3688 2699 3928 2760 futurus,
3986 2706 4047 2752 et

2471 2795 2661 2853 eodem
2699 2794 2896 2849 idoneo
2946 2791 3424 2847 reconciliationis
3476 2800 3762 2858 sequestro
3810 2790 3876 2842 ad
3926 2790 4047 2841 Au-

2472 2898 2693 2959 gustum
2746 2900 2971 2941 usurus.
3025 2883 3244 2948 Scriba,
3290 2884 3385 2952 qui
3433 2883 3582 2953 prior
3618 2883 3670 2935 in
3705 2881 3919 2945 urbem,
3948 2894 4045 2934 ex—

2474 2980 2713 3049 peditius
2765 2978 2854 3032 via
2914 2991 3162 3040 emensa,
3221 2983 3571 3045 pervenerat,
3636 2974 3877 3028 laetatus
3943 2986 4049 3041 spe

2476 3071 2645 3131 inani,
2680 3068 2989 3136 cujusdam,
3021 3083 3184 3135 quam
3230 3067 3515 3131 attulerat,
3554 3075 3790 3135 acceptae
3839 3081 3868 3119 a
3919 3080 4046 3119 ma-

803 3155 925 3223 ejus
958 3155 1055 3207 vim
1087 3152 1453 3221 probabilem,
1498 3153 1639 3207 hanc
1687 3152 1916 3206 scilicet.
1950 3150 2162 3206 Mittere
2198 3168 2293 3222 per
2321 3152 2371 3205 id
2402 3174 2443 3230 ρ
2478 3176 2585 3230 αηο
2611 3161 2747 3215 duce
2778 3160 2842 3213 ad
2872 3159 3098 3214 caniclei
3126 3157 3440 3227 praefectum
3482 3156 3747 3225 epistolae,
3776 3170 3881 3224 qua
3914 3171 4048 3209 eum

806 3255 1027 3314 tempus
1077 3244 1246 3297 voluit
1278 3245 1387 3298 dux
1422 3259 1649 3313 magnus
1688 3245 1752 3297 ad
1790 3258 2007 3296 socrum
2041 3259 2220 3307 suam,
2255 3260 2373 3313 ger-

810 3350 1028 3389 manam
1084 3335 1434 3402 imperatoris
1474 3334 1949 3401 Constantinopoli
2000 3343 2127 3386 tunc
2177 3337 2377 3401 degen-

808 3437 939 3491 tem,
988 3428 1298 3481 minlstrum
1337 3426 1413 3479 illi
1470 3435 1734 3479 matronae
1785 3426 1839 3478 in
1889 3424 2077 3493 primis
2129 3424 2291 3477 fidum
2322 3435 2375 3477 et

806 3521 1001 3575 intime
1031 3518 1383 3582 familiarem,
1422 3518 1855 3579 Canuaburium,
1893 3528 2005 3571 tum
2042 3527 2103 3571 ut
2133 3517 2238 3570 alia
2269 3516 2373 3571 sibi

807 3612 1114 3666 desiderata
1163 3610 1409 3678 quaedam
1464 3625 1556 3676 per
1602 3625 1719 3663 eam
1774 3611 1825 3661 in
1866 3609 1990 3661 aula
2054 3609 2370 3669 conficeret,

815 3712 928 3755 tum
968 3710 1027 3753 ttt
1080 3715 1304 3753 uxorem
1350 3699 1491 3767 apud
1543 3710 1767 3752 matrem
1803 3700 2170 3753 dirersantetn
2221 3698 2286 3750 ad
2320 3713 2380 3753 se

812 3802 1141 3847 accerseret.
1178 3791 1315 3857 Quia
1352 3805 1484 3843 vero
1535 3806 1629 3859 per
1677 3791 1906 3845 infestas
1948 3789 2241 3845 hostilibus
2293 3790 2379 3842 in-

808 3884 1064 3937 cursibus
1087 3884 1332 3951 regiones
1354 3882 1499 3935 haud
1526 3891 1701 3935 tutum
1736 3883 2058 3937 incomitato
2087 3883 2279 3936 viatori
2305 3882 2383 3934 vi-

808 3977 969 4031 debat
994 3978 1095 4030 iter
1118 3977 1252 4039 fore,
1281 3973 1562 4042 Nostongo
1586 3975 1864 4028 mandavit
1891 3986 1949 4029 ut
1972 3991 2094 4030 eum
2126 3984 2246 4029 tuto
2286 3975 2382 4028 de-

809 4078 1128 4136 putatorum
1180 4082 1210 4121 e
1240 4081 1340 4122 sua
1380 4068 1604 4121 cohorte
1646 4068 1700 4120 in
1730 4067 1914 4121 urbem
1962 4082 2156 4122 secure
2185 4066 2382 4122 deduci

809 4161 1065 4230 praesidio
1102 4170 1337 4213 curaret.
1360 4158 1516 4223 Quod
1546 4159 1636 4213 ille
1666 4161 1981 4213 mandatum
2023 4161 2258 4214 obnoxie
2297 4172 2385 4213 ac-

812 4252 1049 4318 cipiens,
1074 4251 1231 4319 quasi
1266 4249 1601 4304 ostentando
1626 4250 2014 4305 abundantiori
2051 4238 2231 4304 studio
2262 4266 2386 4321 gra-

812 4342 1057 4395 tificandi
1106 4342 1232 4395 duci
1276 4354 1497 4409 magno,
1534 4341 1697 4394 simul
1731 4341 1848 4409 plus
1883 4357 2047 4409 quam
2096 4342 2386 4410 petebatur

814 4432 986 4495 dedit,
1047 4431 1211 4485 simul
1272 4443 1455 4501 aptam
1515 4434 1754 4501 captavit
1818 4435 2276 4502 opportunitatem
2331 4435 2382 4486 id

2476 3249 2740 3304 declarari
2776 3248 3101 3304 credidisset
3132 3262 3191 3302 se
3221 3247 3490 3316 legitimas
3523 3247 3812 3300 habentem
3840 3261 4051 3300 (‘RUSaS

2478 3342 2782 3397 abnuendze
2814 3340 3090 3395 ulterioris
3127 3326 3292 3393 mene
3338 3340 3391 3392 in
3442 3338 3709 3407 obsequio
3755 3337 4051 3406 Nostongi,

2479 3450 2507 3487 a
2543 3450 2652 3504 quo
2687 3432 2932 3501 indignis
2970 3431 3149 3487 modis
3196 3439 3552 3495 tractaretur,
3597 3430 3927 3485 auctoritate
3955 3446 4054 3484 su-

2482 3525 2681 3596 periori
2727 3525 2883 3579 ducis
2912 3524 3090 3595 magni
3119 3538 3147 3576 a
3176 3523 3437 3576 famulatu
3463 3525 3641 3593 magni
3674 3521 4056 3576 beta-riarcltte

2484 3620 2587 3672 rite
2638 3616 2808 3671 fuisse
2858 3615 3193 3678 absolutum,
3221 3623 3510 3683 postquam
3559 3630 3619 3668 ea
3671 3613 3881 3666 reddita
3934 3613 4055 3679 epi-

2483 3708 2623 3763 stola
2652 3706 2961 3776 promoveri
2993 3720 3054 3759 ca
3088 3705 3173 3758 via
3217 3705 3491 3773 negotium
3521 3720 3626 3757 non
3658 3702 3826 3756 sensit
3858 3717 4052 3763 suum,
4084 3771 4088 3775 ς

2482 3800 2597 3855 sive
2649 3799 2739 3853 illa
2795 3797 3161 3867 perfunctoria
3209 3796 3613 3850 commendatio
3666 3796 3883 3854 fuisset.
3936 3797 4059 3847 sive

2484 3891 2740 3963 quamvis
2769 3898 3046 3954 accurata,
3070 3902 3263 3956 parum
3291 3889 3432 3957 apud
3462 3885 3771 3956 praelectum
3800 3885 4059 3937 canicleo

2486 3985 2716 4049 valeret,
2751 3984 2869 4037 vela
2898 3981 3202 4036 secundum
3250 3995 3442 4034 auram
3480 3982 3935 4053 verterestatu't,
3967 3993 4061 4031 re-

2484 4076 2891 4143 conciliataque
2935 4089 3059 4126 cum
3094 4073 3378 4140 Nostnngn
3406 4071 3578 4140 gratia
3614 4070 3878 4123 societate
3924 4082 4058 4121 cum

2484 4185 2553 4226 eo
2627 4170 2868 4223 ineunda
2933 4165 3177 4227 consilii,
3243 4164 3307 4217 ad
3383 4162 3749 4223 patriarcham
3810 4171 3864 4215 et
3933 4161 4061 4227 ipse

2484 4259 2756 4328 Confugit,
2792 4272 2974 4327 parem
3010 4271 3121 4326 prae
3151 4272 3209 4311 se
3248 4254 3426 4310 ferens
3495 4255 3839 4309 aversionem
3874 4266 3901 4303 a
3939 4266 4063 4303 ma-

2487 4365 2594 4417 gno
2630 4348 2793 4403 duce.
2834 4347 2910 4401 lbi
2974 4358 3207 4415 uterque
3255 4346 3513 4399 concordi
3572 4352 3770 4399 conatu
3823 4341 4062 4395 studue-

2492 4450 2620 4495 runt
2654 4440 2927 4493 infamare
2980 4438 3124 4507 apud
3157 4439 3460 4505 Augustum
3505 4437 3682 4505 magni
3717 4434 3871 4488 ducis
3906 4443 4061 4498 acta,

812 4521 959 4592 (μιοδ
1010 4537 1109 4576 sua
1159 4538 1329 4577 causa
1381 4525 1604 4591 οριιιιιίιι
1650 4523 1815 4594 430
1867 4524 2085 4593 agendi-
2133 4522 2379 4578 Οίῖίείυηι
2413 4504 2722 4603 unerelis
2779 4540 2972 4587 contra
3012 4504 3133 4599 ejus
3192 4504 3440 4591 avaram,
3477 4504 3827 4597 arrogantem
3869 4536 3929 4579 et
3969 4528 4101 4595 ty-'

813 4614 1018 4682 quippe
1064 4613 1379 4667 deductoris
1411 4614 1512 4667 sibi
1564 4629 1687 4666 cum
1723 4614 1975 4681 praetoria
2013 4630 2109 4669 sua
2162 4615 2388 4669 cohorte

811 4718 1122 4770 assumens,
1147 4705 1555 4758 Cannabnrium
1601 4706 2140 4776 Constantinopolim
2184 4708 2382 4776 perdu-

818 4797 916 4851 xit.
952 4795 1076 4861 Quo
1134 4798 1252 4866 ipso
1318 4806 1564 4864 tempore
1610 4797 1830 4863 quidam
1878 4798 1933 4851 in
1982 4798 2227 4867 ejusdem
2280 4798 2389 4853 No-

818 4890 998 4959 stmrgi
1054 4889 1377 4958 provinciali
1425 4876 1702 4942 'eotnitatu
1762 4889 1957 4943 scribae
2022 4891 2389 4944 ministerium

813 4995 1101 5042 exercens,
1136 4995 1258 5033 cum
1310 4979 1645 5034 decrevisset
1672 4981 1857 5034 nescio
1905 4996 2011 5051 qua
2051 4996 2112 5035 re
2145 4982 2389 5037 olTensus

814 5074 884 5125 ab
938 5072 1091 5125 exesi
1124 5070 1227 5124 sibi
1282 5069 1494 5123 domini
1554 5072 1780 5125 servitio
1843 5074 2121 5138 recedere,
2177 5082 2229 5127 ct
2270 5074 2387 5142 ipse

818 5162 924 5215 iter
984 5161 1174 5214 urbem
1230 5176 1424 5215 versus
1476 5162 1615 5214 clam
1671 5163 1921 5231 arripuit.
1981 5166 2171 5231 Itaque
2224 5166 2385 5219 ambo

816 5253 933 5321 pari
976 5253 1230 5316 consilio,
1260 5253 1385 5307 licet
1427 5253 1658 5306 invicem
1701 5254 1898 5321 ignari,
1943 5254 2161 5311 furtivis
2206 5258 2387 5325 profe-

816 5341 1093 5395 ctionibus
1157 5339 1689 5411 Constantinopolim
1747 5357 2061 5411 pervenere.
2120 5343 2222 5398 Ubi
2277 5343 2381 5397 1V0—

816 5441 1046 5499 stongus
1083 5433 1335 5500 inspecto
1378 5448 1559 5485 rerum
1613 5442 1784 5497 statu,
1823 5450 1946 5487 cum
1991 5436 2217 5488 minime
2252 5450 2380 5503 spc-

818 5532 967 5578 raret
1004 5524 1238 5591 probare
1269 5539 1328 5577 se
1383 5525 1699 5591 imperatori
1736 5540 1918 5592 posse,
1968 5525 2277 5579 manifestis
2327 5525 2379 5578 in

818 5614 1063 5671 favorem
1141 5616 1321 5683 magni
1394 5615 1549 5669 ducis
1623 5629 2001 5687 praeoccupato
2069 5617 2379 5681 allec-tibus,

817 5726 957 5777 quas
1010 5726 1167 5764 veras
1217 5710 1476 5765 habuerat
1528 5724 1726 5765 causas
1771 5727 1800 5765 e
1834 5712 2114 5780 provincia
2172 5710 2379 5779 injussu

818 5802 1152 5871 discedendi,
1209 5804 1351 5857 haud
1412 5813 1590 5859 tntum
1644 5805 1750 5862 sibi
1801 5808 2011 5875 putarit
2060 5805 2378 5876 confugere,

2489 4624 2770 4677 rannicam
2824 4623 3276 4691 gubernationem
3319 4622 3470 4673 libris
3518 4621 3658 4688 apud
3687 4617 4062 4687 patriarcham

2487 4711 2853 4780 deponendis,
2906 4726 3043 4779 quas
3102 4710 3191 4765 ille
3241 4709 3493 4764 videlicet
3543 4711 3607 4763 ad
3667 4710 4061 4776 imperatorem

2487 4800 2748 4867 deferret,
2780 4810 2833 4856 et
2862 4815 2959 4870 pro
3003 4816 3065 4855 ea
3096 4815 3200 4870 qua
3229 4800 3463 4869 pollebat
3488 4800 3629 4867 apud
3676 4801 3850 4867 ipsum
3878 4800 4061 4868 gratia

2491 4893 2733 4947 creditas
2778 4893 2882 4946 sibi
2915 4893 3280 4962 probatasque
3324 4892 3881 4960 persuaderetjustas
3907 4906 4058 4943 esse.

2493 4982 2598 5037 Sed
2629 4997 2889 5037 successu
2924 4996 2985 5037 ea
3017 4997 3107 5037 res
3152 4981 3328 5035 caruit
3355 4998 3367 5033 :
3398 4979 3600 5034 auditis
3643 4979 3786 5032 enim
3819 4979 4063 5047 impera-

2490 5082 2576 5128 tor
2621 5088 2648 5125 a
2679 5071 2994 5141 patriarcha
3041 5086 3163 5139 qua:
3192 5069 3503 5139 Nostongus
3542 5079 3597 5123 et
3628 5071 3746 5137 ejus
3770 5069 3953 5125 scriba
3998 5069 4061 5124 in

2488 5177 2684 5233 magno
2709 5162 2845 5217 duce
2872 5162 3175 5229 cnlparent,
3201 5160 3339 5214 adeo
3380 5175 3488 5213 non
3515 5169 3601 5214 est
3648 5174 3945 5228 persuasus
4000 5170 4066 5214 ut

2488 5254 2631 5308 iram
2666 5254 2848 5323 potius
2884 5268 2990 5306 non
3019 5242 3354 5306 mediocrem
3396 5251 3447 5305 in
3486 5260 3833 5305 accusatores
3869 5261 4062 5304 osten-

2489 5348 2668 5409 deret,
2724 5345 2825 5398 ltos
2870 5343 3129 5408 judicans
3184 5342 3318 5397 falso
3348 5351 3403 5396 et
3450 5358 3613 5412 prava
3667 5342 3945 5394 voluntate
3978 5344 4067 5397 in-

2486 5435 2964 5507 stinctuqne431
2984 5434 3199 5501 maligni
3225 5436 3435 5496 livoris.
3453 5450 3557 5488 non
3579 5443 3782 5495 autem.
3806 5444 3861 5487 ut
3886 5435 4063 5491 videri

2486 5528 2759 5592 volebant,
2800 5530 2915 5581 zelo
2944 5529 3143 5596 publici
3179 5528 3305 5582 boni
3338 5536 3393 5581 et
3432 5527 3614 5582 studio
3645 5528 3910 5582 benevolo
3939 5544 4063 5583 ser-

2486 5620 2663 5673 vicndi
2696 5620 3006 5687 imperatori
3036 5619 3100 5673 ad
3130 5619 3287 5674 istam
3325 5617 3713 5671 calumniosam
3746 5628 3796 5671 et
3832 5618 4067 5673 menda-

2487 5727 2605 5765 cem
2644 5712 2972 5766 delationem
3026 5709 3391 5780 processisse.
3430 5706 3572 5776 Ergo
3630 5708 3683 5761 in
3744 5722 3839 5761 eos
3872 5708 4061 5776 palam

2487 5803 2819 5874 iud‘gnatus,
2858 5801 3092 5858 scribam
3120 5800 3335 5871 quidem
3368 5808 3421 5853 ut
3461 5797 3614 5853 nihili
3662 5798 4065 5854 homunculum
