4206 6440
205 426 301 489 473

1122 428 1222 487 DE
1256 426 1694 490 ANDRONICO
1735 425 2207 489 PAL/EOLOGO
2246 426 2395 484 LIB.
2454 426 2518 485 ν.

3354 415 3458 479 ιιι

205 539 389 599 πάντες
420 537 580 601 άξὲας
622 536 718 599 τὰς
748 536 899 599 δίκας
924 540 1158 603 τῖσαιεν,
1194 540 1331 607 μηδὲ
1364 540 1649 610 προσέξειν
1677 541 1773 595 ἀλ-
1802 546 1849 607 Λ
1880 540 2144 610 ὲλπισμδν
2183 535 2526 606 συμπαθείας
2557 533 2653 598 τῆς
2696 532 2864 601 μονῆς
2895 530 3185 594 ἀπελύετο,
3216 530 3249 598 ἠ
3273 530 3327 582 δὲ
3353 533 3455 601 τῆς

206 632 287 680 λον
313 627 392 696 τῷ
436 628 752 697 στρατηγῷ,
808 628 883 697 μὴ
915 627 1023 683 τῶν
1077 630 1332 697 φυγάδων
1382 632 1608 684 ἐκείνων
1638 633 1770 686 61:0-

206 720 442 786 σχόντων
473 718 573 777 τὰς
618 716 796 780 δίκας)
828 716 963 769 ἀλλὰ
990 717 1051 768 τὸ
1080 717 1181 785 μὲν
1214 721 1350 788 μονῇ
1387 719 1772 784 ἐγκεκλεῖσθαι

205 808 289 862 καὶ⁵
318 808 434 861 ἀπὸ
459 806 754 875 προσώπου
786 803 928 859 εἶναι
956 807 1034 877 τῷ
1066 808 1281 877 βασιλεῖ
1307 810 1541 881 ἀρκετὸν
1584 811 1663 872 εἰς
1694 828 1776 863 τι-

205 890 417 969 μὼρίαν
448 900 683 967 ἔκρινεν,
732 900 907 953 ὲκεῐνο
951 899 1083 966 παρ’
1111 902 1309 955 ἑαυτοῦ
1342 904 1774 956 καταδικασθέν-

201 1009 285 1054 τος
310 994 455 1061 ὅπερ
498 993 564 1044 ἂν
598 990 847 1060 βασιλεὺς
903 993 1096 1045 παθεῖν
1129 996 1338 1045 ἐκεῖνον
1368 993 1441 1056 ὡς
1474 996 1776 1065 πρόστιμον

202 1085 465 1144 ἐδικαίου,
494 1084 593 1152 τῆς
625 1084 793 1152 μονῆς
826 1086 945 1137 ἀντὶ
976 1084 1226 1154 φυλακῆς
1256 1080 1422 1155 οὔσης
1468 1088 1692 1151 αὐτίκα,

202 1177 264 1244 δὴ
296 1178 391 1227 καὶ
445 1178 594 1244 παρᾶ
645 1178 985 1247 πατριάρχου
1038 1178 1365 1242 ἀποσταλεὶς
1398 1178 1773 1246 ἐγκέκλειστο.

203 1267 289 1335 Τῷ
314 1268 370 1321 δέ
395 1284 460 1335 γε
493 1272 886 1337 γραμματιστῇ
909 1269 1325 1337 άπεπροσπάοει
1356 1268 1432 1332 ὡς
1466 1268 1541 1339 μὴ
1578 1269 1693 1337 ἰδίῳ
1715 1268 1776 1321 τὸ

205 1362 427 1414 σύνολον
457 1364 569 1414 δντι
603 1363 696 1415 καὶ
726 1362 801 1424 ὡς
826 1362 889 1414 ἐκ
914 1379 1058 1423 τινος
1086 1363 1344 1433 λατρείας
1379 1362 1610 1424 ἐκείνοις
1642 1363 1775 1415 ἀνα-

202 1449 461 1516 ληφθέντι
482 1466 496 1479 ·
528 1451 638 1502 δεῖν
664 1451 773 1518 γὰρ
799 1453 911 1513 τοῖς
938 1450 1038 1517 τῆς
1057 1451 1167 1502 τῶν
1183 1450 1463 1519 ἀρχόντων
1481 1450 1573 1501 ἐπὶ
1597 1448 1777 1517 πλημ-

204 1544 329 1612 μελὶ
347 1560 488 1610 μασι
512 1544 783 1612 τιμωρίας
823 1544 921 1612 οὐχ
954 1539 1117 1613 ἦττον
1146 1543 1397 1599 κολάσεις
1424 1542 1455 1610 ἢ
1481 1541 1778 1609 καθάρσεις

200 1634 363 1697 οὖδας
401 1635 557 1693 ζδεοις
592 1637 907 1703 προσήκειν,
943 1635 991 1687 εἰ
1027 1634 1272 1703 μέλλοιεν
1306 1634 1355 1684 οἱ
1389 1634 1489 1701 μὶν
1524 1633 1779 1695 κολάζον-

198 1743 286 1787 τες
322 1725 668 1794 κερδαίνειν,
714 1727 763 1777 oi
791 1725 845 1777 δὲ
890 1726 1039 1777 δεινὰ
1091 1727 1395 1795 πάσχοντες
1425 1724 1775 1793 ὠφελεῖσθαι,

201 1816 340 1870 κατὰ
374 1818 477 1885 τὴν
500 1818 578 1879 εἰς
615 1817 834 1869 τούπιὸν
860 1818 1051 1885 χρείαν
1079 1816 1139 1869 τὸ
1165 1819 1437 1886 χρήσιμον
1474 1814 1779 1885 παρεξόμε-

1873 632 2168 701 δλιγωρὶας
2190 627 2318 694 δόξα
2354 627 2444 680 καὶ
2479 626 2559 679 ἔτι
2583 626 2886 689 ἀναζέουσα
2917 620 3006 694 ἦν,
3041 624 3136 676 καὶ
3163 621 3293 676 δείν’
3323 623 3465 677 ἄττα

1872 722 1997 785 τοὺς
2037 720 2115 791 τῷ
2148 719 2372 790 μεγάλῳ
2410 716 2565 770 δουκὶ
2629 714 3067 783 προσκειμένους
3114 712 3461 781 ὑπέσμυχον,

1874 817 1923 868 ει
1952 813 2366 880 καταφρονοἶτο,
2398 812 2491 863 καὶ
2537 808 2773 878 μάλιστα
2819 806 2970 874 παρά
3010 804 3119 857 τῶν
3149 805 3461 858 δοκούντων

1876 909 1970 961 καὶ
1996 907 2053 960 ὲν
2101 905 2281 970 ἀξίαις
2309 904 2441 972 (τοῖς
2474 904 2582 973 γὰρ
2625 901 3005 971 καιριωτέροις
3048 901 3292 969 μέρεσιν,
3324 898 3452 951 ὃταν

1876 999 2011 1069 ὲνδῷ
2035 998 2171 1068 πρδς
2202 998 2263 1050 τὸ
2292 998 2492 1066 χεῖρον,
2523 998 2734 1066 ἀνάγκη
2763 992 3219 1059 συνδιεστράφθαι
3250 991 3344 1045 καὶ
3383 992 3456 1044 τὰ

1876 1091 2063 1153 λοιπὴ,
2115 1090 2181 1160 ἦν
2222 1091 2295 1161 μή
2336 1107 2422 1152 τις
2476 1090 2724 1160 ἐπίσχῃ),
2784 1089 2907 1141 τότε
2941 1086 3199 1157 βασιλεὺς
3235 1085 3457 1152 πέμψας

1879 1185 2003 1252 ἄγει
2056 1184 2151 1237 καὶ
2199 1184 2568 1253 ἀμφοτέρους,
2625 1185 2721 1234 καὶ
2775 1181 2837 1250 δὴ
2869 1181 3054 1250 ἡμέρα
3098 1176 3458 1248 κυριωνύμῳ,

1877 1272 3014 1347 Μαιμακτηριῶνοςτεσσαρεσκαιδεκάτῃ.
3042 1272 3170 1341 τοὺς
3197 1270 3325 1339 περὶ
3364 1268 3464 1323 αὐ-

1879 1365 1971 1418 τὸν
2022 1365 2556 1435 παραστησάμενος,
2616 1362 2905 1431 παρόντων
2945 1361 3237 1423 κακείνων,
3294 1358 3464 1412 πολὺν

1885 1455 1983 1522 μὲν
2013 1454 2170 1522 λόγον
2194 1454 2484 1523 παρέτεινε
2517 1451 2873 1521 δημηγορῶν,
2908 1450 2984 1518 τῷ
3018 1449 3119 1519 μὲν
3152 1450 3334 1501 δοκεῖν.
3357 1466 3463 1518 κα·-

1881 1547 2223 1615 οαπτόμενος
2257 1544 2351 1597 τοῦ
2380 1544 2715 1612 Νοστόγγου,
2737 1547 2799 1594 τὸ
2826 1543 2877 1595 δὲ
2915 1543 3167 1594 πλεῖστον
3201 1541 3294 1594 καὶ
3324 1540 3466 1608 ὑπὲρ

1878 1641 1973 1693 τοῦ
2034 1639 2277 1707 μεγάλου
2327 1636 2517 1699 δουκδς
2554 1635 2687 1705 πρὸς
2716 1636 2843 1697 τοὺς
2898 1636 3230 1702 μεγιστᾶνας
3265 1632 3466 1687 ἀπολο-

1880 1730 2173 1798 γούμενος,
2225 1728 2299 1791 ὡς
2334 1727 2501 1797 μηδὲν
2536 1726 2774 1789 ἀναξίως
2810 1729 2919 1779 κὰκ
2963 1724 3056 1778 τοῦ
3101 1724 3463 1793 παρείκοντος

1884 1826 2012 1895 μήτ’
2060 1823 2222 1876 αὑτὸν
2252 1822 2657 1892 προϐιόασμοῖς
2687 1821 2937 1889 ἰτιμῐίσαι¹
2963 1819 3053 1871 τὸν
3103 1819 3200 1872 καὶ
3234 1818 3339 1888 πρδ
3370 1817 3466 1869 τοῦ

198 1926 295 1960 νος.
331 1906 420 1995 LP.
465 1906 595 1978 299]
638 1908 794 1960 Ἐπεὶ
822 1907 877 1959 δὲ
910 1908 937 1959 ὁ
989 1907 1087 1977 μὲν
1120 1908 1430 1975 Νοστὸγγος
1474 1906 1616 1959 κατά
1660 1922 1781 1960 τινα
1816 1916 1859 1974 Β
1893 1918 2071 1989 μέγαν
2104 1915 2390 1978 δοκοῦντα,
2457 1915 2581 1983 μήτ’
2610 1915 2816 1965 ἐκεῖνον
2857 1915 2986 1981 παρ’
3018 1910 3184 1965 αὑτοῦ
3231 1908 3471 1981 τιμηθῆ..

194 2103 247 2149 et
301 2107 504 2163 parum
548 2091 733 2144 utilem
788 2104 818 2142 e
863 2090 1170 2143 ministerio
1201 2089 1405 2143 amovit
1441 2107 1453 2141 :
1500 2086 1782 2158 Nostongo

195 2202 261 2241 ne
291 2200 475 2254 poena
505 2184 559 2238 ei
594 2182 922 2238 luculentior
958 2181 1316 2253 infligeretur,
1340 2196 1437 2235 sua
1473 2189 1623 2236 tanto
1657 2196 1779 2235 am-

193 2278 349 2346 plior
368 2276 616 2342 dignitas
673 2273 900 2342 profuit,
937 2273 1237 2342 praesertim
1276 2288 1401 2325 cum
1456 2288 1521 2326 ne
1554 2288 1651 2343 pro
1684 2288 1780 2340 po-

194 2378 397 2423 testate
455 2374 803 2419 coerceretur
862 2364 1300 2434 subjicereturve
1342 2362 1579 2431 judicio,
1642 2363 1779 2433 asyli

190 2462 277 2531 jus
309 2459 583 2517 obstaret.
610 2472 721 2526 quo
750 2457 841 2511 ille
884 2454 1210 2524 Peribleplze
1236 2457 1574 2508 monasterio
1604 2456 1780 2509 inclu-

194 2570 285 2607 sus
320 2553 487 2622 (illuc
518 2552 666 2605 enim
694 2566 819 2605 eum
852 2548 1165 2618 patriarcha
1197 2548 1446 2621 miserat)
1481 2547 1780 2603 inviolabili

193 2646 482 2699 utebatur.
512 2644 705 2712 Itaque
754 2656 1073 2711 quanquam
1105 2656 1262 2695 soror
1297 2641 1664 2708 imperatoris,
1693 2655 1782 2694 so-

192 2753 323 2793 crus
363 2735 528 2789 ducis
574 2734 779 2803 magni,
820 2733 1051 2803 cognitis
1106 2748 1229 2802 quae
1268 2741 1459 2786 contra
1516 2732 1662 2786 hunc
1713 2733 1783 2789 ab

192 2830 279 2885 bis
302 2831 697 2891 movebantur,
725 2839 987 2898 tanquam
1027 2843 1128 2897 pro
1153 2839 1356 2897 genero
1384 2825 1641 2886 sollicita,
1673 2839 1780 2878 non

192 2930 447 2979 cessaret.
478 2922 853 2976 Andronicum
891 2920 1109 2975 irritare
1149 2920 1413 2975 adversus
1446 2918 1584 2974 duos
1613 2919 1783 2974 falso-

194 3030 336 3078 rum,
387 3020 452 3065 ut
498 3011 704 3077 aiebat,
749 3012 1063 3066 inventores
1105 3010 1420 3074 criminum,
1456 3023 1783 3079 magnopere

192 3119 544 3175 exaggerans
587 3119 699 3158 rem
732 3118 856 3159 esse
884 3104 1165 3174 indignam
1209 3103 1553 3172 exemplique
1588 3102 1642 3155 in
1678 3116 1783 3171 pu-

194 3197 397 3251 blicum
432 3194 612 3260 noxii,
646 3196 865 3262 impune
902 3194 1044 3249 ferre
1073 3194 1445 3249 calumniosos
1473 3193 1781 3265 sycophan-

194 3297 274 3341 tas
307 3286 845 3357 impudentissimam
875 3286 1180 3352 audaciam,
1214 3304 1280 3342 ex
1306 3304 1411 3357 qua
1436 3288 1608 3341 inulta
1643 3303 1771 3356 pcr-

193 3385 464 3433 manente
486 3387 818 3432 secuturum
848 3387 992 3434 esset
1027 3388 1085 3433 ut
1115 3380 1207 3433 alii
1250 3394 1469 3449 quoque
1506 3378 1573 3433 ad
1604 3380 1774 3433 licen—

192 3474 327 3524 tiam
363 3470 585 3524 iuvitati
607 3470 842 3525 similem
873 3471 1208 3539 negligerent
1247 3472 1477 3527 obedire
1506 3473 1629 3526 duci
1661 3486 1777 3525 ma-

192 3580 317 3633 gno,
346 3569 516 3629 cujus
542 3579 705 3631 qnam
733 3572 885 3618 esset
938 3563 1099 3617 fortis
1148 3572 1202 3619 et
1240 3564 1369 3618 felix
1409 3565 1551 3619 bello
1589 3565 1776 3634 reique

193 3664 322 3710 tunc
368 3656 609 3725 publica:
656 3655 963 3709 necessaria
1009 3670 1193 3724 opera,
1228 3654 1611 3726 Philadelphia
1641 3657 1776 3708 libe-

191 3750 333 3803 ratio
369 3756 747 3813 monstraret;
792 3748 893 3802 etsi
944 3749 1077 3811 haec,
1108 3750 1351 3817 inquam,
1402 3740 1778 3803 indesinenter

196 3851 425 3911 urgeret
451 3848 565 3892 tam
589 3847 782 3907 potens
821 3851 874 3893 et
905 3856 1030 3895 cara
1060 3841 1370 3910 imperaturi
1398 3849 1667 3905 matrona,
1699 3850 1780 3895 ta-

194 3949 313 3987 men
338 3933 419 3986 illi
462 3947 572 3985 non
604 3940 689 3987 est
720 3932 896 3987 visum
929 3932 1074 3986 aliud
1101 3942 1214 3986 tum
1246 3933 1467 4003 quidem
1498 3931 1781 4005 Nostongo

192 4022 528 4093 supplicium
554 4020 800 4091 infligere
825 4038 839 4086 ;
866 4020 1121 4076 sufficere
1156 4024 1362 4093 quippe
1402 4024 1629 4078 interim
1666 4025 1780 4078 aie-

194 4115 282 4171 bat
309 4130 623 4177 carcerem,
660 4130 822 4183 quem
860 4115 903 4168 is
955 4113 1060 4169 sibi
1095 4105 1239 4169 ultro
1287 4117 1670 4178 conscivisset,
1700 4117 1783 4171 in-

194 4209 432 4263 cludens
501 4221 628 4261 sese
695 4206 1037 4261 monasterio
1095 4206 1456 4279 Pcribleptaa;
1508 4226 1671 4279 quam
1723 4224 1784 4263 se

194 4303 269 4355 illi
316 4302 637 4356 custodiam
686 4301 959 4369 imputare
989 4300 1207 4355 dicebat
1239 4301 1294 4354 in
1354 4311 1561 4372 partem
1610 4316 1784 4370 paenae

196 4401 459 4457 tanquam
502 4392 765 4443 indictatn
810 4391 1054 4461 legitime
1098 4392 1381 4445 damnato.
1429 4390 1774 4446 lnstantibns

194 4491 401 4543 autem.
444 4494 607 4551 posse
650 4482 843 4536 saltem
868 4482 1049 4551 puniri
1081 4480 1422 4551 Nostongum
1459 4482 1514 4535 in
1551 4496 1783 4550 persona

1883 2105 1968 2151 ret
2008 2094 2262 2149 frustrari
2306 2100 2435 2147 voto
2479 2105 2582 2145 suo
2632 2089 2915 2159 iudicem;
2966 2088 3059 2159 qui
3110 2103 3233 2143 cum
3279 2092 3473 2155 pinnas

1886 2184 2195 2241 istiusmodi
2240 2182 2425 2237 minus
2468 2180 2690 2234 ultrices
2736 2194 2862 2233 esse
2912 2194 3075 2246 quam
3120 2178 3469 2247 purgatrices

1883 2280 2035 2341 velit,
2056 2278 2342 2346 magisque
2373 2282 2525 2345 Optet
2547 2273 2828 2328 emendari
2858 2288 2954 2342 per
2976 2288 3072 2326 eas
3097 2274 3151 2325 in
3184 2280 3464 2340 posterum

1840 2404 1852 2416 ι
1883 2372 1977 2441 qui
2034 2370 2288 2439 deliquit,
2320 2382 2483 2437 quam
2541 2368 2658 2436 ipse
2689 2365 2793 2419 frui
2852 2364 3145 2418 dulcedine
3188 2364 3467 2429 vindictae,

1885 2464 2034 2519 iatud
2068 2461 2217 2531 quod
2257 2475 2287 2515 e
2329 2458 2643 2528 reipublicae
2675 2457 2915 2511 utilitate
2959 2464 3195 2525 spectat,
3246 2456 3470 2511 minime

1884 2563 2273 2624 assequeretur
2314 2551 2594 2608 saeviendo
2636 2550 2690 2604 in
2738 2564 3030 2618 personam
3072 2547 3471 2615 indiiTerentcm

1885 2650 1962 2702 illi
1999 2662 2158 2717 quem
2186 2644 2451 2715 primario
2484 2642 2599 2696 vult
2632 2641 2888 2709 plectere.
2918 2643 3011 2694 Sic
3050 2650 3181 2695 tunc
3216 2640 3474 2701 eludebat

1886 2742 2183 2812 imperator
2221 2737 2501 2792 studiosos
2529 2734 2713 2805 magni
2743 2734 2901 2788 duris
2932 2748 3149 2802 poenam
3201 2731 3468 2801 Nostongi

1888 2832 2247 2902 postulantes.
2327 2827 2530 2881 Verum
2603 2842 2727 2880 cum
2803 2825 3099 2881 accidisset
3185 2826 3473 2895 aliquanto

1886 2933 2010 2995 post
2088 2924 2203 2975 haec
2271 2920 2493 2989 prodire
2549 2932 2579 2971 e
2658 2931 2758 2971 suo
2843 2916 2997 2984 asylo
3101 2914 3470 2986 Nostongum,

1885 3032 1981 3085 spe
2012 3014 2243 3083 quadam
2281 3019 2545 3080 concepta
2577 3007 2842 3077 parcituri
2877 3007 3035 3061 facile
3066 3007 3173 3062 sibi
3209 3007 3468 3076 Augusti,

1884 3108 1929 3162 si
1972 3106 2326 3161 committere
2372 3117 2432 3157 se
2477 3115 2631 3153 reum
2664 3098 2839 3168 ipsius
2870 3099 3175 3154 clementiae
3216 3098 3469 3164 vidisset,

1885 3202 2013 3253 dum
2048 3198 2097 3251 id
2137 3198 2313 3266 ipsum
2347 3192 2503 3255 aula),
2538 3191 2699 3254 utfit,
2732 3190 3085 3245 sermonibus
3115 3190 3431 3245 celebratur
3456 3234 3471 3257 ,

1882 3293 2323 3347 animadversum
2406 3295 2491 3341 est
2589 3285 2762 3356 magis
2841 3284 3163 3340 incumbere
3256 3285 3471 3355 judicia

1878 3393 2195 3455 magnatum
2268 3382 2659 3452 plerarumque
2713 3377 2765 3430 in
2838 3376 3317 3447 reprehensionem
3381 3391 3473 3429 ar-

1879 3478 2143 3546 rogantia
2198 3473 2377 3543 magni
2425 3468 2609 3533 ducis,
2661 3469 2754 3540 qui
2809 3470 3149 3538 Nostongutn
3216 3484 3472 3539 magnum

1882 3569 2315 3628 lietzeriareham,
2353 3564 2618 3633 dignitate
2676 3578 2736 3615 ac
2774 3562 3049 3616 natalibus
3110 3562 3473 3630 eouspicuum

1880 3665 2179 3723 hominem,
2241 3643 2390 3713 velut
2419 3658 2486 3711 de
2537 3656 2693 3724 plebe
2715 3656 3055 3724 quempiam,
3110 3652 3467 3719 contemptim

1879 3762 1932 3807 et
2018 3748 2310 3818 imperiose
2387 3752 2703 3800 tractasset.
2779 3744 2911 3809 Quae
2966 3744 3205 3811 gi‘scens
3269 3742 3471 3795 invidia

1881 3856 2007 3894 cum
2062 3839 2223 3892 ducis
2292 3835 2473 3904 magni
2553 3833 2866 3888 fautoribus
2930 3834 3209 3901 injecisset
3261 3848 3475 3897 curam,

1881 3933 2028 4002 quod
2071 3947 2195 3987 eum
2242 3932 2351 4001 jam
2382 3929 2658 3984 contemni
2688 3944 2751 3983 ac
2775 3929 2990 3982 traduci
3044 3928 3246 3998 passim
3286 3944 3314 3981 a
3348 3944 3476 3999 pro-

1883 4027 2105 4081 ceribus
2141 4034 2195 4079 et
2246 4022 2567 4078 constitutis
2626 4023 2678 4076 in
2736 4020 3003 4091 dignitate
3075 4021 3205 4075 viris
3269 4023 3478 4091 prima-

1884 4120 1985 4173 riis
2022 4117 2306 4177 videbant,
2340 4116 2716 4184 intclligebant
2745 4122 2927 4167 autem
2986 4128 3187 4169 sensus
3236 4121 3291 4167 et
3327 4114 3477 4183 judi-

1884 4213 1968 4267 cia
2025 4219 2357 4266 summatmn
2426 4206 2584 4261 facile
2621 4209 2672 4260 in
2698 4208 2894 4276 vulgus
2940 4222 3167 4276 quoque
3197 4221 3466 4275 ﬁsci-pere,

1887 4303 2301 4374 periculumque
2327 4300 2462 4365 fore,
2489 4301 2542 4354 ni
2572 4309 2785 4355 mature
2805 4284 3212 4361 occurreretur,
3245 4314 3310 4353 ne
3327 4283 3479 4353 com-

1889 4394 2150 4449 munibus
2182 4407 2306 4446 mox
2332 4399 2387 4446 et
2425 4393 2765 4447 unanimiter
2793 4389 3481 4461 conspiranlibus-primo-

1892 4503 2010 4541 rum
2045 4486 2203 4555 juxta
2238 4486 2693 4554 infirmorumqne
2724 4502 2867 4541 unus
2897 4484 3303 4554 odiisobjectus
3332 4481 3483 4537 haud

194 4576 388 4631 scriba!
451 4573 565 4637 sui,
617 4574 709 4643 qui
777 4588 885 4626 non
937 4574 1314 4629 diversaretur
1349 4575 1403 4628 in
1455 4554 1788 4629 monasterio
1827 4589 1869 4643 ι)
1895 4594 1996 4649 par
2028 4580 2341 4634 resistendo
2372 4587 2537 4644 esset,
2577 4579 2734 4634 novis
2768 4580 3155 4649 imperatorem
3190 4578 3472 4634 instantiis

197 4669 348 4735 (huic
390 4667 548 4721 enim
581 4666 731 4734 ju3te
782 4666 1137 4737 iufligendum
1185 4668 1417 4721 merenti
1455 4666 1783 4737 supplicium

196 4762 245 4815 in
274 4759 645 4831 ignominiam
666 4767 722 4813 et
743 4758 988 4813 dolorem
1027 4760 1458 4833 redpndaturum
1488 4760 1660 4828 ipsius
1687 4757 1783 4813 do-

198 4853 349 4917 tnini,
364 4851 534 4917 cujus
563 4849 813 4917 exemplo
831 4858 884 4903 et
905 4848 1190 4903 commodo
1211 4850 1539 4919 peccasset),
1559 4863 1790 4918 respon-

197 4945 357 5001 debat
400 4947 713 5013 imperator
744 4943 1089 5012 Nostongum
1126 4943 1258 4997 nihil
1303 4943 1370 4997 ad
1421 4957 1483 5010 se
1515 4942 1793 5012 pertinere

198 5051 522 5107 putaturqu
574 5037 707 5106 quid
764 5037 961 5092 scriba:
992 5038 1083 5093 isti
1120 5037 1292 5103 ﬁeret,
1321 5052 1483 5107 quem
1523 5031 1590 5089 ad
1633 5049 1787 5090 suam

200 5148 325 5187 tere
367 5131 718 5201 pertinuisse
749 5130 1013 5185 familiam
1051 5138 1273 5200 negaret
1308 5145 1323 5183 :
1359 5129 1412 5183 in
1444 5144 1563 5184 eam
1591 5129 1794 5198 quippe

200 5225 495 5294 irrepsisse
523 5222 668 5275 haud
699 5236 729 5275 a
773 5237 833 5277 se
858 5222 1114 5289 ascitum,
1149 5222 1244 5277 sed
1272 5220 1461 5275 furtim
1486 5220 1790 5273 adhibitum

196 5331 224 5368 a
279 5316 399 5372 suis
446 5312 815 5369 familiaribus
868 5316 1208 5373 mercenaria
1246 5314 1527 5369 functione
1581 5308 1789 5366 venalis

198 5425 398 5477 operae.
453 5406 725 5476 Oportere
795 5413 1004 5469 autem,
1056 5407 1102 5460 si
1139 5408 1361 5477 quando
1425 5409 1823 5477 magistratus

198 5516 298 5554 non
331 5502 388 5555 in
448 5501 698 5569 propria,
735 5498 829 5553 sed
886 5500 942 5554 in
984 5499 1163 5554 ahena
1212 5500 1513 5568 castigandi
1547 5514 1779 5567 persona

202 5590 359 5662 432
390 5590 599 5652 sint,in
624 5603 690 5642 eo
731 5590 908 5659 capite
928 5604 1141 5657 pmnam
1184 5590 1443 5644 constitui
1492 5589 1784 5659 quodinti-

204 5699 345 5735 mum
368 5681 507 5751 ipsis
530 5692 587 5736 et
604 5696 791 5737 carum
813 5682 1020 5736 sciatur
1043 5695 1186 5746 case,
1218 5683 1486 5751 cujusque
1523 5684 1780 5736 damnum

205 5788 263 5829 ac
288 5776 446 5829 labor
477 5774 549 5829 ad
573 5790 796 5832 sensum
829 5774 1048 5830 illorum
1079 5776 1276 5832 aﬂectu
1310 5787 1365 5833 ct
1394 5779 1782 5847 compassionc

204 5876 567 5941 propagatum
600 5868 668 5925 iri
700 5884 811 5924 non
846 5868 919 5926 sit
950 5869 1200 5926 dubium.
1241 5870 1462 5938 Alioqui
1490 5873 1779 5937 continge-

1885 4672 1952 4725 ad
2004 4672 2440 4727 succurrendum
2474 4672 2561 4727 isti
2600 4672 2937 4727 discrimini'
2965 4671 3346 4742 perpulerunt.
3382 4671 3483 4729 His

1887 4762 1978 4818 ille
2027 4779 2301 4829 annuens,
2353 4763 2442 4817 die
2475 4773 2671 4834 quarta
2706 4765 2919 4820 decima
2970 4765 3140 4831 Junii,
3200 4781 3323 4836 qua:
3375 4766 3495 4821 fuit.

1891 4853 1989 4909 illo
2021 4869 2168 4909 anno
2218 4855 2521 4918 Dominica,
2574 4856 2770 4911 adduci
2802 4872 2987 4911 coram
3028 4872 3152 4914 sese
3199 4858 3255 4913 in
3299 4860 3483 4913 medio

1893 4962 2184 5016 procerum
2218 4948 2359 5002 aulae
2396 4948 2719 5003 considente
2751 4949 3091 5020 Nostongum
3133 4961 3187 5005 et
3237 4952 3480 5007 scribam

1891 5041 2081 5109 jussit.
2134 5042 2312 5109 Atque
2349 5040 2439 5095 hic
2492 5042 2710 5109 longam
2760 5042 2895 5098 satis
2944 5044 3230 5111 ingressus
3266 5046 3483 5099 oratio-

1902 5148 2026 5186 nem
2072 5132 2256 5202 specie
2284 5132 2577 5187 invehendi
2607 5133 2659 5186 in
2690 5131 3059 5205 Nustongnm,
3096 5135 3390 5190 maximam
3423 5152 3483 5192 re

1891 5240 2018 5279 vera
2068 5224 2343 5279 sermonis
2393 5233 2606 5293 partem
2663 5227 3015 5295 consumpsit
3077 5227 3131 5280 in
3191 5226 3479 5297 purgando

1887 5317 2029 5387 apud
2055 5316 2350 5387 praesentes
2378 5329 2661 5387 magnatcs
2682 5320 2821 5372 duce
2849 5334 3044 5386 magno
3059 5319 3309 5389 actisque
3330 5320 3481 5375 illius

1892 5420 1947 5466 et
1976 5409 2096 5465 suis
2132 5423 2263 5477 erga
2298 5408 2453 5461 illum
2485 5410 2771 5464 beneficiis
2805 5412 3195 5479 vituperationi
3230 5414 3484 5469 eximen-

1895 5502 2002 5556 dis.
2041 5501 2314 5555 Conatttm
2367 5501 2571 5570 quippe
2606 5516 2788 5555 acrem
2840 5503 3078 5557 intendit
3132 5504 3203 5558 ad
3250 5520 3481 5574 persua-

1894 5592 2137 5648 dendum
2172 5606 2345 5659 neque
2380 5606 2438 5644 se
2493 5592 2844 5647 cumulandis
2900 5594 2955 5645 in
2990 5592 3339 5648 Ronlzerinm
3383 5594 3485 5649 ho-

1895 5684 2124 5739 noribus
2165 5683 2496 5737 liberalitate
2540 5683 2866 5745 excessisse,
2912 5697 3089 5752 neque
3126 5684 3280 5738 illum
3315 5698 3481 5739 accc-

1894 5777 2043 5846 piszc
2099 5790 2128 5829 a
2172 5790 2231 5830 se
2286 5775 2587 5844 quidquam
2639 5789 2750 5843 quo
2801 5792 2910 5829 non
2967 5776 3194 5833 deberet
3234 5777 3479 5848 iudicari

1900 5868 2283 5936 digttissittttts,
2318 5868 2517 5933 quippe
2555 5868 2646 5933 qui
2681 5868 2787 5931 iant
2823 5878 3118 5928 antequam
3157 5872 3263 5925 huc
3296 5870 3470 5926 adve-
