4206 6440
224 396 334 457 £77

1150 413 1250 476 DE
1280 417 1723 484 ANDRONICO
1743 424 2211 494 PALEOLOGO
2235 436 2381 499 LIB.
2415 441 2481 501 ι’.

3381 446 3485 508 478

206 513 397 628 luela:
436 510 518 628 οἷς
552 518 771 628 ἐκείνοι.
789 525 1129 628 κροτοξντες.
1156 532 1257 602 τὴν
1292 532 1476 603 μάχην
1518 537 1796 592 ἀνάπτου·
1822 541 1874 599 Α
1898 541 1993 595 οὖν
2022 547 2233 612 ἐκεῖνος
2260 550 2360 617 μὲν
2385 552 2643 625 εὐκόσμῳ
2685 561 2830 628 φυγῇ
2859 558 2968 615 τῶν
2991 556 3137 627 ἀμφὶ
3183 556 3276 611 τὸν
3309 560 3491 626 μέγαν

211 622 328 668 σιν,
362 609 515 671 ἐντος
571 616 881 684 συνεπῆγον
918 619 1031 672 τῶν
1068 621 1329 676 σάκκων·
1385 627 1479 680 καὶ
1523 629 1645 681 ἀντὶ
1705 649 1797 683 πι-

207 699 379 763 ποῦς,
402 702 465 754 τὸ
493 704 585 756 τοῦ
636 706 820 775 λόγου,
855 714 1119 782 σκορπίον
1156 718 1204 768 οἱ
1237 717 1454 771 πολῖται
1483 720 1795 790 δεξάμενοι,

203 796 340 855 ταῖς
378 796 660 865 εὐθηνίαις
714 801 1235 876 ὲλπιδοκοπούμενοι
1285 810 1345 861 ἐν
1394 812 1577 867 ἀνέσει
1629 810 1793 885 ἦσαν.

204 885 331 951 Νὺξ
366 889 416 942 δ’
454 890 555 961 ἤδη
584 895 714 963 περὶ
740 896 937 960 αὐτοὺς
968 894 1058 969 ἦν,
1110 903 1204 953 καὶ
1256 904 1511 973 ἠγνόουν,
1545 909 1638 960 καὶ
1671 911 1794 972 ταῖς

202 981 453 1045 ἀγαθαῖς
482 987 837 1052 προσδοκίαις
864 988 1114 1059 ᾐώρηντο
1162 996 1219 1046 ὲν
1248 999 1439 1059 κακοῖς
1470 996 1794 1065 ἀναγκαίοις

202 1074 388 1136 ὅντες.
430 1076 716 1132 Ἐντεῦθεν
746 1081 841 1133 καὶ
874 1084 969 1148 νὺξ
1004 1084 1105 1153 μὲν
1138 1086 1326 1156 εκείνη
1362 1089 1604 1157 ὲμμέσον
1626 1092 1794 1161 μηδὲν

207 1163 598 1235 ὑπειδομένοις
634 1172 745 1233 τοῖς
774 1172 1040 1237 πολῖταις,
1075 1176 1126 1228 οί
1156 1177 1203 1230 δ’
1245 1178 1611 1244 ἀναλαϐόντες
1656 1181 1790 1236 Exa-

203 1273 337 1318 στος
370 1259 443 1310 τὰ
492 1260 651 1331 ὴχεία
684 1264 922 1334 πολέμου
956 1267 1158 1337 τρόπον
1189 1271 1651 1341 ἀνεκυμδάλιξον.
1682 1276 1790 1331 Καὶ

202 1352 324 1411 τοῖς
356 1350 460 1419 μὲν
490 1353 888 1411 διυπνισῦετσιν
930 1359 1193 1429 ἔκπληξις
1226 1364 1489 1433 ἐμπίπτει
1523 1368 1619 1420 καὶ
1652 1368 1786 1421 ἀπο-

206 1440 302 1507 ρία
333 1439 432 1491 τοῦ
461 1443 536 1511 πῆ
562 1445 835 1513 τραπῆναι
862 1448 957 1501 καὶ
981 1450 1243 1519 ἐκφυγεῖν
1263 1469 1277 1485 ο
1309 1454 1358 1506 οί
1398 1454 1445 1507 δ’
1465 1455 1786 1521 ἐπιστάντες

198 1533 440 1602 ἀπτέρῳ
488 1538 641 1605 τάχει
669 1542 787 1601 ταῖς
811 1541 1009 1605 πύλαις
1038 1544 1232 1608 αὐταῖς
1262 1546 1436 1599 κλεισὶ
1468 1549 1561 1601 καὶ
1597 1548 1785 1617 ὀχεῦσι

196 1622 265 1687 τῇ
302 1623 374 1690 τῇ
409 1628 873 1693 προταράττουσι,
932 1632 1027 1684 καὶ
1060 1633 1297 1701 ἐγγύθεν
1323 1638 1450 1699 τοὺς
1484 1640 1784 1710 σφετέρους

198 1713 465 1782 ἑτοίμους
493 1717 652 1781 ὄντας
681 1724 1149 1795 συμμαχήσοντας
1187 1728 1646 1798 προσκαλοῦνται.
1674 1732 1785 1787 Καὶ

195 1806 378 1870 οὕτως
428 1808 599 1879 αὐτῆς
633 1815 827 1877 νυκτὸς
857 1818 921 1868 εκ
958 1818 1089 1886 μιᾶς
1120 1818 1349 1883 ἐκείνοις
1380 1822 1560 1892 όρμῆς
1588 1822 1650 1875 τὸ
1682 1824 1781 1876 πό-

196 1896 374 1967 λισμα
424 1908 861 1975 παρεστήσαντο.
896 1903 967 1979 Ὦ
1012 1910 1077 1981 δὴ
1125 1912 1219 1966 καὶ
1279 1912 1568 1987 ’Λλισύρας
1600 1917 1781 1987 ὀρμη-

193 1992 380 2062 τηρίφ
417 1995 474 2058 ἐς
504 1997 570 2048 τὰ
601 1998 841 2066 μάλιστα
880 2001 1185 2073 χρώμενος,
1225 2006 1324 2070 τὰς
1359 2006 1579 2077 σύναμα
1633 2010 1785 2080 Καρ-

197 2088 397 2154 pavet;
424 2088 693 2160 ἐκδρομὰς
715 2091 849 2147 ὅπου
876 2098 1129 2164 παρείκοι
1148 2097 1388 2151 ἐποίουν.
1410 2098 1540 2152 Τότε
1558 2116 1783 2172 τοιγαρ-

197 2278 311 2324 tem
348 2270 759 2341 relinquerent.
787 2274 1162 2332 Condiderant
1189 2287 1369 2334 autem
1396 2281 1539 2337 intra
1563 2299 1778 2354 saccos,

196 2377 345 2430 quos
405 2364 592 2418 tritico
646 2364 880 2421 refertos
940 2369 1377 2438 mentiebantur,
1441 2374 1776 2443 crcpitacula

192 2452 419 2514 bellica.
458 2466 713 2525 tympana
750 2455 1008 2511 nimirum
1052 2473 1118 2514 ac
1176 2459 1339 2516 tubas
1383 2476 1689 2535 sonoraque
1724 2468 1777 2522 id

194 2560 372 2615 genus
400 2546 791 2613 instrumenta,
844 2548 1043 2617 quibus
1099 2550 1281 2605 solent
1310 2552 1384 2606 uti
1432 2556 1777 2614 concitandis

196 2638 474 2692 militibus
504 2638 570 2692 ad
602 2640 870 2708 praelium.
899 2640 1012 2695 Sub
1038 2650 1252 2696 noctem
1275 2658 1340 2699 ea
1368 2648 1590 2702 mandra
1620 2664 1777 2705 man-

193 2745 394 2783 norum
452 2740 804 2796 onustarum,
875 2748 978 2787 suo
1031 2749 1305 2806 quemque
1358 2741 1609 2808 agasouis
1657 2742 1775 2797 vice

191 2820 361 2876 Persa
396 2823 572 2876 milite
600 2823 853 2889 ducente,
887 2825 940 2878 in
967 2825 1158 2880 urbem
1182 2824 1443 2897 Tripolim
1470 2845 1576 2885 non
1611 2834 1774 2887 modo

189 2918 327 2968 citra
360 2917 737 2985 suspicionem
768 2917 955 2981 ullam,
989 2918 1086 2974 sed
1123 2926 1178 2973 et
1215 2937 1339 2976 cum
1402 2923 1775 2994 gratulatione.

193 3018 414 3078 recepta
450 3018 556 3062 est.
588 3007 937 3065 Laetnbautur
964 3012 1114 3066 cives
1150 3013 1339 3083 augeri
1370 3030 1431 3071 se
1455 3018 1773 3072 commeati-

189 3100 293 3156 bus
321 3112 377 3154 et
412 3103 467 3155 iu
501 3102 647 3172 longi
694 3104 1046 3157 securitatem
1085 3108 1346 3176 temporis
1397 3123 1628 3165 annona:
1674 3112 1767 3167 diu

1901 636 2221 704 ἀπαλλάξας
2250 642 2440 712 δοῦκα,
2486 648 2548 699 τὸ
2575 648 2814 717 πόλισμα
2852 650 3077 713 ὑποδὺς,
3109 649 3230 715 ὅλος
3260 651 3319 704 ὲν
3352 653 3487 720 ἀφο-

1902 729 2048 797 ϐίαις
2086 729 2155 804 ἦν
2188 737 2282 788 καὶ
2309 736 2654 811 ὑπερηφάνει
2693 743 2755 795 τὸ
2794 742 3039 814 σύμπαν.

1902 852 2013 910 κς¹.
2048 849 2190 917 Περὶ
2220 849 2329 903 τοῦ
2378 853 2647 920 μεγάλου
2699 855 2794 908 καὶ
2827 856 2914 908 ἔτι
2957 856 3185 921 δουκὸς
3225 854 3321 909 καί
3366 856 3486 911 τῶν

2305 921 2436 987 περὶ
2472 925 2580 977 τὸν
2623 927 2671 979 Ἀ
2680 925 3069 993 τταλειώτην.

1967 1007 2051 1080 [Ρ.
2083 1008 2209 1081 502]
2242 1011 2303 1064 '0
2332 1012 2387 1066 δὲ
2423 1014 2530 1067 τῶν
2572 1016 2710 1070 ὅλων
2741 1019 3124 1089 ἀφηγούμενος
3168 1023 3479 1092 στρατηγὸς

1896 1097 2133 1166 ἀκίχητα
2157 1101 2318 1166 γνοὺς
2352 1101 2586 1166 διώκων,
2624 1106 2971 1178 ὑποστρέψας
3014 1109 3347 1179 προσόἀλλει
3401 1109 3479 1178 τῷ

1892 1189 1986 1242 τοῦ
2018 1190 2198 1245 Κουλᾶ
2224 1194 2489 1265 φρουρίῳ,
2523 1195 2653 1251 ἔνθα
2708 1199 2803 1250 καὶ
2854 1200 3245 1269 ἀπαγχονίζειν
3294 1202 3479 1271 ἐφίησι

1892 1279 2180 1345 πλείστους
2206 1285 2411 1348 αίτίαις
2436 1287 2767 1357 περιϐαλών.
2798 1289 2971 1343 Τοῦτο
2994 1292 3049 1344 δὲ
3075 1292 3320 1363 φρουρίῳ
3362 1296 3479 1357 τοῖς

1890 1369 2171 1441 Φούρνοις.
2206 1374 2315 1427 Καὶ
2344 1376 2392 1427 oi
2429 1376 2529 1445 μὲν
2551 1377 2716 1430 αὐτὸν
2746 1378 2885 1449 (οὐδὲ
2917 1380 3026 1450 γὰρ
3071 1376 3141 1450 ἦν
3205 1381 3332 1451 χθὲς
3383 1396 3481 1449 κσι

1892 1461 1999 1529 πρὸ
2030 1463 2222 1533 τρίτης
2248 1468 2753 1535 προσχωρήσαντας
2801 1470 2925 1523 κατ’
2952 1470 3197 1541 ἀνάγκην
3240 1472 3479 1541 Πέρσαις

1888 1555 2006 1616 ταῖς
2046 1553 2180 1623 πρὸς
2240 1557 2483 1619 ἱκείνους
2536 1559 2848 1628 ὁμολογίαις
2900 1563 2992 1615 καὶ
3044 1562 3125 1616 ἔτι
3189 1564 3474 1632 ἐμμένειν,

1889 1644 2162 1712 φανεισῶν
2195 1646 2301 1698 τῶν
2324 1647 2629 1721 δυνάμεων)
2672 1651 2891 1716 ὑπτίαις
2918 1653 3161 1724 δέχονται
3195 1657 3313 1717 ταῖς
3348 1672 3477 1725 χερ-

1889 1738 1943 1787 σὶ
2004 1738 2097 1789 καὶ
2164 1738 2391 1809 θερμαῖς
2440 1743 2847 1812 μεταγνώσεσιν
2896 1746 3161 1816 ιμφανεῖς
3195 1743 3335 1817 ἦσαν
3376 1748 3477 1816 τὴν

1886 1828 2189 1897 ἀναγκαίαν
2256 1830 2695 1903 δυσχεραίνοντες
2748 1837 2941 1906 μοῖραν
2999 1837 3100 1906 τῆς
3146 1840 3281 1907 πρὸς
3343 1841 3473 1901 τοὺς

1887 1919 2117 1989 ἐχθροὺς
2170 1924 2619 1993 προσχωρήσεως
2646 1940 2660 1955 ⁶
2700 1928 2729 1979 ό
2776 1927 2832 1981 δὲ
2858 1930 2968 1992 τοῖς
3002 1928 3101 1999 μὲν
3153 1930 3333 1992 ἀλλοις
3392 1928 3474 2001 τῷ

1884 2009 2062 2062 δοκεῖν
2104 2011 2244 2063 ἀνίει
2275 2014 2343 2065 τὰ
2372 2015 2705 2083 πταίσματα,
2742 2020 2855 2081 τοῖς
2888 2018 2945 2071 δὲ
2983 2017 3167 2083 δόξασι
3212 2020 3319 2072 τῶν
3353 2020 3469 2073 λοι-

1884 2100 2002 2153 πῶν
2039 2103 2285 2173 προέχειν
2320 2104 2529 2176 βαρέως
2568 2101 2733 2177 εἶχεν.
2761 2107 2925 2162 Ὅθεν
2956 2111 3049 2163 καὶ
3080 2109 3173 2162 τὸν
3227 2111 3325 2175 μὲν
3365 2111 3468 2180 φύ-

1882 2282 2152 2338 τιιεειιοιιε
2185 2283 2336 2337 lento
2366 2292 2422 2339 et
2453 2284 2592 2339 bene
2628 2285 2885 2342 ordinato
2919 2304 3135 2359 gressu,
3179 2290 3270 2357 qui
3323 2291 3461 2360 l'uga'

1880 2374 2247 2443 trepidatione
2300 2386 2355 2431 et
2416 2376 2721 2447 ignominia
2778 2388 3012 2444 careret,
3060 2380 3262 2434 frustra
3317 2383 3467 2438 inse-

1877 2474 2081 2533 quente
2122 2481 2322 2535 magno
2362 2467 2499 2523 duce
2522 2469 2851 2538 perveniens
2882 2470 2993 2539 jam
3020 2470 3073 2525 in
3114 2480 3312 2534 tutum,
3344 2472 3463 2527 Tri-

1877 2558 2045 2628 polim
2098 2575 2252 2613 suam
2306 2560 2564 2627 intravit,
2617 2562 2800 2632 ibique
2852 2565 3001 2617 omni
3078 2564 3456 2621 sollicitudine

1877 2647 2125 2718 deposita
2165 2650 2402 2706 ferocius
2427 2651 2591 2706 etiam
2618 2665 2672 2708 et
2725 2653 3056 2709 insolentius
3089 2654 3329 2724 glorians
3359 2655 3458 2709 mi-

1877 2741 2133 2795 nabatur.

2015 2873 2106 2928 £6.
2142 2874 2330 2929 Adhuc
2360 2852 2425 2930 de
2459 2892 2648 2948 magno
2674 2877 2805 2931 duce
2840 2838 2893 2931 et
2916 2877 2982 2932 de
3008 2878 3298 2936 Attaleota.

1941 3012 2012 3065 At
2058 3012 2226 3065 nostri
2255 3011 2362 3065 dux
2398 3025 2686 3080 supremus
2716 3014 3023 3079 exercitus,
3061 3014 3152 3069 ubi
3185 3025 3446 3085 expertus

1871 3104 2212 3173 aliquantum
2254 3120 2389 3158 vana
2432 3121 2491 3160 se
2538 3120 2603 3159 ac
2639 3121 2771 3162 suos
2817 3111 3169 3162 contentione
3224 3110 3442 3177 fatigari

189 3192 508 3247 suffectura:
532 3193 878 3257 congerenda
908 3195 1062 3263 copia
1093 3195 1337 3266 firmari;
1370 3198 1551 3252 miseri
1580 3209 1762 3256 autem

1882 3198 2158 3254 Carmanis
2211 3199 2583 3267 insequendis,
2630 3200 2748 3253 acie
2791 3199 2964 3269 perite
3002 3200 3271 3255 instructa
3325 3211 3447 3256 tuto

187 3285 515 3337 nesciebmt
574 3284 701 3345 sibi,
745 3283 899 3352 juxta
958 3294 1116 3339 vetus
1168 3291 1420 3352 verbum,
1456 3291 1766 3347 ‘obtrusum

185 3374 346 3446 535
388 3375 562 3427 fuisse
593 3375 868 3443 scorpium
906 3390 1004 3443 pro
1035 3377 1195 3445 pipo;
1248 3378 1669 3450 gaudebantque
1714 3390 1768 3438 et

191 3469 396 3532 spebus
443 3464 641 3529 amplis
706 3463 1071 3518 cll‘crebantur
1129 3466 1248 3536 ipsa
1300 3469 1525 3535 perituri
1586 3482 1764 3538 nocte,

190 3556 340 3625 cujus
368 3559 485 3626 jam
519 3556 784 3610 inchoatae
812 3557 1107 3624 primordia
1160 3561 1334 3614 omnis
1372 3568 1429 3615 ct
1484 3574 1765 3633 computa.

189 3647 459 3708 tionibus,
522 3648 922 3702 imminentium
984 3650 1182 3715 ignari,
1232 3653 1604 3711 celebrabant.
1656 3657 1737 3712 .lle

188 3739 330 3791 dium
357 3737 492 3792 inde
525 3742 705 3793 noctis
735 3739 1041 3805 eflluxe’rat,
1075 3742 1212 3798 adeo
1238 3745 1375 3799 nihil
1410 3745 1763 3817 Tripolitanis

185 3828 639 3896 suspectantibus
674 3838 727 3880 ut
761 3830 1124 3885 securissime
1153 3835 1359 3903 passim
1397 3837 1507 3892 illic
1559 3840 1763 3894 dormi-

185 3929 353 3982 retur,
410 3933 538 3973 cum
599 3918 778 3975 Persa:
834 3931 1098 3990 praetextu
1165 3927 1397 3982 ducendi
1455 3933 1759 3988 sarcinaria

177 4009 429 4078 jumenta
466 4012 699 4076 ingressi
747 4012 1047 4076 civitatem.
1100 4018 1215 4071 suis
1256 4020 1461 4089 quique
1525 4025 1760 4094 arreptis

184 4104 462 4174 tympanis
486 4114 581 4156 aut
603 4105 776 4167 lituis,
802 4106 949 4174 quod
975 4108 1140 4163 sociis
1161 4111 1519 4169 condixerant
1541 4117 1755 4186 signum

180 4196 496 4251 ediderunt.
550 4194 872 4263 Experrecti
925 4198 1202 4269 Tripolim:
1247 4211 1358 4257 tam
1434 4206 1755 4278 intempesta

180 4276 328 4353 hu'ra,
360 4297 475 4341 tam
520 4289 856 4343 tumultuoso
878 4290 1129 4356 classico,
1161 4296 1371 4360 mirari,
1394 4276 1755 4366 consternari,

179 4396 281 4447 quo
312 4394 376 4434 se
401 4388 683 4433 verterent
712 4394 888 4449 quove
938 4382 1235 4454 suffugium
1290 4396 1595 4456 captarent,
1643 4392 1757 4445 fru-

178 4488 283 4527 stra
318 4489 381 4528 se
418 4473 863 4542 contorquendo,
890 4475 1052 4527 anxie
1081 4491 1352 4544 quaerere.
1384 4479 1454 4532 At
1514 4496 1621 4535 non
1672 4485 1754 4537 in-

1873 3305 1995 3345 sese
2042 3291 2498 3353 suliducentibus,
2538 3306 2830 3360 progressu
2877 3292 3053 3347 inutili
3096 3293 3298 3347 reﬂexo
3342 3295 3444 3348 ad-

1873 3392 2054 3437 movet
2076 3383 2262 3452 ropias
2292 3383 2407 3437 arci
2430 3382 2564 3439 Cuia
2594 3383 2772 3450 dictat,
2794 3400 2913 3453 quae
2939 3383 3306 3439 Romanorum
3330 3397 3449 3441 erat

1871 3472 2052 3528 Persis
2086 3482 2247 3529 antea
2281 3476 2391 3530 late
2420 3477 2832 3531 dominantibus
2874 3493 2934 3532 se
2984 3478 3185 3531 dedere
3225 3489 3445 3532 coacto—

1869 3581 2011 3619 rum.
2048 3563 2252 3619 llorum
2286 3568 2573 3636 plerosque
2608 3569 2718 3621 illic
2753 3579 3020 3637 repertos.
3052 3570 3267 3624 crimini
3319 3587 3437 3623 ver-

1869 3664 1991 3709 tcns
2018 3658 2161 3725 quod
2196 3658 2341 3712 hosti
2377 3657 2543 3730 536
2572 3661 2891 3719 cessissent.
2925 3670 3020 3715 aut
3044 3662 3168 3716 aliis
3203 3676 3439 3715 succen-

1866 3764 1995 3803 scus
2031 3750 2407 3819 praetextibus,
2435 3752 2733 3819 suspendio
2768 3754 3003 3805 necavit.
3038 3752 3182 3806 Idem
3228 3754 3356 3809 fecit
3387 3762 3441 3807 et

1867 3840 1958 3895 alii
1989 3848 2174 3896 castro
2205 3842 2293 3896 cui
2325 3839 2492 3895 Furni
2516 3858 2713 3897 nomen
2744 3851 2851 3897 est.
2879 3845 2947 3898 Et
2991 3845 3066 3898 illi
3099 3845 3318 3914 quidem
3350 3847 3437 3900 in-

1865 3930 2077 3995 felices,
2112 3931 2297 3986 statim
2328 3942 2491 4001 atque
2523 3949 2582 3987 se
2626 3934 2879 3989 deerunt
2932 3936 3154 4005 impune
3202 3951 3365 4005 posse
3408 3952 3437 3992 ε

1864 4033 2022 4093 pacta
2074 4022 2256 4077 Persis
2297 4025 2580 4087 servitute,
2627 4024 2841 4079 illorqu
2880 4041 3102 4082 recessu
3131 4066 3146 4091 ,
3200 4029 3433 4083 resilire.

1860 4114 2039 4170 obviis
2083 4116 2229 4169 ulnis
2264 4117 2433 4169 libera
2459 4131 2586 4171 orcs
2620 4132 2752 4171 suos
2787 4120 2968 4187 magni
3016 4119 3175 4174 ducis
3234 4120 3437 4174 mi‘itcs

1859 4192 2232 4276 excipiebant;
2261 4207 2350 4262 illa
2396 4208 2530 4264 satis
2557 4209 2840 4263 alacritate
2875 4211 3221 4266 dcclarantes
3263 4229 3429 4281 quam

1861 4298 2039 4363 inviti,
2100 4312 2315 4353 summa
2368 4302 2700 4356 necessitate
2753 4302 3028 4368 adigente,
3098 4304 3435 4373 pepigissent

1858 4391 2267 4460 qualescunque
2312 4392 2551 4446 indutias
2583 4408 2708 4445 cum
2759 4393 3050 4459 barbaris;
3094 4395 3255 4463 cujus
3303 4394 3432 4451 factl

1858 4495 2037 4535 acrem
2082 4482 2459 4551 paenitentiam
2513 4482 2914 4537 monStrahant.
2965 4483 3060 4537 Ille
3104 4493 3287 4539 autem
3324 4502 3431 4540 non

180 4569 330 4616 terim
367 4576 600 4616 cessare
648 4561 925 4631 perfidiosi
962 4562 1301 4634 deceptores.
1360 4568 1629 4625 Advolant
1683 4572 1750 4626 ad
1786 4549 1833 4604 θ
1860 4586 2014 4640 atque
2037 4549 2253 4626 cunctis
2278 4571 2613 4641 ignoscebat,
2637 4572 2732 4628 sed
2755 4581 3072 4642 quastuoso
3091 4574 3430 4639 discrimine,

181 4667 359 4725 portas
384 4654 564 4715 urbis,
588 4669 797 4722 easque
829 4653 1146 4710 confractas
1182 4658 1466 4713 securibus
1489 4676 1613 4715 cum
1658 4680 1754 4718 ve—

178 4748 353 4802 ritibus
390 4762 457 4799 ac
483 4747 628 4800 seris
664 4746 814 4799 humi
887 4755 1166 4802 sternunt.
1222 4747 1314 4804 Sic
1367 4767 1463 4821 per
1515 4756 1755 4822 patentia

172 4840 273 4907 jam
311 4838 458 4892 ostia
487 4836 672 4890 socios
700 4850 761 4903 pa
774 4845 924 4890 ratos
949 4852 979 4889 e
1004 4839 1317 4908 propinquo
1372 4841 1753 4910 introducunt,

177 4931 345 4998 iisque
380 4927 489 4982 sibi
539 4926 816 4995 adjunctis
845 4942 953 4981 uno
981 4928 1187 4997 impetu
1223 4930 1339 4998 ipsa
1367 4942 1530 4987 nocte
1563 4935 1750 4989 urbem

179 5020 631 5084 munitissimam,
666 5019 853 5072 tandiu
888 5020 1258 5089 nequidquam
1313 5031 1439 5078 ante
1472 5032 1753 5095 oppugna-

180 5117 304 5171 ιςιιιι,
330 5110 385 5161 iu
427 5122 586 5161 suam
627 5106 789 5161 facile
839 5116 1161 5175 potestatem
1196 5110 1469 5180 redigunt.
1514 5114 1657 5168 Usus
1686 5132 1750 5170 ea

180 5202 435 5269 deinceps
464 5202 647 5253 victor
676 5200 919 5269 Alisyras
948 5210 1034 5255 est
1066 5217 1166 5270 pro
1198 5206 1562 5271 receptaculo.
1599 5208 1747 5261 unde

178 5292 497 5362 frequenter
522 5301 852 5359 cruuiperet.
884 5307 993 5360 quo
1032 5308 1090 5346 se
1124 5308 1187 5347 ac
1216 5310 1315 5349 sua
1361 5296 1627 5364 referret;
1656 5299 1752 5352 ha-

178 5382 448 5453 bebatque
486 5381 562 5435 ibi
585 5381 887 5436 Carmanos
914 5397 1043 5437 suos
1099 5398 1310 5449 secum,
1334 5401 1486 5455 squos
1512 5403 1578 5441 ex
1624 5404 1750 5443 arce

181 5475 259 5526 illa
290 5483 611 5544 opportune
642 5472 962 5526 imminente
994 5476 1045 5527 in
1080 5484 1260 5531 terras
1296 5477 1579 5545 opulentas
1601 5494 1750 5547 qua!-

175 5578 351 5622 stuose
415 5564 721 5632 praedatum
788 5565 1091 5620 emittebat.
1152 5567 1513 5639 Contigerant
1559 5582 1746 5640 postea

176 5676 284 5728 quze
319 5660 483 5714 retuli
523 5668 654 5711 ante
686 5658 753 5711 de
788 5657 1090 5713 offensione
1125 5661 1274 5726 belli,
1328 5677 1435 5732 qua
1488 5662 1746 5718 Carmaui

176 5762 290 5806 sunt
322 5751 506 5805 coacti
545 5749 939 5821 Philadelphia:
974 5751 1313 5809 obsidionem
1364 5755 1743 5823 solverc;quo

1858 4662 2022 4730 vulgo
2054 4661 2275 4730 quidem
2323 4663 2482 4731 inopc
2514 4663 2675 4717 venia
2707 4662 2967 4718 donando
3000 4665 3430 4719 misericordiam

1857 4752 2197 4814 ostentabat.
2228 4754 2634 4822 praestantiores
2668 4763 2872 4814 autem.
2907 4762 2967 4808 ut
2995 4755 3088 4823 qui
3118 4770 3230 4809 rem
3265 4756 3433 4809 halle-

1857 4854 1981 4899 reut
2032 4853 2085 4898 et
2113 4860 2178 4898 ex
2210 4861 2440 4913 quorum
2483 4861 2616 4901 nece
2651 4846 2939 4914 provenire
2977 4846 3189 4900 lucrum
3224 4857 3425 4916 posset,

1860 4937 2273 4993 inexomhiliter
2302 4938 2597 5007 plectebat.
2633 4938 2725 4993 Sic
2759 4940 2972 4994 custodi
3022 4940 3166 4994 illius
3198 4941 3383 5009 oppidi
3415 4981 3428 4999 ,

1851 5027 2098 5094 praesidii
2130 5027 2406 5095 przel'ccto.
2429 5036 2592 5098 caput
2615 5030 2935 5097 amputavit,
2960 5031 3097 5083 alios
3118 5028 3222 5083 alio
3255 5045 3426 5098 paena:

1850 5132 2050 5184 genere
2072 5118 2411 5186 absumpsit:
2437 5134 2575 5187 quos
2599 5120 2743 5173 inter
2768 5130 2821 5174 et
2854 5120 3171 5189 presbytero
3190 5121 3421 5173 aliorum

1848 5208 1970 5277 ejus
1995 5210 2204 5263 ordinis
2233 5211 2471 5263 exarcho
2493 5211 2847 5278 suspendium
2872 5211 3132 5266 decrevit.
3158 5212 3224 5265 At
3254 5213 3329 5265 illi
3356 5212 3425 5265 de

1852 5299 2048 5367 laqueo
2082 5300 2338 5367 pendenti
2371 5302 2569 5353 durare
2600 5300 2830 5371 longiori
2860 5318 3023 5371 quam
3053 5303 3252 5357 soleret
3289 5320 3418 5372 spa-

1848 5391 1925 5443 tio
1955 5389 2204 5457 spiritum
2234 5390 2499 5458 contigit;
2525 5404 2634 5456 quo
2665 5392 3047 5447 animadverso
3070 5392 3290 5461 quidam
3326 5394 3422 5448 isti

1844 5479 2112 5534 functioni
2150 5480 2532 5547 praefectorum
2557 5522 2572 5546 ,
2608 5492 2878 5537 ostentum
2916 5486 2968 5539 id
3012 5486 3258 5540 divinum
3297 5501 3424 5543 esse

1844 5580 2157 5634 autumans,
2191 5573 2273 5625 vel
2298 5574 2490 5641 jussus
2520 5575 2605 5629 vel
2640 5573 2904 5641 injussus,
2940 5578 3121 5630 securi
3160 5577 3415 5646 laqueum

1842 5663 2075 5719 abscidit
2094 5672 2147 5717 et
2172 5667 2417 5733 periculo
2443 5666 2634 5720 eximit
2660 5666 2963 5721 addictum.
2990 5666 3105 5721 Suh
3127 5670 3239 5722 haec
3264 5667 3414 5722 Phil-

1854 5756 2162 5825 adelphiam
2227 5758 2328 5811 iuit
2364 5772 2594 5827 magnus
2620 5759 2727 5811 dux
2746 5797 2763 5824 ,
2791 5769 2846 5813 et
2877 5760 3044 5813 nmlta
3072 5760 3198 5814 inde
3231 5775 3416 5815 corra-

175 5855 414 5917 lcmporc
441 5846 553 5899 dux
589 5860 781 5899 corum
814 5843 1058 5914 Alisyras
1098 5860 1193 5900 sua
1244 5861 1437 5903 versus
1489 5848 1742 5918 praesidia
1838 5850 1915 5904 dit
1954 5864 2241 5905 aureorum
2272 5850 2638 5921 millia;quod
2671 5850 2783 5921 jam
2812 5854 2929 5907 sine
2954 5853 3059 5908 ulla
3085 5853 3415 5909 verecundia
