  <div class='ocr_page' id='page_1' title='image "/cluster/home/n/w/nwhite01/storage/ocr_20150623/144/nnc1.0046980792/266.png"; bbox 0 0 4206 6440; ppageno 0'>
   <div class='ocr_carea' id='block_1_1' title="bbox 210 398 308 455">
    <p class='ocr_par' dir='ltr' id='par_1_1' title="bbox 210 398 308 455">
     <span class='ocr_line' id='line_1_1' title="bbox 210 398 308 455; baseline 0 -1"><span class='ocrx_word' id='word_1_1' title='bbox 210 398 308 455; x_wconf 67' lang='grc' dir='ltr'><strong>61η</strong></span> 
     </span>
    </p>
   </div>
   <div class='ocr_carea' id='block_1_2' title="bbox 1132 404 2501 468">
    <p class='ocr_par' dir='ltr' id='par_1_2' title="bbox 1132 404 2501 468">
     <span class='ocr_line' id='line_1_2' title="bbox 1132 404 2501 468; baseline -0.001 -4"><span class='ocrx_word' id='word_1_2' title='bbox 1132 404 1231 464; x_wconf 82' lang='lat' dir='ltr'><strong>DE</strong></span> <span class='ocrx_word' id='word_1_3' title='bbox 1268 404 1704 465; x_wconf 73' lang='lat' dir='ltr'><strong>ANDRUNILO</strong></span> <span class='ocrx_word' id='word_1_4' title='bbox 1745 405 2203 468; x_wconf 61' lang='lat' dir='ltr'><strong>PALEOLOGO</strong></span> <span class='ocrx_word' id='word_1_5' title='bbox 2246 406 2391 466; x_wconf 77' lang='lat' dir='ltr'><strong>LIB.</strong></span> <span class='ocrx_word' id='word_1_6' title='bbox 2436 408 2501 465; x_wconf 69' lang='grc' dir='ltr'><strong>ν.</strong></span> 
     </span>
    </p>
   </div>
   <div class='ocr_carea' id='block_1_3' title="bbox 3342 400 3447 464">
    <p class='ocr_par' dir='ltr' id='par_1_3' title="bbox 3342 400 3447 464">
     <span class='ocr_line' id='line_1_3' title="bbox 3342 400 3447 464; baseline 0.038 -3"><span class='ocrx_word' id='word_1_7' title='bbox 3342 400 3447 464; x_wconf 73' lang='grc'><strong>698</strong></span> 
     </span>
    </p>
   </div>
   <div class='ocr_carea' id='block_1_4' title="bbox 196 510 3451 588">
    <p class='ocr_par' dir='ltr' id='par_1_4' title="bbox 196 510 3451 588">
     <span class='ocr_line' id='line_1_4' title="bbox 196 510 3451 588; baseline 0.001 -19"><span class='ocrx_word' id='word_1_8' title='bbox 196 510 368 569; x_wconf 66' lang='grc' dir='ltr'>πάθος</span> <span class='ocrx_word' id='word_1_9' title='bbox 411 526 511 563; x_wconf 78' lang='grc' dir='ltr'>και</span> <span class='ocrx_word' id='word_1_10' title='bbox 564 512 727 565; x_wconf 72' lang='grc' dir='ltr'>αὖτδν</span> <span class='ocrx_word' id='word_1_11' title='bbox 762 514 869 567; x_wconf 74' lang='grc' dir='ltr'><strong>τῶν</strong></span> <span class='ocrx_word' id='word_1_12' title='bbox 902 516 1035 586; x_wconf 73' lang='grc' dir='ltr'>πρὸς</span> <span class='ocrx_word' id='word_1_13' title='bbox 1074 517 1137 569; x_wconf 83' lang='grc' dir='ltr'><strong>τδ</strong></span> <span class='ocrx_word' id='word_1_14' title='bbox 1172 519 1271 588; x_wconf 70' lang='grc' dir='ltr'>ζῇν</span> <span class='ocrx_word' id='word_1_15' title='bbox 1313 518 1621 587; x_wconf 72' lang='grc' dir='ltr'>ἀποροῦντα</span> <span class='ocrx_word' id='word_1_16' title='bbox 1673 518 1764 587; x_wconf 83' lang='grc' dir='ltr'><strong>θη·</strong></span> <span class='ocrx_word' id='word_1_17' title='bbox 1797 519 1843 578; x_wconf 79' lang='grc' dir='ltr'><strong>Α</strong></span> <span class='ocrx_word' id='word_1_18' title='bbox 1875 523 1968 574; x_wconf 77' lang='grc' dir='ltr'>καὶ</span> <span class='ocrx_word' id='word_1_19' title='bbox 2003 524 2225 585; x_wconf 73' lang='grc' dir='ltr'>είκαίως</span> <span class='ocrx_word' id='word_1_20' title='bbox 2283 517 2436 585; x_wconf 67' lang='grc' dir='ltr'>οὗτος</span> <span class='ocrx_word' id='word_1_21' title='bbox 2492 520 2675 575; x_wconf 68' lang='grc' dir='ltr'>ἐπόνει</span> <span class='ocrx_word' id='word_1_22' title='bbox 2732 518 2827 571; x_wconf 79' lang='grc' dir='ltr'>καὶ</span> <span class='ocrx_word' id='word_1_23' title='bbox 2873 516 3243 585; x_wconf 77' lang='grc' dir='ltr'>ἐδυσχέραινε.</span> <span class='ocrx_word' id='word_1_24' title='bbox 3295 516 3451 572; x_wconf 77' lang='grc' dir='ltr'>Μετὰ</span> 
     </span>
    </p>
   </div>
   <div class='ocr_carea' id='block_1_5' title="bbox 189 598 1758 677">
    <p class='ocr_par' dir='ltr' id='par_1_5' title="bbox 189 598 1758 677">
     <span class='ocr_line' id='line_1_5' title="bbox 189 598 1758 677; baseline 0.006 -25"><span class='ocrx_word' id='word_1_25' title='bbox 189 600 364 659; x_wconf 81' lang='grc' dir='ltr'>τείαις</span> <span class='ocrx_word' id='word_1_26' title='bbox 404 603 602 664; x_wconf 76' lang='grc' dir='ltr'>ἐδίῖου,</span> <span class='ocrx_word' id='word_1_27' title='bbox 656 606 726 656; x_wconf 80' lang='grc' dir='ltr'><strong>δι’</strong></span> <span class='ocrx_word' id='word_1_28' title='bbox 758 598 833 657; x_wconf 83' lang='grc' dir='ltr'><strong>ὧν</strong></span> <span class='ocrx_word' id='word_1_29' title='bbox 868 608 1233 677; x_wconf 79' lang='grc' dir='ltr'>ἐπολυωρείτο</span> <span class='ocrx_word' id='word_1_30' title='bbox 1287 614 1397 671; x_wconf 77' lang='grc' dir='ltr'>τοῖς</span> <span class='ocrx_word' id='word_1_31' title='bbox 1423 611 1758 676; x_wconf 76' lang='grc' dir='ltr'>ἀναγκαίοις,</span> 
     </span>
    </p>
   </div>
   <div class='ocr_carea' id='block_1_6' title="bbox 190 691 1759 772">
    <p class='ocr_par' dir='ltr' id='par_1_6' title="bbox 190 691 1759 772">
     <span class='ocr_line' id='line_1_6' title="bbox 190 691 1759 772; baseline 0.005 -29"><span class='ocrx_word' id='word_1_32' title='bbox 190 692 288 744; x_wconf 73' lang='grc' dir='ltr'><strong>κᾶν</strong></span> <span class='ocrx_word' id='word_1_33' title='bbox 328 693 409 762; x_wconf 81' lang='grc' dir='ltr'>μὴ</span> <span class='ocrx_word' id='word_1_34' title='bbox 448 694 677 764; x_wconf 85' lang='grc' dir='ltr'>μόνιμος</span> <span class='ocrx_word' id='word_1_35' title='bbox 715 691 781 765; x_wconf 82' lang='grc' dir='ltr'>ἦν</span> <span class='ocrx_word' id='word_1_36' title='bbox 814 697 912 765; x_wconf 77' lang='grc' dir='ltr'>τὴν</span> <span class='ocrx_word' id='word_1_37' title='bbox 948 700 1030 765; x_wconf 78' lang='grc' dir='ltr'>ἐφ’</span> <span class='ocrx_word' id='word_1_38' title='bbox 1092 701 1172 753; x_wconf 77' lang='grc' dir='ltr'>ἐνὶ</span> <span class='ocrx_word' id='word_1_39' title='bbox 1218 700 1454 772; x_wconf 81' lang='grc' dir='ltr'>δεσπότῃ</span> <span class='ocrx_word' id='word_1_40' title='bbox 1514 702 1759 767; x_wconf 81' lang='grc' dir='ltr'><strong>θητείαν,</strong></span> 
     </span>
    </p>
   </div>
   <div class='ocr_carea' id='block_1_7' title="bbox 188 785 1765 860">
    <p class='ocr_par' dir='ltr' id='par_1_7' title="bbox 188 785 1765 860">
     <span class='ocr_line' id='line_1_7' title="bbox 188 785 1765 860; baseline 0.003 -22"><span class='ocrx_word' id='word_1_41' title='bbox 188 785 323 838; x_wconf 67' lang='grc' dir='ltr'>ἀλλὰ</span> <span class='ocrx_word' id='word_1_42' title='bbox 374 788 505 848; x_wconf 85' lang='grc' dir='ltr'>τοὺς</span> <span class='ocrx_word' id='word_1_43' title='bbox 538 788 805 851; x_wconf 82' lang='grc' dir='ltr'><strong>δεσπότας</strong></span> <span class='ocrx_word' id='word_1_44' title='bbox 850 791 1151 844; x_wconf 77' lang='grc' dir='ltr'>ἀλλάττων.</span> <span class='ocrx_word' id='word_1_45' title='bbox 1204 791 1590 859; x_wconf 85' lang='grc' dir='ltr'>Θητεύειγοῦν</span> <span class='ocrx_word' id='word_1_46' title='bbox 1625 793 1765 860; x_wconf 67' lang='grc' dir='ltr'>πρὸς</span> 
     </span>
    </p>
   </div>
   <div class='ocr_carea' id='block_1_8' title="bbox 188 880 1762 955">
    <p class='ocr_par' dir='ltr' id='par_1_8' title="bbox 188 880 1762 955">
     <span class='ocr_line' id='line_1_8' title="bbox 188 880 1762 955; baseline 0.003 -25"><span class='ocrx_word' id='word_1_47' title='bbox 188 882 295 939; x_wconf 73' lang='grc' dir='ltr'>τοις</span> <span class='ocrx_word' id='word_1_48' title='bbox 325 880 541 945; x_wconf 76' lang='grc' dir='ltr'><strong>λοιποῖς</strong></span> <span class='ocrx_word' id='word_1_49' title='bbox 592 882 684 934; x_wconf 79' lang='grc' dir='ltr'><strong>καί</strong></span> <span class='ocrx_word' id='word_1_50' title='bbox 718 900 822 936; x_wconf 85' lang='grc' dir='ltr'>τινι</span> <span class='ocrx_word' id='word_1_51' title='bbox 853 884 1144 955; x_wconf 82' lang='grc' dir='ltr'>Πηγωνίτῃ</span> <span class='ocrx_word' id='word_1_52' title='bbox 1187 884 1448 954; x_wconf 77' lang='grc' dir='ltr'>τοῦνομα,</span> <span class='ocrx_word' id='word_1_53' title='bbox 1475 884 1569 937; x_wconf 87' lang='grc' dir='ltr'><strong>τοῦ</strong></span> <span class='ocrx_word' id='word_1_54' title='bbox 1600 902 1762 954; x_wconf 77' lang='grc' dir='ltr'>περι-</span> 
     </span>
    </p>
   </div>
   <div class='ocr_carea' id='block_1_9' title="bbox 188 971 1763 1046">
    <p class='ocr_par' dir='ltr' id='par_1_9' title="bbox 188 971 1763 1046">
     <span class='ocr_line' id='line_1_9' title="bbox 188 971 1763 1046; baseline 0.006 -25"><span class='ocrx_word' id='word_1_55' title='bbox 188 971 393 1037; x_wconf 77' lang='grc' dir='ltr'>φανοῦς</span> <span class='ocrx_word' id='word_1_56' title='bbox 419 990 523 1025; x_wconf 88' lang='grc' dir='ltr'><strong>που</strong></span> <span class='ocrx_word' id='word_1_57' title='bbox 572 976 679 1027; x_wconf 85' lang='grc' dir='ltr'>νεὼ</span> <span class='ocrx_word' id='word_1_58' title='bbox 708 976 817 1028; x_wconf 83' lang='grc' dir='ltr'>τῶν</span> <span class='ocrx_word' id='word_1_59' title='bbox 856 975 1209 1046; x_wconf 79' lang='grc' dir='ltr'>θεοκηρύκων</span> <span class='ocrx_word' id='word_1_60' title='bbox 1251 980 1480 1046; x_wconf 72' lang='grc' dir='ltr'>ἔγγιστα</span> <span class='ocrx_word' id='word_1_61' title='bbox 1521 978 1763 1046; x_wconf 64' lang='grc' dir='ltr'>καταμέ-</span> 
     </span>
    </p>
   </div>
   <div class='ocr_carea' id='block_1_10' title="bbox 187 1065 1764 1139">
    <p class='ocr_par' dir='ltr' id='par_1_10' title="bbox 187 1065 1764 1139">
     <span class='ocr_line' id='line_1_10' title="bbox 187 1065 1764 1139; baseline 0.004 -25"><span class='ocrx_word' id='word_1_62' title='bbox 187 1081 349 1117; x_wconf 86' lang='grc' dir='ltr'>νοντι.</span> <span class='ocrx_word' id='word_1_63' title='bbox 410 1065 599 1135; x_wconf 78' lang='grc' dir='ltr'>Τούτῳ</span> <span class='ocrx_word' id='word_1_64' title='bbox 658 1068 780 1119; x_wconf 77' lang='grc' dir='ltr'>κατ’</span> <span class='ocrx_word' id='word_1_65' title='bbox 834 1068 969 1137; x_wconf 74' lang='grc' dir='ltr'>ὄναρ</span> <span class='ocrx_word' id='word_1_66' title='bbox 1007 1072 1040 1137; x_wconf 70' lang='grc' dir='ltr'><strong>ἡ</strong></span> <span class='ocrx_word' id='word_1_67' title='bbox 1087 1073 1298 1139; x_wconf 81' lang='grc' dir='ltr'><strong>μάρτυς</strong></span> <span class='ocrx_word' id='word_1_68' title='bbox 1340 1071 1629 1138; x_wconf 78' lang='grc' dir='ltr'>ἐφίσταται</span> <span class='ocrx_word' id='word_1_69' title='bbox 1670 1070 1764 1122; x_wconf 65' lang='grc' dir='ltr'>καὶ</span> 
     </span>
    </p>
   </div>
   <div class='ocr_carea' id='block_1_11' title="bbox 186 1157 1765 1228">
    <p class='ocr_par' dir='ltr' id='par_1_11' title="bbox 186 1157 1765 1228">
     <span class='ocr_line' id='line_1_11' title="bbox 186 1157 1765 1228; baseline 0.004 -22"><span class='ocrx_word' id='word_1_70' title='bbox 186 1157 487 1224; x_wconf 83' lang='grc' dir='ltr'>παρθένος,</span> <span class='ocrx_word' id='word_1_71' title='bbox 527 1162 621 1211; x_wconf 76' lang='grc' dir='ltr'>καὶ</span> <span class='ocrx_word' id='word_1_72' title='bbox 670 1161 769 1227; x_wconf 76' lang='grc' dir='ltr'>τὴν</span> <span class='ocrx_word' id='word_1_73' title='bbox 814 1162 952 1227; x_wconf 76' lang='grc' dir='ltr'>πρὸς</span> <span class='ocrx_word' id='word_1_74' title='bbox 1012 1162 1102 1213; x_wconf 81' lang='grc' dir='ltr'>τὸν</span> <span class='ocrx_word' id='word_1_75' title='bbox 1132 1180 1269 1213; x_wconf 82' lang='grc' dir='ltr'>νεων</span> <span class='ocrx_word' id='word_1_76' title='bbox 1302 1162 1518 1222; x_wconf 88' lang='grc' dir='ltr'>πάντως</span> <span class='ocrx_word' id='word_1_77' title='bbox 1550 1162 1765 1228; x_wconf 77' lang='grc' dir='ltr'>ἐκείνης</span> 
     </span>
    </p>
   </div>
   <div class='ocr_carea' id='block_1_12' title="bbox 188 1249 1764 1322">
    <p class='ocr_par' dir='ltr' id='par_1_12' title="bbox 188 1249 1764 1322">
     <span class='ocr_line' id='line_1_12' title="bbox 188 1249 1764 1322; baseline 0.003 -23"><span class='ocrx_word' id='word_1_78' title='bbox 188 1251 280 1299; x_wconf 72' lang='grc' dir='ltr'>σὺν</span> <span class='ocrx_word' id='word_1_79' title='bbox 310 1249 472 1316; x_wconf 72' lang='grc' dir='ltr'>κηρῷ</span> <span class='ocrx_word' id='word_1_80' title='bbox 500 1266 558 1302; x_wconf 87' lang='grc' dir='ltr'><strong>τε</strong></span> <span class='ocrx_word' id='word_1_81' title='bbox 588 1252 684 1303; x_wconf 72' lang='grc' dir='ltr'>καὶ</span> <span class='ocrx_word' id='word_1_82' title='bbox 716 1251 1024 1321; x_wconf 70' lang='grc' dir='ltr'>θυμιάματι</span> <span class='ocrx_word' id='word_1_83' title='bbox 1061 1254 1427 1322; x_wconf 73' lang='grc' dir='ltr'><strong>παραγγέλλει</strong></span> <span class='ocrx_word' id='word_1_84' title='bbox 1457 1254 1660 1319; x_wconf 68' lang='grc' dir='ltr'>ἄφιξιν.</span> <span class='ocrx_word' id='word_1_85' title='bbox 1706 1254 1764 1303; x_wconf 84' lang='grc'><strong>’0</strong></span> 
     </span>
    </p>
   </div>
   <div class='ocr_carea' id='block_1_13' title="bbox 184 1340 1765 1415">
    <p class='ocr_par' dir='ltr' id='par_1_13' title="bbox 184 1340 1765 1415">
     <span class='ocr_line' id='line_1_13' title="bbox 184 1340 1765 1415; baseline 0.003 -23"><span class='ocrx_word' id='word_1_86' title='bbox 184 1340 227 1392; x_wconf 69' lang='grc' dir='ltr'>δ’</span> <span class='ocrx_word' id='word_1_87' title='bbox 253 1342 559 1409; x_wconf 82' lang='grc' dir='ltr'>ἐγείρεται,</span> <span class='ocrx_word' id='word_1_88' title='bbox 584 1345 675 1395; x_wconf 69' lang='grc' dir='ltr'><strong>καὶ</strong></span> <span class='ocrx_word' id='word_1_89' title='bbox 700 1345 938 1413; x_wconf 86' lang='grc' dir='ltr'>σχήματι</span> <span class='ocrx_word' id='word_1_90' title='bbox 977 1345 1123 1414; x_wconf 82' lang='grc' dir='ltr'><strong>μόνῳ</strong></span> <span class='ocrx_word' id='word_1_91' title='bbox 1171 1345 1528 1415; x_wconf 71' lang='grc' dir='ltr'>προσῃτηκὼς</span> <span class='ocrx_word' id='word_1_92' title='bbox 1566 1346 1634 1396; x_wconf 77' lang='grc' dir='ltr'><strong>τά</strong></span> <span class='ocrx_word' id='word_1_93' title='bbox 1664 1346 1765 1410; x_wconf 87' lang='grc' dir='ltr'>άγ-</span> 
     </span>
    </p>
   </div>
   <div class='ocr_carea' id='block_1_14' title="bbox 187 1431 1765 1501">
    <p class='ocr_par' dir='ltr' id='par_1_14' title="bbox 187 1431 1765 1501">
     <span class='ocr_line' id='line_1_14' title="bbox 187 1431 1765 1501; baseline 0.003 -22"><span class='ocrx_word' id='word_1_94' title='bbox 187 1431 473 1495; x_wconf 80' lang='grc' dir='ltr'>γελθέντα,</span> <span class='ocrx_word' id='word_1_95' title='bbox 493 1433 586 1483; x_wconf 81' lang='grc' dir='ltr'>καὶ</span> <span class='ocrx_word' id='word_1_96' title='bbox 610 1432 788 1485; x_wconf 77' lang='grc' dir='ltr'>λαϐὼν</span> <span class='ocrx_word' id='word_1_97' title='bbox 814 1432 1099 1497; x_wconf 79' lang='grc' dir='ltr'><strong>ξυνιέντων</strong></span> <span class='ocrx_word' id='word_1_98' title='bbox 1121 1434 1229 1486; x_wconf 84' lang='grc' dir='ltr'><strong>τῶν</strong></span> <span class='ocrx_word' id='word_1_99' title='bbox 1248 1435 1576 1497; x_wconf 76' lang='grc' dir='ltr'><strong>ἀκουόντων,</strong></span> <span class='ocrx_word' id='word_1_100' title='bbox 1598 1450 1765 1501; x_wconf 81' lang='grc' dir='ltr'>προσ-</span> 
     </span>
    </p>
   </div>
   <div class='ocr_carea' id='block_1_15' title="bbox 186 1524 1765 1595">
    <p class='ocr_par' dir='ltr' id='par_1_15' title="bbox 186 1524 1765 1595">
     <span class='ocr_line' id='line_1_15' title="bbox 186 1524 1765 1595; baseline 0.002 -21"><span class='ocrx_word' id='word_1_101' title='bbox 186 1524 374 1591; x_wconf 78' lang='grc' dir='ltr'><strong>τρέχει</strong></span> <span class='ocrx_word' id='word_1_102' title='bbox 406 1524 486 1592; x_wconf 85' lang='grc' dir='ltr'>τῷ</span> <span class='ocrx_word' id='word_1_103' title='bbox 517 1525 628 1594; x_wconf 80' lang='grc' dir='ltr'>ναῷ</span> <span class='ocrx_word' id='word_1_104' title='bbox 663 1526 756 1578; x_wconf 75' lang='grc' dir='ltr'>καὶ</span> <span class='ocrx_word' id='word_1_105' title='bbox 785 1527 871 1592; x_wconf 75' lang='grc' dir='ltr'><strong>ἐφ’</strong></span> <span class='ocrx_word' id='word_1_106' title='bbox 899 1525 1070 1595; x_wconf 73' lang='grc' dir='ltr'>ἱκανῷ</span> <span class='ocrx_word' id='word_1_107' title='bbox 1098 1528 1408 1589; x_wconf 80' lang='grc' dir='ltr'>ποτνιᾶται,</span> <span class='ocrx_word' id='word_1_108' title='bbox 1436 1526 1529 1577; x_wconf 76' lang='grc' dir='ltr'>καὶ</span> <span class='ocrx_word' id='word_1_109' title='bbox 1558 1526 1635 1594; x_wconf 80' lang='grc' dir='ltr'>τῷ</span> <span class='ocrx_word' id='word_1_110' title='bbox 1666 1524 1765 1591; x_wconf 82' lang='grc' dir='ltr'>τῆς</span> 
     </span>
    </p>
   </div>
   <div class='ocr_carea' id='block_1_16' title="bbox 186 1614 1767 1684">
    <p class='ocr_par' dir='ltr' id='par_1_16' title="bbox 186 1614 1767 1684">
     <span class='ocr_line' id='line_1_16' title="bbox 186 1614 1767 1684; baseline 0.003 -21"><span class='ocrx_word' id='word_1_111' title='bbox 186 1614 529 1680; x_wconf 69' lang='grc' dir='ltr'>φωταγωγοῦ</span> <span class='ocrx_word' id='word_1_112' title='bbox 556 1614 723 1684; x_wconf 84' lang='grc' dir='ltr'>ἐλαίῳ</span> <span class='ocrx_word' id='word_1_113' title='bbox 758 1615 1027 1684; x_wconf 74' lang='grc' dir='ltr'>χρισθεὶς,</span> <span class='ocrx_word' id='word_1_114' title='bbox 1067 1615 1248 1668; x_wconf 86' lang='grc' dir='ltr'>πεσὼν</span> <span class='ocrx_word' id='word_1_115' title='bbox 1298 1616 1404 1668; x_wconf 73' lang='grc' dir='ltr'><strong>ὑπὸ</strong></span> <span class='ocrx_word' id='word_1_116' title='bbox 1428 1616 1596 1677; x_wconf 82' lang='grc' dir='ltr'><strong>πόδας</strong></span> <span class='ocrx_word' id='word_1_117' title='bbox 1626 1614 1767 1668; x_wconf 70' lang='grc' dir='ltr'>κατὰ</span> 
     </span>
    </p>
   </div>
   <div class='ocr_carea' id='block_1_17' title="bbox 184 1705 1767 1776">
    <p class='ocr_par' dir='ltr' id='par_1_17' title="bbox 184 1705 1767 1776">
     <span class='ocr_line' id='line_1_17' title="bbox 184 1705 1767 1776; baseline 0.003 -21"><span class='ocrx_word' id='word_1_118' title='bbox 184 1707 244 1755; x_wconf 73' lang='grc' dir='ltr'>τὸ</span> <span class='ocrx_word' id='word_1_119' title='bbox 268 1705 506 1775; x_wconf 66' lang='grc' dir='ltr'>σύνηθες</span> <span class='ocrx_word' id='word_1_120' title='bbox 556 1707 742 1773; x_wconf 82' lang='grc' dir='ltr'><strong>ἱκέτης</strong></span> <span class='ocrx_word' id='word_1_121' title='bbox 776 1710 841 1776; x_wconf 77' lang='grc' dir='ltr'>τῇ</span> <span class='ocrx_word' id='word_1_122' title='bbox 884 1709 1121 1775; x_wconf 83' lang='grc' dir='ltr'><strong>μάρτυρι</strong></span> <span class='ocrx_word' id='word_1_123' title='bbox 1154 1708 1385 1774; x_wconf 89' lang='grc' dir='ltr'>γίνεται.</span> <span class='ocrx_word' id='word_1_124' title='bbox 1435 1706 1767 1770; x_wconf 76' lang='grc' dir='ltr'>Ἐπαναζευ-</span> 
     </span>
    </p>
   </div>
   <div class='ocr_carea' id='block_1_18' title="bbox 185 1795 1763 1868">
    <p class='ocr_par' dir='ltr' id='par_1_18' title="bbox 185 1795 1763 1868">
     <span class='ocr_line' id='line_1_18' title="bbox 185 1795 1763 1868; baseline 0.002 -21"><span class='ocrx_word' id='word_1_125' title='bbox 185 1798 319 1862; x_wconf 67' lang='grc' dir='ltr'>γνῦς</span> <span class='ocrx_word' id='word_1_126' title='bbox 346 1797 397 1850; x_wconf 77' lang='grc' dir='ltr'>δ’</span> <span class='ocrx_word' id='word_1_127' title='bbox 438 1798 647 1850; x_wconf 82' lang='grc' dir='ltr'>ἐκεῖθεν</span> <span class='ocrx_word' id='word_1_128' title='bbox 676 1799 820 1863; x_wconf 75' lang='grc' dir='ltr'>εδοξε</span> <span class='ocrx_word' id='word_1_129' title='bbox 863 1798 923 1851; x_wconf 79' lang='grc' dir='ltr'>τὸ</span> <span class='ocrx_word' id='word_1_130' title='bbox 950 1795 1042 1862; x_wconf 73' lang='grc' dir='ltr'><strong>οῦς</strong></span> <span class='ocrx_word' id='word_1_131' title='bbox 1075 1798 1431 1868; x_wconf 76' lang='grc' dir='ltr'>ἐνοχλεῖσθαι.</span> <span class='ocrx_word' id='word_1_132' title='bbox 1497 1798 1763 1861; x_wconf 75' lang='grc' dir='ltr'>Πολλάκις</span> 
     </span>
    </p>
   </div>
   <div class='ocr_carea' id='block_1_19' title="bbox 186 1890 1772 1961">
    <p class='ocr_par' dir='ltr' id='par_1_19' title="bbox 186 1890 1772 1961">
     <span class='ocr_line' id='line_1_19' title="bbox 186 1890 1772 1961; baseline 0 -20"><span class='ocrx_word' id='word_1_133' title='bbox 186 1890 241 1941; x_wconf 82' lang='grc' dir='ltr'>δὲ</span> <span class='ocrx_word' id='word_1_134' title='bbox 278 1892 574 1957; x_wconf 82' lang='grc' dir='ltr'>κνωμένου</span> <span class='ocrx_word' id='word_1_135' title='bbox 598 1890 675 1958; x_wconf 81' lang='grc' dir='ltr'>τῷ</span> <span class='ocrx_word' id='word_1_136' title='bbox 704 1890 909 1961; x_wconf 79' lang='grc' dir='ltr'>λιχανῷ</span> <span class='ocrx_word' id='word_1_137' title='bbox 937 1892 1191 1957; x_wconf 74' lang='grc' dir='ltr'>ἐκπίπτει</span> <span class='ocrx_word' id='word_1_138' title='bbox 1220 1892 1429 1944; x_wconf 83' lang='grc' dir='ltr'>ἐκεῖθεν</span> <span class='ocrx_word' id='word_1_139' title='bbox 1452 1892 1669 1947; x_wconf 81' lang='grc' dir='ltr'>αὐτίκα,</span> <span class='ocrx_word' id='word_1_140' title='bbox 1690 1891 1772 1951; x_wconf 83' lang='grc' dir='ltr'>ὡς</span> 
     </span>
    </p>
   </div>
   <div class='ocr_carea' id='block_1_20' title="bbox 188 1982 1765 2051">
    <p class='ocr_par' dir='ltr' id='par_1_20' title="bbox 188 1982 1765 2051">
     <span class='ocr_line' id='line_1_20' title="bbox 188 1982 1765 2051; baseline 0.001 -18"><span class='ocrx_word' id='word_1_141' title='bbox 188 1983 390 2039; x_wconf 74' lang='grc' dir='ltr'>ἐδόκει.</span> <span class='ocrx_word' id='word_1_142' title='bbox 418 1982 657 2049; x_wconf 66' lang='grc' dir='ltr'>ζωΰφιον</span> <span class='ocrx_word' id='word_1_143' title='bbox 690 1982 928 2051; x_wconf 77' lang='grc' dir='ltr'>ἔμπνουν</span> <span class='ocrx_word' id='word_1_144' title='bbox 953 2000 1011 2035; x_wconf 85' lang='grc' dir='ltr'><strong>τε</strong></span> <span class='ocrx_word' id='word_1_145' title='bbox 1042 1984 1137 2035; x_wconf 75' lang='grc' dir='ltr'>καὶ</span> <span class='ocrx_word' id='word_1_146' title='bbox 1168 1984 1495 2051; x_wconf 83' lang='grc' dir='ltr'>ὑπόπτερον,</span> <span class='ocrx_word' id='word_1_147' title='bbox 1530 1984 1557 2035; x_wconf 77' lang='grc' dir='ltr'><strong>ὃ</strong></span> <span class='ocrx_word' id='word_1_148' title='bbox 1586 1982 1649 2051; x_wconf 81' lang='grc' dir='ltr'>δὴ</span> <span class='ocrx_word' id='word_1_149' title='bbox 1673 1982 1765 2035; x_wconf 73' lang='grc' dir='ltr'>καὶ</span> 
     </span>
    </p>
   </div>
   <div class='ocr_carea' id='block_1_21' title="bbox 187 2073 1766 2143">
    <p class='ocr_par' dir='ltr' id='par_1_21' title="bbox 187 2073 1766 2143">
     <span class='ocr_line' id='line_1_21' title="bbox 187 2073 1766 2143; baseline -0.002 -16"><span class='ocrx_word' id='word_1_150' title='bbox 187 2074 488 2142; x_wconf 60' lang='grc' dir='ltr'>ἁρμοσμένου</span> <span class='ocrx_word' id='word_1_151' title='bbox 532 2074 587 2125; x_wconf 83' lang='grc' dir='ltr'>ὲν</span> <span class='ocrx_word' id='word_1_152' title='bbox 611 2073 848 2141; x_wconf 74' lang='grc' dir='ltr'>θαύματι</span> <span class='ocrx_word' id='word_1_153' title='bbox 876 2074 969 2125; x_wconf 71' lang='grc' dir='ltr'>καὶ</span> <span class='ocrx_word' id='word_1_154' title='bbox 999 2074 1134 2143; x_wconf 76' lang='grc' dir='ltr'>πρὸς</span> <span class='ocrx_word' id='word_1_155' title='bbox 1164 2075 1376 2142; x_wconf 80' lang='grc' dir='ltr'>ἄμυναν</span> <span class='ocrx_word' id='word_1_156' title='bbox 1426 2075 1596 2136; x_wconf 74' lang='grc' dir='ltr'>ἰόντος</span> <span class='ocrx_word' id='word_1_157' title='bbox 1629 2076 1766 2141; x_wconf 71' lang='grc' dir='ltr'>ἁφα-</span> 
     </span>
    </p>
   </div>
   <div class='ocr_carea' id='block_1_22' title="bbox 189 2164 1768 2234">
    <p class='ocr_par' dir='ltr' id='par_1_22' title="bbox 189 2164 1768 2234">
     <span class='ocr_line' id='line_1_22' title="bbox 189 2164 1768 2234; baseline -0.003 -16"><span class='ocrx_word' id='word_1_158' title='bbox 189 2166 275 2227; x_wconf 64' lang='lat' dir='ltr'><strong>vi;</strong></span> <span class='ocrx_word' id='word_1_159' title='bbox 308 2164 659 2234; x_wconf 73' lang='grc' dir='ltr'>παραχρῆμα</span> <span class='ocrx_word' id='word_1_160' title='bbox 696 2165 923 2230; x_wconf 87' lang='grc' dir='ltr'>γίνεται.</span> <span class='ocrx_word' id='word_1_161' title='bbox 966 2165 1154 2229; x_wconf 80' lang='grc' dir='ltr'>Ἔδοξε</span> <span class='ocrx_word' id='word_1_162' title='bbox 1203 2166 1246 2218; x_wconf 83' lang='grc' dir='ltr'>δ’</span> <span class='ocrx_word' id='word_1_163' title='bbox 1293 2167 1442 2231; x_wconf 67' lang='grc' dir='ltr'>ὅμως</span> <span class='ocrx_word' id='word_1_164' title='bbox 1486 2166 1670 2234; x_wconf 72' lang='grc' dir='ltr'>ῥαῖσαι</span> <span class='ocrx_word' id='word_1_165' title='bbox 1709 2164 1768 2217; x_wconf 73' lang='grc' dir='ltr'><strong>τδ</strong></span> 
     </span>
    </p>
   </div>
   <div class='ocr_carea' id='block_1_23' title="bbox 190 2256 1767 2328">
    <p class='ocr_par' dir='ltr' id='par_1_23' title="bbox 190 2256 1767 2328">
     <span class='ocr_line' id='line_1_23' title="bbox 190 2256 1767 2328; baseline -0.003 -18"><span class='ocrx_word' id='word_1_166' title='bbox 190 2258 519 2325; x_wconf 62' lang='grc' dir='ltr'>ἑμφωλεῦον</span> <span class='ocrx_word' id='word_1_167' title='bbox 568 2258 651 2328; x_wconf 78' lang='grc' dir='ltr'>[Ρ.</span> <span class='ocrx_word' id='word_1_168' title='bbox 690 2256 818 2326; x_wconf 76' lang='lat' dir='ltr'><strong>3H]</strong></span> <span class='ocrx_word' id='word_1_169' title='bbox 855 2257 1046 2319; x_wconf 84' lang='grc' dir='ltr'>άλλως.</span> <span class='ocrx_word' id='word_1_170' title='bbox 1109 2258 1204 2311; x_wconf 71' lang='grc' dir='ltr'>καὶ</span> <span class='ocrx_word' id='word_1_171' title='bbox 1241 2259 1296 2308; x_wconf 86' lang='grc' dir='ltr'><strong>ἐν</strong></span> <span class='ocrx_word' id='word_1_172' title='bbox 1354 2258 1618 2325; x_wconf 69' lang='grc' dir='ltr'>χρησταῖς</span> <span class='ocrx_word' id='word_1_173' title='bbox 1650 2257 1767 2315; x_wconf 72' lang='grc' dir='ltr'>ταῖς</span> 
     </span>
    </p>
   </div>
   <div class='ocr_carea' id='block_1_24' title="bbox 188 2345 1769 2419">
    <p class='ocr_par' dir='ltr' id='par_1_24' title="bbox 188 2345 1769 2419">
     <span class='ocr_line' id='line_1_24' title="bbox 188 2345 1769 2419; baseline -0.003 -16"><span class='ocrx_word' id='word_1_174' title='bbox 188 2351 409 2404; x_wconf 76' lang='grc' dir='ltr'>ἐλπίσιν</span> <span class='ocrx_word' id='word_1_175' title='bbox 443 2345 533 2419; x_wconf 77' lang='grc' dir='ltr'>ἦν.</span> <span class='ocrx_word' id='word_1_176' title='bbox 584 2349 721 2399; x_wconf 78' lang='grc' dir='ltr'>Ἀλλ’</span> <span class='ocrx_word' id='word_1_177' title='bbox 756 2350 1040 2416; x_wconf 77' lang='grc' dir='ltr'>ἐφίσταται</span> <span class='ocrx_word' id='word_1_178' title='bbox 1088 2353 1154 2417; x_wconf 80' lang='grc' dir='ltr'>τῇ</span> <span class='ocrx_word' id='word_1_179' title='bbox 1186 2350 1334 2417; x_wconf 74' lang='grc' dir='ltr'>οἰκίᾳ</span> <span class='ocrx_word' id='word_1_180' title='bbox 1378 2350 1577 2416; x_wconf 72' lang='grc' dir='ltr'>ὁμοίως</span> <span class='ocrx_word' id='word_1_181' title='bbox 1631 2349 1769 2416; x_wconf 74' lang='grc' dir='ltr'>ἔχων</span> 
     </span>
    </p>
   </div>
   <div class='ocr_carea' id='block_1_25' title="bbox 192 2438 1768 2507">
    <p class='ocr_par' dir='ltr' id='par_1_25' title="bbox 192 2438 1768 2507">
     <span class='ocr_line' id='line_1_25' title="bbox 192 2438 1768 2507; baseline -0.003 -14"><span class='ocrx_word' id='word_1_182' title='bbox 192 2442 287 2493; x_wconf 73' lang='grc' dir='ltr'>καὶ</span> <span class='ocrx_word' id='word_1_183' title='bbox 314 2440 476 2501; x_wconf 73' lang='grc' dir='ltr'>αὖθις</span> <span class='ocrx_word' id='word_1_184' title='bbox 519 2438 611 2492; x_wconf 81' lang='grc' dir='ltr'><strong>τοῦ</strong></span> <span class='ocrx_word' id='word_1_185' title='bbox 646 2439 871 2501; x_wconf 72' lang='grc' dir='ltr'>πάθους.</span> <span class='ocrx_word' id='word_1_186' title='bbox 929 2440 993 2491; x_wconf 89' lang='grc' dir='ltr'><strong>Οἱ</strong></span> <span class='ocrx_word' id='word_1_187' title='bbox 1045 2439 1143 2507; x_wconf 82' lang='grc' dir='ltr'>μὲν</span> <span class='ocrx_word' id='word_1_188' title='bbox 1172 2440 1244 2500; x_wconf 85' lang='grc' dir='ltr'>ὡς</span> <span class='ocrx_word' id='word_1_189' title='bbox 1278 2442 1336 2490; x_wconf 88' lang='grc' dir='ltr'>τὸ</span> <span class='ocrx_word' id='word_1_190' title='bbox 1364 2441 1534 2493; x_wconf 80' lang='grc' dir='ltr'>πάλαι</span> <span class='ocrx_word' id='word_1_191' title='bbox 1565 2441 1623 2492; x_wconf 69' lang='grc' dir='ltr'><strong>τό</strong></span> <span class='ocrx_word' id='word_1_192' title='bbox 1660 2440 1768 2507; x_wconf 75' lang='grc' dir='ltr'><strong>πῦρ</strong></span> 
     </span>
    </p>
   </div>
   <div class='ocr_carea' id='block_1_26' title="bbox 190 2529 1770 2599">
    <p class='ocr_par' dir='ltr' id='par_1_26' title="bbox 190 2529 1770 2599">
     <span class='ocr_line' id='line_1_26' title="bbox 190 2529 1770 2599; baseline -0.001 -16"><span class='ocrx_word' id='word_1_193' title='bbox 190 2531 435 2583; x_wconf 77' lang='grc' dir='ltr'>διένευον</span> <span class='ocrx_word' id='word_1_194' title='bbox 460 2531 823 2590; x_wconf 76' lang='grc' dir='ltr'>ὑπανάπτειν,</span> <span class='ocrx_word' id='word_1_195' title='bbox 854 2530 1109 2599; x_wconf 78' lang='grc' dir='ltr'>φέροντες</span> <span class='ocrx_word' id='word_1_196' title='bbox 1138 2531 1358 2599; x_wconf 75' lang='grc' dir='ltr'>ἄλευρα,</span> <span class='ocrx_word' id='word_1_197' title='bbox 1382 2530 1408 2581; x_wconf 85' lang='grc' dir='ltr'>ὁ</span> <span class='ocrx_word' id='word_1_198' title='bbox 1441 2530 1484 2581; x_wconf 79' lang='grc' dir='ltr'>δ’</span> <span class='ocrx_word' id='word_1_199' title='bbox 1517 2529 1770 2597; x_wconf 76' lang='grc' dir='ltr'>ἐμπεσὼν</span> 
     </span>
    </p>
   </div>
   <div class='ocr_carea' id='block_1_27' title="bbox 194 2618 1771 2693">
    <p class='ocr_par' dir='ltr' id='par_1_27' title="bbox 194 2618 1771 2693">
     <span class='ocr_line' id='line_1_27' title="bbox 194 2618 1771 2693; baseline -0.001 -19"><span class='ocrx_word' id='word_1_200' title='bbox 194 2624 377 2689; x_wconf 55' lang='grc' dir='ltr'>ἑᾳῦσα</span> <span class='ocrx_word' id='word_1_201' title='bbox 405 2623 622 2689; x_wconf 73' lang='grc' dir='ltr'>λιγέως.</span> <span class='ocrx_word' id='word_1_202' title='bbox 657 2624 797 2673; x_wconf 80' lang='grc' dir='ltr'>Ἀλλ’</span> <span class='ocrx_word' id='word_1_203' title='bbox 828 2622 951 2674; x_wconf 69' lang='grc' dir='ltr'>οὔτε</span> <span class='ocrx_word' id='word_1_204' title='bbox 985 2621 1115 2689; x_wconf 73' lang='grc' dir='ltr'>φλὸξ</span> <span class='ocrx_word' id='word_1_205' title='bbox 1136 2618 1418 2693; x_wconf 76' lang='grc' dir='ltr'>ὧρῖοοῦτε</span> <span class='ocrx_word' id='word_1_206' title='bbox 1452 2623 1560 2691; x_wconf 83' lang='grc' dir='ltr'><strong>πῦρ</strong></span> <span class='ocrx_word' id='word_1_207' title='bbox 1586 2625 1771 2674; x_wconf 77' lang='grc' dir='ltr'>θεσπι-</span> 
     </span>
    </p>
   </div>
   <div class='ocr_carea' id='block_1_28' title="bbox 189 2714 1768 2785">
    <p class='ocr_par' dir='ltr' id='par_1_28' title="bbox 189 2714 1768 2785">
     <span class='ocr_line' id='line_1_28' title="bbox 189 2714 1768 2785; baseline -0.002 -18"><span class='ocrx_word' id='word_1_208' title='bbox 189 2716 317 2778; x_wconf 75' lang='grc' dir='ltr'>δαὲς</span> <span class='ocrx_word' id='word_1_209' title='bbox 337 2717 488 2784; x_wconf 81' lang='grc' dir='ltr'>ῐαχε,</span> <span class='ocrx_word' id='word_1_210' title='bbox 522 2715 661 2767; x_wconf 82' lang='grc' dir='ltr'>κατὰ</span> <span class='ocrx_word' id='word_1_211' title='bbox 688 2715 929 2784; x_wconf 78' lang='grc' dir='ltr'>ποίησιν,</span> <span class='ocrx_word' id='word_1_212' title='bbox 954 2715 1110 2785; x_wconf 83' lang='grc' dir='ltr'>μόνος</span> <span class='ocrx_word' id='word_1_213' title='bbox 1132 2715 1176 2767; x_wconf 79' lang='grc' dir='ltr'>δ’</span> <span class='ocrx_word' id='word_1_214' title='bbox 1209 2715 1514 2783; x_wconf 75' lang='grc' dir='ltr'>ὑπετῦφετο</span> <span class='ocrx_word' id='word_1_215' title='bbox 1545 2714 1768 2779; x_wconf 67' lang='grc' dir='ltr'>καπνὸς,</span> 
     </span>
    </p>
   </div>
   <div class='ocr_carea' id='block_1_29' title="bbox 194 2894 1771 2967">
    <p class='ocr_par' dir='ltr' id='par_1_29' title="bbox 194 2894 1771 2967">
     <span class='ocr_line' id='line_1_29' title="bbox 194 2894 1771 2967; baseline 0.003 -19"><span class='ocrx_word' id='word_1_216' title='bbox 194 2894 343 2948; x_wconf 87' lang='lat' dir='ltr'><strong>santi</strong></span> <span class='ocrx_word' id='word_1_217' title='bbox 380 2900 574 2947; x_wconf 88' lang='lat' dir='ltr'><strong>sancta</strong></span> <span class='ocrx_word' id='word_1_218' title='bbox 608 2902 813 2963; x_wconf 86' lang='lat' dir='ltr'><strong>martyr</strong></span> <span class='ocrx_word' id='word_1_219' title='bbox 849 2904 902 2949; x_wconf 91' lang='lat' dir='ltr'><strong>et</strong></span> <span class='ocrx_word' id='word_1_220' title='bbox 928 2896 1079 2965; x_wconf 86' lang='lat' dir='ltr'><strong>virgo</strong></span> <span class='ocrx_word' id='word_1_221' title='bbox 1131 2912 1227 2964; x_wconf 83' lang='lat' dir='ltr'><strong>per</strong></span> <span class='ocrx_word' id='word_1_222' title='bbox 1249 2912 1501 2950; x_wconf 87' lang='lat' dir='ltr'><strong>somnum</strong></span> <span class='ocrx_word' id='word_1_223' title='bbox 1532 2913 1771 2967; x_wconf 85' lang='lat' dir='ltr'><strong>superne</strong></span> 
     </span>
    </p>
   </div>
   <div class='ocr_carea' id='block_1_30' title="bbox 194 2988 1769 3060">
    <p class='ocr_par' dir='ltr' id='par_1_30' title="bbox 194 2988 1769 3060">
     <span class='ocr_line' id='line_1_30' title="bbox 194 2988 1769 3060; baseline 0.003 -19"><span class='ocrx_word' id='word_1_224' title='bbox 194 3004 476 3057; x_wconf 72' lang='lat' dir='ltr'><strong>apparens</strong></span> <span class='ocrx_word' id='word_1_225' title='bbox 501 3003 561 3042; x_wconf 88' lang='lat' dir='ltr'><strong>se</strong></span> <span class='ocrx_word' id='word_1_226' title='bbox 584 2988 804 3053; x_wconf 75' lang='lat' dir='ltr'><strong>obtulit,</strong></span> <span class='ocrx_word' id='word_1_227' title='bbox 829 3005 1063 3055; x_wconf 88' lang='lat' dir='ltr'><strong>eumque</strong></span> <span class='ocrx_word' id='word_1_228' title='bbox 1088 2993 1311 3044; x_wconf 81' lang='lat' dir='ltr'><strong>omnino</strong></span> <span class='ocrx_word' id='word_1_229' title='bbox 1332 2992 1503 3060; x_wconf 86' lang='lat' dir='ltr'><strong>jussit</strong></span> <span class='ocrx_word' id='word_1_230' title='bbox 1524 2993 1589 3046; x_wconf 90' lang='lat' dir='ltr'><strong>ad</strong></span> <span class='ocrx_word' id='word_1_231' title='bbox 1616 3009 1769 3047; x_wconf 87' lang='lat' dir='ltr'><strong>snam</strong></span> 
     </span>
    </p>
   </div>
   <div class='ocr_carea' id='block_1_31' title="bbox 193 3077 1772 3151">
    <p class='ocr_par' dir='ltr' id='par_1_31' title="bbox 193 3077 1772 3151">
     <span class='ocr_line' id='line_1_31' title="bbox 193 3077 1772 3151; baseline 0.002 -19"><span class='ocrx_word' id='word_1_232' title='bbox 193 3080 377 3145; x_wconf 83' lang='lat' dir='ltr'><strong>ipsius</strong></span> <span class='ocrx_word' id='word_1_233' title='bbox 406 3092 623 3131; x_wconf 79' lang='lat' dir='ltr'><strong>sacram</strong></span> <span class='ocrx_word' id='word_1_234' title='bbox 658 3077 826 3130; x_wconf 70' lang='lat' dir='ltr'><strong>aedem</strong></span> <span class='ocrx_word' id='word_1_235' title='bbox 851 3093 975 3131; x_wconf 91' lang='lat' dir='ltr'><strong>cum</strong></span> <span class='ocrx_word' id='word_1_236' title='bbox 1006 3094 1130 3133; x_wconf 87' lang='lat' dir='ltr'><strong>cera</strong></span> <span class='ocrx_word' id='word_1_237' title='bbox 1161 3088 1215 3133; x_wconf 89' lang='lat' dir='ltr'><strong>ct</strong></span> <span class='ocrx_word' id='word_1_238' title='bbox 1252 3082 1610 3150; x_wconf 83' lang='lat' dir='ltr'><strong>thymiamate</strong></span> <span class='ocrx_word' id='word_1_239' title='bbox 1643 3098 1772 3151; x_wconf 81' lang='lat' dir='ltr'><strong>pro-</strong></span> 
     </span>
    </p>
   </div>
   <div class='ocr_carea' id='block_1_32' title="bbox 1869 609 3446 683">
    <p class='ocr_par' dir='ltr' id='par_1_32' title="bbox 1869 609 3446 683">
     <span class='ocr_line' id='line_1_32' title="bbox 1869 609 3446 683; baseline -0.003 -18"><span class='ocrx_word' id='word_1_240' title='bbox 1869 614 2071 683; x_wconf 80' lang='grc' dir='ltr'>πολλὴν</span> <span class='ocrx_word' id='word_1_241' title='bbox 2130 616 2186 667; x_wconf 78' lang='grc' dir='ltr'>δὲ</span> <span class='ocrx_word' id='word_1_242' title='bbox 2236 617 2430 683; x_wconf 81' lang='grc' dir='ltr'>πεῖραν</span> <span class='ocrx_word' id='word_1_243' title='bbox 2480 613 2574 667; x_wconf 88' lang='grc' dir='ltr'><strong>τοῦ</strong></span> <span class='ocrx_word' id='word_1_244' title='bbox 2620 611 2788 675; x_wconf 81' lang='grc' dir='ltr'>πυρὸς</span> <span class='ocrx_word' id='word_1_245' title='bbox 2844 609 3009 679; x_wconf 78' lang='grc' dir='ltr'>μηδὲν</span> <span class='ocrx_word' id='word_1_246' title='bbox 3056 610 3446 674; x_wconf 79' lang='grc' dir='ltr'>ὑπακούοντος,</span> 
     </span>
    </p>
   </div>
   <div class='ocr_carea' id='block_1_33' title="bbox 1874 701 3445 775">
    <p class='ocr_par' dir='ltr' id='par_1_33' title="bbox 1874 701 3445 775">
     <span class='ocr_line' id='line_1_33' title="bbox 1874 701 3445 775; baseline -0.004 -18"><span class='ocrx_word' id='word_1_247' title='bbox 1874 706 2183 775; x_wconf 72' lang='grc' dir='ltr'>μετεϐλήθη</span> <span class='ocrx_word' id='word_1_248' title='bbox 2211 705 2272 757; x_wconf 80' lang='grc' dir='ltr'>τὸ</span> <span class='ocrx_word' id='word_1_249' title='bbox 2309 701 2493 773; x_wconf 82' lang='grc' dir='ltr'>ἆσθμα</span> <span class='ocrx_word' id='word_1_250' title='bbox 2536 706 2615 763; x_wconf 84' lang='grc' dir='ltr'><strong>είς</strong></span> <span class='ocrx_word' id='word_1_251' title='bbox 2656 702 2847 768; x_wconf 81' lang='grc' dir='ltr'>λόγους</span> <span class='ocrx_word' id='word_1_252' title='bbox 2876 703 2969 755; x_wconf 78' lang='grc' dir='ltr'>καὶ</span> <span class='ocrx_word' id='word_1_253' title='bbox 3006 702 3192 769; x_wconf 81' lang='grc' dir='ltr'>φωνὴν</span> <span class='ocrx_word' id='word_1_254' title='bbox 3241 701 3445 769; x_wconf 70' lang='grc' dir='ltr'>ἐχρήσ-</span> 
     </span>
    </p>
   </div>
   <div class='ocr_carea' id='block_1_34' title="bbox 1871 790 3448 867">
    <p class='ocr_par' dir='ltr' id='par_1_34' title="bbox 1871 790 3448 867">
     <span class='ocr_line' id='line_1_34' title="bbox 1871 790 3448 867; baseline -0.004 -18"><span class='ocrx_word' id='word_1_255' title='bbox 1871 813 1954 849; x_wconf 90' lang='grc' dir='ltr'><strong>σει</strong></span> <span class='ocrx_word' id='word_1_256' title='bbox 1976 815 1988 829; x_wconf 71' lang='grc'><strong><em>⁸</em></strong></span> <span class='ocrx_word' id='word_1_257' title='bbox 2014 800 2216 867; x_wconf 80' lang='grc' dir='ltr'>ἀρᾶται</span> <span class='ocrx_word' id='word_1_258' title='bbox 2242 796 2349 865; x_wconf 78' lang='grc' dir='ltr'><strong>γὰρ</strong></span> <span class='ocrx_word' id='word_1_259' title='bbox 2379 800 2443 864; x_wconf 76' lang='grc' dir='ltr'><strong>τῇ</strong></span> <span class='ocrx_word' id='word_1_260' title='bbox 2473 797 2650 865; x_wconf 75' lang='grc' dir='ltr'>ἑστίᾳ,</span> <span class='ocrx_word' id='word_1_261' title='bbox 2674 794 2875 863; x_wconf 76' lang='grc' dir='ltr'>ἀρᾶται</span> <span class='ocrx_word' id='word_1_262' title='bbox 2902 793 2975 861; x_wconf 86' lang='grc' dir='ltr'>μή</span> <span class='ocrx_word' id='word_1_263' title='bbox 3010 808 3137 845; x_wconf 85' lang='grc' dir='ltr'>ποτε</span> <span class='ocrx_word' id='word_1_264' title='bbox 3170 790 3448 860; x_wconf 74' lang='grc' dir='ltr'>ὑπανάψαι</span> 
     </span>
    </p>
   </div>
   <div class='ocr_carea' id='block_1_35' title="bbox 1871 884 3448 959">
    <p class='ocr_par' dir='ltr' id='par_1_35' title="bbox 1871 884 3448 959">
     <span class='ocr_line' id='line_1_35' title="bbox 1871 884 3448 959; baseline -0.004 -17"><span class='ocrx_word' id='word_1_265' title='bbox 1871 890 2005 958; x_wconf 77' lang='grc' dir='ltr'>μηδὲ</span> <span class='ocrx_word' id='word_1_266' title='bbox 2037 890 2211 959; x_wconf 79' lang='grc' dir='ltr'>φλόγα</span> <span class='ocrx_word' id='word_1_267' title='bbox 2238 890 2299 941; x_wconf 74' lang='grc' dir='ltr'>τὸ</span> <span class='ocrx_word' id='word_1_268' title='bbox 2324 888 2543 941; x_wconf 80' lang='grc' dir='ltr'>σύνολον</span> <span class='ocrx_word' id='word_1_269' title='bbox 2572 888 2820 954; x_wconf 85' lang='grc' dir='ltr'>ποιῆσαι,</span> <span class='ocrx_word' id='word_1_270' title='bbox 2854 886 2996 955; x_wconf 84' lang='grc' dir='ltr'>μέγα</span> <span class='ocrx_word' id='word_1_271' title='bbox 3029 884 3166 953; x_wconf 79' lang='grc' dir='ltr'>βοῶν</span> <span class='ocrx_word' id='word_1_272' title='bbox 3191 888 3253 937; x_wconf 72' lang='grc' dir='ltr'><strong>ἐκ</strong></span> <span class='ocrx_word' id='word_1_273' title='bbox 3279 884 3448 954; x_wconf 78' lang='grc' dir='ltr'>βαρύ-</span> 
     </span>
    </p>
   </div>
   <div class='ocr_carea' id='block_1_36' title="bbox 1870 978 3447 1050">
    <p class='ocr_par' dir='ltr' id='par_1_36' title="bbox 1870 978 3447 1050">
     <span class='ocr_line' id='line_1_36' title="bbox 1870 978 3447 1050; baseline -0.003 -16"><span class='ocrx_word' id='word_1_274' title='bbox 1870 998 2049 1050; x_wconf 80' lang='grc' dir='ltr'>τητος.</span> <span class='ocrx_word' id='word_1_275' title='bbox 2118 985 2183 1033; x_wconf 89' lang='grc' dir='ltr'>Ὃ</span> <span class='ocrx_word' id='word_1_276' title='bbox 2228 980 2316 1050; x_wconf 75' lang='grc' dir='ltr'>δὴ,</span> <span class='ocrx_word' id='word_1_277' title='bbox 2366 981 2441 1043; x_wconf 84' lang='grc' dir='ltr'>ὡς</span> <span class='ocrx_word' id='word_1_278' title='bbox 2501 982 2667 1043; x_wconf 75' lang='grc' dir='ltr'>εἰκὸς,</span> <span class='ocrx_word' id='word_1_279' title='bbox 2703 980 2828 1040; x_wconf 81' lang='grc' dir='ltr'>τοὺς</span> <span class='ocrx_word' id='word_1_280' title='bbox 2864 978 2957 1030; x_wconf 76' lang='grc' dir='ltr'>ἐπὶ</span> <span class='ocrx_word' id='word_1_281' title='bbox 2988 978 3088 1045; x_wconf 82' lang='grc' dir='ltr'>τῆς</span> <span class='ocrx_word' id='word_1_282' title='bbox 3137 978 3315 1038; x_wconf 80' lang='grc' dir='ltr'>οίκίας</span> <span class='ocrx_word' id='word_1_283' title='bbox 3347 978 3447 1030; x_wconf 82' lang='grc' dir='ltr'>οὐκ</span> 
     </span>
    </p>
   </div>
   <div class='ocr_carea' id='block_1_37' title="bbox 1868 1068 3447 1141">
    <p class='ocr_par' dir='ltr' id='par_1_37' title="bbox 1868 1068 3447 1141">
     <span class='ocr_line' id='line_1_37' title="bbox 1868 1068 3447 1141; baseline -0.004 -16"><span class='ocrx_word' id='word_1_284' title='bbox 1868 1075 2079 1127; x_wconf 69' lang='grc' dir='ltr'>ἔλαθεν.</span> <span class='ocrx_word' id='word_1_285' title='bbox 2115 1075 2305 1141; x_wconf 86' lang='grc' dir='ltr'>Ὅμως</span> <span class='ocrx_word' id='word_1_286' title='bbox 2353 1074 2396 1125; x_wconf 77' lang='grc' dir='ltr'>δ’</span> <span class='ocrx_word' id='word_1_287' title='bbox 2426 1072 2768 1133; x_wconf 76' lang='grc' dir='ltr'>ἀκούσαντες</span> <span class='ocrx_word' id='word_1_288' title='bbox 2811 1071 3225 1139; x_wconf 82' lang='grc' dir='ltr'>ἐξεπλήττοντο,</span> <span class='ocrx_word' id='word_1_289' title='bbox 3261 1068 3447 1137; x_wconf 80' lang='grc' dir='ltr'>σφίσιν</span> 
     </span>
    </p>
   </div>
   <div class='ocr_carea' id='block_1_38' title="bbox 1868 1159 3446 1230">
    <p class='ocr_par' dir='ltr' id='par_1_38' title="bbox 1868 1159 3446 1230">
     <span class='ocr_line' id='line_1_38' title="bbox 1868 1159 3446 1230; baseline -0.004 -12"><span class='ocrx_word' id='word_1_290' title='bbox 1868 1167 2084 1227; x_wconf 70' lang='grc' dir='ltr'>ἑαυτοῖς</span> <span class='ocrx_word' id='word_1_291' title='bbox 2122 1162 2551 1225; x_wconf 79' lang='grc' dir='ltr'>διαπιστοῦντες,</span> <span class='ocrx_word' id='word_1_292' title='bbox 2590 1163 2681 1214; x_wconf 76' lang='grc' dir='ltr'>καὶ</span> <span class='ocrx_word' id='word_1_293' title='bbox 2705 1162 2851 1213; x_wconf 81' lang='grc' dir='ltr'>δυοῖν</span> <span class='ocrx_word' id='word_1_294' title='bbox 2876 1162 3172 1230; x_wconf 78' lang='grc' dir='ltr'>ἡγούμενοι</span> <span class='ocrx_word' id='word_1_295' title='bbox 3196 1159 3446 1228; x_wconf 84' lang='grc' dir='ltr'>θάτερον,</span> 
     </span>
    </p>
   </div>
   <div class='ocr_carea' id='block_1_39' title="bbox 1868 1249 3449 1326">
    <p class='ocr_par' dir='ltr' id='par_1_39' title="bbox 1868 1249 3449 1326">
     <span class='ocr_line' id='line_1_39' title="bbox 1868 1249 3449 1326; baseline -0.005 -17"><span class='ocrx_word' id='word_1_296' title='bbox 1868 1257 1901 1326; x_wconf 78' lang='grc' dir='ltr'><strong>ῆ</strong></span> <span class='ocrx_word' id='word_1_297' title='bbox 1937 1258 1996 1309; x_wconf 80' lang='grc' dir='ltr'>τὸ</span> <span class='ocrx_word' id='word_1_298' title='bbox 2028 1256 2137 1326; x_wconf 87' lang='grc' dir='ltr'><strong>πῦρ</strong></span> <span class='ocrx_word' id='word_1_299' title='bbox 2172 1256 2272 1321; x_wconf 72' lang='grc' dir='ltr'>τὴν</span> <span class='ocrx_word' id='word_1_300' title='bbox 2306 1254 2489 1323; x_wconf 80' lang='grc' dir='ltr'>φωνὴν</span> <span class='ocrx_word' id='word_1_301' title='bbox 2523 1255 2732 1306; x_wconf 82' lang='grc' dir='ltr'>ἀνεῖναι</span> <span class='ocrx_word' id='word_1_302' title='bbox 2764 1251 2795 1320; x_wconf 77' lang='grc' dir='ltr'>ἢ</span> <span class='ocrx_word' id='word_1_303' title='bbox 2835 1251 2942 1321; x_wconf 85' lang='grc' dir='ltr'>μὴν</span> <span class='ocrx_word' id='word_1_304' title='bbox 2962 1249 3066 1323; x_wconf 28' lang='grc' dir='ltr'>,τὸν</span> <span class='ocrx_word' id='word_1_305' title='bbox 3094 1250 3231 1311; x_wconf 70' lang='grc' dir='ltr'>τέως</span> <span class='ocrx_word' id='word_1_306' title='bbox 3264 1252 3449 1317; x_wconf 68' lang='grc' dir='ltr'>κωφὸν</span> 
     </span>
    </p>
   </div>
   <div class='ocr_carea' id='block_1_40' title="bbox 1868 1341 3448 1417">
    <p class='ocr_par' dir='ltr' id='par_1_40' title="bbox 1868 1341 3448 1417">
     <span class='ocr_line' id='line_1_40' title="bbox 1868 1341 3448 1417; baseline -0.004 -17"><span class='ocrx_word' id='word_1_307' title='bbox 1868 1350 1959 1400; x_wconf 76' lang='grc' dir='ltr'>καὶ</span> <span class='ocrx_word' id='word_1_308' title='bbox 1981 1348 2039 1399; x_wconf 79' lang='grc' dir='ltr'>ὃν</span> <span class='ocrx_word' id='word_1_309' title='bbox 2068 1348 2168 1399; x_wconf 84' lang='grc' dir='ltr'>οὐκ</span> <span class='ocrx_word' id='word_1_310' title='bbox 2202 1346 2400 1417; x_wconf 64' lang='grc' dir='ltr'><strong>⁴ᾔδεσαν</strong></span> <span class='ocrx_word' id='word_1_311' title='bbox 2428 1346 2612 1415; x_wconf 80' lang='grc' dir='ltr'>φωνήν</span> <span class='ocrx_word' id='word_1_312' title='bbox 2665 1362 2793 1397; x_wconf 88' lang='grc' dir='ltr'>ποτε</span> <span class='ocrx_word' id='word_1_313' title='bbox 2830 1346 3180 1412; x_wconf 79' lang='grc' dir='ltr'>προϊέμενον.</span> <span class='ocrx_word' id='word_1_314' title='bbox 3249 1342 3340 1405; x_wconf 81' lang='grc' dir='ltr'>Ὦς</span> <span class='ocrx_word' id='word_1_315' title='bbox 3393 1341 3448 1394; x_wconf 66' lang='grc' dir='ltr'>δὲ</span> 
     </span>
    </p>
   </div>
   <div class='ocr_carea' id='block_1_41' title="bbox 1868 1428 3445 1507">
    <p class='ocr_par' dir='ltr' id='par_1_41' title="bbox 1868 1428 3445 1507">
     <span class='ocr_line' id='line_1_41' title="bbox 1868 1428 3445 1507; baseline -0.004 -19"><span class='ocrx_word' id='word_1_316' title='bbox 1868 1437 2155 1507; x_wconf 80' lang='grc' dir='ltr'>πόρρωθεν</span> <span class='ocrx_word' id='word_1_317' title='bbox 2194 1436 2498 1503; x_wconf 74' lang='grc' dir='ltr'>φωνοῦντες</span> <span class='ocrx_word' id='word_1_318' title='bbox 2531 1436 2813 1504; x_wconf 78' lang='grc' dir='ltr'>ἀνέκρινον</span> <span class='ocrx_word' id='word_1_319' title='bbox 2875 1434 3020 1496; x_wconf 86' lang='grc' dir='ltr'>τίνος</span> <span class='ocrx_word' id='word_1_320' title='bbox 3052 1434 3086 1504; x_wconf 79' lang='grc' dir='ltr'>ἡ</span> <span class='ocrx_word' id='word_1_321' title='bbox 3116 1433 3267 1500; x_wconf 80' lang='grc' dir='ltr'>φωνὴ</span> <span class='ocrx_word' id='word_1_322' title='bbox 3305 1428 3445 1501; x_wconf 81' lang='grc' dir='ltr'>αὕτη</span> 
     </span>
    </p>
   </div>
   <div class='ocr_carea' id='block_1_42' title="bbox 1868 1521 3445 1593">
    <p class='ocr_par' dir='ltr' id='par_1_42' title="bbox 1868 1521 3445 1593">
     <span class='ocr_line' id='line_1_42' title="bbox 1868 1521 3445 1593; baseline -0.004 -11"><span class='ocrx_word' id='word_1_323' title='bbox 1868 1530 1963 1582; x_wconf 76' lang='grc' dir='ltr'>καὶ</span> <span class='ocrx_word' id='word_1_324' title='bbox 1987 1528 2055 1581; x_wconf 73' lang='grc' dir='ltr'><strong>τά</strong></span> <span class='ocrx_word' id='word_1_325' title='bbox 2085 1526 2417 1593; x_wconf 81' lang='grc' dir='ltr'>λαλούμενα,</span> <span class='ocrx_word' id='word_1_326' title='bbox 2451 1529 2479 1579; x_wconf 85' lang='grc' dir='ltr'><strong>ό</strong></span> <span class='ocrx_word' id='word_1_327' title='bbox 2512 1526 2692 1591; x_wconf 59' lang='grc' dir='ltr'>κωςδς</span> <span class='ocrx_word' id='word_1_328' title='bbox 2719 1524 2932 1585; x_wconf 81' lang='grc' dir='ltr'>ἀκούει,</span> <span class='ocrx_word' id='word_1_329' title='bbox 2961 1524 3057 1575; x_wconf 70' lang='grc' dir='ltr'>καὶ</span> <span class='ocrx_word' id='word_1_330' title='bbox 3083 1524 3210 1591; x_wconf 80' lang='grc' dir='ltr'>περὶ</span> <span class='ocrx_word' id='word_1_331' title='bbox 3252 1521 3445 1575; x_wconf 71' lang='grc' dir='ltr'>ἑαυτοῦ</span> 
     </span>
    </p>
   </div>
   <div class='ocr_carea' id='block_1_43' title="bbox 1874 1612 3445 1689">
    <p class='ocr_par' dir='ltr' id='par_1_43' title="bbox 1874 1612 3445 1689">
     <span class='ocr_line' id='line_1_43' title="bbox 1874 1612 3445 1689; baseline -0.006 -18"><span class='ocrx_word' id='word_1_332' title='bbox 1874 1620 2163 1689; x_wconf 79' lang='grc' dir='ltr'>μαρτυρεῖ,</span> <span class='ocrx_word' id='word_1_333' title='bbox 2211 1618 2287 1680; x_wconf 84' lang='grc' dir='ltr'>ὡς</span> <span class='ocrx_word' id='word_1_334' title='bbox 2338 1616 2500 1677; x_wconf 79' lang='grc' dir='ltr'>αὐτὸς</span> <span class='ocrx_word' id='word_1_335' title='bbox 2534 1616 2773 1677; x_wconf 82' lang='grc' dir='ltr'>άκούσας</span> <span class='ocrx_word' id='word_1_336' title='bbox 2828 1614 3253 1683; x_wconf 68' lang='grc' dir='ltr'>άνακρινόντων,</span> <span class='ocrx_word' id='word_1_337' title='bbox 3285 1612 3445 1672; x_wconf 75' lang='grc' dir='ltr'>αὐτὸς</span> 
     </span>
    </p>
   </div>
   <div class='ocr_carea' id='block_1_44' title="bbox 1867 1702 3451 1777">
    <p class='ocr_par' dir='ltr' id='par_1_44' title="bbox 1867 1702 3451 1777">
     <span class='ocr_line' id='line_1_44' title="bbox 1867 1702 3451 1777; baseline -0.004 -17"><span class='ocrx_word' id='word_1_338' title='bbox 1867 1704 1936 1777; x_wconf 84' lang='grc' dir='ltr'>ἦν</span> <span class='ocrx_word' id='word_1_339' title='bbox 1958 1711 2051 1760; x_wconf 69' lang='grc' dir='ltr'>καὶ</span> <span class='ocrx_word' id='word_1_340' title='bbox 2079 1711 2107 1760; x_wconf 90' lang='grc' dir='ltr'><strong>ό</strong></span> <span class='ocrx_word' id='word_1_341' title='bbox 2138 1708 2213 1777; x_wconf 83' lang='grc' dir='ltr'>τῷ</span> <span class='ocrx_word' id='word_1_342' title='bbox 2241 1707 2374 1777; x_wconf 72' lang='grc' dir='ltr'>πυρὶ</span> <span class='ocrx_word' id='word_1_343' title='bbox 2424 1706 2539 1776; x_wconf 82' lang='grc' dir='ltr'>ἰδίῳ</span> <span class='ocrx_word' id='word_1_344' title='bbox 2580 1705 3000 1775; x_wconf 79' lang='grc' dir='ltr'>ἐπαρασάμενος</span> <span class='ocrx_word' id='word_1_345' title='bbox 3043 1703 3296 1771; x_wconf 80' lang='grc' dir='ltr'>στόματι.</span> <span class='ocrx_word' id='word_1_346' title='bbox 3342 1702 3451 1754; x_wconf 78' lang='grc' dir='ltr'><strong>Καὶ</strong></span> 
     </span>
    </p>
   </div>
   <div class='ocr_carea' id='block_1_45' title="bbox 1871 1794 3445 1868">
    <p class='ocr_par' dir='ltr' id='par_1_45' title="bbox 1871 1794 3445 1868">
     <span class='ocr_line' id='line_1_45' title="bbox 1871 1794 3445 1868; baseline -0.004 -15"><span class='ocrx_word' id='word_1_347' title='bbox 1871 1801 2031 1863; x_wconf 75' lang='grc' dir='ltr'>εὐθὺς</span> <span class='ocrx_word' id='word_1_348' title='bbox 2070 1801 2391 1862; x_wconf 77' lang='grc' dir='ltr'>ἐπιστάντες</span> <span class='ocrx_word' id='word_1_349' title='bbox 2412 1800 2472 1851; x_wconf 71' lang='grc' dir='ltr'>τὸ</span> <span class='ocrx_word' id='word_1_350' title='bbox 2503 1800 2729 1868; x_wconf 72' lang='grc' dir='ltr'>φρικτὸν</span> <span class='ocrx_word' id='word_1_351' title='bbox 2752 1800 2927 1849; x_wconf 74' lang='grc' dir='ltr'>ἐκεῖνο</span> <span class='ocrx_word' id='word_1_352' title='bbox 2954 1797 3118 1864; x_wconf 74' lang='grc' dir='ltr'>τέρας</span> <span class='ocrx_word' id='word_1_353' title='bbox 3152 1794 3445 1847; x_wconf 83' lang='grc' dir='ltr'>κατανοοῦ-</span> 
     </span>
    </p>
   </div>
   <div class='ocr_carea' id='block_1_46' title="bbox 1872 1889 3450 1959">
    <p class='ocr_par' dir='ltr' id='par_1_46' title="bbox 1872 1889 3450 1959">
     <span class='ocr_line' id='line_1_46' title="bbox 1872 1889 3450 1959; baseline -0.006 -13"><span class='ocrx_word' id='word_1_354' title='bbox 1872 1912 1976 1955; x_wconf 78' lang='grc' dir='ltr'>σιν,</span> <span class='ocrx_word' id='word_1_355' title='bbox 2008 1892 2099 1944; x_wconf 79' lang='grc' dir='ltr'>τὸν</span> <span class='ocrx_word' id='word_1_356' title='bbox 2132 1892 2288 1959; x_wconf 89' lang='grc' dir='ltr'>λόγον</span> <span class='ocrx_word' id='word_1_357' title='bbox 2319 1908 2376 1943; x_wconf 87' lang='grc' dir='ltr'><strong>τε</strong></span> <span class='ocrx_word' id='word_1_358' title='bbox 2416 1889 2761 1951; x_wconf 80' lang='grc' dir='ltr'>διεκδιδοῦσι,</span> <span class='ocrx_word' id='word_1_359' title='bbox 2808 1891 2900 1942; x_wconf 72' lang='grc' dir='ltr'>καὶ</span> <span class='ocrx_word' id='word_1_360' title='bbox 2934 1890 3103 1941; x_wconf 79' lang='grc' dir='ltr'>πᾶσιν</span> <span class='ocrx_word' id='word_1_361' title='bbox 3140 1889 3450 1941; x_wconf 78' lang='grc' dir='ltr'>άνάπυστον</span> 
     </span>
    </p>
   </div>
   <div class='ocr_carea' id='block_1_47' title="bbox 1871 1978 3448 2056">
    <p class='ocr_par' dir='ltr' id='par_1_47' title="bbox 1871 1978 3448 2056">
     <span class='ocr_line' id='line_1_47' title="bbox 1871 1978 3448 2056; baseline -0.004 -18"><span class='ocrx_word' id='word_1_362' title='bbox 1871 1988 1929 2038; x_wconf 67' lang='grc' dir='ltr'>τὸ</span> <span class='ocrx_word' id='word_1_363' title='bbox 1969 1984 2212 2056; x_wconf 82' lang='grc' dir='ltr'>πραχθὲν</span> <span class='ocrx_word' id='word_1_364' title='bbox 2247 1984 2483 2052; x_wconf 74' lang='grc' dir='ltr'>γίνεται.</span> <span class='ocrx_word' id='word_1_365' title='bbox 2523 1978 2653 2035; x_wconf 74' lang='grc' dir='ltr'>Εἶτα</span> <span class='ocrx_word' id='word_1_366' title='bbox 2680 1985 2773 2033; x_wconf 70' lang='grc' dir='ltr'>καὶ</span> <span class='ocrx_word' id='word_1_367' title='bbox 2822 1981 2959 2051; x_wconf 71' lang='grc' dir='ltr'>πρὸς</span> <span class='ocrx_word' id='word_1_368' title='bbox 2993 1980 3220 2050; x_wconf 79' lang='grc' dir='ltr'>βασιλέα</span> <span class='ocrx_word' id='word_1_369' title='bbox 3257 1980 3448 2048; x_wconf 78' lang='grc' dir='ltr'>φθάνει</span> 
     </span>
    </p>
   </div>
   <div class='ocr_carea' id='block_1_48' title="bbox 1871 2070 3450 2145">
    <p class='ocr_par' dir='ltr' id='par_1_48' title="bbox 1871 2070 3450 2145">
     <span class='ocr_line' id='line_1_48' title="bbox 1871 2070 3450 2145; baseline -0.005 -15"><span class='ocrx_word' id='word_1_370' title='bbox 1871 2078 1931 2130; x_wconf 78' lang='grc' dir='ltr'>τὸ</span> <span class='ocrx_word' id='word_1_371' title='bbox 1956 2077 2167 2145; x_wconf 80' lang='grc' dir='ltr'>θαῦμα,</span> <span class='ocrx_word' id='word_1_372' title='bbox 2192 2076 2286 2127; x_wconf 76' lang='grc' dir='ltr'>καὶ</span> <span class='ocrx_word' id='word_1_373' title='bbox 2313 2074 2539 2143; x_wconf 70' lang='grc' dir='ltr'>φέρουσι</span> <span class='ocrx_word' id='word_1_374' title='bbox 2570 2072 2699 2142; x_wconf 81' lang='grc' dir='ltr'>παρ’</span> <span class='ocrx_word' id='word_1_375' title='bbox 2732 2073 2891 2124; x_wconf 74' lang='grc' dir='ltr'>αὑτὸν</span> <span class='ocrx_word' id='word_1_376' title='bbox 2920 2071 3161 2141; x_wconf 78' lang='grc' dir='ltr'>δρισθέν,</span> <span class='ocrx_word' id='word_1_377' title='bbox 3184 2070 3450 2140; x_wconf 83' lang='grc' dir='ltr'>παρόντος</span> 
     </span>
    </p>
   </div>
   <div class='ocr_carea' id='block_1_49' title="bbox 1871 2161 3449 2235">
    <p class='ocr_par' dir='ltr' id='par_1_49' title="bbox 1871 2161 3449 2235">
     <span class='ocr_line' id='line_1_49' title="bbox 1871 2161 3449 2235; baseline -0.002 -18"><span class='ocrx_word' id='word_1_378' title='bbox 1871 2169 1965 2218; x_wconf 81' lang='grc' dir='ltr'>καὶ</span> <span class='ocrx_word' id='word_1_379' title='bbox 2019 2166 2380 2235; x_wconf 79' lang='grc' dir='ltr'>πατριάρχου,</span> <span class='ocrx_word' id='word_1_380' title='bbox 2438 2165 2528 2217; x_wconf 88' lang='grc' dir='ltr'><strong>τόν</strong></span> <span class='ocrx_word' id='word_1_381' title='bbox 2562 2180 2692 2215; x_wconf 84' lang='grc' dir='ltr'>ποτε</span> <span class='ocrx_word' id='word_1_382' title='bbox 2726 2162 2909 2231; x_wconf 74' lang='grc' dir='ltr'>κωφὸν</span> <span class='ocrx_word' id='word_1_383' title='bbox 2963 2164 3056 2215; x_wconf 70' lang='grc' dir='ltr'>καὶ</span> <span class='ocrx_word' id='word_1_384' title='bbox 3086 2162 3258 2227; x_wconf 74' lang='grc' dir='ltr'>ἐνεὸν,</span> <span class='ocrx_word' id='word_1_385' title='bbox 3286 2161 3344 2223; x_wconf 79' lang='grc' dir='ltr'>ὃς</span> <span class='ocrx_word' id='word_1_386' title='bbox 3383 2161 3449 2230; x_wconf 80' lang='grc' dir='ltr'>δὴ</span> 
     </span>
    </p>
   </div>
   <div class='ocr_carea' id='block_1_50' title="bbox 1873 2252 3446 2328">
    <p class='ocr_par' dir='ltr' id='par_1_50' title="bbox 1873 2252 3446 2328">
     <span class='ocr_line' id='line_1_50' title="bbox 1873 2252 3446 2328; baseline -0.004 -17"><span class='ocrx_word' id='word_1_387' title='bbox 1873 2261 1969 2311; x_wconf 75' lang='grc' dir='ltr'>καὶ</span> <span class='ocrx_word' id='word_1_388' title='bbox 1996 2258 2348 2328; x_wconf 77' lang='grc' dir='ltr'>ἐρωτώμενος</span> <span class='ocrx_word' id='word_1_389' title='bbox 2379 2257 2553 2326; x_wconf 82' lang='grc' dir='ltr'>ἀρχῆς</span> <span class='ocrx_word' id='word_1_390' title='bbox 2578 2254 2673 2307; x_wconf 80' lang='grc' dir='ltr'><strong>ἀπ’</strong></span> <span class='ocrx_word' id='word_1_391' title='bbox 2692 2254 2866 2324; x_wconf 78' lang='grc' dir='ltr'>ἄκρης</span> <span class='ocrx_word' id='word_1_392' title='bbox 2894 2254 2955 2305; x_wconf 84' lang='grc' dir='ltr'>τὸ</span> <span class='ocrx_word' id='word_1_393' title='bbox 2981 2256 3088 2306; x_wconf 74' lang='grc' dir='ltr'><strong>πᾶν</strong></span> <span class='ocrx_word' id='word_1_394' title='bbox 3111 2252 3446 2319; x_wconf 82' lang='grc' dir='ltr'>ἐξαγγέλλει,</span> 
     </span>
    </p>
   </div>
   <div class='ocr_carea' id='block_1_51' title="bbox 1872 2342 3449 2417">
    <p class='ocr_par' dir='ltr' id='par_1_51' title="bbox 1872 2342 3449 2417">
     <span class='ocr_line' id='line_1_51' title="bbox 1872 2342 3449 2417; baseline -0.005 -17"><span class='ocrx_word' id='word_1_395' title='bbox 1872 2350 2031 2409; x_wconf 71' lang='grc' dir='ltr'>αὐτὸς</span> <span class='ocrx_word' id='word_1_396' title='bbox 2062 2351 2245 2417; x_wconf 78' lang='grc' dir='ltr'>οἰκείῳ</span> <span class='ocrx_word' id='word_1_397' title='bbox 2298 2347 2526 2415; x_wconf 73' lang='grc' dir='ltr'>στόματι</span> <span class='ocrx_word' id='word_1_398' title='bbox 2573 2343 2953 2414; x_wconf 78' lang='grc' dir='ltr'>διηγούμενος.</span> <span class='ocrx_word' id='word_1_399' title='bbox 3006 2342 3190 2394; x_wconf 82' lang='grc' dir='ltr'>Ταῦτα</span> <span class='ocrx_word' id='word_1_400' title='bbox 3218 2342 3323 2412; x_wconf 82' lang='grc' dir='ltr'><strong>άρα</strong></span> <span class='ocrx_word' id='word_1_401' title='bbox 3354 2344 3449 2393; x_wconf 73' lang='grc' dir='ltr'>καὶ</span> 
     </span>
    </p>
   </div>
   <div class='ocr_carea' id='block_1_52' title="bbox 1876 2434 3451 2510">
    <p class='ocr_par' dir='ltr' id='par_1_52' title="bbox 1876 2434 3451 2510">
     <span class='ocr_line' id='line_1_52' title="bbox 1876 2434 3451 2510; baseline -0.004 -19"><span class='ocrx_word' id='word_1_402' title='bbox 1876 2442 2041 2510; x_wconf 74' lang='grc' dir='ltr'>μηδὲν</span> <span class='ocrx_word' id='word_1_403' title='bbox 2081 2443 2365 2510; x_wconf 83' lang='grc' dir='ltr'>κρίναντος</span> <span class='ocrx_word' id='word_1_404' title='bbox 2414 2438 2620 2489; x_wconf 87' lang='grc' dir='ltr'>δίκαιον</span> <span class='ocrx_word' id='word_1_405' title='bbox 2652 2436 2747 2489; x_wconf 85' lang='grc' dir='ltr'><strong>τοῦ</strong></span> <span class='ocrx_word' id='word_1_406' title='bbox 2787 2434 3111 2505; x_wconf 81' lang='grc' dir='ltr'>κρατοῦντος</span> <span class='ocrx_word' id='word_1_407' title='bbox 3146 2438 3270 2504; x_wconf 76' lang='grc' dir='ltr'>σιγῇ</span> <span class='ocrx_word' id='word_1_408' title='bbox 3310 2450 3451 2505; x_wconf 81' lang='grc' dir='ltr'>παρ-</span> 
     </span>
    </p>
   </div>
   <div class='ocr_carea' id='block_1_53' title="bbox 1872 2530 3449 2600">
    <p class='ocr_par' dir='ltr' id='par_1_53' title="bbox 1872 2530 3449 2600">
     <span class='ocr_line' id='line_1_53' title="bbox 1872 2530 3449 2600; baseline -0.004 -13"><span class='ocrx_word' id='word_1_409' title='bbox 1872 2534 2048 2587; x_wconf 84' lang='grc' dir='ltr'>ελθεῖν</span> <span class='ocrx_word' id='word_1_410' title='bbox 2095 2531 2155 2583; x_wconf 69' lang='grc' dir='ltr'>τὸ</span> <span class='ocrx_word' id='word_1_411' title='bbox 2185 2531 2391 2600; x_wconf 67' lang='grc' dir='ltr'>δρᾶμα,</span> <span class='ocrx_word' id='word_1_412' title='bbox 2451 2530 2722 2599; x_wconf 81' lang='grc' dir='ltr'>πάννυχος</span> <span class='ocrx_word' id='word_1_413' title='bbox 2777 2530 2834 2595; x_wconf 79' lang='grc' dir='ltr'>ἐξ</span> <span class='ocrx_word' id='word_1_414' title='bbox 2878 2530 3046 2598; x_wconf 73' lang='grc' dir='ltr'>αὐτῆς</span> <span class='ocrx_word' id='word_1_415' title='bbox 3082 2530 3348 2597; x_wconf 73' lang='grc' dir='ltr'>παννυχὶς</span> <span class='ocrx_word' id='word_1_416' title='bbox 3382 2530 3449 2597; x_wconf 76' lang='grc' dir='ltr'>τῇ</span> 
     </span>
    </p>
   </div>
   <div class='ocr_carea' id='block_1_54' title="bbox 1876 2620 3452 2693">
    <p class='ocr_par' dir='ltr' id='par_1_54' title="bbox 1876 2620 3452 2693">
     <span class='ocr_line' id='line_1_54' title="bbox 1876 2620 3452 2693; baseline -0.004 -15"><span class='ocrx_word' id='word_1_417' title='bbox 1876 2626 2115 2693; x_wconf 78' lang='grc' dir='ltr'>μάρτυρι</span> <span class='ocrx_word' id='word_1_418' title='bbox 2141 2623 2535 2689; x_wconf 79' lang='grc' dir='ltr'>διαγγέλλεται,</span> <span class='ocrx_word' id='word_1_419' title='bbox 2575 2622 2709 2691; x_wconf 75' lang='grc' dir='ltr'>μηδέ</span> <span class='ocrx_word' id='word_1_420' title='bbox 2749 2620 2914 2673; x_wconf 83' lang='grc' dir='ltr'>αὐτοῦ</span> <span class='ocrx_word' id='word_1_421' title='bbox 2948 2620 3214 2689; x_wconf 77' lang='grc' dir='ltr'>βασιλέως</span> <span class='ocrx_word' id='word_1_422' title='bbox 3240 2620 3452 2672; x_wconf 79' lang='grc' dir='ltr'>ἐκεῖθεν</span> 
     </span>
    </p>
   </div>
   <div class='ocr_carea' id='block_1_55' title="bbox 1874 2707 3453 2785">
    <p class='ocr_par' dir='ltr' id='par_1_55' title="bbox 1874 2707 3453 2785">
     <span class='ocr_line' id='line_1_55' title="bbox 1874 2707 3453 2785; baseline -0.002 -18"><span class='ocrx_word' id='word_1_423' title='bbox 1874 2718 2169 2779; x_wconf 67' lang='grc' dir='ltr'>λείποντος.</span> <span class='ocrx_word' id='word_1_424' title='bbox 2208 2716 2424 2770; x_wconf 69' lang='grc' dir='ltr'>Μᾶλλον</span> <span class='ocrx_word' id='word_1_425' title='bbox 2463 2716 2559 2785; x_wconf 80' lang='grc' dir='ltr'>μὲν</span> <span class='ocrx_word' id='word_1_426' title='bbox 2594 2710 2687 2767; x_wconf 78' lang='grc' dir='ltr'><strong>οῦν</strong></span> <span class='ocrx_word' id='word_1_427' title='bbox 2720 2715 2813 2767; x_wconf 78' lang='grc' dir='ltr'>καὶ</span> <span class='ocrx_word' id='word_1_428' title='bbox 2847 2714 2937 2765; x_wconf 71' lang='grc' dir='ltr'>ἐπὶ</span> <span class='ocrx_word' id='word_1_429' title='bbox 2988 2714 3148 2765; x_wconf 84' lang='grc' dir='ltr'>πλέον</span> <span class='ocrx_word' id='word_1_430' title='bbox 3190 2707 3347 2775; x_wconf 70' lang='grc' dir='ltr'>οὗτος</span> <span class='ocrx_word' id='word_1_431' title='bbox 3391 2711 3453 2765; x_wconf 74' lang='grc' dir='ltr'>τὸ</span> 
     </span>
    </p>
   </div>
   <div class='ocr_carea' id='block_1_56' title="bbox 1870 2890 3453 2967">
    <p class='ocr_par' dir='ltr' id='par_1_56' title="bbox 1870 2890 3453 2967">
     <span class='ocr_line' id='line_1_56' title="bbox 1870 2890 3453 2967; baseline -0.004 -16"><span class='ocrx_word' id='word_1_432' title='bbox 1870 2898 2089 2967; x_wconf 82' lang='lat' dir='ltr'><strong>juvenis</strong></span> <span class='ocrx_word' id='word_1_433' title='bbox 2118 2896 2469 2952; x_wconf 90' lang='lat' dir='ltr'><strong>contumacia</strong></span> <span class='ocrx_word' id='word_1_434' title='bbox 2503 2894 2644 2961; x_wconf 76' lang='lat' dir='ltr'><strong>ignis</strong></span> <span class='ocrx_word' id='word_1_435' title='bbox 2676 2894 2740 2948; x_wconf 91' lang='lat' dir='ltr'><strong>ad</strong></span> <span class='ocrx_word' id='word_1_436' title='bbox 2766 2902 2873 2947; x_wconf 85' lang='lat' dir='ltr'><strong>tam</strong></span> <span class='ocrx_word' id='word_1_437' title='bbox 2904 2892 3100 2945; x_wconf 84' lang='lat' dir='ltr'><strong>crebro</strong></span> <span class='ocrx_word' id='word_1_438' title='bbox 3126 2890 3453 2959; x_wconf 82' lang='lat' dir='ltr'><strong>intenseque</strong></span> 
     </span>
    </p>
   </div>
   <div class='ocr_carea' id='block_1_57' title="bbox 1873 2980 3451 3056">
    <p class='ocr_par' dir='ltr' id='par_1_57' title="bbox 1873 2980 3451 3056">
     <span class='ocr_line' id='line_1_57' title="bbox 1873 2980 3451 3056; baseline -0.008 -11"><span class='ocrx_word' id='word_1_439' title='bbox 1873 2990 2085 3045; x_wconf 82' lang='lat' dir='ltr'><strong>amatos</strong></span> <span class='ocrx_word' id='word_1_440' title='bbox 2140 3004 2399 3043; x_wconf 90' lang='lat' dir='ltr'><strong>susurros</strong></span> <span class='ocrx_word' id='word_1_441' title='bbox 2456 2985 2803 3056; x_wconf 86' lang='lat' dir='ltr'><strong>persistentis</strong></span> <span class='ocrx_word' id='word_1_442' title='bbox 2858 2982 3035 3038; x_wconf 85' lang='lat' dir='ltr'><strong>surdi.</strong></span> <span class='ocrx_word' id='word_1_443' title='bbox 3091 2980 3346 3049; x_wconf 92' lang='lat' dir='ltr'><strong>spiritum</strong></span> <span class='ocrx_word' id='word_1_444' title='bbox 3398 2980 3451 3033; x_wconf 92' lang='lat' dir='ltr'><strong>in</strong></span> 
     </span>
    </p>
   </div>
   <div class='ocr_carea' id='block_1_58' title="bbox 1875 3075 3448 3149">
    <p class='ocr_par' dir='ltr' id='par_1_58' title="bbox 1875 3075 3448 3149">
     <span class='ocr_line' id='line_1_58' title="bbox 1875 3075 3448 3149; baseline -0.005 -15"><span class='ocrx_word' id='word_1_445' title='bbox 1875 3084 2042 3139; x_wconf 80' lang='lat' dir='ltr'><strong>verba</strong></span> <span class='ocrx_word' id='word_1_446' title='bbox 2083 3090 2280 3145; x_wconf 86' lang='lat' dir='ltr'><strong>mutat,</strong></span> <span class='ocrx_word' id='word_1_447' title='bbox 2305 3080 2656 3149; x_wconf 88' lang='lat' dir='ltr'><strong>erumpitque</strong></span> <span class='ocrx_word' id='word_1_448' title='bbox 2689 3092 2849 3132; x_wconf 86' lang='lat' dir='ltr'><strong>voces</strong></span> <span class='ocrx_word' id='word_1_449' title='bbox 2878 3075 3099 3146; x_wconf 78' lang='lat' dir='ltr'><strong>penitus</strong></span> <span class='ocrx_word' id='word_1_450' title='bbox 3125 3080 3448 3141; x_wconf 77' lang='lat' dir='ltr'><strong>conceptam</strong></span> 
     </span>
    </p>
   </div>
   <div class='ocr_carea' id='block_1_59' title="bbox 194 3169 3450 3244">
    <p class='ocr_par' dir='ltr' id='par_1_59' title="bbox 194 3169 3450 3244">
     <span class='ocr_line' id='line_1_59' title="bbox 194 3169 3450 3244; baseline 0 -20"><span class='ocrx_word' id='word_1_451' title='bbox 194 3170 394 3224; x_wconf 79' lang='lat' dir='ltr'><strong>ﬁcisci.</strong></span> <span class='ocrx_word' id='word_1_452' title='bbox 452 3169 829 3236; x_wconf 86' lang='lat' dir='ltr'><strong>Experrectus</strong></span> <span class='ocrx_word' id='word_1_453' title='bbox 864 3170 955 3225; x_wconf 91' lang='lat' dir='ltr'><strong>ille</strong></span> <span class='ocrx_word' id='word_1_454' title='bbox 1000 3181 1133 3224; x_wconf 93' lang='lat' dir='ltr'><strong>nutu</strong></span> <span class='ocrx_word' id='word_1_455' title='bbox 1166 3180 1220 3225; x_wconf 86' lang='lat' dir='ltr'><strong>et</strong></span> <span class='ocrx_word' id='word_1_456' title='bbox 1253 3184 1433 3242; x_wconf 88' lang='lat' dir='ltr'><strong>gestu,</strong></span> <span class='ocrx_word' id='word_1_457' title='bbox 1477 3185 1637 3243; x_wconf 89' lang='lat' dir='ltr'><strong>prout</strong></span> <span class='ocrx_word' id='word_1_458' title='bbox 1678 3190 1772 3244; x_wconf 90' lang='lat' dir='ltr'><strong>po-</strong></span> <span class='ocrx_word' id='word_1_459' title='bbox 1800 3177 1844 3235; x_wconf 84' lang='lat' dir='ltr'><strong><em>C</em></strong></span> <span class='ocrx_word' id='word_1_460' title='bbox 1879 3177 2013 3231; x_wconf 91' lang='lat' dir='ltr'><strong>iram</strong></span> <span class='ocrx_word' id='word_1_461' title='bbox 2062 3179 2263 3232; x_wconf 90' lang='lat' dir='ltr'><strong>usitata</strong></span> <span class='ocrx_word' id='word_1_462' title='bbox 2314 3176 2659 3230; x_wconf 77' lang='lat' dir='ltr'><strong>declarantcs</strong></span> <span class='ocrx_word' id='word_1_463' title='bbox 2727 3172 3128 3237; x_wconf 82' lang='lat' dir='ltr'><strong>indignantium</strong></span> <span class='ocrx_word' id='word_1_464' title='bbox 3190 3169 3450 3225; x_wconf 78' lang='lat' dir='ltr'><strong>formula.</strong></span> 
     </span>
    </p>
   </div>
   <div class='ocr_carea' id='block_1_60' title="bbox 193 3263 1772 3330">
    <p class='ocr_par' dir='ltr' id='par_1_60' title="bbox 193 3263 1772 3330">
     <span class='ocr_line' id='line_1_60' title="bbox 193 3263 1772 3330; baseline 0.005 -15"><span class='ocrx_word' id='word_1_465' title='bbox 193 3265 320 3325; x_wconf 90' lang='lat' dir='ltr'><strong>tuit,</strong></span> <span class='ocrx_word' id='word_1_466' title='bbox 380 3263 566 3314; x_wconf 81' lang='lat' dir='ltr'><strong>visum</strong></span> <span class='ocrx_word' id='word_1_467' title='bbox 618 3263 874 3328; x_wconf 84' lang='lat' dir='ltr'><strong>exposuit</strong></span> <span class='ocrx_word' id='word_1_468' title='bbox 924 3264 1260 3330; x_wconf 74' lang='lat' dir='ltr'><strong>domesticis,</strong></span> <span class='ocrx_word' id='word_1_469' title='bbox 1295 3268 1368 3319; x_wconf 91' lang='lat' dir='ltr'><strong>ila</strong></span> <span class='ocrx_word' id='word_1_470' title='bbox 1416 3280 1474 3321; x_wconf 93' lang='lat' dir='ltr'><strong>ut</strong></span> <span class='ocrx_word' id='word_1_471' title='bbox 1514 3271 1648 3324; x_wconf 83' lang='lat' dir='ltr'><strong>satis</strong></span> <span class='ocrx_word' id='word_1_472' title='bbox 1696 3270 1772 3323; x_wconf 88' lang='lat' dir='ltr'><strong>illi</strong></span> 
     </span>
    </p>
   </div>
   <div class='ocr_carea' id='block_1_61' title="bbox 194 3355 1774 3427">
    <p class='ocr_par' dir='ltr' id='par_1_61' title="bbox 194 3355 1774 3427">
     <span class='ocr_line' id='line_1_61' title="bbox 194 3355 1774 3427; baseline 0.005 -21"><span class='ocrx_word' id='word_1_473' title='bbox 194 3355 591 3422; x_wconf 82' lang='lat' dir='ltr'><strong>perciperent;</strong></span> <span class='ocrx_word' id='word_1_474' title='bbox 654 3369 825 3421; x_wconf 85' lang='lat' dir='ltr'><strong>quare</strong></span> <span class='ocrx_word' id='word_1_475' title='bbox 877 3357 944 3409; x_wconf 89' lang='lat' dir='ltr'><strong>ab</strong></span> <span class='ocrx_word' id='word_1_476' title='bbox 1003 3355 1069 3409; x_wconf 91' lang='lat' dir='ltr'><strong>iis</strong></span> <span class='ocrx_word' id='word_1_477' title='bbox 1114 3359 1351 3426; x_wconf 65' lang='lat' dir='ltr'><strong>accc-ptis</strong></span> <span class='ocrx_word' id='word_1_478' title='bbox 1405 3375 1527 3427; x_wconf 68' lang='lat' dir='ltr'><strong>quae</strong></span> <span class='ocrx_word' id='word_1_479' title='bbox 1585 3373 1774 3415; x_wconf 84' lang='lat' dir='ltr'><strong>saneta</strong></span> 
     </span>
    </p>
   </div>
   <div class='ocr_carea' id='block_1_62' title="bbox 194 3445 1775 3515">
    <p class='ocr_par' dir='ltr' id='par_1_62' title="bbox 194 3445 1775 3515">
     <span class='ocr_line' id='line_1_62' title="bbox 194 3445 1775 3515; baseline 0.004 -18"><span class='ocrx_word' id='word_1_480' title='bbox 194 3448 353 3515; x_wconf 81' lang='lat' dir='ltr'><strong>virgo</strong></span> <span class='ocrx_word' id='word_1_481' title='bbox 398 3445 584 3497; x_wconf 72' lang='lat' dir='ltr'><strong>aﬂerri</strong></span> <span class='ocrx_word' id='word_1_482' title='bbox 621 3447 924 3506; x_wconf 83' lang='lat' dir='ltr'><strong>mamlarat,</strong></span> <span class='ocrx_word' id='word_1_483' title='bbox 980 3461 1102 3499; x_wconf 92' lang='lat' dir='ltr'><strong>cum</strong></span> <span class='ocrx_word' id='word_1_484' title='bbox 1144 3448 1230 3502; x_wconf 87' lang='lat' dir='ltr'><strong>his</strong></span> <span class='ocrx_word' id='word_1_485' title='bbox 1265 3450 1505 3503; x_wconf 71' lang='lat' dir='ltr'><strong>accurrit</strong></span> <span class='ocrx_word' id='word_1_486' title='bbox 1538 3451 1601 3502; x_wconf 92' lang='lat' dir='ltr'><strong>ad</strong></span> <span class='ocrx_word' id='word_1_487' title='bbox 1634 3460 1775 3505; x_wconf 92' lang='lat' dir='ltr'><strong>tem-</strong></span> 
     </span>
    </p>
   </div>
   <div class='ocr_carea' id='block_1_63' title="bbox 195 3537 1775 3611">
    <p class='ocr_par' dir='ltr' id='par_1_63' title="bbox 195 3537 1775 3611">
     <span class='ocr_line' id='line_1_63' title="bbox 195 3537 1775 3611; baseline 0.004 -21"><span class='ocrx_word' id='word_1_488' title='bbox 195 3539 372 3604; x_wconf 86' lang='lat' dir='ltr'><strong>plum,</strong></span> <span class='ocrx_word' id='word_1_489' title='bbox 415 3538 637 3604; x_wconf 88' lang='lat' dir='ltr'><strong>illicque</strong></span> <span class='ocrx_word' id='word_1_490' title='bbox 660 3544 744 3589; x_wconf 81' lang='lat' dir='ltr'><strong>sat</strong></span> <span class='ocrx_word' id='word_1_491' title='bbox 772 3537 936 3607; x_wconf 90' lang='lat' dir='ltr'><strong>longo</strong></span> <span class='ocrx_word' id='word_1_492' title='bbox 972 3546 1261 3595; x_wconf 78' lang='lat' dir='ltr'><strong>veneratus</strong></span> <span class='ocrx_word' id='word_1_493' title='bbox 1297 3540 1479 3594; x_wconf 71' lang='lat' dir='ltr'><strong>divam</strong></span> <span class='ocrx_word' id='word_1_494' title='bbox 1512 3543 1690 3611; x_wconf 90' lang='lat' dir='ltr'><strong>spatio</strong></span> <span class='ocrx_word' id='word_1_495' title='bbox 1722 3554 1775 3597; x_wconf 89' lang='lat' dir='ltr'><strong>ct</strong></span> 
     </span>
    </p>
   </div>
   <div class='ocr_carea' id='block_1_64' title="bbox 196 3629 1773 3702">
    <p class='ocr_par' dir='ltr' id='par_1_64' title="bbox 196 3629 1773 3702">
     <span class='ocr_line' id='line_1_64' title="bbox 196 3629 1773 3702; baseline 0.004 -19"><span class='ocrx_word' id='word_1_496' title='bbox 196 3633 321 3683; x_wconf 88' lang='lat' dir='ltr'><strong>oleo</strong></span> <span class='ocrx_word' id='word_1_497' title='bbox 357 3629 633 3697; x_wconf 85' lang='lat' dir='ltr'><strong>lampadis</strong></span> <span class='ocrx_word' id='word_1_498' title='bbox 660 3629 946 3690; x_wconf 87' lang='lat' dir='ltr'><strong>inunctus.</strong></span> <span class='ocrx_word' id='word_1_499' title='bbox 979 3631 1267 3698; x_wconf 87' lang='lat' dir='ltr'><strong>procidens</strong></span> <span class='ocrx_word' id='word_1_500' title='bbox 1293 3633 1395 3687; x_wconf 92' lang='lat' dir='ltr'><strong>sub</strong></span> <span class='ocrx_word' id='word_1_501' title='bbox 1426 3636 1591 3702; x_wconf 85' lang='lat' dir='ltr'><strong>pedes</strong></span> <span class='ocrx_word' id='word_1_502' title='bbox 1619 3634 1773 3702; x_wconf 83' lang='lat' dir='ltr'><strong>juxta</strong></span> 
     </span>
    </p>
   </div>
   <div class='ocr_carea' id='block_1_65' title="bbox 196 3722 1775 3793">
    <p class='ocr_par' dir='ltr' id='par_1_65' title="bbox 196 3722 1775 3793">
     <span class='ocr_line' id='line_1_65' title="bbox 196 3722 1775 3793; baseline 0.004 -18"><span class='ocrx_word' id='word_1_503' title='bbox 196 3738 434 3786; x_wconf 62' lang='lat' dir='ltr'><strong>morem,</strong></span> <span class='ocrx_word' id='word_1_504' title='bbox 475 3722 698 3791; x_wconf 84' lang='lat' dir='ltr'><strong>supplex</strong></span> <span class='ocrx_word' id='word_1_505' title='bbox 734 3724 960 3793; x_wconf 84' lang='lat' dir='ltr'><strong>martyri</strong></span> <span class='ocrx_word' id='word_1_506' title='bbox 1000 3724 1080 3777; x_wconf 85' lang='lat' dir='ltr'><strong>lit.</strong></span> <span class='ocrx_word' id='word_1_507' title='bbox 1106 3723 1235 3779; x_wconf 89' lang='lat' dir='ltr'><strong>Inde</strong></span> <span class='ocrx_word' id='word_1_508' title='bbox 1260 3730 1548 3781; x_wconf 81' lang='lat' dir='ltr'><strong>revertenti</strong></span> <span class='ocrx_word' id='word_1_509' title='bbox 1588 3730 1775 3783; x_wconf 84' lang='lat' dir='ltr'><strong>nescio</strong></span> 
     </span>
    </p>
   </div>
   <div class='ocr_carea' id='block_1_66' title="bbox 194 3816 1774 3885">
    <p class='ocr_par' dir='ltr' id='par_1_66' title="bbox 194 3816 1774 3885">
     <span class='ocr_line' id='line_1_66' title="bbox 194 3816 1774 3885; baseline 0.003 -16"><span class='ocrx_word' id='word_1_510' title='bbox 194 3817 324 3885; x_wconf 84' lang='lat' dir='ltr'><strong>quid</strong></span> <span class='ocrx_word' id='word_1_511' title='bbox 364 3817 597 3869; x_wconf 86' lang='lat' dir='ltr'><strong>moleste</strong></span> <span class='ocrx_word' id='word_1_512' title='bbox 622 3816 903 3882; x_wconf 88' lang='lat' dir='ltr'><strong>proriebat</strong></span> <span class='ocrx_word' id='word_1_513' title='bbox 931 3818 1155 3870; x_wconf 90' lang='lat' dir='ltr'><strong>inauris</strong></span> <span class='ocrx_word' id='word_1_514' title='bbox 1188 3818 1402 3871; x_wconf 90' lang='lat' dir='ltr'><strong>intimo.</strong></span> <span class='ocrx_word' id='word_1_515' title='bbox 1437 3818 1620 3884; x_wconf 84' lang='lat' dir='ltr'><strong>Quare</strong></span> <span class='ocrx_word' id='word_1_516' title='bbox 1649 3836 1774 3875; x_wconf 90' lang='lat' dir='ltr'><strong>cum</strong></span> 
     </span>
    </p>
   </div>
   <div class='ocr_carea' id='block_1_67' title="bbox 194 3904 1773 3977">
    <p class='ocr_par' dir='ltr' id='par_1_67' title="bbox 194 3904 1773 3977">
     <span class='ocr_line' id='line_1_67' title="bbox 194 3904 1773 3977; baseline 0.001 -15"><span class='ocrx_word' id='word_1_517' title='bbox 194 3907 436 3962; x_wconf 77' lang='lat' dir='ltr'><strong>subinde</strong></span> <span class='ocrx_word' id='word_1_518' title='bbox 462 3904 593 3958; x_wconf 88' lang='lat' dir='ltr'><strong>illnc</strong></span> <span class='ocrx_word' id='word_1_519' title='bbox 620 3905 864 3962; x_wconf 85' lang='lat' dir='ltr'><strong>immisso</strong></span> <span class='ocrx_word' id='word_1_520' title='bbox 891 3906 1070 3961; x_wconf 85' lang='lat' dir='ltr'><strong>indice</strong></span> <span class='ocrx_word' id='word_1_521' title='bbox 1100 3922 1205 3960; x_wconf 93' lang='lat' dir='ltr'><strong>non</strong></span> <span class='ocrx_word' id='word_1_522' title='bbox 1234 3917 1478 3975; x_wconf 90' lang='lat' dir='ltr'><strong>parceret</strong></span> <span class='ocrx_word' id='word_1_523' title='bbox 1507 3911 1773 3977; x_wconf 87' lang='lat' dir='ltr'><strong>scalpere,</strong></span> 
     </span>
    </p>
   </div>
   <div class='ocr_carea' id='block_1_68' title="bbox 194 3998 1773 4070">
    <p class='ocr_par' dir='ltr' id='par_1_68' title="bbox 194 3998 1773 4070">
     <span class='ocr_line' id='line_1_68' title="bbox 194 3998 1773 4070; baseline 0.001 -17"><span class='ocrx_word' id='word_1_524' title='bbox 194 4014 325 4053; x_wconf 86' lang='lat' dir='ltr'><strong>ecce</strong></span> <span class='ocrx_word' id='word_1_525' title='bbox 386 4000 514 4051; x_wconf 89' lang='lat' dir='ltr'><strong>inde</strong></span> <span class='ocrx_word' id='word_1_526' title='bbox 563 3998 1001 4065; x_wconf 88' lang='lat' dir='ltr'><strong>in0pinatissime</strong></span> <span class='ocrx_word' id='word_1_527' title='bbox 1049 3999 1251 4053; x_wconf 83' lang='lat' dir='ltr'><strong>decidit</strong></span> <span class='ocrx_word' id='word_1_528' title='bbox 1289 4000 1461 4054; x_wconf 89' lang='lat' dir='ltr'><strong>forma</strong></span> <span class='ocrx_word' id='word_1_529' title='bbox 1525 4004 1773 4070; x_wconf 63' lang='lat' dir='ltr'><strong>quaedam</strong></span> 
     </span>
    </p>
   </div>
   <div class='ocr_carea' id='block_1_69' title="bbox 196 4088 1772 4160">
    <p class='ocr_par' dir='ltr' id='par_1_69' title="bbox 196 4088 1772 4160">
     <span class='ocr_line' id='line_1_69' title="bbox 196 4088 1772 4160; baseline 0.004 -18"><span class='ocrx_word' id='word_1_530' title='bbox 196 4090 421 4150; x_wconf 76' lang='lat' dir='ltr'><strong>insecti,</strong></span> <span class='ocrx_word' id='word_1_531' title='bbox 458 4088 588 4148; x_wconf 84' lang='lat' dir='ltr'><strong>vivi,</strong></span> <span class='ocrx_word' id='word_1_532' title='bbox 626 4098 683 4139; x_wconf 91' lang='lat' dir='ltr'><strong>ut</strong></span> <span class='ocrx_word' id='word_1_533' title='bbox 724 4089 1042 4157; x_wconf 87' lang='lat' dir='ltr'><strong>apparebat,</strong></span> <span class='ocrx_word' id='word_1_534' title='bbox 1080 4100 1133 4143; x_wconf 86' lang='lat' dir='ltr'><strong>et</strong></span> <span class='ocrx_word' id='word_1_535' title='bbox 1171 4091 1274 4147; x_wconf 89' lang='lat' dir='ltr'><strong>alis</strong></span> <span class='ocrx_word' id='word_1_536' title='bbox 1312 4092 1591 4148; x_wconf 90' lang='lat' dir='ltr'><strong>instructi.</strong></span> <span class='ocrx_word' id='word_1_537' title='bbox 1620 4095 1772 4160; x_wconf 88' lang='lat' dir='ltr'><strong>Quod</strong></span> 
     </span>
    </p>
   </div>
   <div class='ocr_carea' id='block_1_70' title="bbox 195 4180 1773 4253">
    <p class='ocr_par' dir='ltr' id='par_1_70' title="bbox 195 4180 1773 4253">
     <span class='ocr_line' id='line_1_70' title="bbox 195 4180 1773 4253; baseline 0.003 -18"><span class='ocrx_word' id='word_1_538' title='bbox 195 4196 319 4235; x_wconf 81' lang='lat' dir='ltr'><strong>cum</strong></span> <span class='ocrx_word' id='word_1_539' title='bbox 360 4181 458 4234; x_wconf 85' lang='lat' dir='ltr'><strong>ille</strong></span> <span class='ocrx_word' id='word_1_540' title='bbox 498 4180 783 4232; x_wconf 85' lang='lat' dir='ltr'><strong>admirans</strong></span> <span class='ocrx_word' id='word_1_541' title='bbox 828 4189 1227 4235; x_wconf 89' lang='lat' dir='ltr'><strong>contrectasset</strong></span> <span class='ocrx_word' id='word_1_542' title='bbox 1271 4184 1486 4253; x_wconf 89' lang='lat' dir='ltr'><strong>cupide,</strong></span> <span class='ocrx_word' id='word_1_543' title='bbox 1530 4201 1594 4239; x_wconf 90' lang='lat' dir='ltr'><strong>ac</strong></span> <span class='ocrx_word' id='word_1_544' title='bbox 1650 4202 1773 4240; x_wconf 89' lang='lat' dir='ltr'><strong>mox</strong></span> 
     </span>
    </p>
   </div>
   <div class='ocr_carea' id='block_1_71' title="bbox 196 4272 1773 4344">
    <p class='ocr_par' dir='ltr' id='par_1_71' title="bbox 196 4272 1773 4344">
     <span class='ocr_line' id='line_1_71' title="bbox 196 4272 1773 4344; baseline 0.002 -16"><span class='ocrx_word' id='word_1_545' title='bbox 196 4275 500 4342; x_wconf 75' lang='lat' dir='ltr'><strong>indulgens</strong></span> <span class='ocrx_word' id='word_1_546' title='bbox 552 4272 788 4325; x_wconf 86' lang='lat' dir='ltr'><strong>naturali</strong></span> <span class='ocrx_word' id='word_1_547' title='bbox 824 4272 948 4325; x_wconf 91' lang='lat' dir='ltr'><strong>odio</strong></span> <span class='ocrx_word' id='word_1_548' title='bbox 1007 4288 1118 4344; x_wconf 88' lang='lat' dir='ltr'><strong>quo</strong></span> <span class='ocrx_word' id='word_1_549' title='bbox 1165 4273 1392 4329; x_wconf 89' lang='lat' dir='ltr'><strong>ferimur</strong></span> <span class='ocrx_word' id='word_1_550' title='bbox 1450 4278 1501 4329; x_wconf 91' lang='lat' dir='ltr'><strong>in</strong></span> <span class='ocrx_word' id='word_1_551' title='bbox 1553 4276 1773 4341; x_wconf 87' lang='lat' dir='ltr'><strong>infesta,</strong></span> 
     </span>
    </p>
   </div>
   <div class='ocr_carea' id='block_1_72' title="bbox 198 4360 1772 4432">
    <p class='ocr_par' dir='ltr' id='par_1_72' title="bbox 198 4360 1772 4432">
     <span class='ocr_line' id='line_1_72' title="bbox 198 4360 1772 4432; baseline 0.001 -15"><span class='ocrx_word' id='word_1_552' title='bbox 198 4366 399 4418; x_wconf 87' lang='lat' dir='ltr'><strong>ulcisci</strong></span> <span class='ocrx_word' id='word_1_553' title='bbox 440 4361 665 4415; x_wconf 77' lang='lat' dir='ltr'><strong>noxiam</strong></span> <span class='ocrx_word' id='word_1_554' title='bbox 713 4360 1006 4414; x_wconf 88' lang='lat' dir='ltr'><strong>bestiolam</strong></span> <span class='ocrx_word' id='word_1_555' title='bbox 1038 4363 1294 4417; x_wconf 87' lang='lat' dir='ltr'><strong>elidendo</strong></span> <span class='ocrx_word' id='word_1_556' title='bbox 1350 4374 1587 4432; x_wconf 86' lang='lat' dir='ltr'><strong>pararet,</strong></span> <span class='ocrx_word' id='word_1_557' title='bbox 1618 4366 1772 4429; x_wconf 90' lang='lat' dir='ltr'><strong>illud,</strong></span> 
     </span>
    </p>
   </div>
   <div class='ocr_carea' id='block_1_73' title="bbox 196 4453 1774 4525">
    <p class='ocr_par' dir='ltr' id='par_1_73' title="bbox 196 4453 1774 4525">
     <span class='ocr_line' id='line_1_73' title="bbox 196 4453 1774 4525; baseline 0.001 -16"><span class='ocrx_word' id='word_1_558' title='bbox 196 4454 472 4525; x_wconf 79' lang='lat' dir='ltr'><strong>quidquid</strong></span> <span class='ocrx_word' id='word_1_559' title='bbox 518 4464 655 4517; x_wconf 84' lang='lat' dir='ltr'><strong>erat,</strong></span> <span class='ocrx_word' id='word_1_560' title='bbox 705 4453 999 4508; x_wconf 82' lang='lat' dir='ltr'><strong>confestim</strong></span> <span class='ocrx_word' id='word_1_561' title='bbox 1036 4470 1101 4508; x_wconf 71' lang='lat' dir='ltr'><strong>ex</strong></span> <span class='ocrx_word' id='word_1_562' title='bbox 1133 4457 1311 4509; x_wconf 88' lang='lat' dir='ltr'><strong>oculis</strong></span> <span class='ocrx_word' id='word_1_563' title='bbox 1340 4466 1584 4510; x_wconf 88' lang='lat' dir='ltr'><strong>cvanutt.</strong></span> <span class='ocrx_word' id='word_1_564' title='bbox 1616 4457 1774 4511; x_wconf 87' lang='lat' dir='ltr'><strong>Sola-</strong></span> 
     </span>
    </p>
   </div>
   <div class='ocr_carea' id='block_1_74' title="bbox 198 4547 1776 4619">
    <p class='ocr_par' dir='ltr' id='par_1_74' title="bbox 198 4547 1776 4619">
     <span class='ocr_line' id='line_1_74' title="bbox 198 4547 1776 4619; baseline 0.001 -16"><span class='ocrx_word' id='word_1_565' title='bbox 198 4553 276 4604; x_wconf 89' lang='lat' dir='ltr'><strong>tio</strong></span> <span class='ocrx_word' id='word_1_566' title='bbox 316 4559 509 4603; x_wconf 80' lang='lat' dir='ltr'><strong>tamen</strong></span> <span class='ocrx_word' id='word_1_567' title='bbox 566 4547 668 4601; x_wconf 85' lang='lat' dir='ltr'><strong>fuit</strong></span> <span class='ocrx_word' id='word_1_568' title='bbox 698 4548 843 4616; x_wconf 89' lang='lat' dir='ltr'><strong>quod</strong></span> <span class='ocrx_word' id='word_1_569' title='bbox 885 4550 1230 4603; x_wconf 90' lang='lat' dir='ltr'><strong>incommoda</strong></span> <span class='ocrx_word' id='word_1_570' title='bbox 1284 4549 1527 4619; x_wconf 75' lang='lat' dir='ltr'><strong>prurigo.</strong></span> <span class='ocrx_word' id='word_1_571' title='bbox 1581 4567 1686 4618; x_wconf 91' lang='lat' dir='ltr'><strong>qua</strong></span> <span class='ocrx_word' id='word_1_572' title='bbox 1724 4552 1776 4604; x_wconf 93' lang='lat' dir='ltr'><strong>in</strong></span> 
     </span>
    </p>
   </div>
   <div class='ocr_carea' id='block_1_75' title="bbox 198 4638 1778 4710">
    <p class='ocr_par' dir='ltr' id='par_1_75' title="bbox 198 4638 1778 4710">
     <span class='ocr_line' id='line_1_75' title="bbox 198 4638 1778 4710; baseline 0.001 -16"><span class='ocrx_word' id='word_1_573' title='bbox 198 4638 569 4710; x_wconf 80' lang='lat' dir='ltr'><strong>penitissimis</strong></span> <span class='ocrx_word' id='word_1_574' title='bbox 622 4640 881 4692; x_wconf 70' lang='lat' dir='ltr'><strong>auriculae</strong></span> <span class='ocrx_word' id='word_1_575' title='bbox 912 4641 1163 4694; x_wconf 83' lang='lat' dir='ltr'><strong>cavernis</strong></span> <span class='ocrx_word' id='word_1_576' title='bbox 1195 4643 1505 4706; x_wconf 87' lang='lat' dir='ltr'><strong>importune</strong></span> <span class='ocrx_word' id='word_1_577' title='bbox 1542 4652 1778 4709; x_wconf 84' lang='lat' dir='ltr'><strong>punctns</strong></span> 
     </span>
    </p>
   </div>
   <div class='ocr_carea' id='block_1_76' title="bbox 200 4729 1777 4801">
    <p class='ocr_par' dir='ltr' id='par_1_76' title="bbox 200 4729 1777 4801">
     <span class='ocr_line' id='line_1_76' title="bbox 200 4729 1777 4801; baseline 0.004 -20"><span class='ocrx_word' id='word_1_578' title='bbox 200 4733 366 4801; x_wconf 73' lang='lat' dir='ltr'><strong>paulo</strong></span> <span class='ocrx_word' id='word_1_579' title='bbox 399 4731 554 4799; x_wconf 89' lang='lat' dir='ltr'><strong>prius</strong></span> <span class='ocrx_word' id='word_1_580' title='bbox 589 4729 789 4789; x_wconf 81' lang='lat' dir='ltr'><strong>fuerat.</strong></span> <span class='ocrx_word' id='word_1_581' title='bbox 821 4731 901 4783; x_wconf 85' lang='lat' dir='ltr'><strong>vel</strong></span> <span class='ocrx_word' id='word_1_582' title='bbox 958 4732 1121 4799; x_wconf 91' lang='lat' dir='ltr'><strong>plane</strong></span> <span class='ocrx_word' id='word_1_583' title='bbox 1173 4732 1444 4787; x_wconf 85' lang='lat' dir='ltr'><strong>resedisse</strong></span> <span class='ocrx_word' id='word_1_584' title='bbox 1474 4734 1553 4786; x_wconf 85' lang='lat' dir='ltr'><strong>vel</strong></span> <span class='ocrx_word' id='word_1_585' title='bbox 1582 4735 1777 4788; x_wconf 89' lang='lat' dir='ltr'><strong>remis-</strong></span> 
     </span>
    </p>
   </div>
   <div class='ocr_carea' id='block_1_77' title="bbox 197 4822 1778 4894">
    <p class='ocr_par' dir='ltr' id='par_1_77' title="bbox 197 4822 1778 4894">
     <span class='ocr_line' id='line_1_77' title="bbox 197 4822 1778 4894; baseline 0.003 -19"><span class='ocrx_word' id='word_1_586' title='bbox 197 4826 315 4876; x_wconf 78' lang='lat' dir='ltr'><strong>sius</strong></span> <span class='ocrx_word' id='word_1_587' title='bbox 358 4822 669 4888; x_wconf 84' lang='lat' dir='ltr'><strong>inquietare</strong></span> <span class='ocrx_word' id='word_1_588' title='bbox 739 4822 1044 4877; x_wconf 79' lang='lat' dir='ltr'><strong>videbatur.</strong></span> <span class='ocrx_word' id='word_1_589' title='bbox 1093 4822 1210 4888; x_wconf 83' lang='lat' dir='ltr'><strong>Qua</strong></span> <span class='ocrx_word' id='word_1_590' title='bbox 1253 4825 1597 4893; x_wconf 78' lang='lat' dir='ltr'><strong>experientia</strong></span> <span class='ocrx_word' id='word_1_591' title='bbox 1656 4826 1778 4894; x_wconf 82' lang='lat' dir='ltr'><strong>ejus</strong></span> 
     </span>
    </p>
   </div>
   <div class='ocr_carea' id='block_1_78' title="bbox 199 4912 1777 4983">
    <p class='ocr_par' dir='ltr' id='par_1_78' title="bbox 199 4912 1777 4983">
     <span class='ocr_line' id='line_1_78' title="bbox 199 4912 1777 4983; baseline 0 -16"><span class='ocrx_word' id='word_1_592' title='bbox 199 4916 425 4967; x_wconf 82' lang='lat' dir='ltr'><strong>animus</strong></span> <span class='ocrx_word' id='word_1_593' title='bbox 457 4912 697 4979; x_wconf 88' lang='lat' dir='ltr'><strong>quodam</strong></span> <span class='ocrx_word' id='word_1_594' title='bbox 733 4922 964 4966; x_wconf 80' lang='lat' dir='ltr'><strong>eventus</strong></span> <span class='ocrx_word' id='word_1_595' title='bbox 992 4912 1255 4967; x_wconf 80' lang='lat' dir='ltr'><strong>felicioris</strong></span> <span class='ocrx_word' id='word_1_596' title='bbox 1286 4916 1521 4983; x_wconf 89' lang='lat' dir='ltr'><strong>augurio</strong></span> <span class='ocrx_word' id='word_1_597' title='bbox 1548 4915 1600 4967; x_wconf 90' lang='lat' dir='ltr'><strong>in</strong></span> <span class='ocrx_word' id='word_1_598' title='bbox 1627 4929 1777 4983; x_wconf 77' lang='lat' dir='ltr'><strong>Spem</strong></span> 
     </span>
    </p>
   </div>
   <div class='ocr_carea' id='block_1_79' title="bbox 203 5001 1772 5075">
    <p class='ocr_par' dir='ltr' id='par_1_79' title="bbox 203 5001 1772 5075">
     <span class='ocr_line' id='line_1_79' title="bbox 203 5001 1772 5075; baseline -0.001 -16"><span class='ocrx_word' id='word_1_599' title='bbox 203 5009 376 5073; x_wconf 69' lang='lat' dir='ltr'><strong>plenae</strong></span> <span class='ocrx_word' id='word_1_600' title='bbox 412 5004 720 5057; x_wconf 80' lang='lat' dir='ltr'><strong>curationis</strong></span> <span class='ocrx_word' id='word_1_601' title='bbox 745 5004 1108 5057; x_wconf 80' lang='lat' dir='ltr'><strong>excitabatur.</strong></span> <span class='ocrx_word' id='word_1_602' title='bbox 1156 5003 1212 5057; x_wconf 89' lang='lat' dir='ltr'><strong>In</strong></span> <span class='ocrx_word' id='word_1_603' title='bbox 1262 5004 1364 5059; x_wconf 89' lang='lat' dir='ltr'><strong>hoc</strong></span> <span class='ocrx_word' id='word_1_604' title='bbox 1393 5001 1613 5075; x_wconf 75' lang='lat' dir='ltr'><strong>gaudio,</strong></span> <span class='ocrx_word' id='word_1_605' title='bbox 1652 5021 1772 5059; x_wconf 81' lang='lat' dir='ltr'><strong>sur-</strong></span> 
     </span>
    </p>
   </div>
   <div class='ocr_carea' id='block_1_80' title="bbox 200 5096 1777 5167">
    <p class='ocr_par' dir='ltr' id='par_1_80' title="bbox 200 5096 1777 5167">
     <span class='ocr_line' id='line_1_80' title="bbox 200 5096 1777 5167; baseline 0.002 -19"><span class='ocrx_word' id='word_1_606' title='bbox 200 5103 306 5154; x_wconf 66' lang='lat' dir='ltr'><strong>ilus</strong></span> <span class='ocrx_word' id='word_1_607' title='bbox 367 5110 555 5150; x_wconf 87' lang='lat' dir='ltr'><strong>tamen</strong></span> <span class='ocrx_word' id='word_1_608' title='bbox 608 5106 666 5149; x_wconf 91' lang='lat' dir='ltr'><strong>ut</strong></span> <span class='ocrx_word' id='word_1_609' title='bbox 724 5096 895 5164; x_wconf 88' lang='lat' dir='ltr'><strong>prius,</strong></span> <span class='ocrx_word' id='word_1_610' title='bbox 952 5099 1236 5167; x_wconf 86' lang='lat' dir='ltr'><strong>ingressus</strong></span> <span class='ocrx_word' id='word_1_611' title='bbox 1270 5100 1498 5154; x_wconf 87' lang='lat' dir='ltr'><strong>herilem</strong></span> <span class='ocrx_word' id='word_1_612' title='bbox 1555 5101 1777 5152; x_wconf 91' lang='lat' dir='ltr'><strong>domum</strong></span> 
     </span>
    </p>
   </div>
   <div class='ocr_carea' id='block_1_81' title="bbox 198 5189 1778 5262">
    <p class='ocr_par' dir='ltr' id='par_1_81' title="bbox 198 5189 1778 5262">
     <span class='ocr_line' id='line_1_81' title="bbox 198 5189 1778 5262; baseline 0 -19"><span class='ocrx_word' id='word_1_613' title='bbox 198 5190 368 5262; x_wconf 61' lang='grc'><strong>454</strong></span> <span class='ocrx_word' id='word_1_614' title='bbox 398 5192 728 5242; x_wconf 86' lang='lat' dir='ltr'><strong>admonetur</strong></span> <span class='ocrx_word' id='word_1_615' title='bbox 759 5189 959 5258; x_wconf 90' lang='lat' dir='ltr'><strong>quibus</strong></span> <span class='ocrx_word' id='word_1_616' title='bbox 990 5191 1200 5243; x_wconf 89' lang='lat' dir='ltr'><strong>solebat</strong></span> <span class='ocrx_word' id='word_1_617' title='bbox 1241 5189 1415 5258; x_wconf 78' lang='lat' dir='ltr'><strong>signis</strong></span> <span class='ocrx_word' id='word_1_618' title='bbox 1444 5205 1472 5242; x_wconf 89' lang='lat' dir='ltr'><strong>a</strong></span> <span class='ocrx_word' id='word_1_619' title='bbox 1523 5191 1778 5243; x_wconf 90' lang='lat' dir='ltr'><strong>familiari</strong></span> 
     </span>
    </p>
   </div>
   <div class='ocr_carea' id='block_1_82' title="bbox 204 5278 1776 5348">
    <p class='ocr_par' dir='ltr' id='par_1_82' title="bbox 204 5278 1776 5348">
     <span class='ocr_line' id='line_1_82' title="bbox 204 5278 1776 5348; baseline -0.001 -13"><span class='ocrx_word' id='word_1_620' title='bbox 204 5282 517 5335; x_wconf 78' lang='lat' dir='ltr'><strong>ministerio</strong></span> <span class='ocrx_word' id='word_1_621' title='bbox 554 5278 846 5347; x_wconf 61' lang='lat' dir='ltr'><strong>prafectis,</strong></span> <span class='ocrx_word' id='word_1_622' title='bbox 910 5289 969 5333; x_wconf 93' lang='lat' dir='ltr'><strong>ut</strong></span> <span class='ocrx_word' id='word_1_623' title='bbox 1028 5279 1208 5347; x_wconf 81' lang='lat' dir='ltr'><strong>ignem</strong></span> <span class='ocrx_word' id='word_1_624' title='bbox 1266 5282 1591 5333; x_wconf 86' lang='lat' dir='ltr'><strong>accenderet</strong></span> <span class='ocrx_word' id='word_1_625' title='bbox 1651 5281 1776 5348; x_wconf 90' lang='lat' dir='ltr'><strong>pani</strong></span> 
     </span>
    </p>
   </div>
   <div class='ocr_carea' id='block_1_83' title="bbox 203 5372 1777 5441">
    <p class='ocr_par' dir='ltr' id='par_1_83' title="bbox 203 5372 1777 5441">
     <span class='ocr_line' id='line_1_83' title="bbox 203 5372 1777 5441; baseline -0.001 -15"><span class='ocrx_word' id='word_1_626' title='bbox 203 5374 526 5441; x_wconf 82' lang='lat' dir='ltr'><strong>coquendo:</strong></span> <span class='ocrx_word' id='word_1_627' title='bbox 560 5372 667 5436; x_wconf 86' lang='lat' dir='ltr'><strong>jam</strong></span> <span class='ocrx_word' id='word_1_628' title='bbox 698 5374 844 5424; x_wconf 89' lang='lat' dir='ltr'><strong>enim</strong></span> <span class='ocrx_word' id='word_1_629' title='bbox 872 5389 901 5425; x_wconf 91' lang='lat' dir='ltr'><strong>a</strong></span> <span class='ocrx_word' id='word_1_630' title='bbox 936 5373 1141 5441; x_wconf 87' lang='lat' dir='ltr'><strong>pistore</strong></span> <span class='ocrx_word' id='word_1_631' title='bbox 1172 5372 1406 5426; x_wconf 87' lang='lat' dir='ltr'><strong>farinam</strong></span> <span class='ocrx_word' id='word_1_632' title='bbox 1440 5372 1619 5426; x_wconf 84' lang='lat' dir='ltr'><strong>all‘erri</strong></span> <span class='ocrx_word' id='word_1_633' title='bbox 1654 5389 1777 5425; x_wconf 73' lang='lat' dir='ltr'><strong>mox</strong></span> 
     </span>
    </p>
   </div>
   <div class='ocr_carea' id='block_1_84' title="bbox 205 5464 1779 5532">
    <p class='ocr_par' dir='ltr' id='par_1_84' title="bbox 205 5464 1779 5532">
     <span class='ocr_line' id='line_1_84' title="bbox 205 5464 1779 5532; baseline 0.001 -14"><span class='ocrx_word' id='word_1_634' title='bbox 205 5467 259 5518; x_wconf 89' lang='lat' dir='ltr'><strong>in</strong></span> <span class='ocrx_word' id='word_1_635' title='bbox 310 5479 557 5518; x_wconf 86' lang='lat' dir='ltr'><strong>massam</strong></span> <span class='ocrx_word' id='word_1_636' title='bbox 606 5464 985 5532; x_wconf 75' lang='lat' dir='ltr'><strong>subigendam.</strong></span> <span class='ocrx_word' id='word_1_637' title='bbox 1052 5464 1153 5519; x_wconf 85' lang='lat' dir='ltr'><strong>Ille&#39;</strong></span> <span class='ocrx_word' id='word_1_638' title='bbox 1197 5466 1262 5518; x_wconf 89' lang='lat' dir='ltr'><strong>ad</strong></span> <span class='ocrx_word' id='word_1_639' title='bbox 1298 5465 1479 5519; x_wconf 91' lang='lat' dir='ltr'><strong>focum</strong></span> <span class='ocrx_word' id='word_1_640' title='bbox 1520 5465 1779 5519; x_wconf 85' lang='lat' dir='ltr'><strong>advolans</strong></span> 
     </span>
    </p>
   </div>
   <div class='ocr_carea' id='block_1_85' title="bbox 206 5556 1781 5623">
    <p class='ocr_par' dir='ltr' id='par_1_85' title="bbox 206 5556 1781 5623">
     <span class='ocr_line' id='line_1_85' title="bbox 206 5556 1781 5623; baseline 0.001 -15"><span class='ocrx_word' id='word_1_641' title='bbox 206 5558 432 5622; x_wconf 77' lang='lat' dir='ltr'><strong>parendi</strong></span> <span class='ocrx_word' id='word_1_642' title='bbox 457 5556 662 5619; x_wconf 82' lang='lat' dir='ltr'><strong>studio,</strong></span> <span class='ocrx_word' id='word_1_643' title='bbox 692 5557 882 5623; x_wconf 84' lang='lat' dir='ltr'><strong>prunis</strong></span> <span class='ocrx_word' id='word_1_644' title='bbox 914 5556 1223 5611; x_wconf 79' lang='lat' dir='ltr'><strong>insulilabat</strong></span> <span class='ocrx_word' id='word_1_645' title='bbox 1266 5557 1518 5611; x_wconf 87' lang='lat' dir='ltr'><strong>stridule.</strong></span> <span class='ocrx_word' id='word_1_646' title='bbox 1552 5558 1655 5610; x_wconf 79' lang='lat' dir='ltr'><strong>Sed</strong></span> <span class='ocrx_word' id='word_1_647' title='bbox 1683 5573 1781 5610; x_wconf 78' lang='lat' dir='ltr'><strong>ncc</strong></span> 
     </span>
    </p>
   </div>
   <div class='ocr_carea' id='block_1_86' title="bbox 202 5648 1778 5719">
    <p class='ocr_par' dir='ltr' id='par_1_86' title="bbox 202 5648 1778 5719">
     <span class='ocr_line' id='line_1_86' title="bbox 202 5648 1778 5719; baseline 0 -16"><span class='ocrx_word' id='word_1_648' title='bbox 202 5649 427 5703; x_wconf 77' lang='lat' dir='ltr'><strong>ﬂamma</strong></span> <span class='ocrx_word' id='word_1_649' title='bbox 448 5650 638 5709; x_wconf 71' lang='lat' dir='ltr'><strong>micat,</strong></span> <span class='ocrx_word' id='word_1_650' title='bbox 663 5648 939 5714; x_wconf 81' lang='lat' dir='ltr'><strong>crepitans</strong></span> <span class='ocrx_word' id='word_1_651' title='bbox 964 5664 1138 5717; x_wconf 90' lang='lat' dir='ltr'><strong>neque</strong></span> <span class='ocrx_word' id='word_1_652' title='bbox 1164 5648 1402 5719; x_wconf 78' lang='lat' dir='ltr'><strong>fulgurat</strong></span> <span class='ocrx_word' id='word_1_653' title='bbox 1431 5650 1591 5718; x_wconf 90' lang='lat' dir='ltr'><strong>ignis,</strong></span> <span class='ocrx_word' id='word_1_654' title='bbox 1622 5650 1778 5718; x_wconf 85' lang='lat' dir='ltr'><strong>juxta</strong></span> 
     </span>
    </p>
   </div>
   <div class='ocr_carea' id='block_1_87' title="bbox 210 5739 1774 5809">
    <p class='ocr_par' dir='ltr' id='par_1_87' title="bbox 210 5739 1774 5809">
     <span class='ocr_line' id='line_1_87' title="bbox 210 5739 1774 5809; baseline 0.004 -20"><span class='ocrx_word' id='word_1_655' title='bbox 210 5743 447 5807; x_wconf 86' lang='lat' dir='ltr'><strong>poesim,</strong></span> <span class='ocrx_word' id='word_1_656' title='bbox 484 5740 639 5792; x_wconf 88' lang='lat' dir='ltr'><strong>solus</strong></span> <span class='ocrx_word' id='word_1_657' title='bbox 686 5754 745 5791; x_wconf 85' lang='lat' dir='ltr'><strong>se</strong></span> <span class='ocrx_word' id='word_1_658' title='bbox 779 5739 949 5792; x_wconf 87' lang='lat' dir='ltr'><strong>densa</strong></span> <span class='ocrx_word' id='word_1_659' title='bbox 987 5742 1256 5807; x_wconf 75' lang='lat' dir='ltr'><strong>glomerat</strong></span> <span class='ocrx_word' id='word_1_660' title='bbox 1284 5742 1518 5809; x_wconf 76' lang='lat' dir='ltr'><strong>caligine</strong></span> <span class='ocrx_word' id='word_1_661' title='bbox 1566 5742 1774 5795; x_wconf 88' lang='lat' dir='ltr'><strong>fumus.</strong></span> 
     </span>
    </p>
   </div>
   <div class='ocr_carea' id='block_1_88' title="bbox 215 5829 1777 5899">
    <p class='ocr_par' dir='ltr' id='par_1_88' title="bbox 215 5829 1777 5899">
     <span class='ocr_line' id='line_1_88' title="bbox 215 5829 1777 5899; baseline 0.005 -20"><span class='ocrx_word' id='word_1_662' title='bbox 215 5830 351 5880; x_wconf 81' lang='lat' dir='ltr'><strong>Dum</strong></span> <span class='ocrx_word' id='word_1_663' title='bbox 396 5829 554 5882; x_wconf 78' lang='lat' dir='ltr'><strong>labor</strong></span> <span class='ocrx_word' id='word_1_664' title='bbox 588 5830 667 5883; x_wconf 88' lang='lat' dir='ltr'><strong>sic</strong></span> <span class='ocrx_word' id='word_1_665' title='bbox 701 5829 755 5882; x_wconf 90' lang='lat' dir='ltr'><strong>iu</strong></span> <span class='ocrx_word' id='word_1_666' title='bbox 789 5830 1011 5899; x_wconf 89' lang='lat' dir='ltr'><strong>longum</strong></span> <span class='ocrx_word' id='word_1_667' title='bbox 1038 5832 1225 5887; x_wconf 85' lang='lat' dir='ltr'><strong>irritus</strong></span> <span class='ocrx_word' id='word_1_668' title='bbox 1252 5834 1507 5899; x_wconf 87' lang='lat' dir='ltr'><strong>trahitur,</strong></span> <span class='ocrx_word' id='word_1_669' title='bbox 1537 5833 1777 5887; x_wconf 78' lang='lat' dir='ltr'><strong>offensus</strong></span> 
     </span>
    </p>
   </div>
   <div class='ocr_carea' id='block_1_89' title="bbox 1880 3262 3451 3333">
    <p class='ocr_par' dir='ltr' id='par_1_89' title="bbox 1880 3262 3451 3333">
     <span class='ocr_line' id='line_1_89' title="bbox 1880 3262 3451 3333; baseline -0.006 -11"><span class='ocrx_word' id='word_1_670' title='bbox 1880 3269 2154 3324; x_wconf 78' lang='lat' dir='ltr'><strong>Maledicit</strong></span> <span class='ocrx_word' id='word_1_671' title='bbox 2210 3268 2361 3321; x_wconf 90' lang='lat' dir='ltr'><strong>enim</strong></span> <span class='ocrx_word' id='word_1_672' title='bbox 2425 3267 2568 3330; x_wconf 93' lang='lat' dir='ltr'><strong>foco,</strong></span> <span class='ocrx_word' id='word_1_673' title='bbox 2602 3274 2654 3319; x_wconf 91' lang='lat' dir='ltr'><strong>ct</strong></span> <span class='ocrx_word' id='word_1_674' title='bbox 2693 3278 2892 3333; x_wconf 83' lang='lat' dir='ltr'><strong>magno</strong></span> <span class='ocrx_word' id='word_1_675' title='bbox 2932 3278 2995 3317; x_wconf 75' lang='lat' dir='ltr'><strong>ex</strong></span> <span class='ocrx_word' id='word_1_676' title='bbox 3022 3262 3252 3316; x_wconf 83' lang='lat' dir='ltr'><strong>allectus</strong></span> <span class='ocrx_word' id='word_1_677' title='bbox 3287 3262 3451 3315; x_wconf 83' lang='lat' dir='ltr'><strong>velte-</strong></span> 
     </span>
    </p>
   </div>
   <div class='ocr_carea' id='block_1_90' title="bbox 1880 3352 3449 3425">
    <p class='ocr_par' dir='ltr' id='par_1_90' title="bbox 1880 3352 3449 3425">
     <span class='ocr_line' id='line_1_90' title="bbox 1880 3352 3449 3425; baseline -0.004 -13"><span class='ocrx_word' id='word_1_678' title='bbox 1880 3359 2083 3413; x_wconf 81' lang='lat' dir='ltr'><strong>ruentia</strong></span> <span class='ocrx_word' id='word_1_679' title='bbox 2130 3360 2391 3424; x_wconf 86' lang='lat' dir='ltr'><strong>clamore,</strong></span> <span class='ocrx_word' id='word_1_680' title='bbox 2435 3376 2454 3409; x_wconf 76' lang='grc' dir='ltr'><strong>ι</strong></span> <span class='ocrx_word' id='word_1_681' title='bbox 2507 3358 2796 3425; x_wconf 81' lang='lat' dir='ltr'><strong>Nunquam</strong></span> <span class='ocrx_word' id='word_1_682' title='bbox 2852 3370 2915 3410; x_wconf 90' lang='lat' dir='ltr'><strong>ex</strong></span> <span class='ocrx_word' id='word_1_683' title='bbox 2979 3364 3032 3408; x_wconf 90' lang='lat' dir='ltr'><strong>te</strong></span> <span class='ocrx_word' id='word_1_684' title='bbox 3086 3354 3261 3424; x_wconf 85' lang='lat' dir='ltr'><strong>possit</strong></span> <span class='ocrx_word' id='word_1_685' title='bbox 3314 3352 3449 3406; x_wconf 85' lang='lat' dir='ltr'><strong>oriri</strong></span> 
     </span>
    </p>
   </div>
   <div class='ocr_carea' id='block_1_91' title="bbox 1878 3447 3454 3520">
    <p class='ocr_par' dir='ltr' id='par_1_91' title="bbox 1878 3447 3454 3520">
     <span class='ocr_line' id='line_1_91' title="bbox 1878 3447 3454 3520; baseline -0.006 -14"><span class='ocrx_word' id='word_1_686' title='bbox 1878 3454 2115 3518; x_wconf 81' lang='lat' dir='ltr'><strong>ﬂamma,</strong></span> <span class='ocrx_word' id='word_1_687' title='bbox 2147 3472 2163 3503; x_wconf 74' lang='grc' dir='ltr'><strong>ι</strong></span> <span class='ocrx_word' id='word_1_688' title='bbox 2189 3467 2387 3505; x_wconf 87' lang='lat' dir='ltr'><strong>sonore</strong></span> <span class='ocrx_word' id='word_1_689' title='bbox 2413 3449 2746 3520; x_wconf 72' lang='lat' dir='ltr'><strong>pronuntiat.</strong></span> <span class='ocrx_word' id='word_1_690' title='bbox 2784 3447 3049 3501; x_wconf 85' lang='lat' dir='ltr'><strong>Exaudita</strong></span> <span class='ocrx_word' id='word_1_691' title='bbox 3073 3462 3196 3500; x_wconf 91' lang='lat' dir='ltr'><strong>cum</strong></span> <span class='ocrx_word' id='word_1_692' title='bbox 3228 3456 3454 3513; x_wconf 85' lang='lat' dir='ltr'><strong>stupore</strong></span> 
     </span>
    </p>
   </div>
   <div class='ocr_carea' id='block_1_92' title="bbox 1879 3536 3453 3612">
    <p class='ocr_par' dir='ltr' id='par_1_92' title="bbox 1879 3536 3453 3612">
     <span class='ocr_line' id='line_1_92' title="bbox 1879 3536 3453 3612; baseline -0.008 -14"><span class='ocrx_word' id='word_1_693' title='bbox 1879 3544 2083 3612; x_wconf 83' lang='lat' dir='ltr'><strong>ingenti</strong></span> <span class='ocrx_word' id='word_1_694' title='bbox 2113 3558 2141 3595; x_wconf 92' lang='lat' dir='ltr'><strong>a</strong></span> <span class='ocrx_word' id='word_1_695' title='bbox 2176 3541 2498 3597; x_wconf 75' lang='lat' dir='ltr'><strong>domesticis</strong></span> <span class='ocrx_word' id='word_1_696' title='bbox 2522 3538 2847 3593; x_wconf 77' lang='lat' dir='ltr'><strong>vociferatio</strong></span> <span class='ocrx_word' id='word_1_697' title='bbox 2869 3549 2975 3592; x_wconf 90' lang='lat' dir='ltr'><strong>est.</strong></span> <span class='ocrx_word' id='word_1_698' title='bbox 2997 3537 3173 3606; x_wconf 81' lang='lat' dir='ltr'><strong>Atque</strong></span> <span class='ocrx_word' id='word_1_699' title='bbox 3204 3537 3237 3588; x_wconf 92' lang='lat' dir='ltr'><strong>ii</strong></span> <span class='ocrx_word' id='word_1_700' title='bbox 3277 3536 3453 3605; x_wconf 89' lang='lat' dir='ltr'><strong>primo</strong></span> 
     </span>
    </p>
   </div>
   <div class='ocr_carea' id='block_1_93' title="bbox 1878 3628 3453 3688">
    <p class='ocr_par' dir='ltr' id='par_1_93' title="bbox 1878 3628 3453 3688">
     <span class='ocr_line' id='line_1_93' title="bbox 1878 3628 3453 3688; baseline -0.005 -1"><span class='ocrx_word' id='word_1_701' title='bbox 1878 3638 1963 3687; x_wconf 87' lang='lat' dir='ltr'><strong>vix</strong></span> <span class='ocrx_word' id='word_1_702' title='bbox 2002 3635 2289 3688; x_wconf 87' lang='lat' dir='ltr'><strong>credentes</strong></span> <span class='ocrx_word' id='word_1_703' title='bbox 2328 3632 2556 3686; x_wconf 83' lang='lat' dir='ltr'><strong>auribus</strong></span> <span class='ocrx_word' id='word_1_704' title='bbox 2606 3632 2838 3683; x_wconf 90' lang='lat' dir='ltr'><strong>alterum</strong></span> <span class='ocrx_word' id='word_1_705' title='bbox 2874 3630 3109 3683; x_wconf 91' lang='lat' dir='ltr'><strong>duorum</strong></span> <span class='ocrx_word' id='word_1_706' title='bbox 3147 3628 3453 3682; x_wconf 84' lang='lat' dir='ltr'><strong>admitten-</strong></span> 
     </span>
    </p>
   </div>
   <div class='ocr_carea' id='block_1_94' title="bbox 1878 3721 3453 3788">
    <p class='ocr_par' dir='ltr' id='par_1_94' title="bbox 1878 3721 3453 3788">
     <span class='ocr_line' id='line_1_94' title="bbox 1878 3721 3453 3788; baseline -0.006 -8"><span class='ocrx_word' id='word_1_707' title='bbox 1878 3728 2007 3780; x_wconf 90' lang='lat' dir='ltr'><strong>dum</strong></span> <span class='ocrx_word' id='word_1_708' title='bbox 2043 3726 2356 3780; x_wconf 85' lang='lat' dir='ltr'><strong>necessario</strong></span> <span class='ocrx_word' id='word_1_709' title='bbox 2403 3723 2683 3788; x_wconf 86' lang='lat' dir='ltr'><strong>videbant,</strong></span> <span class='ocrx_word' id='word_1_710' title='bbox 2734 3732 2787 3775; x_wconf 93' lang='lat' dir='ltr'><strong>ut</strong></span> <span class='ocrx_word' id='word_1_711' title='bbox 2842 3729 2935 3774; x_wconf 81' lang='lat' dir='ltr'><strong>aut</strong></span> <span class='ocrx_word' id='word_1_712' title='bbox 2972 3722 3040 3774; x_wconf 91' lang='lat' dir='ltr'><strong>ab</strong></span> <span class='ocrx_word' id='word_1_713' title='bbox 3090 3721 3211 3788; x_wconf 87' lang='lat' dir='ltr'><strong>igne</strong></span> <span class='ocrx_word' id='word_1_714' title='bbox 3242 3728 3453 3787; x_wconf 76' lang='lat' dir='ltr'><strong>prolata</strong></span> 
     </span>
    </p>
   </div>
   <div class='ocr_carea' id='block_1_95' title="bbox 1878 3809 3454 3888">
    <p class='ocr_par' dir='ltr' id='par_1_95' title="bbox 1878 3809 3454 3888">
     <span class='ocr_line' id='line_1_95' title="bbox 1878 3809 3454 3888; baseline -0.008 -17"><span class='ocrx_word' id='word_1_715' title='bbox 1878 3832 2040 3888; x_wconf 89' lang='lat' dir='ltr'><strong>quam</strong></span> <span class='ocrx_word' id='word_1_716' title='bbox 2072 3817 2362 3871; x_wconf 85' lang='lat' dir='ltr'><strong>audierant</strong></span> <span class='ocrx_word' id='word_1_717' title='bbox 2392 3830 2491 3869; x_wconf 90' lang='lat' dir='ltr'><strong>vox</strong></span> <span class='ocrx_word' id='word_1_718' title='bbox 2518 3824 2685 3874; x_wconf 82' lang='lat' dir='ltr'><strong>esset,</strong></span> <span class='ocrx_word' id='word_1_719' title='bbox 2715 3826 2809 3866; x_wconf 90' lang='lat' dir='ltr'><strong>aut</strong></span> <span class='ocrx_word' id='word_1_720' title='bbox 2836 3814 2904 3865; x_wconf 91' lang='lat' dir='ltr'><strong>ab</strong></span> <span class='ocrx_word' id='word_1_721' title='bbox 2934 3827 2999 3866; x_wconf 87' lang='lat' dir='ltr'><strong>eo</strong></span> <span class='ocrx_word' id='word_1_722' title='bbox 3033 3809 3320 3864; x_wconf 87' lang='lat' dir='ltr'><strong>articulata</strong></span> <span class='ocrx_word' id='word_1_723' title='bbox 3358 3809 3454 3860; x_wconf 91' lang='lat' dir='ltr'><strong>ho-</strong></span> 
     </span>
    </p>
   </div>
   <div class='ocr_carea' id='block_1_96' title="bbox 1880 3905 3453 3975">
    <p class='ocr_par' dir='ltr' id='par_1_96' title="bbox 1880 3905 3453 3975">
     <span class='ocr_line' id='line_1_96' title="bbox 1880 3905 3453 3975; baseline -0.008 -12"><span class='ocrx_word' id='word_1_724' title='bbox 1880 3911 2024 3963; x_wconf 81' lang='lat' dir='ltr'><strong>mine</strong></span> <span class='ocrx_word' id='word_1_725' title='bbox 2056 3923 2217 3973; x_wconf 90' lang='lat' dir='ltr'><strong>quem</strong></span> <span class='ocrx_word' id='word_1_726' title='bbox 2263 3908 2363 3975; x_wconf 83' lang='lat' dir='ltr'><strong>ipsi</strong></span> <span class='ocrx_word' id='word_1_727' title='bbox 2413 3917 2621 3959; x_wconf 88' lang='lat' dir='ltr'><strong>mutum</strong></span> <span class='ocrx_word' id='word_1_728' title='bbox 2655 3905 2971 3958; x_wconf 89' lang='lat' dir='ltr'><strong>certissimo</strong></span> <span class='ocrx_word' id='word_1_729' title='bbox 3010 3910 3277 3955; x_wconf 82' lang='lat' dir='ltr'><strong>hactenus</strong></span> <span class='ocrx_word' id='word_1_730' title='bbox 3324 3914 3453 3953; x_wconf 80' lang='lat' dir='ltr'><strong>uos-</strong></span> 
     </span>
    </p>
   </div>
   <div class='ocr_carea' id='block_1_97' title="bbox 1878 3990 3452 4067">
    <p class='ocr_par' dir='ltr' id='par_1_97' title="bbox 1878 3990 3452 4067">
     <span class='ocr_line' id='line_1_97' title="bbox 1878 3990 3452 4067; baseline -0.01 -12"><span class='ocrx_word' id='word_1_731' title='bbox 1878 4000 2193 4067; x_wconf 83' lang='lat' dir='ltr'><strong>sent..Ergo</strong></span> <span class='ocrx_word' id='word_1_732' title='bbox 2221 3998 2409 4064; x_wconf 81' lang='lat' dir='ltr'><strong>procul</strong></span> <span class='ocrx_word' id='word_1_733' title='bbox 2435 3999 2763 4051; x_wconf 86' lang='lat' dir='ltr'><strong>inclamant:</strong></span> <span class='ocrx_word' id='word_1_734' title='bbox 2795 4014 2812 4046; x_wconf 78' lang='grc' dir='ltr'><strong>ι</strong></span> <span class='ocrx_word' id='word_1_735' title='bbox 2838 3995 3009 4063; x_wconf 89' lang='lat' dir='ltr'><strong>Cujus</strong></span> <span class='ocrx_word' id='word_1_736' title='bbox 3042 3994 3158 4047; x_wconf 64' lang='lat' dir='ltr'><strong>haec</strong></span> <span class='ocrx_word' id='word_1_737' title='bbox 3192 4007 3291 4044; x_wconf 77' lang='lat' dir='ltr'><strong>vox</strong></span> <span class='ocrx_word' id='word_1_738' title='bbox 3323 3990 3452 4043; x_wconf 85' lang='lat' dir='ltr'><strong>est?</strong></span> 
     </span>
    </p>
   </div>
   <div class='ocr_carea' id='block_1_98' title="bbox 1878 4081 3449 4161">
    <p class='ocr_par' dir='ltr' id='par_1_98' title="bbox 1878 4081 3449 4161">
     <span class='ocr_line' id='line_1_98' title="bbox 1878 4081 3449 4161; baseline -0.008 -17"><span class='ocrx_word' id='word_1_739' title='bbox 1878 4092 2002 4161; x_wconf 85' lang='lat' dir='ltr'><strong>quis</strong></span> <span class='ocrx_word' id='word_1_740' title='bbox 2036 4090 2138 4145; x_wconf 89' lang='lat' dir='ltr'><strong>ista</strong></span> <span class='ocrx_word' id='word_1_741' title='bbox 2172 4087 2448 4159; x_wconf 86' lang='lat' dir='ltr'><strong>loquitur?</strong></span> <span class='ocrx_word' id='word_1_742' title='bbox 2475 4108 2490 4137; x_wconf 76' lang='grc' dir='ltr'><strong>ι</strong></span> <span class='ocrx_word' id='word_1_743' title='bbox 2514 4086 2673 4139; x_wconf 87' lang='lat' dir='ltr'><strong>Tunc</strong></span> <span class='ocrx_word' id='word_1_744' title='bbox 2696 4101 2824 4139; x_wconf 83' lang='lat' dir='ltr'><strong>vero</strong></span> <span class='ocrx_word' id='word_1_745' title='bbox 2858 4087 2949 4153; x_wconf 91' lang='lat' dir='ltr'><strong>qui</strong></span> <span class='ocrx_word' id='word_1_746' title='bbox 2986 4082 3169 4137; x_wconf 84' lang='lat' dir='ltr'><strong>mutus</strong></span> <span class='ocrx_word' id='word_1_747' title='bbox 3205 4098 3327 4133; x_wconf 72' lang='lat' dir='ltr'><strong>esse</strong></span> <span class='ocrx_word' id='word_1_748' title='bbox 3353 4081 3449 4132; x_wconf 87' lang='lat' dir='ltr'><strong>de-</strong></span> 
     </span>
    </p>
   </div>
   <div class='ocr_carea' id='block_1_99' title="bbox 1878 4173 3454 4248">
    <p class='ocr_par' dir='ltr' id='par_1_99' title="bbox 1878 4173 3454 4248">
     <span class='ocr_line' id='line_1_99' title="bbox 1878 4173 3454 4248; baseline -0.008 -12"><span class='ocrx_word' id='word_1_749' title='bbox 1878 4184 2070 4245; x_wconf 86' lang='lat' dir='ltr'><strong>sierat,</strong></span> <span class='ocrx_word' id='word_1_750' title='bbox 2107 4183 2268 4236; x_wconf 88' lang='lat' dir='ltr'><strong>etiam</strong></span> <span class='ocrx_word' id='word_1_751' title='bbox 2303 4196 2360 4234; x_wconf 82' lang='lat' dir='ltr'><strong>se</strong></span> <span class='ocrx_word' id='word_1_752' title='bbox 2396 4193 2504 4233; x_wconf 89' lang='lat' dir='ltr'><strong>non</strong></span> <span class='ocrx_word' id='word_1_753' title='bbox 2564 4178 2797 4248; x_wconf 89' lang='lat' dir='ltr'><strong>amplius</strong></span> <span class='ocrx_word' id='word_1_754' title='bbox 2833 4177 3063 4230; x_wconf 89' lang='lat' dir='ltr'><strong>surdum</strong></span> <span class='ocrx_word' id='word_1_755' title='bbox 3123 4188 3245 4229; x_wconf 84' lang='lat' dir='ltr'><strong>esse</strong></span> <span class='ocrx_word' id='word_1_756' title='bbox 3276 4173 3454 4225; x_wconf 82' lang='lat' dir='ltr'><strong>decla-</strong></span> 
     </span>
    </p>
   </div>
   <div class='ocr_carea' id='block_1_100' title="bbox 1880 4266 3454 4341">
    <p class='ocr_par' dir='ltr' id='par_1_100' title="bbox 1880 4266 3454 4341">
     <span class='ocr_line' id='line_1_100' title="bbox 1880 4266 3454 4341; baseline -0.008 -11"><span class='ocrx_word' id='word_1_757' title='bbox 1880 4278 2061 4330; x_wconf 81' lang='lat' dir='ltr'><strong>ravit:</strong></span> <span class='ocrx_word' id='word_1_758' title='bbox 2110 4275 2312 4328; x_wconf 84' lang='lat' dir='ltr'><strong>auditis</strong></span> <span class='ocrx_word' id='word_1_759' title='bbox 2347 4274 2493 4327; x_wconf 87' lang='lat' dir='ltr'><strong>enim</strong></span> <span class='ocrx_word' id='word_1_760' title='bbox 2540 4287 2662 4341; x_wconf 66' lang='lat' dir='ltr'><strong>qua:</strong></span> <span class='ocrx_word' id='word_1_761' title='bbox 2716 4287 2782 4327; x_wconf 87' lang='lat' dir='ltr'><strong>ex</strong></span> <span class='ocrx_word' id='word_1_762' title='bbox 2841 4268 3133 4323; x_wconf 90' lang='lat' dir='ltr'><strong>intervallo</strong></span> <span class='ocrx_word' id='word_1_763' title='bbox 3188 4266 3454 4321; x_wconf 90' lang='lat' dir='ltr'><strong>inclama-</strong></span> 
     </span>
    </p>
   </div>
   <div class='ocr_carea' id='block_1_101' title="bbox 1880 4360 3450 4438">
    <p class='ocr_par' dir='ltr' id='par_1_101' title="bbox 1880 4360 3450 4438">
     <span class='ocr_line' id='line_1_101' title="bbox 1880 4360 3450 4438; baseline -0.01 -12"><span class='ocrx_word' id='word_1_764' title='bbox 1880 4373 2099 4434; x_wconf 89' lang='lat' dir='ltr'><strong>bautur,</strong></span> <span class='ocrx_word' id='word_1_765' title='bbox 2126 4378 2247 4438; x_wconf 88' lang='lat' dir='ltr'><strong>apte</strong></span> <span class='ocrx_word' id='word_1_766' title='bbox 2274 4366 2802 4435; x_wconf 86' lang='lat' dir='ltr'><strong>intelligibiliterque</strong></span> <span class='ocrx_word' id='word_1_767' title='bbox 2832 4364 3082 4433; x_wconf 70' lang='lat' dir='ltr'><strong>reposuit</strong></span> <span class='ocrx_word' id='word_1_768' title='bbox 3102 4360 3356 4415; x_wconf 87' lang='lat' dir='ltr'><strong>eumdem</strong></span> <span class='ocrx_word' id='word_1_769' title='bbox 3388 4372 3450 4413; x_wconf 82' lang='lat' dir='ltr'><strong>se</strong></span> 
     </span>
    </p>
   </div>
   <div class='ocr_carea' id='block_1_102' title="bbox 1880 4449 3447 4531">
    <p class='ocr_par' dir='ltr' id='par_1_102' title="bbox 1880 4449 3447 4531">
     <span class='ocr_line' id='line_1_102' title="bbox 1880 4449 3447 4531; baseline -0.01 -15"><span class='ocrx_word' id='word_1_770' title='bbox 1880 4466 1973 4531; x_wconf 89' lang='lat' dir='ltr'><strong>qui</strong></span> <span class='ocrx_word' id='word_1_771' title='bbox 2028 4463 2222 4516; x_wconf 87' lang='lat' dir='ltr'><strong>auditu</strong></span> <span class='ocrx_word' id='word_1_772' title='bbox 2278 4460 2615 4529; x_wconf 84' lang='lat' dir='ltr'><strong>percepisset</strong></span> <span class='ocrx_word' id='word_1_773' title='bbox 2659 4472 2779 4525; x_wconf 67' lang='lat' dir='ltr'><strong>qua:</strong></span> <span class='ocrx_word' id='word_1_774' title='bbox 2833 4455 3052 4508; x_wconf 85' lang='lat' dir='ltr'><strong>fuerant</strong></span> <span class='ocrx_word' id='word_1_775' title='bbox 3100 4452 3201 4521; x_wconf 88' lang='lat' dir='ltr'><strong>ipsi</strong></span> <span class='ocrx_word' id='word_1_776' title='bbox 3254 4449 3447 4514; x_wconf 90' lang='lat' dir='ltr'><strong>locuti,</strong></span> 
     </span>
    </p>
   </div>
   <div class='ocr_carea' id='block_1_103' title="bbox 1882 4542 3447 4616">
    <p class='ocr_par' dir='ltr' id='par_1_103' title="bbox 1882 4542 3447 4616">
     <span class='ocr_line' id='line_1_103' title="bbox 1882 4542 3447 4616; baseline -0.008 -14"><span class='ocrx_word' id='word_1_777' title='bbox 1882 4558 2157 4603; x_wconf 86' lang='lat' dir='ltr'><strong>auctorem</strong></span> <span class='ocrx_word' id='word_1_778' title='bbox 2208 4563 2428 4616; x_wconf 86' lang='lat' dir='ltr'><strong>quoque</strong></span> <span class='ocrx_word' id='word_1_779' title='bbox 2462 4545 2613 4599; x_wconf 82' lang='lat' dir='ltr'><strong>vocis</strong></span> <span class='ocrx_word' id='word_1_780' title='bbox 2669 4560 2792 4598; x_wconf 86' lang='lat' dir='ltr'><strong>esse</strong></span> <span class='ocrx_word' id='word_1_781' title='bbox 2844 4542 3002 4612; x_wconf 83' lang='lat' dir='ltr'><strong>cujus</strong></span> <span class='ocrx_word' id='word_1_782' title='bbox 3061 4550 3189 4595; x_wconf 89' lang='lat' dir='ltr'><strong>ante</strong></span> <span class='ocrx_word' id='word_1_783' title='bbox 3250 4554 3447 4593; x_wconf 90' lang='lat' dir='ltr'><strong>sonum</strong></span> 
     </span>
    </p>
   </div>
   <div class='ocr_carea' id='block_1_104' title="bbox 1882 4635 3447 4709">
    <p class='ocr_par' dir='ltr' id='par_1_104' title="bbox 1882 4635 3447 4709">
     <span class='ocr_line' id='line_1_104' title="bbox 1882 4635 3447 4709; baseline -0.009 -13"><span class='ocrx_word' id='word_1_784' title='bbox 1882 4650 2192 4702; x_wconf 87' lang='lat' dir='ltr'><strong>senserant,</strong></span> <span class='ocrx_word' id='word_1_785' title='bbox 2228 4656 2335 4709; x_wconf 90' lang='lat' dir='ltr'><strong>qua</strong></span> <span class='ocrx_word' id='word_1_786' title='bbox 2366 4640 2649 4701; x_wconf 90' lang='lat' dir='ltr'><strong>nimirum,</strong></span> <span class='ocrx_word' id='word_1_787' title='bbox 2687 4637 2779 4690; x_wconf 71' lang='lat' dir='ltr'><strong>ira:</strong></span> <span class='ocrx_word' id='word_1_788' title='bbox 2810 4635 3144 4705; x_wconf 84' lang='lat' dir='ltr'><strong>impatientis</strong></span> <span class='ocrx_word' id='word_1_789' title='bbox 3168 4641 3325 4693; x_wconf 71' lang='lat' dir='ltr'><strong>testu,</strong></span> <span class='ocrx_word' id='word_1_790' title='bbox 3351 4646 3447 4683; x_wconf 87' lang='lat' dir='ltr'><strong>ore</strong></span> 
     </span>
    </p>
   </div>
   <div class='ocr_carea' id='block_1_105' title="bbox 1882 4724 3449 4802">
    <p class='ocr_par' dir='ltr' id='par_1_105' title="bbox 1882 4724 3449 4802">
     <span class='ocr_line' id='line_1_105' title="bbox 1882 4724 3449 4802; baseline -0.008 -16"><span class='ocrx_word' id='word_1_791' title='bbox 1882 4749 1945 4788; x_wconf 93' lang='lat' dir='ltr'><strong>ac</strong></span> <span class='ocrx_word' id='word_1_792' title='bbox 1975 4734 2159 4802; x_wconf 85' lang='lat' dir='ltr'><strong>lingua</strong></span> <span class='ocrx_word' id='word_1_793' title='bbox 2198 4732 2433 4801; x_wconf 88' lang='lat' dir='ltr'><strong>propriis</strong></span> <span class='ocrx_word' id='word_1_794' title='bbox 2482 4729 2605 4784; x_wconf 84' lang='lat' dir='ltr'><strong>foco</strong></span> <span class='ocrx_word' id='word_1_795' title='bbox 2641 4728 3042 4783; x_wconf 81' lang='lat' dir='ltr'><strong>maledixisset.</strong></span> <span class='ocrx_word' id='word_1_796' title='bbox 3103 4724 3251 4779; x_wconf 90' lang='lat' dir='ltr'><strong>Illico</strong></span> <span class='ocrx_word' id='word_1_797' title='bbox 3283 4724 3449 4792; x_wconf 90' lang='lat' dir='ltr'><strong>igitur</strong></span> 
     </span>
    </p>
   </div>
   <div class='ocr_carea' id='block_1_106' title="bbox 1880 4814 3453 4887">
    <p class='ocr_par' dir='ltr' id='par_1_106' title="bbox 1880 4814 3453 4887">
     <span class='ocr_line' id='line_1_106' title="bbox 1880 4814 3453 4887; baseline -0.008 -7"><span class='ocrx_word' id='word_1_798' title='bbox 1880 4827 2131 4880; x_wconf 85' lang='lat' dir='ltr'><strong>certatim</strong></span> <span class='ocrx_word' id='word_1_799' title='bbox 2168 4838 2358 4877; x_wconf 87' lang='lat' dir='ltr'><strong>omnes</strong></span> <span class='ocrx_word' id='word_1_800' title='bbox 2386 4830 2740 4877; x_wconf 81' lang='lat' dir='ltr'><strong>accurremes</strong></span> <span class='ocrx_word' id='word_1_801' title='bbox 2775 4818 3149 4887; x_wconf 81' lang='lat' dir='ltr'><strong>prodigiosum</strong></span> <span class='ocrx_word' id='word_1_802' title='bbox 3188 4815 3318 4869; x_wconf 91' lang='lat' dir='ltr'><strong>illud</strong></span> <span class='ocrx_word' id='word_1_803' title='bbox 3348 4814 3453 4868; x_wconf 82' lang='lat' dir='ltr'><strong>mi-</strong></span> 
     </span>
    </p>
   </div>
   <div class='ocr_carea' id='block_1_107' title="bbox 1885 4909 3450 4983">
    <p class='ocr_par' dir='ltr' id='par_1_107' title="bbox 1885 4909 3450 4983">
     <span class='ocr_line' id='line_1_107' title="bbox 1885 4909 3450 4983; baseline -0.01 -10"><span class='ocrx_word' id='word_1_804' title='bbox 1885 4918 2125 4973; x_wconf 90' lang='lat' dir='ltr'><strong>raculum</strong></span> <span class='ocrx_word' id='word_1_805' title='bbox 2181 4913 2545 4983; x_wconf 68' lang='lat' dir='ltr'><strong>praesentibus</strong></span> <span class='ocrx_word' id='word_1_806' title='bbox 2603 4910 2903 4979; x_wconf 85' lang='lat' dir='ltr'><strong>subjiciunt</strong></span> <span class='ocrx_word' id='word_1_807' title='bbox 2935 4909 3214 4973; x_wconf 89' lang='lat' dir='ltr'><strong>sensibus,</strong></span> <span class='ocrx_word' id='word_1_808' title='bbox 3248 4922 3311 4959; x_wconf 91' lang='lat' dir='ltr'><strong>ac</strong></span> <span class='ocrx_word' id='word_1_809' title='bbox 3354 4920 3450 4974; x_wconf 80' lang='lat' dir='ltr'><strong>per</strong></span> 
     </span>
    </p>
   </div>
   <div class='ocr_carea' id='block_1_108' title="bbox 1884 4997 3451 5072">
    <p class='ocr_par' dir='ltr' id='par_1_108' title="bbox 1884 4997 3451 5072">
     <span class='ocr_line' id='line_1_108' title="bbox 1884 4997 3451 5072; baseline -0.01 -11"><span class='ocrx_word' id='word_1_810' title='bbox 1884 5008 2130 5061; x_wconf 86' lang='lat' dir='ltr'><strong>viciniam</strong></span> <span class='ocrx_word' id='word_1_811' title='bbox 2168 5007 2468 5072; x_wconf 82' lang='lat' dir='ltr'><strong>urbemque</strong></span> <span class='ocrx_word' id='word_1_812' title='bbox 2509 5001 2792 5056; x_wconf 78' lang='lat' dir='ltr'><strong>differunt.</strong></span> <span class='ocrx_word' id='word_1_813' title='bbox 2844 4997 2997 5053; x_wconf 86' lang='lat' dir='ltr'><strong>Unde</strong></span> <span class='ocrx_word' id='word_1_814' title='bbox 3038 5006 3317 5050; x_wconf 90' lang='lat' dir='ltr'><strong>momento</strong></span> <span class='ocrx_word' id='word_1_815' title='bbox 3364 5011 3451 5046; x_wconf 80' lang='lat' dir='ltr'><strong>res</strong></span> 
     </span>
    </p>
   </div>
   <div class='ocr_carea' id='block_1_109' title="bbox 1883 5089 3449 5170">
    <p class='ocr_par' dir='ltr' id='par_1_109' title="bbox 1883 5089 3449 5170">
     <span class='ocr_line' id='line_1_109' title="bbox 1883 5089 3449 5170; baseline -0.008 -16"><span class='ocrx_word' id='word_1_816' title='bbox 1883 5102 2095 5170; x_wconf 87' lang='lat' dir='ltr'><strong>vulgata</strong></span> <span class='ocrx_word' id='word_1_817' title='bbox 2130 5100 2195 5151; x_wconf 86' lang='lat' dir='ltr'><strong>ad</strong></span> <span class='ocrx_word' id='word_1_818' title='bbox 2232 5096 2595 5164; x_wconf 81' lang='lat' dir='ltr'><strong>imperatoris</strong></span> <span class='ocrx_word' id='word_1_819' title='bbox 2631 5108 2851 5163; x_wconf 82' lang='lat' dir='ltr'><strong>quoque</strong></span> <span class='ocrx_word' id='word_1_820' title='bbox 2890 5090 3141 5145; x_wconf 84' lang='lat' dir='ltr'><strong>notitiam</strong></span> <span class='ocrx_word' id='word_1_821' title='bbox 3181 5089 3449 5157; x_wconf 75' lang='lat' dir='ltr'><strong>pervenit.</strong></span> 
     </span>
    </p>
   </div>
   <div class='ocr_carea' id='block_1_110' title="bbox 1883 5181 3447 5254">
    <p class='ocr_par' dir='ltr' id='par_1_110' title="bbox 1883 5181 3447 5254">
     <span class='ocr_line' id='line_1_110' title="bbox 1883 5181 3447 5254; baseline -0.01 -8"><span class='ocrx_word' id='word_1_822' title='bbox 1883 5192 1961 5246; x_wconf 80' lang='lat' dir='ltr'><strong>Ad</strong></span> <span class='ocrx_word' id='word_1_823' title='bbox 1998 5194 2157 5247; x_wconf 87' lang='lat' dir='ltr'><strong>hunc.</strong></span> <span class='ocrx_word' id='word_1_824' title='bbox 2186 5192 2268 5243; x_wconf 89' lang='lat' dir='ltr'><strong>sic</strong></span> <span class='ocrx_word' id='word_1_825' title='bbox 2291 5190 2475 5243; x_wconf 87' lang='lat' dir='ltr'><strong>statim</strong></span> <span class='ocrx_word' id='word_1_826' title='bbox 2500 5187 2616 5240; x_wconf 84' lang='lat' dir='ltr'><strong>ficri</strong></span> <span class='ocrx_word' id='word_1_827' title='bbox 2649 5185 2961 5254; x_wconf 86' lang='lat' dir='ltr'><strong>jubentcm,</strong></span> <span class='ocrx_word' id='word_1_828' title='bbox 2988 5190 3256 5249; x_wconf 55' lang='lat' dir='ltr'><strong>praesente</strong></span> <span class='ocrx_word' id='word_1_829' title='bbox 3282 5181 3447 5231; x_wconf 81' lang='lat' dir='ltr'><strong>etiam</strong></span> 
     </span>
    </p>
   </div>
   <div class='ocr_carea' id='block_1_111' title="bbox 1887 5271 3446 5351">
    <p class='ocr_par' dir='ltr' id='par_1_111' title="bbox 1887 5271 3446 5351">
     <span class='ocr_line' id='line_1_111' title="bbox 1887 5271 3446 5351; baseline -0.008 -18"><span class='ocrx_word' id='word_1_830' title='bbox 1887 5284 2217 5351; x_wconf 77' lang='lat' dir='ltr'><strong>patriarcha,</strong></span> <span class='ocrx_word' id='word_1_831' title='bbox 2270 5282 2491 5334; x_wconf 91' lang='lat' dir='ltr'><strong>ducitur</strong></span> <span class='ocrx_word' id='word_1_832' title='bbox 2522 5279 2615 5348; x_wconf 89' lang='lat' dir='ltr'><strong>qui</strong></span> <span class='ocrx_word' id='word_1_833' title='bbox 2652 5276 2847 5332; x_wconf 88' lang='lat' dir='ltr'><strong>surdus</strong></span> <span class='ocrx_word' id='word_1_834' title='bbox 2899 5283 2953 5327; x_wconf 87' lang='lat' dir='ltr'><strong>et</strong></span> <span class='ocrx_word' id='word_1_835' title='bbox 3012 5284 3195 5325; x_wconf 86' lang='lat' dir='ltr'><strong>mutus</strong></span> <span class='ocrx_word' id='word_1_836' title='bbox 3252 5271 3446 5325; x_wconf 85' lang='lat' dir='ltr'><strong>fuerat.</strong></span> 
     </span>
    </p>
   </div>
   <div class='ocr_carea' id='block_1_112' title="bbox 1885 5364 3447 5443">
    <p class='ocr_par' dir='ltr' id='par_1_112' title="bbox 1885 5364 3447 5443">
     <span class='ocr_line' id='line_1_112' title="bbox 1885 5364 3447 5443; baseline -0.011 -11"><span class='ocrx_word' id='word_1_837' title='bbox 1885 5378 2045 5443; x_wconf 82' lang='lat' dir='ltr'><strong>Isque</strong></span> <span class='ocrx_word' id='word_1_838' title='bbox 2079 5374 2448 5443; x_wconf 85' lang='lat' dir='ltr'><strong>interrogatus</strong></span> <span class='ocrx_word' id='word_1_839' title='bbox 2492 5386 2524 5425; x_wconf 71' lang='grc' dir='ltr'>ι</span> <span class='ocrx_word' id='word_1_840' title='bbox 2578 5370 2755 5438; x_wconf 86' lang='lat' dir='ltr'><strong>primo</strong></span> <span class='ocrx_word' id='word_1_841' title='bbox 2812 5364 2973 5437; x_wconf 57' lang='grc' dir='ltr'><strong>εδδ</strong></span> <span class='ocrx_word' id='word_1_842' title='bbox 3009 5364 3277 5433; x_wconf 90' lang='lat' dir='ltr'><strong>principio</strong></span> <span class='ocrx_word' id='word_1_843' title='bbox 3334 5377 3447 5415; x_wconf 81' lang='lat' dir='ltr'><strong>rem</strong></span> 
     </span>
    </p>
   </div>
   <div class='ocr_carea' id='block_1_113' title="bbox 1886 5454 3449 5532">
    <p class='ocr_par' dir='ltr' id='par_1_113' title="bbox 1886 5454 3449 5532">
     <span class='ocr_line' id='line_1_113' title="bbox 1886 5454 3449 5532; baseline -0.009 -11"><span class='ocrx_word' id='word_1_844' title='bbox 1886 5478 2078 5528; x_wconf 89' lang='lat' dir='ltr'><strong>totam,</strong></span> <span class='ocrx_word' id='word_1_845' title='bbox 2129 5466 2203 5517; x_wconf 92' lang='lat' dir='ltr'><strong>uti</strong></span> <span class='ocrx_word' id='word_1_846' title='bbox 2240 5465 2567 5532; x_wconf 85' lang='lat' dir='ltr'><strong>contigerat,</strong></span> <span class='ocrx_word' id='word_1_847' title='bbox 2621 5476 2716 5515; x_wconf 91' lang='lat' dir='ltr'><strong>ore</strong></span> <span class='ocrx_word' id='word_1_848' title='bbox 2751 5462 2974 5529; x_wconf 75' lang='lat' dir='ltr'><strong>praprio</strong></span> <span class='ocrx_word' id='word_1_849' title='bbox 3007 5458 3275 5510; x_wconf 66' lang='grc' dir='ltr'>ποι-τιμὴ.</span> <span class='ocrx_word' id='word_1_850' title='bbox 3315 5454 3449 5507; x_wconf 84' lang='lat' dir='ltr'><strong>Tant</strong></span> 
     </span>
    </p>
   </div>
   <div class='ocr_carea' id='block_1_114' title="bbox 1886 5552 3446 5620">
    <p class='ocr_par' dir='ltr' id='par_1_114' title="bbox 1886 5552 3446 5620">
     <span class='ocr_line' id='line_1_114' title="bbox 1886 5552 3446 5620; baseline -0.008 -9"><span class='ocrx_word' id='word_1_851' title='bbox 1886 5558 2185 5612; x_wconf 86' lang='lat' dir='ltr'><strong>mirabilem</strong></span> <span class='ocrx_word' id='word_1_852' title='bbox 2210 5564 2460 5609; x_wconf 87' lang='lat' dir='ltr'><strong>eventum</strong></span> <span class='ocrx_word' id='word_1_853' title='bbox 2484 5554 2902 5620; x_wconf 81' lang='lat' dir='ltr'><strong>haudquaquam</strong></span> <span class='ocrx_word' id='word_1_854' title='bbox 2928 5552 3206 5618; x_wconf 84' lang='lat' dir='ltr'><strong>Augustus</strong></span> <span class='ocrx_word' id='word_1_855' title='bbox 3230 5563 3446 5614; x_wconf 64' lang='lat' dir='ltr'><strong>inquom</strong></span> 
     </span>
    </p>
   </div>
   <div class='ocr_carea' id='block_1_115' title="bbox 1885 5642 3448 5716">
    <p class='ocr_par' dir='ltr' id='par_1_115' title="bbox 1885 5642 3448 5716">
     <span class='ocr_line' id='line_1_115' title="bbox 1885 5642 3448 5716; baseline -0.006 -13"><span class='ocrx_word' id='word_1_856' title='bbox 1885 5665 2112 5705; x_wconf 77' lang='lat' dir='ltr'><strong>censeris</strong></span> <span class='ocrx_word' id='word_1_857' title='bbox 2146 5648 2366 5703; x_wconf 87' lang='lat' dir='ltr'><strong>silentio</strong></span> <span class='ocrx_word' id='word_1_858' title='bbox 2397 5647 2589 5716; x_wconf 89' lang='lat' dir='ltr'><strong>premi,</strong></span> <span class='ocrx_word' id='word_1_859' title='bbox 2624 5647 2733 5715; x_wconf 88' lang='lat' dir='ltr'><strong>agit</strong></span> <span class='ocrx_word' id='word_1_860' title='bbox 2765 5644 2950 5698; x_wconf 79' lang='lat' dir='ltr'><strong>statim</strong></span> <span class='ocrx_word' id='word_1_861' title='bbox 2986 5658 3106 5695; x_wconf 85' lang='lat' dir='ltr'><strong>cum</strong></span> <span class='ocrx_word' id='word_1_862' title='bbox 3140 5642 3448 5709; x_wconf 82' lang='lat' dir='ltr'><strong>patriarcha</strong></span> 
     </span>
    </p>
   </div>
   <div class='ocr_carea' id='block_1_116' title="bbox 1888 5733 3550 5812">
    <p class='ocr_par' dir='ltr' id='par_1_116' title="bbox 1888 5733 3550 5812">
     <span class='ocr_line' id='line_1_116' title="bbox 1888 5733 3550 5812; baseline -0.008 -15"><span class='ocrx_word' id='word_1_863' title='bbox 1888 5753 1946 5797; x_wconf 93' lang='lat' dir='ltr'><strong>ut</strong></span> <span class='ocrx_word' id='word_1_864' title='bbox 1980 5742 2318 5812; x_wconf 88' lang='lat' dir='ltr'><strong>pervigilium</strong></span> <span class='ocrx_word' id='word_1_865' title='bbox 2351 5739 2531 5794; x_wconf 87' lang='lat' dir='ltr'><strong>noctis</strong></span> <span class='ocrx_word' id='word_1_866' title='bbox 2559 5738 2748 5793; x_wconf 75' lang='lat' dir='ltr'><strong>solida:</strong></span> <span class='ocrx_word' id='word_1_867' title='bbox 2803 5736 3022 5806; x_wconf 81' lang='lat' dir='ltr'><strong>hymnis</strong></span> <span class='ocrx_word' id='word_1_868' title='bbox 3052 5741 3106 5788; x_wconf 88' lang='lat' dir='ltr'><strong>et</strong></span> <span class='ocrx_word' id='word_1_869' title='bbox 3147 5733 3445 5803; x_wconf 88' lang='lat' dir='ltr'><strong>gratiarum</strong></span> <span class='ocrx_word' id='word_1_870' title='bbox 3544 5762 3550 5771; x_wconf 69' lang='grc' dir='ltr'><strong>ι</strong></span> 
     </span>
    </p>
   </div>
   <div class='ocr_carea' id='block_1_117' title="bbox 1888 5824 3443 5900">
    <p class='ocr_par' dir='ltr' id='par_1_117' title="bbox 1888 5824 3443 5900">
     <span class='ocr_line' id='line_1_117' title="bbox 1888 5824 3443 5900; baseline -0.006 -14"><span class='ocrx_word' id='word_1_871' title='bbox 1888 5832 2197 5887; x_wconf 80' lang='lat' dir='ltr'><strong>actionibus</strong></span> <span class='ocrx_word' id='word_1_872' title='bbox 2226 5833 2366 5900; x_wconf 82' lang='lat' dir='ltr'><strong>apud</strong></span> <span class='ocrx_word' id='word_1_873' title='bbox 2399 5830 2656 5899; x_wconf 88' lang='lat' dir='ltr'><strong>templum</strong></span> <span class='ocrx_word' id='word_1_874' title='bbox 2689 5838 2890 5884; x_wconf 77' lang='lat' dir='ltr'><strong>sancta:</strong></span> <span class='ocrx_word' id='word_1_875' title='bbox 2916 5824 3172 5895; x_wconf 79' lang='lat' dir='ltr'><strong>Virginis,</strong></span> <span class='ocrx_word' id='word_1_876' title='bbox 3198 5824 3443 5878; x_wconf 77' lang='lat' dir='ltr'><strong>miraculi</strong></span> 
     </span>
    </p>
   </div>
  </div>
