4206 6440
776 374 876 441 bll

1952 377 2274 437 GEURGH
2316 379 2803 439 PACIIYMEKE

3932 371 4038 434 512

775 491 865 561 ρδς
892 490 990 561 μὲν
1012 489 1245 559 ἐχθροῖς,
1279 486 1448 539 πολλὰ
1473 486 1515 540 δ’
1548 488 1686 552 ὑπὲρ
1720 485 1980 554 ὑπηκόων
2014 488 2256 555 πονήσας
2285 504 2342 537 τε
2375 487 2646 556 Αὲκεῑνῳ
2684 489 2860 541 δεινδν
2915 488 3142 541 τοιαῦτα
3208 489 3304 542 καὶ
3332 486 3475 540 οὑτω
3528 483 3843 555 πράττοντι.
3886 477 4032 536 Ἀλλ’

724 622 727 624 ›
772 583 868 636 καὶ
889 582 1103 646 παθὼν,
1127 582 1223 634 καὶ
1250 580 1618 649 διαφερόντως
1641 580 1763 647 ἐμοὶ
1780 582 1918 641 τέως
1949 577 2096 642 ἄξιος
2124 581 2179 640 ἐς
2202 580 2347 632 ἅπαν

773 673 1006 735 εὐνοεας,
1060 672 1183 723 ὅσον
1216 670 1312 722 καὶ
1342 668 1537 722 ἑαυτοῦ
1599 668 1859 729 πολλάκις
1903 670 1995 720 καὶ
2030 671 2087 730 ἐς
2118 669 2349 730 πολλοὺς

772 760 947 826 λέγων
976 758 1255 828 ιιροὺτίμα
1288 760 1382 811 καὶ
1418 759 1516 823 τὴν
1547 759 1686 811 κατὰ
1714 756 2003 826 σύγκρ’σιν
2025 752 2196 828 ἧτταν
2218 758 2351 823 ὁμο-

773 852 945 917 λογῶν
980 854 1078 904 οὑκ
1109 851 1398 921 ᾐσχύνετο.
1463 850 1605 900 Ἀλλ’
1661 851 1813 916 ὅμως
1871 849 2017 901 τοῦτ’
2081 849 2228 913 ἔδοξε
2256 850 2352 901 καὶ

774 948 933 1000 τοῦτο
981 947 1195 1014 γεγόνει
1221 962 1237 977 ο
1289 946 1435 1011 δεινὴ
1486 946 1595 1015 γὰρ
1646 946 1678 1015 ή
1714 945 1902 1014 ἐντολὴ
1944 946 2099 1012 καὶὴ
2145 945 2239 996 τοῦ
2278 946 2352 1013 μὴ

775 1040 925 1104 ἄξιον
964 1033 1099 1090 εῖναὶ
1144 1055 1203 1088 τε
1239 1038 1332 1088 καὶ
1390 1036 1703 1103 λογίζεσθαι
1750 1034 1989 1103 Χριστοῦ
2033 1036 2227 1104 ἀπειλὴ
2262 1038 2354 1089 τὸν

776 1133 953 1198 γονεῖς
1000 1130 1140 1196 ὑπὲρ
1193 1128 1355 1179 αὑτὸν
1392 1128 1774 1195 ἀγαπήσαντα.
1823 1126 1909 1192 [Ρ.
1950 1125 2077 1197 523]
2123 1127 2263 1180 Ἀλλ’
2318 1130 2351 1198 ή

780 1224 985 1291 μήτηρ,
1018 1224 1108 1273 καὶ
1134 1222 1184 1273 τί
1224 1238 1286 1288 γε
1310 1222 1453 1272 εἴποι
1478 1236 1561 1281 τις
1586 1218 1712 1271 ἄλλο
1740 1218 1771 1286 ἦ
1806 1219 2023 1287 μήτηρς
2055 1218 2148 1271 καὶ
2175 1219 2357 1287 μήτηρ

775 1315 1003 1382 τοιαύτη
1039 1312 1329 1371 καὶόὑτως
1358 1312 1492 1380 πρὸς
1527 1312 1673 1380 ἡμᾶς
1702 1310 1919 1379 ἔχουσα.
1942 1312 2056 1364 ἀλλ’
2085 1311 2195 1364 οὐδ’
2216 1311 2353 1381 αὐτή

778 1423 840 1469 γε
873 1408 1009 1475 πρὶν
1056 1408 1151 1473 τῆς
1207 1404 1329 1473 μεθ’
1357 1404 1522 1472 ἡμῶν
1576 1403 1861 1471 βασιλικῆς
1891 1404 2114 1472 μνήμης
2150 1403 2233 1455 ἐπ’
2266 1404 2359 1455 ἐκ·

781 1499 1008 1568 κλησῐας
1040 1497 1220 1564 ἔτυχε,
1275 1499 1403 1562 πρὶν
1452 1496 1746 1564 γράμμασι
1791 1497 1883 1548 καὶ
1916 1496 2244 1564 ἀσφαλείαις
2277 1498 2358 1548 οἰ-

780 1591 1104 1659 κειοχείροις
1138 1591 1235 1655 τὴν
1279 1589 1387 1640 τῶν
1420 1593 1545 1657 πρὶν
1597 1586 1972 1658 πραχθέντων,
2006 1588 2144 1641 ετπω
2178 1590 2232 1641 δὲ
2264 1589 2358 1640 καὶ

782 1683 878 1751 τὴν
906 1683 997 1734 τοῦ
1049 1683 1260 1751 ἀνδρὸς,
1298 1674 1555 1750 ἆθέτησιν
1614 1681 1955 1749 ὲμπεδῶσαι.
2001 1682 2216 1750 Ἐξήκοι
2254 1681 2299 1734 δ’
2331 1682 2360 1731 ὁ

2447 581 2596 649 ὅμως
2647 581 2767 633 ἐπεὶ
2824 580 3027 648 μεταξὺ
3057 578 3398 645 τελουμένων
3447 576 3673 629 ἐκείνων
3725 575 3907 642 εκείνη
3944 575 4037 625 τὲ-

2448 672 2638 741 θνηκε,
2670 672 2763 723 καὶ
2793 668 2950 722 οὔπω
2976 668 3198 737 τρόποις
3247 668 3540 736 μετανοίας
3588 665 3648 718 τὸ
3687 667 3784 730 τῆς
3842 682 4040 716 κοινω-

2449 764 2565 824 νίας
2594 762 2925 830 ὲκαθήρατο,
2958 760 3033 819 ὡς
3066 760 3200 827 μηδὲ
3227 760 3323 826 τῆς
3350 757 3503 818 ὁσίας
3549 756 3784 824 τυχοῦσα
3818 758 3915 807 καὶ
3958 749 4038 805 ὧν

2449 854 2554 905 ἔδει
2587 856 2731 915 τότε,
2770 852 2874 905 τῶν
2926 853 2981 914 ἐς
3016 856 3190 904 νέωτα
3227 849 3591 917 μνημοσὺνων
3624 849 3736 899 ,ἐπὶ
3766 850 3865 912 τῆς
3894 846 4039 914 ἐμῆς

2451 945 2752 1014 αὑταρχὲας
2781 944 3039 1011 ἀπέτυχε,
3070 942 3165 994 καὶ
3187 942 3317 994 όέπ’
3353 940 3679 1007 Ἐκκλησίας
3706 941 3870 1005 τόμος
3900 941 3927 990 ό
3956 940 4042 999 ei;

2452 1034 2725 1103 εὐφημίαν
2777 1034 2887 1086 τῶν
2936 1034 3235 1101 ὀρθοδόξως
3282 1032 3600 1100 βιωσάντων
3653 1032 3748 1082 καὶ
3809 1030 4042 1097 μνήμην

2453 1124 2607 1178 ὁσίαν
2642 1126 2764 1178 κατ’
2817 1124 2938 1187 ἔτος
2992 1124 3079 1176 ἐπ’
3126 1123 3451 1193 ὁκρίϐαντος
3521 1108 4045 1188 ἀνιῖγινωσκόμενος

2454 1216 2628 1271 ἄλλων
2668 1216 2766 1284 μὲν
2823 1216 3122 1267 δεσποινῶν
3177 1216 3423 1284 ὀνόματα
3478 1217 3655 1284 φέρει,
3692 1216 3786 1268 καὶ
3817 1216 3927 1266 τῶν
3965 1216 4044 1285 μὴ

2456 1314 2576 1367 κατ’
2612 1314 2830 1382 ἐκείνην
2888 1311 3018 1372 ἴσως
3070 1313 3170 1368 τὰς
3202 1311 3424 1378 ἀρετὰς,
3482 1312 3650 1379 αὐτὴν
3681 1310 3737 1362 δὲ
3776 1312 3947 1378 μῦνην
3982 1313 4046 1372 ἐς

2457 1404 2602 1457 ἅπαν
2630 1403 2889 1471 ἠγνόησε,
2914 1403 3115 1466 ζῶντος
3148 1401 3283 1470 ἐμοῦ
3309 1401 3403 1453 καὶ
3429 1401 3603 1454 ταῦτα
3633 1402 3728 1453 καὶ
3756 1401 4043 1470 ἄρχοντος,

2456 1494 2595 1563 ἥλιε.
2631 1494 2779 1562 Πλὴν
2830 1497 2878 1546 ei
2925 1492 3029 1563 χρὴ
3086 1493 3267 1559 λέγειν
3305 1491 3563 1559 τάληθὲς,
3600 1492 3725 1560 ἐμοὶ
3760 1493 4048 1544 καὶτοῦτο

2459 1585 2523 1636 ὲκ
2548 1583 2869 1651 περιουσίας
2909 1584 3246 1652 πέπρακται,
3303 1582 3397 1633 καὶ
3431 1581 3584 1634 οὑπω
3633 1598 3717 1635 τις
3742 1579 3851 1643 οἶος
3883 1576 4047 1643 οὗτος

2460 1673 2785 1743 ὑπομνήσας
2814 1671 3043 1738 ἔφθασε,
3076 1672 3172 1724 καὶ
3196 1672 3255 1723 ea
3284 1671 3491 1739 ταύτης
3527 1673 3875 1739 μνημόσυνον
3906 1674 4047 1723 ἁπε-

701 1775 703 1777 .
781 1772 936 1838 λόγος
967 1774 1059 1824 καὶ
1096 1775 1173 1834 εἷς
1201 1772 1299 1840 τὴν
1330 1772 1468 1841 ἐμὴν
1511 1774 1783 1841 προτέραν
1830 1774 2086 1840 σύζυγον,
2114 1774 2237 1841 ἥτις
2268 1774 2359 1824 ἐπὶ
2392 1800 2431 1853 Β
2461 1764 2713 1819 κόπτετο.
2751 1762 2937 1825 Οὕτως
2970 1761 3081 1830 ἐγὼ
3129 1762 3261 1831 περὶ
3300 1763 3492 1816 ταῦτα.
3531 1763 3641 1814 Kal
3681 1764 3836 1830 ὑμεῖς
3880 1762 4047 1814 ταῦθ.

781 1864 1034 1916 τοσοῦτον
1056 1867 1169 1923 τοῖς
1203 1864 1321 1915 τότε
1356 1866 1751 1933 πραττομένοις
1779 1864 2058 1933 ἀπήχθετο
2098 1864 2237 1916 ὥστε
2267 1863 2361 1916 καὶ

782 1956 862 2021 τῷ
904 1956 1341 2023 πρωτοσεϐαστῷ
1395 1957 1516 2009 τότε
1556 1957 1846 2022 Νοστόγγῳ
1881 1954 2100 2026 θερμῶς
2154 1956 2364 2016 ἐπαρᾶ-

787 2046 911 2098 σθαι
942 2047 1063 2099 κατ’
1097 2045 1363 2114 ἀνατολὴν
1394 2046 1504 2099 τῶν
1528 2048 1885 2115 πραχθέντων
1910 2048 2073 2118 χάριν
2094 2048 2220 2109 τοὺς
2247 2064 2363 2116 σχι-

786 2136 1048 2205 ζομένους
1077 2136 1145 2188 τὰ
1180 2137 1437 2191 πάνδεινα
1464 2138 1680 2204 δρῶντι,
1722 2138 1818 2190 καὶ
1846 2139 2074 2208 ἕρμαιον
2105 2138 2361 2206 ἡγεῖσθαι

788 2231 880 2282 καὶ
941 2229 1074 2298 πρὸς
1108 2229 1277 2297 αὐτῆς
1321 2231 1348 2282 ὅ
1404 2248 1456 2281 τι
1510 2229 1795 2298 συμόαίνοι
1856 2232 1992 2300 παρ’
2048 2228 2363 2282 οὑτινοσοῦν

790 2421 1102 2480 quanquam
1137 2419 1255 2464 erat
1285 2427 1439 2466 locus
1476 2420 1669 2467 natura
1698 2422 1872 2481 pater,
1918 2414 2116 2467 affectu
2147 2413 2364 2468 collatis

791 2514 993 2558 testato
1020 2503 1181 2557 donis
1205 2504 1272 2556 de
1307 2519 1392 2557 me.
1414 2506 1619 2573 optime
1646 2506 1902 2565 meritus,
1934 2506 2065 2558 mihi
2102 2504 2365 2559 charissi-

793 2612 914 2648 mus
947 2606 999 2648 et
1032 2605 1137 2647 Iam
1164 2595 1301 2649 artis
1342 2610 1502 2664 quam
1551 2597 1678 2663 quis
1707 2596 1879 2664 possit
1917 2598 2102 2650 dicere
2136 2596 2217 2649 vel
2272 2610 2365 2648 ne-

719 2668 722 2672 .
791 2683 1146 2738 cessiludinis
1173 2698 1201 2735 a
1234 2684 1719 2751 consanguinitate
1749 2683 1931 2738 ducta:
1955 2686 2035 2737 vel
2071 2686 2364 2754 gratitudi-

793 2775 878 2828 nis
905 2775 976 2827 ob
1009 2773 1294 2836 henclicia,
1331 2789 1415 2827 me
1446 2775 1547 2827 sibi
1580 2773 1745 2845 ᾆδε
1779 2775 2103 2829 obstrictum
2137 2777 2368 2831 vinculis

794 2867 1043 2929 trahens,
1083 2876 1580 2932 tamen,quautum
1639 2866 1692 2918 iu
1758 2882 1843 2919 tne
1901 2866 2022 2927 fuit,
2086 2867 2234 2920 omni
2285 2876 2369 2921 est

794 2957 1042 3023 privatus
1076 2958 1282 3009 honore
1322 2955 1620 3016 memoriae,
1658 2972 1722 3009 ac
1772 2972 1840 3009 ne
1871 2957 1959 3010 illa
1994 2958 2211 3025 quidem
2246 2973 2369 3028 qua:

794 3047 928 3100 nulli
951 3054 1182 3114 negatur
1199 3060 1229 3099 e
1249 3046 1400 3114 plebe
1416 3044 1745 3107 Christiana.
1771 3046 2068 3115 sepulturae
2082 3049 2253 3116 gratia
2286 3049 2367 3100 di-

2460 1852 2715 1922 όρῶντες,
2758 1854 2909 1905 πόλλ’
2962 1855 3098 1906 ἅττα
3149 1854 3334 1921 κύκλῳ
3373 1854 3823 1923 περιϐαλλόμενοι
3866 1854 3961 1905 καὶ
3984 1855 4049 1913 ἐς

2460 1945 2577 1997 τόδε
2607 1945 2882 2013 σχίζεσθαι,
2920 1943 3222 2013 ἀφορισμὸν
3251 1944 3346 1997 τοῦ
3381 1946 3726 2014 πατριάρχου
3758 1945 4047 2014 Ἀρσενεου

2462 2037 2607 2088 κατὰ
2638 2036 2729 2088 τοῦ
2756 2035 2875 2104 μετ’
2907 2036 3070 2088 αὑτὸν
3100 2038 3648 2106 ποιμεναρχήσαντος
3682 2037 3881 2104 Ἰωσὴφ
3910 2054 4053 2103 προσ

2461 2126 2746 2187 ϐάλλεσθε,
2774 2127 2867 2179 καὶ
2909 2126 3174 2196 διαθήκας
3217 2127 3429 2178 ἐκείνου
3480 2128 3817 2196 προτείνετε,
3850 2130 3947 2179 καὶ
3982 2129 4052 2179 τὸ

2461 2214 2651 2268 δοκοῦν
2672 2216 2751 2279 εἰς
2776 2212 3014 2285 ὑποψίαν
3040 2217 3258 2271 δικαίαν
3279 2217 3373 2270 τοῦ
3397 2218 3472 2281 ὡς
3503 2218 3664 2288 δῆθεν
3696 2218 4047 2289 πλάσματος,

2467 2401 2859 2470 imputatnram
2902 2400 3143 2469 proprio,
3205 2400 3471 2470 quidquid
3508 2401 3634 2453 huic
3694 2402 3880 2454 talium
3940 2401 4052 2455 mi-

2444 2489 2990 2558 ‘nistroinjuriarum
3026 2490 3152 2544 mali
3180 2505 3244 2544 ac
3271 2490 3442 2545 cladis
3479 2505 3507 2542 a
3549 2506 3825 2559 quoquam
3849 2491 4052 2546 inferri

2466 2581 2830 2649 contingeret,
2862 2588 3043 2634 tamen
3074 2581 3122 2635 ei
3164 2582 3423 2650 quoniam
3456 2582 3596 2634 diem
3627 2582 3849 2636 obeunti
3882 2598 4052 2635 suum

2467 2672 2710 2732 interim,
2741 2671 2870 2725 dum
2905 2673 2995 2724 illa
3023 2683 3369 2741 gererentur,
3404 2673 3567 2745 467
3596 2681 3771 2727 otlum
3822 2684 3918 2726 aut
3969 2673 4059 2726 fa-

2469 2765 2645 2818 cultas
2681 2763 3095 2819 del'uiteluendi
3132 2773 3258 2820 ante
3297 2767 3506 2819 obitum
3555 2766 3810 2835 legitima:
3860 2766 4061 2833 piacu-

2470 2856 2538 2909 lis
2570 2856 2899 2924 pmnitentiaa
2944 2857 3216 2909 maculam
3243 2856 3446 2912 Latinae
3471 2858 3895 2920 conuuuuionis,
3956 2873 4059 2911 ne-

2470 2958 2594 3018 gata
2624 2949 2851 3002 omnino
2876 2957 2959 3003 est
2990 2964 3018 3000 a
3053 2964 3139 3002 me
3172 2951 3448 3017 posterius
3511 2950 3727 3019 imperii
3796 2962 4061 3018 compote

2470 3056 2532 3094 ea
2560 3055 2687 3109 pars
2721 3041 3120 3109 exsequialiqu
3158 3041 3426 3096 honorum
3464 3056 3585 3111 quae
3619 3042 3786 3095 dilata
3838 3042 4059 3097 recenti

793 3143 1012 3206 gnatus.
1076 3133 1170 3187 Vir
1198 3136 1326 3189 licet
1357 3151 1631 3201 summus,
1666 3146 1720 3192 et
1757 3137 2055 3205 imperator
2087 3138 2367 3193 laboribus
2393 3131 2435 3188 C
2475 3132 2670 3187 funere
2701 3134 2766 3187 ad
2796 3144 3013 3202 tempus
3054 3134 3186 3188 illud
3227 3134 3555 3203 pertinebat.
3621 3134 3756 3202 Ego,
3800 3136 4060 3204 inquam.

793 3226 1108 3286 exantlatis,
1136 3226 1395 3279 mrumnis
1430 3226 1677 3282 toleratis
1720 3242 1820 3296 pro
1856 3228 2139 3296 republica
2172 3229 2367 3298 ingen-

796 3316 947 3373 tibus
972 3317 1572 3382 emumendatissitnus,
1627 3319 1721 3386 qui
1760 3319 1967 3371 nullum
1996 3319 2048 3373 iu
2081 3335 2168 3374 me
2203 3322 2369 3374 liene-

795 3409 1047 3462 volentiae
1080 3409 1238 3477 plane
1271 3408 1566 3477 singularis
1615 3411 1895 3465 omisisset
1950 3411 2209 3475 cilicium,
2262 3413 2368 3467 mei

755 3511 758 3514 '
794 3498 997 3552 nullam
1024 3498 1313 3567 insigniter
1337 3498 1567 3552 ornandi
1601 3499 1945 3553 occasionem
1982 3502 2364 3569 praeteriisset.

797 3605 863 3644 eo
895 3589 1114 3658 quidem
1152 3604 1347 3656 usque,
1377 3597 1436 3643 ut
1467 3605 1609 3658 saepe
1629 3606 1814 3645 coram
1848 3591 2034 3646 multis
2085 3593 2371 3648 disserens

801 3695 889 3733 me
945 3681 1048 3735 sibi
1083 3681 1381 3761 prmtulerit
1432 3690 1486 3734 et
1535 3681 1588 3734 in
1650 3683 2064 3750 compar-alioue
2121 3695 2369 3761 nostrum

800 3770 1087 3823 amborum
1117 3785 1175 3823 se
1199 3755 1347 3822 mihi"
1367 3785 1490 3823 esse
1515 3770 1832 3826 inferiorem
1863 3773 2020 3826 lateri
2081 3755 2190 3826 non
2245 3789 2371 3827 eru-

799 3864 999 3917 buerit.
1037 3862 1240 3916 Tamen
1269 3862 1335 3917 de
1362 3864 1455 3916 illo
1479 3863 1550 3916 ita
1589 3864 1832 3929 decrevi,
1861 3873 1914 3919 et
1947 3865 2092 3934 quod
2118 3866 2373 3921 decreve-

800 3970 915 4008 ram
950 3957 1127 4024 reipsa
1152 3956 1401 4023 praestiti,
1431 3958 1538 4008 vim
1571 3957 1791 4011 scilicet
1822 3967 2034 4011 naturae
2062 3972 2127 4024 ac
2173 3958 2374 4012 volun-

800 4046 898 4100 tati
930 4061 1062 4100 mea:
1091 4046 1323 4099 faciente
1361 4046 1775 4101 iueluctabilem
1813 4048 1900 4101 illa
1932 4047 2135 4102 Christi
2161 4048 2377 4101 denun-

800 4138 1029 4190 tiatione
1064 4138 1437 4199 severissima,
1473 4140 1728 4206 negantis
1765 4139 1993 4207 dignum
2044 4141 2164 4206 ipso
2217 4155 2375 4207 repu-

802 4223 1026 4275 tandum
1060 4224 1149 4290 qui
1187 4237 1444 4291 parentes
1505 4227 1629 4294 plus
1661 4241 1821 4294 quam
1864 4228 2041 4295 ipsum
2077 4229 2365 4282 amaverit.

803 4315 907 4369 Sed
941 4325 991 4368 et
1024 4325 1218 4376 mater,
1264 4317 1421 4385 cujus
1489 4320 1728 4372 nominis
1785 4319 1976 4374 affectu
2021 4320 2150 4389 quid
2214 4321 2375 4375 fando

804 4408 1097 4459 memorari
1169 4410 1413 4461 tenerius
1468 4411 1673 4476 queat?
1730 4422 1923 4476 matur,
1976 4413 2085 4477 aio,
2129 4429 2268 4475 tnca,
2323 4422 2377 4467 et

803 4505 980 4551 mater
1014 4499 1162 4561 talis,
1190 4510 1297 4552 tam
1356 4500 1707 4569 indulgenter
1741 4517 1803 4556 ac
1862 4503 2123 4557 benevole
2186 4504 2377 4557 affecta
2409 4483 2454 4536 θ

804 4587 859 4641 in
896 4604 1019 4641 me:
1054 4590 1147 4643 scd
1184 4606 1304 4655 nec,
1334 4591 1583 4659 inquam,
1620 4593 1736 4662 ipsa
1778 4602 1966 4649 nostra
2004 4595 2263 4663 genitrix,
2312 4611 2376 4648 ex

803 4695 916 4747 quo
984 4682 1195 4748 imperii
1252 4683 1456 4737 liberas
1514 4686 1759 4739 habenas
1805 4696 2041 4740 tractare
2088 4689 2376 4754 coepimus,

804 4767 1063 4832 Augusta:
1094 4767 1338 4821 debitum
1393 4771 1445 4823 in
1489 4772 1736 4826 Ecclesia
1797 4776 2058 4843 consequi
2120 4779 2378 4829 honorem

804 4858 958 4926 prius
995 4858 1171 4926 p0luit
1207 4874 1371 4925 quam
1400 4861 1598 4916 litteris
1644 4873 1700 4917 et
1732 4864 2099 4934 chirographo
2154 4859 2381 4937 proprio

802 4948 985 5017 palam
1050 4960 1350 5004 testaretur
1400 4953 1821 5008 detestationem
1902 4966 2279 5011 anteactorum
2331 4969 2384 5013 et

706 5042 707 5045 “
788 5038 1009 5107 proprii
1052 5041 1575 5096 condemnatiooetn
1623 5047 1870 5099 sanciret
1929 5047 2055 5102 viri.
2119 5046 2384 5102 l’rocedat

805 5130 984 5182 oratio
1014 5140 1067 5183 et
1098 5131 1164 5184 ad
1203 5133 1443 5199 priorem
1497 5150 1669 5189 meam
1718 5137 2030 5207 coniugem,
2100 5154 2221 5209 quaa
2259 5140 2384 5194 licet

805 5230 915 5273 tam
956 5236 1016 5275 se
1050 5236 1296 5275 aversam
1321 5224 1659 5279 ostendisset
1699 5228 1767 5281 ab
1819 5228 1887 5281 iis
1940 5244 2063 5298 quas
2116 5230 2170 5283 in
2217 5244 2385 5283 causa

804 5310 1208 5364 conciliationis
1260 5311 1627 5367 Ecclesiarum
1666 5330 1733 5371 eo
1762 5326 2012 5387 tempore
2062 5319 2382 5390 agebantur,

804 5409 863 5453 ut
898 5402 1285 5468 protoscbasto
1317 5402 1623 5473 Nostongo,
1674 5406 1724 5461 ei
1757 5407 2096 5464 obsistentes
2157 5410 2385 5463 novitati

806 5501 1071 5560 tanquam
1108 5495 1499 5550 sehismaticos
1528 5498 1708 5569 ptenis
1734 5498 1993 5569 amigenti
2042 5501 2387 5571 gravissimis

732 5616 735 5621 -
806 5596 902 5651 per
939 5595 1147 5638 tractus
1172 5585 1504 5655 Orientales,
1542 5588 1659 5659 Ipsa
1699 5591 1988 5662 indignans
2037 5593 2390 5648 malediceret

806 5674 1103 5745 palamque
1136 5692 1438 5735 cxsecrans
1466 5680 1619 5736 diras
1651 5682 2072 5751 imprecaretur,
2136 5698 2237 5739 uec
2286 5684 2387 5737 du-

808 5767 894 5819 hic
928 5782 1039 5836 prae
1058 5785 1117 5824 se
1152 5771 1317 5825 lcrrct
1338 5772 1707 5839 gratissimum
1736 5773 2045 5829 habituram
2072 5774 2384 5845 fructuique

2478 3226 2569 3280 ubi
2600 3227 2750 3280 solus
2778 3225 2943 3280 rebus
2976 3225 3191 3295 prad'ui,
3251 3227 3410 3295 longe
3456 3226 3801 3279 charissima:
3854 3228 4059 3281 uxoris

2478 3318 2676 3372 acerbo
2708 3328 2877 3386 raptae
2907 3332 3058 3381 casu,
3093 3316 3319 3384 quicum
3381 3316 3733 3371 concorditer
3783 3317 4061 3382 vixeram,

2477 3410 2713 3462 multare
2748 3410 3064 3461 memoriam
3096 3408 3336 3462 sustinui
3390 3410 3601 3477 reliquo
3639 3408 3825 3463 debito
3855 3424 4063 3478 parun-

2478 3501 2664 3554 talium
2691 3500 3133 3569 imperatricibus
3162 3499 3370 3553 exsolvi
3400 3500 3711 3555 solitorum.
3739 3499 3848 3570 Ego
3872 3517 4062 3555 meam

2476 3593 2798 3661 AuguSIatn,
2858 3600 3119 3658 tauquam
3168 3605 3236 3644 ne
3293 3606 3464 3647 sacra:
3522 3593 3740 3660 quidem
3795 3603 4064 3649 contactu

2481 3692 2641 3735 terrm
2675 3690 2769 3734 aut
2799 3682 3175 3736 ecclesiastica
3222 3682 3443 3750 dignata
3511 3684 3705 3737 luisset
3744 3685 4061 3752 sepultura,

2478 3774 2633 3844 quasi
2676 3787 2774 3843 pro
2807 3773 3274 3827 evcommunicata
3320 3788 3519 3841 passus
3566 3789 3689 3828 sum
3726 3776 3933 3829 haberi.
3967 3777 4064 3831 lle

2480 3868 2714 3929 sinente,
2748 3867 2793 3921 si
2825 3882 2933 3918 non
2963 3866 3128 3918 etiam
3159 3866 3412 3933 jubente,
3445 3867 3658 3920 sublata
3687 3867 3807 3934 ejus
3842 3871 4063 3922 mentio

2480 3968 2620 4012 este
2669 3966 2814 4010 touto
2847 3958 2900 4010 in
2942 3956 3174 4011 ecclesia
3211 3968 3449 4021 servato,
3503 3959 3649 4013 unde
3676 3960 4060 4028 Augustarum

2482 4049 2537 4101 in
2584 4047 2894 4100 orthodoxa
2939 4046 3204 4115 religione
3244 4046 3629 4101 defunctarum
3674 4050 3890 4103 recitari
3953 4068 4067 4120 ptl-

2482 4139 2624 4192 blice
2647 4138 2714 4193 de
2736 4152 2898 4191 sacro
2926 4138 3136 4206 pulpito
3168 4146 3227 4189 et
3286 4139 3664 4192 anniversaria
3717 4155 4070 4195 commemo-

2484 4230 2699 4283 ratione
2721 4244 2843 4284 cum
2876 4228 3036 4282 laude
3062 4229 3346 4298 praedicari
3379 4229 3598 4283 nomina
3626 4244 4064 4288 consueverunt.

2484 4324 2676 4392 Itaque
2714 4323 2853 4376 alias
2883 4338 2949 4376 ex
3025 4323 3132 4377 isto
3178 4323 3370 4376 codice
3411 4322 3685 4387 dominas,
3746 4324 3888 4379 forte
3927 4326 4067 4383 huic

2484 4413 2732 4483 impares
2788 4431 2891 4469 nec
2947 4414 3353 4482 comparandas
3414 4415 3704 4482 splendore
3766 4419 4066 4485 virtutum,

2484 4505 2611 4559 inde
2639 4506 2894 4558 audimus
2923 4505 3153 4559 solemni
3181 4507 3649 4579 pronuntiationis
3698 4509 4065 4563 commenda-

2484 4598 2629 4651 tione
2653 4596 2944 4658 celebrari,
2982 4611 3144 4649 unam
3194 4613 3258 4650 ex
3292 4597 3548 4652 omnibus
3610 4598 3821 4650 Annam
3875 4614 4067 4654 meam

2483 4689 2863 4743 suavissimam
2890 4689 3421 4757 conjugem,vivente
3449 4698 3614 4757 atque
3636 4689 3773 4743 adeo
3794 4705 4072 4759 regnante

2483 4795 2596 4835 me.
2623 4788 2783 4847 teque
2813 4781 3008 4832 horum
3063 4787 3220 4840 teste,
3255 4794 3465 4831 summe
3492 4779 3594 4843 sol,
3620 4779 3710 4832 ille
3746 4779 4072 4847 liberigno—

2486 4880 2589 4927 rat.
2614 4870 2791 4940 Atque
2826 4872 2880 4923 in
2917 4872 3042 4928 hoc.
3077 4871 3123 4923 si
3163 4868 3318 4922 lateri
3378 4877 3615 4938 oportet,
3684 4870 3920 4924 ulterius
3972 4887 4072 4925 tne

2484 4978 2838 5032 progressum
2876 4964 3056 5016 sentio
3083 4977 3247 5030 quam
3275 4971 3470 5014 exacta
3503 4960 3662 5015 ollicii
3686 4964 3827 5014 ratio
3858 4975 4072 5029 posce-

2486 5052 2594 5104 bat.
2625 5049 2890 5120 RigiJior,
2927 5052 3177 5117 inquam,
3206 5049 3361 5115 justo
3418 5046 3521 5109 lui,
3568 5047 3932 5115 exemplaque
3962 5062 4071 5101 su-

2486 5140 2672 5208 peravi
2716 5139 2798 5192 vel
2830 5150 3241 5205 supervacaneo
3281 5135 3645 5188 sollicitorum
3699 5134 3751 5187 in
3806 5134 3913 5188 isto
3958 5150 4069 5203 ge-

2488 5247 2638 5297 nere,
2691 5230 2990 5299 praesertim
3025 5229 3116 5296 qui
3173 5236 3381 5279 tantam
3444 5226 3497 5278 in
3533 5234 3640 5278 tam
3715 5225 4068 5282 venerandos

2489 5338 2678 5377 manes
2710 5322 2853 5374 ultro
2884 5319 3147 5373 duritiem
3182 5316 3575 5379 consciverim,
3610 5316 3830 5370 nemine
3862 5321 4069 5385 pra-ci-

2488 5413 2688 5481 piente.
2725 5410 2859 5476 Quis
2883 5412 3028 5463 enim
3064 5417 3172 5461 tam
3208 5407 3546 5461 inhumanus
3605 5407 3737 5459 mihi
3796 5410 4069 5476 praescri-

2490 5504 2617 5556 bere
2653 5502 2879 5555 auderet
2904 5500 3118 5552 facinus
3152 5508 3261 5551 tam
3308 5498 3598 5551 adversum
3667 5499 3904 5552 naturali
3955 5500 4069 5554 do-

2490 5592 2841 5660 mesticaeque
2899 5588 3130 5658 pietati?
3176 5587 3291 5641 Mea
3346 5586 3515 5655 igitur
3551 5586 3720 5640 libera
3776 5588 4071 5656 nullisque

2491 5682 2937 5753 suggestionibus
2970 5680 3035 5734 ad
3080 5680 3409 5733 idiuclinata
3445 5680 3751 5743 voluntate,
3786 5683 4066 5734 memoria

2492 5773 2765 5829 dt-luncttr
2791 5786 2924 5826 mea:
2955 5770 3208 5840 conjugis
3237 5786 3302 5825 cx
3338 5770 3733 5825 ecclesiasticis
3765 5768 3867 5822 fuit
3902 5771 4073 5824 tabu-
