4206 6440
790 386 891 444 {'0
1818 408 1821 413 ί
1979 390 2309 450 GEORGII
2359 393 2363 449 l

2464 393 2548 451 [‘Jl
2566 393 2660 450 YM
2677 395 2843 452 lilii]

3943 393 4053 452 5'20

782 506 875 550 καὶ
912 500 1170 568 πράττειν
1202 499 1268 550 τὰ
1298 500 1435 550 κατά
1473 499 1718 568 γνώμην,
1771 500 1909 567 πλὴν
1949 503 2043 553 καὶ
2078 503 2241 570 νόμος
2279 503 2366 555 δέ·-
2393 507 2434 564 Α
2473 504 2667 570 ρᾶσθαι
2696 508 2917 573 σχίζειν.
2950 508 3042 558 καὶ
3095 509 3313 570 ἀμελεῖν
3344 509 3416 568 ὡς
3451 508 3523 577 μή
3554 524 3701 569 τινος
3757 507 3929 559 κακοῦ
3956 523 4051 572 γε·

780 590 949 649 δοται,
982 594 1008 643 ὁ
1040 590 1135 654 μὲι
1161 588 1245 659 [Ρ.
1277 589 1402 659 599]
1437 594 1682 655 φυσικὸς,
1707 593 1735 642 ὁ
1779 592 1836 644 δὲ
1866 596 2125 660 γραπτος,
2157 595 2251 646 καὶ
2280 594 2357 647 δι-

784 680 991 747 καστὴς
1024 677 1367 746 προκάθηται
1395 679 1611 748 κρίνων,
1654 679 1720 731 ἶν’
1750 680 1778 732 ὃ
1825 683 1897 750 μὴ
1934 681 2024 749 ἀφ’
2051 682 2244 735 ἑαυτοῦ
2274 700 2358 746 τις

782 770 892 833 ἔξει
920 773 986 839 τῇ
1028 770 1329 839 συνειδήσει
1366 770 1830 840 σωφρονιζόμενος
1853 774 1946 824 καὶ
1978 774 2050 834 ὡς
2076 774 2357 845 ἀναγκαίῳ

782 860 983 931 χαλινῷ
1011 863 1436 930 καταγχέμενος,
1469 861 1629 914 τοῦτο
1665 863 1814 930 παρὰ
1844 864 1951 933 ⁸τῆς
1979 861 2175 927 ἔξωθεν
2204 864 2351 928 ἔξου-

785 952 904 1014 σίας
933 953 1241 1013 παιδευθεὶς
1288 953 1472 1020 μάθοι,
1515 955 1607 1005 καὶ
1641 956 1668 1005 ὁ
1704 953 1975 1020 μετελθὼν
1997 955 2056 1005 τὸ
2101 956 2360 1025 πλημμέ-

783 1043 930 1113 λημα
965 1046 1083 1106 ταῖς
1112 1043 1389 1112 ἀληθείαις
1436 1046 1729 1114 εὐεργέτης
1761 1046 1903 1109 δόξοι
1948 1050 2044 1100 καὶ
2078 1051 2356 1118 τιμωρῶν.

797 1136 885 1188 Ἐν
917 1136 973 1188 δέ
1000 1153 1061 1202 γε
1096 1136 1171 1203 τῷ
1229 1137 1358 1207 ἱερῷ
1407 1137 1722 1207 Εὐαγγεὶίῳ
1758 1140 1850 1191 καὶ
1897 1141 1944 1190 οἱ
1992 1143 2049 1191 ὲν
2085 1143 2222 1204 ὁδοῖς
2265 1143 2359 1194 καὶ

786 1229 1066 1289 πλατείαις
1092 1230 1185 1281 καὶ
1238 1228 1437 1297 ῥύμαις
1477 1229 1717 1294 κείμενοι
1754 1233 1831 1293 εἰς
1865 1235 1991 1295 τοὺς
2027 1236 2235 1302 γάμους
2265 1233 2358 1286 τοῦ

785 1318 1045 1387 βασιλέως
1073 1319 1329 1371 εἰσελθεῖν
1354 1319 1776 1386 ἀναγκάζονται,
1808 1323 1882 1383 ὡς
1905 1324 2216 1389 ἀναγκαίως
2246 1326 2363 1377 ἑπι-

784 1413 1034 1477 κείμενον
1068 1411 1125 1462 ὃν
1153 1411 1214 1462 τὸ
1256 1412 1352 1479 τῆς
1389 1411 1654 1480 ἀνάγκης,
1696 1415 1743 1463 εξ
1790 1412 2032 1478 βούλοιτό
2067 1432 2150 1475 τις
2191 1414 2361 1478 σώζε-

785 1503 928 1554 σθαι.
982 1503 1045 1553 Τί
1089 1502 1265 1557 τοίνυν
1296 1504 1354 1554 τὸ
1389 1504 1514 1571 ὑμῖν
1553 1503 1734 1556 ἱκανὸν
1787 1504 1977 1556 δοκοῦν
2035 1507 2116 1567 είς
2146 1508 2205 1557 τὸ
2245 1508 2363 1577 σχί-

783 1593 1011 1659 ζεσθαι;
1045 1594 1095 1646 τί
1146 1612 1203 1646 τε
1230 1595 1258 1647 ὃ
1306 1596 1581 1648 ἐκκλιτέον
1620 1596 1748 1665 ὑμῖν
1782 1596 1854 1657 ὼς
1891 1598 1965 1666 μὴ
2013 1598 2191 1661 καλῶς
2240 1600 2361 1668 ἕχον

783 1688 1005 1757 ἥγηται,
1036 1689 1173 1741 ὥστε
1228 1688 1320 1742 καὶ
1367 1688 1546 1751 ἄλλοις
1599 1691 1859 1758 παρέχειν
1911 1691 2228 1755 σκάνδαλον,
2266 1695 2359 1744 καὶ

782 1778 875 1830 τὸν
917 1780 1012 1833 ἕνα
1042 1780 1133 1832 καὶ
1181 1779 1436 1850 ἄσχιστον
1469 1780 1674 1850 χιτῶνα
1722 1781 1821 1849 τῆς
1860 1781 2185 1851 Ἐκκλησιας
2243 1802 2360 1836 πει-

784 1968 910 2013 tans
935 1968 993 2013 ut
1015 1975 1212 2013 vanum
1239 1970 1330 2013 aut
1357 1958 1528 2029 gratis
1549 1958 1847 2013 confictutn
1872 1962 2232 2029 aspernabar,
2263 1963 2356 2017 diu

783 2051 834 2106 ei
860 2050 1018 2106 fidem
1037 2053 1309 2105 abnuens.
1328 2052 1533 2105 Tamen
1553 2053 1670 2106 viso
1692 2061 1877 2121 postea
1896 2067 2175 2113 successu.
2197 2070 2331 2121 argu
2348 2086 2361 2096 -

784 2158 1079 2212 mentoque
1100 2144 1461 2213 irrefragabili
1485 2146 1776 2198 convictus
1805 2143 2054 2198 habitare
2074 2148 2125 2199 in
2150 2146 2247 2200 illo
2263 2147 2358 2202 Dei

779 2234 943 2306 573
1014 2236 1298 2302 Spiritum,
1362 2234 1524 2305 cujus
1576 2237 1768 2301 utique
1824 2236 1997 2290 solius
2066 2237 2355 2305 prophetia

781 2328 993 2381 evmttis
1043 2336 1252 2397 patrata
1301 2326 1507 2382 donum
1567 2328 1977 2395 agnoscendum
2023 2336 2126 2393 est,
2176 2328 2359 2385 facere

785 2433 892 2469 non
947 2400 1099 2486 potui
1140 2418 1273 2485 quin
1314 2429 1536 2485 raperer
1575 2416 1881 2469 vehementi
1935 2418 2175 2484 quodam
2228 2435 2359 2487 erga

784 2511 944 2564 talem
1002 2512 1177 2564 virum
1233 2511 1439 2574 studio,
1497 2511 1928 2581 praejudiciaque
1982 2513 2035 2567 itt
2084 2529 2209 2569 cum
2267 2515 2359 2568 illa

782 2603 960 2668 priora
990 2602 1170 2655 excuti
1197 2601 1328 2655 mihi
1350 2618 1416 2656 ex
1444 2604 1632 2655 animo
1655 2603 1913 2667 sinerem,
1939 2614 2201 2674 reputans
2236 2608 2357 2662 ideo

783 2694 916 2747 mihi
968 2692 1130 2756 forte,
1171 2694 1508 2762 indulgentia
1544 2693 1798 2749 Numinis
1837 2710 2013 2749 meam
2054 2697 2357 2752 etudicutis

784 2785 1135 2852 imperitiam,
1190 2784 1428 2853 experiri
1488 2786 1619 2837 talia
1678 2800 2034 2850 concessum,
2100 2798 2157 2842 ttt
2211 2791 2356 2858 quod

784 2873 1048 2929 haetenus
1092 2876 1441 2943 tthttivcram
1484 2876 1867 2943 intelligert-m,
1912 2878 2149 2933 immane
2187 2896 2360 2949 quan-

784 2978 899 3019 tum
944 2968 1126 3020 estolli
1186 2982 1349 3035 supra
1404 2968 1762 3036 cogitationes
1815 2967 2097 3022 hominum
2149 2972 2357 3038 judicia

783 3059 989 3122 divina,
1031 3075 1262 3128 quorum
1309 3059 1381 3111 illi
1422 3076 1529 3112 non
1562 3074 1686 3111 raro
1721 3059 1996 3127 suﬂ‘ragiis
2028 3064 2356 3130 evehuntur,

2463 596 2690 663 νομένου
2716 614 2729 660 ;
2757 598 2817 648 ΕΞ
2846 599 2889 649 δ’
2920 595 3028 657 οὖν,
3062 599 3177 650 ἀλλ’
3207 601 3314 652 ἰδοὺ
3348 599 3694 667 πατριάρχης
3732 602 3823 649 καὶ
3857 600 4048 669 {agrip-

2461 704 2573 755 χαι,
2602 687 2709 739 ίδοὺ
2738 689 2938 758 κλῆρος
2959 692 3051 742 καὶ
3079 689 3380 759 σύγκλητος
3403 693 3497 744 καὶ
3520 692 3643 753 λαὸς
3671 692 3761 743 καὶ
3794 689 4052 759 μοναχῶν

2460 778 2509 829 οἱ
2544 779 2767 845 λογάδες
2790 795 2801 806 ’
2833 784 2924 833 καὶ
2958 783 3081 835 ὅσον
3105 783 3231 852 ὑμῖν
3259 785 3339 845 εἰς
3366 782 3664 847 ἀπολογίαν
3688 782 4050 850 παρίσταται,

2462 870 2674 931 εἴπατε,
2711 873 2801 924 καὶ
2853 873 3068 941 πρῶτον
3097 874 3208 927 τῶν
3236 874 3431 937 ἄλλων,
3475 876 3648 925 ὁποῖοι
3692 876 3784 927 καὶ
3816 875 3959 933 τίνες
3990 876 4053 925 ὲν

2466 957 2746 1028 ἔεράρχαις
2794 962 2928 1031 πρὸς
2977 962 3072 1023 οὓς
3128 965 3418 1033 ἀναφέρειν
3465 964 3612 1033 ἔχετε
3664 964 3730 1016 τὰ
3782 965 4049 1031 ὑμέτερα,

2461 1048 2601 1101 ὥστε
2660 1052 2865 1104 τούτων
2915 1053 3463 1121 ἀποϐουκοληθέντων
3520 1055 3762 1115 ἐκείνους
3816 1055 4054 1116 δικαίως

2463 1137 2831 1205 ἐγκρίνεσυαι.
2864 1142 2997 1194 Οὐδὲ
3032 1143 3137 1209 γὰρ
3185 1146 3265 1206 είς
3306 1146 3610 1212 ἀπέραντον
3660 1144 4049 1212 σχισθήσεσθε,

2463 1228 2579 1279 οὐδὲ
2618 1229 2847 1292 δίκαιον,
2879 1235 2998 1286 οὐδέ
3025 1236 3074 1302 γ’
3123 1237 3315 1303 ἑτέραν
3342 1237 3666 1304 οἰκουμένην
3709 1236 4051 1304 ζητήσομεν,

2464 1318 2521 1381 ἐξ
2548 1316 2613 1390 ἧς
2641 1322 2952 1391 ὲνέγκωμεν
2986 1326 3242 1395 ἱεράρχας
3284 1329 3409 1390 τοὺς
3437 1327 3534 1395 τῆς
3565 1329 3839 1397 ἡμετέρας
3876 1327 4055 1396 ἀρχῆ-

2465 1412 2555 1461 Οεν
2596 1412 2923 1479 Ἐκκλησίας
2976 1414 3052 1477 ὡς
3095 1417 3153 1467 τὸ
3204 1418 3349 1479 είκὸς
3409 1404 3869 1485 καταστήσοντας.
3920 1414 4054 1469 Οὐδ’

2464 1500 2686 1567 εὔλογον
2718 1506 2845 1573 περὶ
2878 1506 2984 1557 τῶν
3016 1506 3184 1559 ὄντων
3214 1509 3422 1579 ἐρωτᾷν
3446 1510 3570 1571 τοὺς
3605 1508 3680 1577 μὴ
3711 1510 3893 1571 ὄντας,
3926 1507 4050 1561 ἀλλ’

2463 1594 2624 1661 ἡμεῖς
2650 1596 2773 1645 καθ’
2798 1597 2993 1659 αὐτοὺς
3018 1600 3111 1660 τὰς
3136 1599 3397 1668 διαφορὰς
3422 1601 3813 1669 δοκιμάσομεν.
3848 1602 4051 1669 Ἡμεῖς

2465 1685 2757 1753 κρινοῦμεν
2801 1690 2894 1739 καὶ
2930 1690 2986 1741 ἐν
3025 1690 3179 1759 μέρει
3213 1692 3733 1761 ἀντικριθησόμεθα,
3779 1695 3869 1745 καὶ
3906 1694 4053 1759 μετὰ

2464 1774 2601 1827 Θεοῦ
2637 1777 2726 1827 καὶ
2778 1778 2885 1829 τῶν
2932 1779 3190 1851 Πατὲρων
3220 1779 3506 1850 ζητοῦντες
3534 1783 3631 1833 οὐκ
3680 1782 3745 1835 ἂν
3777 1784 4055 1853 ἁμάρτοι-

2463 1957 2602 2009 ﬁeri.
2667 1959 2798 2022 Qua:
2849 1973 2973 2012 cum
3029 1959 3101 2013 ita
3156 1961 3288 2026 sint,
3324 1978 3569 2031 quamam
3628 1965 3781 2019 vobis
3816 1967 4047 2021 demum

2464 2048 2658 2101 idonea
2699 2050 3029 2117 persistendi
3084 2051 3137 2104 itt
3175 2054 3470 2108 schismate
3501 2070 3665 2110 causa
3721 2058 3855 2110 est?
3905 2059 4047 2127 quid

2462 2139 2715 2207 excipitis
2752 2139 3030 2196 declinare
3059 2158 3157 2197 nos
3181 2143 3382 2199 debere
3426 2147 3629 2201 malum
3663 2163 3692 2201 a
3745 2150 3899 2203 vobis
3951 2151 4051 2203 in-

2462 2230 2906 2297 conveniensque
2932 2230 3267 2297 iudicatum,
3301 2249 3412 2303 quo
3447 2235 3592 2289 velut
3623 2246 3805 2290 amoto
3844 2247 4052 2293 vestras

2460 2318 2783 2373 oﬂ'ensionis
2843 2322 3105 2377 seandalo
3167 2325 3221 2378 in
3292 2341 3458 2379 unum
3515 2327 3792 2382 conciliati
3846 2345 4051 2387 omnes

2461 2407 2627 2480 474
2675 2413 3074 2468 occurramus?
3137 2429 3241 2468 cur
3304 2431 3470 2470 unam
3531 2427 3585 2471 et
3659 2418 4049 2475 inconsutilem

2469 2500 2722 2555 Ecclesia:
2783 2507 3026 2559 tunicam
3059 2508 3338 2561 conamini
3374 2510 3647 2576 scindere,
3678 2526 3854 2581 coque
3894 2512 4052 2568 facto

2470 2609 2669 2649 secure
2724 2598 2952 2666 pergitis
2982 2599 3184 2663 virere,
3214 2602 3371 2670 quasi
3403 2603 3555 2657 nullo
3584 2619 3681 2659 vos
3706 2606 3934 2658 crimine
3960 2604 4051 2659 sic

2463 2688 2675 2756 agendo
2712 2688 2984 2759 illigetis?
3013 2692 3106 2746 Sin
3156 2708 3255 2749 vos
3287 2695 3465 2749 adhuc
3512 2698 3616 2749 ista
3662 2712 3767 2749 non
3797 2707 4051 2763 movent,

2464 2794 2562 2846 age
2597 2779 2834 2848 proferte
2863 2796 2974 2851 quo
3008 2783 3284 2837 nitamini.
3335 2784 3415 2838 En
3464 2764 3773 2853 pairiarcha
3822 2799 3876 2839 et
3920 2786 4051 2841 hie-

2465 2873 2701 2936 rarehzc;
2772 2888 2836 2926 en
2909 2874 3093 2927 clerus
3178 2885 3233 2929 et
3284 2888 3511 2930 senatus
3582 2889 3632 2932 et
3688 2879 3920 2947 populus
3987 2890 4051 2934 et

2466 2963 2746 3016 lectissimi
2781 2966 2986 3033 quique
3042 2970 3434 3020 monachorum
3470 2989 3482 3022 :
3513 2984 3698 3022 coram
3743 2970 3826 3022 his
3869 2986 4053 3039 τινος

2468 3056 2578 3110 nite
2604 3057 2744 3124 quod
2770 3059 2834 3108 ad
2858 3065 3092 3111 vestram
3134 3058 3516 3114 defensionem
3547 3062 3754 3115 utiliter
3793 3063 4049 3130 allegan-

784 3151 877 3219 qtti
918 3150 1140 3213 ,nnllum
1195 3150 1265 3203 ab
1310 3149 1549 3203 ltumano
1603 3150 1791 3203 favore
1836 3164 2097 3218 punctum
2157 3153 2357 3209 ferunt.
2390 3173 2432 3230 ε
2470 3148 2596 3200 dum
2627 3146 2927 3203 confiditis.
2955 3150 3094 3202 Ante
3116 3158 3295 3203 autent
3323 3153 3528 3216 omnia,
3553 3168 3677 3206 cum
3710 3169 3753 3203 vi
3776 3168 3832 3205 ra
3856 3154 4053 3207 Eccle-

785 3238 942 3295 Unde
983 3241 1127 3293 isttnl
1163 3240 1340 3308 ipsum
1388 3239 1530 3307 quod
1585 3238 1638 3293 in
1672 3239 1773 3293 hoc
1830 3241 2073 3309 plerique
2130 3245 2246 3295 viro
2280 3247 2357 3299 uti

784 3333 974 3385 vitium
1027 3333 1310 3395 damnant,
1366 3330 1509 3384 laudi
1562 3332 1743 3400 potius
1784 3334 2168 3387 ascribenduut
2209 3337 2358 3403 judi-

783 3425 923 3477 cavi.
980 3424 1094 3477 Cur
1150 3425 1321 3488 enim,
1378 3425 1612 3486 aiebam,
1672 3425 1816 3477 hunc
1868 3425 2166 3494 vitupereut
2212 3433 2357 3496 quod

783 3533 1009 3571 severus
1034 3517 1086 3569 in
1121 3517 1438 3584 castigando
1472 3518 1563 3578 sit,
1594 3532 1720 3569 cum
1746 3515 1993 3579 Deus,de
2020 3519 2175 3586 eujus
2207 3522 2358 3575 heni-

784 3612 987 3673 gnitate
1019 3610 1271 3661 dubitare
1328 3624 1486 3661 nemo
1522 3618 1719 3677 potest,
1758 3611 2080 3678 plerumque
2114 3612 2361 3664 homines

780 3702 925 3768 juste
961 3701 1186 3769 puniat?
1234 3715 1339 3753 non
1382 3702 1566 3753 animo
1603 3700 1813 3754 scilicet
1865 3700 2013 3768 ipsos
2069 3702 2354 3769 perdendi,

784 3794 878 3845 sed
912 3792 1208 3861 purgandi;
1244 3792 1387 3861 quod
1425 3793 1672 3860 profecto
1708 3792 2083 3861 benignitatis,
2126 3793 2358 3864 ejusque

785 3899 893 3935 non
947 3883 1203 3951 vulgaris.
1253 3884 1487 3936 oliieium
1550 3891 1655 3937 est.
1691 3884 1959 3947 Qumtiatu
2027 3896 2209 3938 autem
2271 3888 2355 3940 sui

786 3985 978 4044 putt-ns
1004 3990 1068 4028 ac
1098 3975 1255 4029 liberi
1281 3990 1505 4043 compos
1541 3975 1752 4027 arbitrii
1775 3975 2032 4028 conditus
2058 3978 2220 4028 homo
2250 3988 2353 4042 est,

784 4069 1089 4136 exspectari
1130 4066 1271 4120 aliud
1301 4082 1405 4120 non
1439 4068 1601 4121 debet
1633 4083 1795 4135 quatn
1821 4067 2189 4121 exerciturum
2228 4084 2353 4124 eum

785 4159 838 4210 in
877 4159 997 4210 vita:
1048 4169 1171 4211 actu
1209 4172 1363 4210 suam
1420 4158 1572 4210 istam
1619 4158 1927 4223 expeditam
1982 4162 2036 4211 ln
2084 4164 2353 4215 utrumvis

784 4248 1017 4316 eligendi
1068 4246 1404 4313 facultatem,
1436 4258 1489 4301 et
1521 4258 1678 4315 prout
1724 4247 2052 4315 iudicaverit
2103 4233 2381 4314 operatu:

786 4356 934 4397 runt.
979 4340 1212 4393 Tantum
1264 4342 1315 4395 ei
1351 4341 1635 4411 dirigcudo
1674 4342 1755 4394 lex
1812 4343 2127 4409 apponitur.
2157 4351 2354 4412 partim

788 4433 1056 4487 naturalis
1095 4433 1290 4501 partim
1320 4434 1550 4500 scripta,
1612 4432 1929 4500 arbiterque
1975 4434 2230 4501 praesidet
2262 4435 2358 4502 ju-

2468 3238 2549 3292 sia
2583 3252 2783 3306 corpus
2834 3241 2953 3292 sine
3002 3241 3181 3307 capite
3214 3256 3336 3295 esse
3386 3258 3492 3295 nm.
3544 3243 3733 3309 ρυεμίι,
3768 3246 4051 3299 ostendite

2463 3330 2669 3395 quibus
2701 3337 2753 3381 et
2796 3330 3053 3396 qualibus
3098 3332 3399 3384 literarehis
3436 3344 3671 3384 vestram
3717 3334 3853 3386 hanc
3887 3342 4051 3387 recte

2465 3420 2717 3489 Subjungi
2752 3421 3227 3490 congregationem
3262 3426 3584 3477 autumctis.
3622 3423 3729 3478 Sed
3768 3427 3946 3478 videte
3981 3435 4049 3479 ut

2467 3513 2606 3566 tales
2662 3512 3078 3574 demonstretis,
3134 3514 3391 3582 qualibus
3446 3518 3600 3583 plena
3662 3518 4052 3583 exploratione

2465 3605 2700 3672 cognitis
2753 3604 2895 3658 haud
2947 3605 3111 3659 dubie
3159 3606 3485 3670 debeamus,
3538 3610 3875 3673 repudiando
3936 3627 4049 3662 no-

2463 3706 2609 3751 stros
2662 3706 2719 3750 ut
2778 3699 2959 3751 minus
2997 3698 3246 3762 idoneos,
3289 3698 3574 3753 accedere.
3609 3696 3725 3764 Eia,
3790 3701 4044 3769 inquam,

2459 3790 2798 3855 reperiamus
2859 3790 3097 3858 aliquem
3151 3792 3355 3843 exitum
3418 3791 3613 3844 infiniti
3681 3793 3796 3858 jam
3863 3807 4045 3860 prope

2465 3881 2689 3950 negotii.
2746 3880 3013 3935 Nullusne
3070 3883 3337 3936 terminus
3382 3883 3694 3951 jurgioruut
3744 3883 3853 3937 sit?
3904 3898 4045 3937 num

2464 3982 2678 4035 a-quum
2739 3968 3085 4022 arbitramini
3132 3979 3341 4023 aeterno
3384 3985 3481 4024 vos
3535 3970 3971 4025 irrevocabiliter
4010 3989 4044 4027 a

2463 4060 2667 4113 mundo
2702 4060 2956 4114 universo
2997 4061 3221 4132 abjungi
3254 4061 3529 4116 discidio?
3555 4062 3639 4115 An
3673 4063 3839 4117 alium
3890 4080 4049 4133 qua:-

2463 4164 2644 4202 remus
2666 4159 2937 4223 terraqun
2964 4153 3177 4211 orbein,
3205 4150 3350 4203 unde
3381 4151 3699 4204 ltierarchas
3734 4153 3890 4205 vobis
3925 4167 4043 4205 non

2463 4240 2825 4294 fastidiendus
2868 4241 3228 4305 adducamus,
3281 4241 3375 4309 qui
3432 4250 3678 4294 nostram
3740 4242 4047 4310 aliquando

2466 4333 2766 4386 Ecclesiam
2825 4348 2929 4385 non
2980 4332 3091 4399 jam
3144 4334 3388 4399 amplius
3436 4330 3617 4386 dubize
3668 4333 4049 4390 ordinationis

2465 4423 2804 4491 presbyteris
2836 4423 3112 4475 instruant
3162 4435 3227 4474 ac
3257 4433 3405 4475 certa
3433 4437 3558 4489 cum
3588 4424 3889 4477 orthodoxa
3945 4441 4047 4479 ve-

788 4525 979 4578 dicam,
1046 4534 1124 4585 ιη,
1176 4524 1222 4577 εί
1287 4525 1375 4577 cui
1426 4538 1453 4575 ς,
1516 4521 1704 4575 fraude
1754 4524 2059 4576 coercendo
2116 4515 2570 4596 .mturalebtcri
2632 4513 3042 4567 continuatione
3101 4514 3471 4567 canneetant?
3537 4516 3728 4569 Utrum
3797 4519 4048 4572 censetis

789 4615 1019 4684 singulis
1086 4614 1318 4669 indittun
1385 4618 1622 4683 propriae
1667 4614 1941 4683 cuiusque
1986 4617 2362 4678 conscientize.

788 4706 1008 4759 vitanda
1043 4706 1437 4775 sequendaque
1469 4706 1875 4775 distinguentis,
1911 4706 2054 4759 haml
2090 4708 2367 4761 suffecerit

789 4797 1040 4861 ft'mnttm,
1098 4797 1259 4866 hujus
1309 4797 1585 4850 defectum
1634 4808 1877 4850 extorum
1918 4800 2206 4866 petestatis
2242 4817 2364 4854 cors

789 4891 967 4957 reptio
1001 4891 1271 4958 suppleat,
1319 4888 1606 4955 discatque
1659 4903 1891 4942 censura
1939 4891 2175 4943 docente
2215 4893 2361 4959 quod

790 4980 1117 5032 admonente
1166 4979 1361 5032 intimo
1407 4989 1617 5032 natura:
1645 4979 1850 5047 judicio
1903 4980 2058 5035 visus
2122 4990 2206 5036 est
2251 4998 2359 5035 non

789 5070 1125 5123 intellexisse
1169 5071 1259 5138 qui
1301 5071 1578 5139 peccavit;
1613 5086 1678 5123 ex
1713 5085 1820 5139 quo
1856 5070 2091 5124 infertur
2128 5074 2367 5138 castiga-

793 5169 965 5214 torem
997 5160 1179 5214 delicti
1219 5176 1403 5213 revera
1454 5160 1823 5215 lieuefactoris
1880 5162 2000 5215 loco
2030 5163 2361 5235 ducendum,

790 5254 953 5306 etiam
996 5268 1120 5306 cum
1160 5253 1333 5310 saevit.
1366 5253 1433 5306 ab
1465 5268 1529 5307 eo
1579 5269 1740 5321 quem
1776 5263 2070 5307 merentem
2112 5256 2358 5323 corripit.

791 5347 924 5401 Nam
959 5361 1084 5399 esse
1137 5344 1446 5399 hominibus
1481 5347 1777 5412 expetibile
1809 5346 1855 5400 vi
1890 5347 2134 5399 adhibita
2181 5348 2360 5414 juvari

793 5440 1135 5491 dem0nstrat
1161 5453 1378 5491 saclum
1415 5438 1791 5507 Evangelium,
1827 5437 1917 5490 tibi
1950 5436 2118 5490 refert
2146 5438 2361 5491 turbam

796 5534 848 5584 in
881 5531 982 5584 viis
1022 5529 1216 5598 plateis
1266 5531 1511 5598 vicisque
1544 5533 1717 5583 otiose
1765 5530 2102 5583 desidenteut
2132 5544 2241 5582 non
2276 5530 2363 5582 in-

794 5624 1101 5675 hmnaniter
1135 5626 1224 5675 sel
1257 5623 1496 5676 benelit-e
1522 5623 1862 5690 compulsam
1894 5620 2101 5674 intrare
2125 5621 2191 5673 ad
2219 5622 2363 5689 regis

796 5715 1046 5781 nuptias;
1107 5724 1163 5766 ut
1220 5715 1323 5766 sibi
1377 5714 1751 5768 necessarium
1811 5727 2003 5767 omnes
2061 5711 2364 5779 intelligant

797 5807 1057 5860 uurilittln
1108 5807 1339 5860 admota.-
1385 5805 1747 5869 necessitatis,
1789 5805 1830 5857 si
1871 5805 1958 5873 qui
1993 5802 2128 5857 salvi
2173 5803 2363 5857 volunt

2470 4606 2865 4657 controversiis
2921 4606 3175 4660 tinieudis
3230 4606 3603 4668 conducibile,
3663 4622 3825 4674 super
3880 4618 4041 4663 statu

2468 4693 2762 4746 viventium
2802 4695 3120 4747 consultare
3159 4710 3284 4747 cum
3344 4697 3598 4756 mortuis,
3635 4705 3689 4748 et
3740 4696 4045 4763 esquirere

2468 4787 2535 4837 ab
2573 4786 2641 4840 iis
2676 4785 2767 4854 qui
2802 4799 2911 4838 non
2946 4794 3096 4847 sunt,
3137 4786 3267 4853 quid
3291 4786 3528 4853 judicari
3564 4788 3633 4839 de
3668 4789 4043 4856 praesentibus

2466 4876 2699 4930 debeat?
2744 4878 2877 4946 quin
2932 4891 3034 4931 nos
3078 4877 3181 4945 ipsi
3224 4882 3405 4946 potius
3441 4878 3750 4932 decidimus
3786 4882 3910 4932 lites
3941 4896 4051 4932 no—

2468 4982 2636 5031 stras,
2676 4980 2731 5023 et
2768 4968 3115 5035 proferendis
3150 4973 3429 5039 utrintque
3466 4971 3701 5024 invicem
3743 4986 4043 5027 causarum

2466 5064 2818 5115 adversarum
2839 5062 3657 5131 juribusjudicamus,vicissim
3685 5064 4049 5130 iudicamur-

2467 5170 2593 5223 que,
2622 5155 2701 5207 sic
2732 5153 2991 5207 conflictu
3024 5163 3473 5222 argumentorum
3504 5154 3852 5209 extundeuda
3886 5159 4047 5211 veri-

2468 5258 2595 5313 tate,
2639 5263 2744 5318 qua
2797 5264 2920 5301 mox
2966 5251 3081 5301 visa
3144 5252 3555 5304 eottsentientes
3595 5253 4046 5319 acquiescamus.

2467 5342 2654 5395 Audeo
2684 5342 2957 5411 pollieeri,
3001 5342 3197 5394 fiducia
3232 5356 3339 5396 non
3370 5343 3612 5397 defuturi
3664 5345 3835 5398 divini
3869 5347 4041 5399 auxi—

2469 5434 2523 5486 lii
2548 5451 2561 5487 :
2597 5435 2641 5488 si
2673 5436 2761 5488 Dei
2783 5433 2974 5497 ductu,
2993 5434 3211 5487 Patrum
3238 5437 3661 5491 auctoritatibus
3686 5447 3741 5492 et
3761 5440 4044 5507 exeruplig

2468 5527 2809 5594 inquit-emus
2839 5528 2973 5595 qttid
3007 5543 3143 5595 opus
3178 5526 3323 5580 facto
3372 5529 3463 5590 sit,
3499 5544 3608 5582 non
3648 5532 4041 5590 aberrabimus

2467 5634 2494 5670 a
2525 5634 2713 5688 scopo,
2743 5634 2844 5673 nec
2868 5621 2960 5674 diu
2993 5620 3172 5674 aberit
3201 5621 3334 5689 quitt
3367 5623 3760 5677 conveniamus
3790 5626 3844 5678 in
3875 5641 4042 5679 com-

2468 5713 2706 5766 muniter
2743 5712 3039 5767 salutarem
3076 5724 3128 5767 et
3161 5714 3507 5766 commodam
3542 5715 3786 5784 utrisque
3818 5730 4049 5771 senten-

2468 5804 2619 5858 tiam.
2680 5801 2803 5859 llaec
2835 5819 2899 5859 ex
2948 5820 3071 5860 meo
3121 5819 3284 5860 sensu
3345 5822 3465 5875 qua?
3506 5810 3793 5874 proﬁterer
3848 5814 4043 5865 habui.
