4190 6438
738 356 856 422 523

1934 365 2265 427 GEORGII
2292 369 2781 430 PACHYMEILE

3908 386 4015 450 524

748 482 876 543 ’περὶ
914 477 1002 527 τδν
1044 477 1483 545 πατριαρχοῦντα
1519 478 1842 546 ἐξονῦενεῖν,
1870 482 2191 549 χρωμένους
2216 484 2326 545 τοῖς
2358 494 2397 547 Α
2435 485 2626 548 οιλέως
2664 486 2728 538 ἂν
2762 489 2847 558 εἴη
2891 489 3084 559 κριτὴς
3114 488 3431 563 ἀξιώτερος,
3469 494 3554 562 ἐφ’
3579 489 3640 549 οὗ
3669 496 3762 549 καὶ
3830 501 4036 567 άυςοίν

749 570 930 620 αὐτῶν
977 569 1257 637 λήμμασιν
1306 571 1387 622 ὅτι
1442 588 1498 621 τε
1544 573 1610 625 τὰ
1665 572 1805 624 κατὰ
1851 573 1940 624 τὸν
1982 574 2331 642 πατριάρχην

764 665 1042 731 ’Λρσένιον
1099 666 1280 730 σφίσιν
1316 666 1499 725 αὐτοῖς
1554 667 1992 735 παραϐέϐασται,
2031 668 2127 718 καὶ
2174 667 2255 718 ὅτι
2298 668 2330 736 ή

768 755 1061 820 ϊῖκκλησία
1098 756 1262 822 ἄγους
1310 759 1572 825 αἱρέσεως
1607 760 2001 825 κεκοινὼκηκε.
2053 757 2329 810 Τοιούτων

751 850 921 900 butt-av
952 849 1058 900 τῶν
1107 851 1360 918 φανερῶν
1408 850 1733 918 λημμάτων,
1776 851 1972 911 αὐτοὺς
2010 852 2238 919 ὲπὰγειν
2274 850 2335 903 τὸ

756 943 1056 1007 αναγκαῖον
1114 943 1450 1012 σύμμετρον.
1482 945 1555 995 'l‘b
1600 944 1643 995 δ’
1673 941 1741 1012 ἦν
1788 945 1864 1014 μὴ
1916 944 2332 1034 καθῃρημένους

753 1035 983 1087 ἐκείνων
1010 1035 1207 1093 τελέως
1236 1036 1365 1103 παρ’
1386 1029 1460 1088 ὧν
1490 1031 1556 1104 ἦν
1589 1036 1760 1099 ἄξιον,
1785 1037 1895 1089 τῶν
1927 1036 2165 1089 ἀθίκτων
2195 1029 2335 1097 τέως

754 1124 1016 1180 τοιούτων
1056 1128 1358 1195 μεινάντων
1387 1129 1467 1190 είς
1494 1128 1668 1191 τέλος,
1705 1130 1828 1199 μηδ’
1859 1123 2108 1193 ἱερᾶσθαι
2147 1128 2332 1191 ἀξίους

752 1219 914 1283 εἶναι,
958 1221 1052 1273 καὶ
1090 1220 1243 1272 ταῦτ’
1284 1220 1376 1272 ἐπὶ
1424 1220 1636 1283 πολλοῖς
1680 1223 1774 1273 καί¹
1806 1223 2003 1283 αὐτοὺς
2046 1219 2333 1289 παραϐάν-

753 1334 876 1378 τας,
906 1316 981 1378 ὡς
1016 1315 1110 1367 καὶ
1161 1313 1334 1365 πολλὰ
1365 1312 1457 1364 καὶ
1509 1312 1659 1381 παρὰ
1693 1312 1751 1364 τὸ
1795 1313 1939 1375 εἰκὸς
1986 1312 2331 1382 πράξαντας,

756 1411 1079 1470 κανονικοὺς
1126 1408 1360 1475 θεσμοὺς
1392 1405 1762 1473 ὑπερϐάντας,
1802 1408 1894 1457 καὶ
1930 1406 2099 1476 κακία
2131 1406 2334 1474 μᾶλλον

754 1504 849 1555 καὶ
875 1502 1086 1571 ἀμαθίᾳ
1125 1501 1158 1570 ἢ
1200 1500 1391 1570 ἀγάπῃ
1422 1501 1514 1552 καὶ
1545 1500 1816 1569 ἀσφαλείᾳ
1848 1500 2330 1569 ὲνειργασμένους.

755 1596 987 1660 Ἔλεγον
1030 1593 1085 1646 δὲ
1116 1594 1189 1656 ὼς
1239 1591 1349 1645 οὐδ’
1380 1591 1568 1661 ἐριστὰ
1618 1593 1769 1658 σφίσι
1825 1589 1959 1657 πρὸς
1992 1588 2219 1657 βασιλέα
2271 1586 2334 1640 τὸ

757 1690 1001 1759 σύμπαν,
1025 1687 1296 1756 δεσπότην
1322 1702 1384 1753 γε
1410 1685 1560 1749 ὄντα,
1586 1682 2014 1752 φυλαττομένοις
2043 1680 2135 1732 καὶ
2161 1678 2336 1741 άλὶως

751 1782 1121 1853 προσκρούειν
1149 1779 1226 1849 τῷ
1260 1780 1473 1849 κράτει,
1508 1777 1637 1847 παρ’
1672 1778 1738 1846 ἣν
1787 1775 1967 1828 αἰτίαν
2013 1772 2111 1826 καὶ
2150 1773 2208 1823 “rb
2242 1771 2335 1840 ἡτ-

2450 576 2724 645 μάρτνρος
2751 576 3013 646 λαλητέον
3044 581 3138 632 καὶ
3165 582 3304 634 κατὰ
3345 584 3469 645 τοὺς
3511 586 3799 654 κειμένους
3828 589 4032 656 νόμους

2446 668 2542 728 τὰς
2574 668 3019 739 ἀμφισϐητήσεις
3066 671 3370 736 διαλυτέον,
3415 674 3580 727 αὐτοῦ
3610 693 3671 743 γε
3719 678 3854 730 Θεοῦ
3901 682 4033 747 ἐφο-

2450 759 2652 827 ρῶντος
2685 762 2777 814 καὶ
2814 762 2925 817 τῶν
2972 763 3141 815 αὐτοῦ
3184 764 3562 833 βραϐευόντων
3597 768 3799 833 νόμων.
3836 772 4025 825 Ταῦτα

2442 853 2555 912 τοῖς
2584 855 2838 922 μοναχοίς
2891 852 3142 919 λέγουσιν
3179 855 3432 927 ὑποσπᾷν
3468 859 3668 921 σκοπὸς
3708 855 3795 928 ἦν,
3843 862 3908 932 ἦν
3941 880 4032 925 τις

2443 943 2635 996 ἀκούοι
2665 944 2958 1012 λεγόντων,
2994 948 3063 1001 τὰ
3087 949 3185 1018 τῆς
3213 950 3621 1022 Ορυλλουμένης
3651 954 3895 1023 ἀρχῆθεν
3926 973 4031 1007 κα-

2442 1036 2757 1098 ταστάσεως
2786 1035 3049 1106 θέμεθλα.
3096 1041 3259 1094 Ἀλλᾶ
3289 1042 3451 1112 κενὴν
3482 1044 3802 1112 ἔψαλατνεον,
3837 1048 3897 1099 τὸ
3929 1048 4027 1100 τοῦ

2437 1127 2620 1195 λόγου,
2649 1130 2745 1180 καὶ
2767 1129 2919 1182 οὐδὲν
2944 1131 3160 1201 ἤνυτον.
3184 1133 3283 1186 Διὰ
3313 1136 3482 1187 ταῦτα
3506 1138 3601 1188 καὶ
3632 1136 3793 1206 Οροῦς
3829 1141 3892 1189 ἐκ
3914 1139 4031 1192 τῶν

2440 1220 2675 1275 κατόπιν
2689 1222 3015 1291 καθημένων
3028 1225 3303 1295 ἠγείρετο.
3332 1226 3393 1277 υἳ
3408 1228 3471 1296 δὴ
3496 1229 3851 1292 καὶάτάκτως
3874 1248 4033 1282 συνε-

2440 1312 2743 1381 παρθέντες
2774 1316 2850 1384 τῷ
2906 1315 3119 1386 epam?
3150 1317 3298 1383 βοαῖς
3342 1319 3629 1388 ὰντήχουν,
3661 1323 3753 1373 καὶ
3784 1321 3867 1391 [1³.
3896 1320 4027 1393 δτι]

2440 1409 2717 1479 βλάσφημ’
2740 1410 2877 1463 ἄττα
2900 1414 3041 1465 κατά
3065 1413 3158 1464 τοῦ
3185 1417 3654 1484 πατριαρχοῦντος
3673 1417 3768 1479 (ὧς
3802 1435 3862 1483 γε
3891 1418 4030 1485 ἄδη-

2437 1500 2527 1552 λον
2572 1494 2715 1553 εἶναι
2771 1502 2829 1553 ὲν
2863 1502 3006 1569 τόσῳ
3039 1502 3236 1567 πλήθει
3268 1505 3365 1557 καὶ
3407 1506 3632 1573 ταράχῳ
3663 1507 3753 1557 τὸν
3804 1508 3872 1558 τὰ
3900 1509 4029 1559 τολ-

2442 1592 2594 1660 μηρὰ
2624 1590 2881 1660 λέγοντα)
2932 1594 3131 1663 ἀνέδην
3182 1594 3530 1665 ὲξέρῤηττον,
3566 1599 3784 1667 εὺχίτην
3813 1601 4029 1651 ἀποκα-

2438 1685 2660 1748 λοῦντες
2689 1688 2786 1738 καὶ
2816 1686 3022 1739 τούτων
3058 1688 3137 1741 ἔτι
3164 1690 3461 1761 δεινότερα.
3489 1693 3752 1753 Βασιλεὺς
3782 1692 3825 1743 δ’
3856 1696 4029 1745 ἀκού-

2443 1792 2561 1841 σας,
2600 1778 2696 1831 καὶ
2725 1778 2801 1838 ὡς
2848 1778 2996 1841 εἰκὸς
3023 1780 3115 1832 ἐπὶ
3146 1783 3212 1849 τῇ
3248 1783 3379 1851 τόσῃ
3414 1782 3715 1852 θρασύτητι
3760 1788 4026 1855 διαταρα-

753 1877 953 1934 τᾶσΟαι
981 1874 1286 1944 ξυμὸαίνοι,
1312 1872 1414 1925 κᾶν
1443 1872 1511 1923 τὰ
1538 1868 1885 1939 ἐννομώτατα
1908 1867 2151 1932 λέγοιενί
2171 1864 2334 1917 Ἀλλὰ
2368 1857 2409 1912 Β
2440 1867 2609 1935 χθεὶς,
2645 1869 2884 1928 ἐκείνους
2919 1869 3016 1937 μὲν
3047 1870 3237 1941 ὲξελᾷν
3266 1873 3462 1925 αὐτίκα
3503 1876 3855 1943 προστάττει,
3902 1878 4023 1937 τοῖς

756 1969 951 2041 κριτοῦ
1008 1968 1075 2021 αὖ
1107 1968 1189 2021 δεῖ
1238 1967 1355 2027 τοῖς
1411 1964 1751 2033 λεγομένοις,
1811 1959 2022 2031 κριτοῦ.
2065 1958 2151 2019 Ὠς
2201 1954 2332 2024 γοῦν

754 2064 815 2113 τὸ
844 2059 1193 2113 δικαιότατον
1222 2056 1426 2125 λέγειν,
1463 2054 1638 2115 οὐδεὶς
1666 2053 1828 2115 ἄλλος
1854 2051 1989 2120 πρὸς
2023 2048 2199 2103 ταῦτα
2231 2046 2329 2117 βα-

756 2243 1051 2296 criminum
1099 2237 1288 2293 subire
1338 2236 1462 2290 illos
1520 2245 1775 2304 oportere
1822 2230 2034 2301 piacula
2085 2226 2332 2282 eluenda:

755 2348 914 2387 nime
959 2331 1134 2400 paria,
1168 2343 1289 2398 qua:
1329 2327 1432 2395 ipsi
1481 2324 1928 2395 prwscribereut.
1964 2321 2021 2375 lu
2064 2320 2150 2374 his
2199 2316 2329 2370 illml

760 2445 815 2481 ιιι
849 2427 1041 2496 primis
1092 2422 1467 2475 necessarium
1514 2433 1635 2472 esse
1675 2435 1688 2470 :
1728 2426 1783 2469 ut
1818 2429 2009 2469 oumes
2038 2413 2130 2481 qui
2172 2411 2332 2465 hodie

759 2535 916 2573 sacra
953 2523 1259 2572 tractarent
1299 2514 1351 2567 in
1395 2512 1475 2566 sic
1510 2510 1790 2579 profanata
1820 2507 2091 2569 Ecclesia,
2123 2505 2333 2575 redige-

760 2624 952 2668 u-ntur
994 2613 1047 2666 in
1100 2610 1366 2664 laicorum
1416 2605 1689 2667 ordinem,
1751 2604 1803 2656 in
1862 2617 1926 2656 eo
1979 2596 2331 2669 relinquendi

761 2720 932 2775 usque
960 2706 1015 2757 in
1042 2703 1229 2763 linem,
1258 2700 1379 2754 sine
1419 2712 1516 2767 spe
1537 2710 1853 2765 regressus,
1902 2705 1956 2747 et
1989 2692 2113 2747 novi
2144 2706 2332 2745 sacer-

756 2803 913 2851 dotes
955 2795 1118 2868 477
1173 2792 1566 2846 ordinarentur
1594 2790 1662 2842 ab
1708 2788 1896 2856 aliquo
1936 2801 2001 2838 ex
2053 2782 2332 2852 episcopis

761 2896 1029 2944 ltzll'lt'mls
1074 2886 1295 2940 intactis
1335 2884 1421 2937 lue
1450 2896 1570 2951 qua:
1604 2881 1658 2933 in
1697 2894 1887 2933 onrues
1917 2876 2161 2945 reliquos
2204 2889 2334 2945 pro-

761 2993 958 3053 pagata
997 2988 1147 3033 esset
1177 2975 1509 3045 contagione
1555 2987 1663 3026 non
1692 2974 1863 3025 vitata
1919 2970 2243 3022 Latinorum
2277 2967 2332 3020 in

762 3081 842 3130 sie
876 3084 1139 3143 corrupta
1160 3068 1405 3124 Ecclesia
1433 3068 1526 3136 qui
1566 3065 1717 3134 fungi
1761 3066 1937 3118 sacris
1967 3067 2334 3122 attentarent,

759 3168 1071 3224 sacerdotio
1131 3167 1185 3218 in
1234 3177 1396 3217 omne
1452 3171 1668 3229 tempus
1710 3157 1970 3224 indignos
2027 3153 2331 3216 habendos,

760 3262 1066 3331 ptwscrlllll
1101 3272 1225 3312 eum
1260 3255 1495 3307 aliorum
1534 3259 1795 3322 prseterea
1829 3248 2069 3317 plurium
2101 3246 2183 3299 rei
2221 3244 2335 3299 sint

760 3355 1079 3415 rl'ltllltlUlll,
1108 3358 1293 3419 utpote
1326 3346 1495 3400 multa
1532 3343 1712 3410 egisse
1735 3351 1925 3395 contra
1960 3339 2041 3392 fas
2066 3334 2335 3406 comperti

758 3457 814 3501 tt
862 3446 1156 3499 canonicas
1216 3439 1418 3511 passim
1474 3434 1808 3505 transgressi
1864 3429 2332 3501 praescriptiones,

761 3538 968 3592 malitia
1019 3537 1203 3603 potius
1232 3541 1285 3587 et
1319 3528 1594 3600 imperitia
1628 3542 1787 3581 ruere
1825 3525 1878 3578 in
1922 3524 2131 3593 agendo
2166 3533 2331 3591 quam

760 3632 1022 3684 iuszinctu
1057 3627 1327 3678 ordinata:
1356 3620 1648 3675 charitatis
1685 3633 1879 3673 secure
1907 3616 2122 3684 operari
2158 3612 2331 3669 soliti.

757 3723 1140 3778 Subtcxehant
1196 3721 1279 3771 his
1334 3728 1444 3768 tam
1504 3713 1720 3768 acerbis
1773 3711 1954 3779 aliqua
2020 3706 2331 3767 hlandiora,

760 3816 1074 3872 delinienth
1116 3811 1344 3880 Augusti
1383 3809 1591 3867 animo,
1641 3807 1926 3873 cuiquam
1969 3803 2181 3870 ingrata
2213 3814 2336 3867 quae

760 3905 1493 3979 lnqneban:uraceiderent,
1513 3899 1672 3954 facile
1697 3898 2028 3952 sentiebant.
2057 3893 2339 3962 Adjunxe-

761 4009 887 4054 rant
925 4014 1055 4066 ergo
1108 4008 1454 4063 nequaquam
1494 3990 1701 4061 iurgari
1748 4005 1807 4043 se
1833 4002 1958 4041 cum
2005 3986 2337 4054 imperatore

760 4094 920 4145 velte.
953 4090 1107 4142 Absit
1139 4088 1240 4140 hoe
1279 4085 1524 4155 quidem.
1560 4085 1873 4152 Agnoscere
1902 4095 1961 4133 se
1989 4079 2142 4131 illum
2171 4092 2336 4131 vene-

762 4186 983 4254 rarique
1032 4192 1091 4235 ut
1139 4182 1469 4235 dominum:
1502 4192 1809 4246 cavereque
1855 4174 2174 4244 diligenter,
2211 4187 2335 4225 cum

758 4294 826 4332 eo
858 4279 909 4329 iu
960 4290 1070 4344 quo
1120 4273 1359 4327 resideat
1408 4278 1651 4340 potestas
1702 4281 1938 4332 summa,
1974 4283 2096 4321 sese
2131 4274 2339 4319 temere

763 4370 1045 4428 collidere,
1081 4368 1270 4434 utique
1304 4365 1619 4417 necessario
1643 4361 1933 4415 inferiores
1958 4372 2278 4413 recessuros
2308 4371 2339 4409 e

763 4464 1064 4515 certamine
1098 4458 1214 4522 tali,
1250 4456 1603 4527 quantumvis
1634 4469 1787 4523 aequa
1840 4454 2162 4523 legibusque
2206 4464 2340 4505 con-

759 4570 895 4609 sona
933 4553 1260 4622 proferrent.
1302 4550 1571 4604 Caeterum
1604 4548 1968 4611 altercationi,
2001 4564 2118 4616 qute
2147 4547 2341 4599 utrim-

767 4662 875 4713 que
924 4659 1068 4697 nunc
1104 4644 1360 4705 fervoret,
1388 4640 1782 4708 componenda:
1815 4641 2186 4693 necessariam
2214 4653 2341 4691 esse

768 4736 1152 4790 anetoritatem
1180 4732 1387 4803 judicia
1419 4732 1513 4799 qui
1541 4731 1775 4799 iudicari
1812 4730 1880 4783 ab
1918 4730 2027 4783 alio
2070 4731 2340 4797 nequiret.

764 4829 954 4881 Talem
976 4824 1393 4891 nullumjustius
1422 4820 1829 4890 agnoscendum
1846 4820 2180 4887 imperatore
2202 4819 2340 4888 ipso.

770 4919 852 4972 Ad
888 4917 1032 4971 hunc
1061 4916 1226 4984 igitur
1263 4930 1321 4967 se
1352 4928 1514 4967 omne
1558 4911 1847 4964 arbitrium
1878 4910 2129 4977 deferre;
2170 4925 2340 4963 unum

772 5013 951 5078 ipsum
1006 5008 1246 5077 prollteri
1295 5006 1677 5073 dignissimum
1745 5004 1993 5056 omnium
2037 5003 2132 5073 qui
2176 5003 2341 5071 judcx

776 5104 827 5152 in
862 5103 961 5153 hac
996 5114 1158 5152 causa
1180 5112 1480 5166 supremus
1500 5097 1703 5149 sedeat.
1729 5096 1925 5148 Curam
1958 5097 2058 5149 hoc
2090 5096 2344 5163 praes-arti

772 5192 1055 5259 cognitore
1091 5193 1263 5243 amba:
1318 5198 1498 5256 partes
1531 5204 1627 5242 sua
1659 5189 1780 5255 jura
1819 5189 2117 5256 proferant,
2136 5198 2227 5241 tan
2257 5204 2346 5239 um

773 5298 831 5336 ut
887 5284 1042 5351 juxta
1101 5284 1230 5332 olim
1292 5280 1541 5334 saucitas
1594 5277 1855 5332 Ecclesiu-
1916 5281 2349 5333 conatitutiones

772 5379 1151 5445 disceptentur
1231 5373 1676 5439 dirimantm-que
1740 5371 2151 5431 controversiae,
2237 5369 2348 5423 Deo

776 5481 914 5523 tvsu:
966 5468 1165 5521 mentis
1226 5466 1401 5518 oculis
1456 5449 1771 5534 proposito,
1828 5466 2351 5534 moderantibusque

772 5558 1043 5626 judicium
1086 5566 1256 5610 totum
1291 5554 1382 5607 Dei
1422 5554 1666 5622 ejusdem
1706 5554 2075 5609 sanetissimis
2119 5555 2349 5623 legibus.

770 5651 879 5705 ηε
908 5648 1489 5715 valreadulatoricque
1526 5647 1695 5699 astuti
1728 5648 1983 5700 monachi
2011 5648 2352 5703 disserendis

784 5749 887 5797 lar
922 5742 1261 5810 spectabant,
1309 5747 1365 5792 ut
1406 5741 1451 5793 si
1493 5737 1626 5791 forte
1673 5740 1950 5807 Augustus
1981 5756 2249 5809 suprema:
2297 5741 2350 5793 in

780 5835 1170 5887 uictusiastitis
1229 5848 1447 5901 quoque
1512 5832 1674 5885 rebus
1732 5844 1885 5899 petes
1916 5837 2015 5887 illi:
2082 5835 2349 5889 delatione

2436 1959 2494 2011 δὲ
2535 1960 3065 2029 πριοταγωνιστοῦσι
3125 1966 3219 2016 καὶ
3266 1964 3387 2017 λίαν
3431 1968 3618 2035 ἐπεῖχε
3666 1970 3758 2019 καὶ
3790 1967 4027 2037 ὲξωργίο

2439 2050 2582 2116 ζετο,
2620 2052 2676 2103 ὲν
2706 2052 2865 2122 δεινῷ
2894 2053 3216 2124 ποιούμενος
3250 2057 3298 2109 εί
3346 2059 3506 2123 αὐτὸς
3542 2060 3640 2130 μὲν
3680 2063 3773 2115 καὶ
3806 2060 4023 2131 βασιλι-

2437 2234 2705 2292 delinitus
2727 2236 3103 2307 acquiesceret
3137 2241 3359 2307 auditis,
3398 2245 3705 2300 obtinuisse
3741 2246 3842 2314 ipsi
3876 2245 4028 2299 vidi.L

2437 2340 2630 2384 rentur
2678 2330 2830 2400 quod
2886 2334 3165 2400 petebant,
3212 2343 3266 2387 et
3316 2337 3420 2390 hoc
3469 2338 3589 2405 ipso
3630 2339 3765 2393 satis
3795 2339 4028 2392 demon-

2438 2429 2645 2474 strasse
2671 2436 2781 2476 non
2816 2422 3132 2476 continuari
3167 2424 3424 2480 Ecclesia:
3446 2429 3681 2497 antiqum
3719 2445 3844 2482 vera
3876 2430 4030 2485 serie

2438 2513 2813 2569 Successionis
2854 2513 3223 2568 hierarchiam
3274 2528 3623 2587 praesentem,
3686 2534 3739 2574 et
3783 2525 3863 2576 sic
3889 2523 4025 2576 fun-

2438 2607 2696 2662 damenta
2756 2608 3046 2677 praesentis
3098 2609 3481 2679 episcoporum
3546 2627 3610 2667 ac
3669 2618 4025 2669 sacerdotum

2440 2713 2639 2770 status,
2690 2704 3049 2771 quantumvis
3101 2706 3367 2760 hactenus
3398 2707 3601 2760 credita
3650 2710 4029 2776 etprzedicata

2437 2795 2634 2858 solida,
2677 2795 3017 2863 deprehensa
3068 2811 3217 2851 nunc
3257 2811 3322 2850 ac
3364 2808 3653 2866 perspecta
3686 2814 3809 2852 esse
3848 2798 4031 2852 insta-

2439 2888 2567 2941 bilia
2593 2889 2951 2955 ruinosaque,
2983 2889 3133 2941 velut
3156 2891 3207 2941 in
3242 2903 3411 2943 arena
3432 2889 3619 2943 mobili
3653 2890 3849 2944 locata.
3883 2889 4030 2954 Sed.

2438 2982 2580 3050 quod
2641 2980 2964 3049 plerumque
3025 2980 3191 3032 C(PCiS
3251 2980 3528 3043 usuvenit,
3599 2982 3804 3049 vulgari
3871 2983 4032 3038 ditto

2440 3071 2803 3130 eclt-bratum,
2850 3068 2998 3122 haud
3031 3069 3174 3134 istis,
3208 3084 3373 3138 quam
3407 3086 3521 3122 rem
3552 3071 3823 3140 palpaudo
3854 3088 4031 3141 pren-

2444 3162 2658 3222 sabaut,
2684 3171 2926 3226 arripere
2967 3171 3032 3211 ac
3061 3166 3247 3211 tenere
3280 3159 3529 3227 contigit.
3564 3159 3738 3225 Nihil,
3769 3162 4027 3230 inquam,

2441 3270 2501 3308 se
2535 3250 2820 3321 prolicere,
2866 3251 3121 3315 Augusto
3160 3258 3214 3303 et
3257 3252 3590 3319 pra-sidibus
3625 3263 3803 3308 caatus
3844 3258 4031 3309 recla-

2442 3343 2746 3409 mantibus,
2814 3341 2983 3413 478
3050 3342 3467 3397 intellexerunt.
3530 3345 3713 3408 Quare
3772 3344 4031 3402 confusis

2442 3438 2603 3506 ipsis,
2630 3435 2880 3505 gregales
2907 3448 3104 3488 eorum
3138 3434 3430 3488 confertim
3458 3435 3836 3496 subsidentes,
3864 3444 4031 3489 tene-

2441 3526 2663 3580 brarum
2684 3534 2734 3579 et
2762 3525 2935 3579 turbae
2958 3523 3155 3577 ﬁducia
3176 3525 3400 3591 impune
3418 3525 3628 3579 laturos
3651 3527 4027 3580 temeritatem

2444 3618 2569 3683 rati,
2605 3632 2858 3670 murmur
2883 3632 2913 3669 a
2945 3624 3101 3684 tergo
3129 3615 3380 3671 insolens
3405 3619 3662 3671 atto‘lere
3704 3628 4028 3686 cmperunt,

2442 3710 2620 3764 mistis
2644 3710 2943 3762 multorum
2972 3709 3345 3763 acclamantes
3368 3711 3596 3764 vocibus
3619 3710 4031 3765 contumeliosa

2439 3804 2688 3872 quaedam
2740 3801 2793 3855 in
2852 3803 3243 3870 patriarcham,
3300 3802 3444 3856 haud
3500 3803 3643 3855 facili
3696 3803 4031 3858 disi-rimine

2440 3898 2564 3966 quis
2592 3896 2753 3965 cujus
2784 3902 2931 3949 esset
2960 3909 3153 3955 sonus,
3185 3896 3236 3945 in
3267 3893 3424 3949 densi
3455 3894 3695 3947 tumultu
3740 3894 3883 3962 vulgi
3917 3910 4031 3949 sua

2441 3989 2562 4043 freti
2617 3987 2993 4048 multitudine,
3057 3986 3195 4037 nihil
3252 4000 3363 4037 non
3419 3987 3673 4053 quamvis
3728 3985 4028 4049 impudens

2444 4079 2740 4134 vociferari
2783 4079 2925 4130 ausi.
2973 4074 3255 4130 Vocabaut
3292 4079 3439 4130 enim
3473 4093 3599 4130 eum
3634 4077 3929 4138 Enchiten,
3964 4088 4032 4132 et

2444 4172 2569 4226 aliis
2618 4170 2987 4226 atrocioribus
3034 4170 3472 4223 conscindebaut
3522 4170 3761 4236 probris.
3807 4168 4034 4233 Quibus

2448 4270 2745 4335 imperator
2766 4263 2996 4325 auditis,
3021 4272 3185 4330 prout
3207 4277 3303 4330 par
3330 4272 3472 4325 erat,
3500 4261 3730 4314 audac;a
3759 4260 4030 4314 turbatus

2446 4369 2597 4412 tanta
2632 4358 2757 4425 ejici
2792 4355 3090 4410 confestim
3131 4371 3159 4407 e
3181 4364 3327 4408 cmtu
3357 4354 3484 4407 talia
3511 4352 4033 4419 clatnautesjussit.

2449 4454 2750 4505 Monachus
2774 4466 2905 4504 vero
2938 4454 3097 4503 modo
3141 4452 3359 4501 lucutos
3382 4456 3434 4500 et
3471 4446 3676 4516 primas
3701 4448 4032 4499 certaminis

2376 4548 2419 4601 Ι)
2454 4554 2732 4605 tenentes,
2763 4543 2965 4611 quibus
3002 4541 3263 4609 subjecta:
3306 4541 3442 4607 ipsis
3490 4551 3540 4593 et
3578 4538 3812 4591 faventis
3851 4538 4037 4592 turba:

2451 4640 2653 4693 merito
2683 4636 3059 4704 imputabatur
3090 4634 3459 4691 immodestia,
3503 4632 3759 4698 gravibus
3798 4631 4039 4684 incessit

2449 4731 2654 4795 verbis,
2688 4730 2954 4781 iracunde
2985 4726 3299 4794 increpans,
3326 4735 3378 4777 et
3407 4734 3463 4777 ut
3492 4724 3707 4779 facinus
3741 4724 4038 4791 indignum

2449 4825 2808 4893 exprobrans,
2858 4820 3027 4888 quod,
3073 4835 3198 4871 cum
3251 4818 3368 4886 ipse
3411 4817 3653 4869 demisso
3712 4816 4042 4867 humaniter

2451 4918 2675 4987 lastigio
2704 4915 2968 4982 Augusra:
2997 4911 3286 4980 dignitatis
3318 4910 3371 4962 in
3409 4923 3627 4977 aequum
3664 4914 3719 4960 et
3755 4904 4042 4961 faruilrare

2449 5026 2573 5065 cum
2608 5010 2739 5078 ipsis
2775 5005 3110 5061 descendere
3133 5000 3469 5069 colloquium
3501 4998 3645 5051 haud
3674 4998 3873 5051 fuisset
3905 5013 4045 5065 gra-

2455 5115 2615 5155 vatus
2659 5102 2840 5154 studio
2878 5098 3029 5167 pacis
3068 5093 3454 5164 procurandae,
3483 5104 3720 5159 cumque
3759 5090 3809 5141 in
3862 5090 4043 5142 istum

2454 5200 2785 5247 conventum
2824 5191 3164 5243 iutt'udentes
3188 5202 3247 5240 se
3273 5186 3474 5238 multos
3500 5198 3605 5237 non
3639 5196 3667 5235 a
3698 5196 3757 5236 se
3782 5190 4045 5241 maloa,

2456 5287 2588 5355 quin
2628 5286 2816 5338 venire
2849 5280 3149 5351 prohibitos
3180 5287 3325 5331 metu
3363 5278 3483 5344 eius
3512 5275 3845 5329 incommodi
3881 5277 4044 5343 quod

2456 5388 2708 5432 secutum
2761 5376 3036 5436 viderent,
3098 5372 3365 5425 tumultus
3422 5367 3674 5421 videlicet
3728 5366 3782 5419 in
3843 5366 4042 5425 turba,

2458 5479 2641 5523 tamen
2666 5467 2958 5535 indulgens
2982 5475 3168 5533 postea
3193 5462 3454 5517 benevole
3475 5459 3691 5513 cunctis
3717 5460 4043 5526 ingressum

2459 5565 2752 5629 locumque
2792 5559 3180 5621 concessisset,
3219 5558 3344 5623 ipsi,
3393 5568 3535 5623 quos
3584 5551 3767 5606 omnia
3804 5550 3859 5603 in
3900 5565 4048 5605 suos

2460 5668 2622 5723 posse
2650 5653 2785 5704 satis
2812 5660 2959 5704 esset
2997 5661 3206 5707 uotum,
3238 5648 3595 5718 petulantiam
3614 5660 3805 5699 eorum
3839 5644 3895 5697 in
3924 5660 4055 5697 mo-

2462 5756 2551 5799 tus
2588 5744 2881 5798 seditiosus
2928 5752 2979 5796 et
3012 5758 3172 5795 voces
3218 5740 3493 5808 improbas
3534 5752 3822 5806 erumpere
3871 5738 4050 5789 sivis-

2462 5845 2604 5898 ~cr-l,
2664 5846 2905 5889 CUttlt'llll
2970 5837 3282 5889 simulatam
3346 5834 3395 5887 in
3467 5849 3523 5887 se
3586 5832 3719 5897 ipsis
3776 5830 4057 5885 exhibete
