4190 6438
774 368 878 431 {'35

1963 378 2284 439 GEORGII
2329 379 2811 444 PACIIYMER/E

3921 380 4025 446 536

771 495 906 589 των.
954 480 1103 589 (illi
1142 482 1234 533 καὶ
1286 480 1406 589 τῶν⁹
1448 482 1569 536 λίαν
1629 485 2014 554 λυμαντικῶν;
2050 489 2130 543 Τὰ
2183 490 2228 542 δ’
2260 487 2346 555 ἐφ’
2376 495 2420 547 Α
2450 496 2753 563 νοτροφεῖν.
2802 492 3196 565 Ἀποχρὼντως
3230 492 3288 547 δὲ
3321 491 3415 547 καὶ
3441 492 3478 547 ἃ
3526 490 3883 589 κερτοὶιηθεὶς
3907 491 4026 544 δια-

775 572 981 641 ἐκὰστῃ
1017 572 1165 624 πόλει
1220 574 1315 626 καὶ
1341 573 1493 645 χώρᾳ
1541 577 1852 646 πραχθέντα
1889 580 2185 647 μετέπειτα
2219 580 2345 644 τοὺς

777 663 1048 725 παθόντας
1078 648 1291 726 αὐτοὺςκ
1312 666 1602 735 Στέντορος
1636 666 1793 735 δίκην
1820 668 1966 741 οἴους
1998 669 2046 722 τ’
2081 667 2218 723 εἶναι
2250 672 2346 741 δη-

776 756 918 810 λοῦν.
951 757 993 810 Τ
997 756 1024 809 ὸ
1048 756 1103 811 δὲ
1130 759 1223 810 καὶ
1249 758 1572 827 Μαγνησίαν
1606 736 1912 829 πολιοριέεῖν
1933 762 2024 813 καὶ
2054 765 2165 824 τοῖς
2199 736 2349 825 ἰδίοις

776 848 944 901 αὐτοῦ
978 851 1263 918 περιιστᾷν
1294 848 1381 921 [Ρ.
1415 848 1541 921 539]
1573 849 1814 904 κίνδυνον
1846 853 1939 906 καὶ
1972 854 2063 907 ἐπὶ
2092 855 2348 908 τοσοῦτον

775 939 968 1008 γῴνον
1021 942 1112 992 τὶν
1146 943 1253 995 τῶν
1294 943 1584 1011 Ῥωμαίων
1609 944 1987 1013 ικατατρίῦειν
2037 943 2185 1010 λαὸν,
2230 945 2349 1005 πῶς

777 1034 842 1084 ἂν
877 1035 1009 1102 ἡμῖν
1041 1034 1073 1104 ἦ
1103 1035 1267 1097 αὐτὸς
1310 1036 1342 1105 ἢ
1375 1037 1571 1090 ὲκεῖνοι
1617 1038 1854 1106 εὐλόγως
1908 1038 2346 1105 ἁπολογίσαιντο,

777 1126 981 1192 ἔλεγεν.
1024 1128 1120 1179 ’Ἑν
1147 1123 1291 1197 εἶχεν
1340 1129 1565 1191 ἐκείνοις
1615 1134 2080 1201 προσμαρτυρεῖν,
2119 1134 2214 1185 καὶ
2247 1134 2349 1187 οὐκ

777 1220 1186 1287 ἀπεκρύπτετο,
1214 1221 1273 1272 τὸ
1306 1224 1371 1290 τῇ
1404 1221 1760 1291 Φιλαδελφείᾳ
1796 1224 1859 1277 ἐκ
1890 1223 2205 1293 πολιορκίας
2235 1242 2351 1277 κιν-

775 1310 1073 1381 δυνευούσῃ
1125 1311 1463 1378 τὰυμέγιστα
1500 1314 1588 1365 ἐπ’
1640 1314 1819 1381 ὀλίγον
1864 1313 2078 1383 ὡθῆσαι
2109 1315 2202 1367 τὸν
2233 1315 2351 1369 κίν-

777 1402 956 1455 δυνον.
1001 1402 1065 1454 Τί
1096 1402 1223 1467 δαίς
1267 1403 1427 1456 Ἀλλὰ
1461 1405 1557 1455 καὶ
1586 1403 1745 1456 τοῦτο
1786 1406 1878 1455 καὶ
1910 1404 2069 1473 μόνον
2100 1405 2208 1457 τῶν
2254 1422 2347 1458 το-

780 1485 1159 1547 σούτωνξεῖναι
1207 1494 1413 1562 μισθῶν
1444 1494 1714 1560 ἀντάξιον,
1750 1495 1951 1563 μᾶλλον
2001 1498 2097 1565 μὲν
2131 1496 2224 1550 οὖν
2256 1497 2351 1551 καὶ

776 1585 876 1649 τὴν
909 1585 1002 1637 ἐπὶ
1051 1588 1162 1647 τοῖς
1183 1585 1409 1650 *λοιποῖς
1459 1586 1785 1655 ἀλαστορίαν
1829 1587 2013 1639 καὶτὸ
2055 1587 2148 1641 ἐπὶ
2178 1588 2351 1661 ταύτῃ

778 1678 1131 1746 ἀφαιρεῖσθαι
1185 1666 1539 1749 κατόρθωμα.
1582 1679 1697 1732 Νῦν
1750 1678 1807 1732 δὲ
1866 1672 2137 1733 ἀλλὲζκαὶ
2194 1678 2350 1742 αὖθις

778 1768 1157 1837 ἐκλεξαμένων
1196 1770 1425 1839 χρῄζειν
1461 1771 1691 1824 τοσῶνδε
1730 1771 1825 1824 καὶ
1854 1769 1930 1840 μὴ
1964 1770 2072 1824 τῶν
2107 1770 2345 1832 πάντων,

777 1860 851 1923 ὡς
878 1860 953 1929 μὴ
979 1860 1097 1924 οἵας
1125 1861 1172 1914 τ’
1199 1860 1366 1931 οὔσης
1394 1862 1494 1931 τῆς
1536 1862 1833 1932 Ῥωμαῖδος
1867 1862 1993 1925 τοὺς
2026 1862 2232 1925 πάντας
2265 1861 2349 1927 ξε·
2381 1836 2422 1891 Β

783 2059 903 2097 rum
940 2060 1105 2113 pensa
1136 2045 1395 2101 libentius
1426 2046 1642 2100 obirent
1674 2045 1756 2100 vel
1791 2053 2176 2117 repraesentata
2215 2047 2352 2102 lide-

785 2135 891 2189 lius
926 2135 994 2188 ad
1023 2135 1166 2189 diem
1225 2136 1539 2205 acciperent
1572 2137 1867 2205 stipendia.
1900 2136 2001 2190 llic
2030 2137 2141 2190 acri
2176 2136 2352 2193 Ront-

784 2227 992 2280 zt-rium
1026 2228 1221 2282 obtutu
1262 2228 1455 2297 ﬁgens,
1486 2229 1639 2296 quasi
1670 2239 1726 2282 ut
1754 2230 1929 2297 ipsum
1979 2231 2190 2298 pudore
2214 2243 2351 2283 con-

786 2316 1057 2383 funderet,
1084 2319 1440 2389 interrogavit
1465 2338 1479 2377 :
1520 2338 1537 2371 ι
1566 2319 1713 2374 Heus
1739 2330 1795 2373 tu
1818 2336 1917 2388 age
1940 2319 2048 2383 dic,
2074 2320 2349 2389 inquiens,

785 2411 915 2479 quid
955 2420 1033 2465 tot
1058 2427 1120 2465 ac
1156 2413 1324 2466 tantis
1361 2411 1552 2467 effusis
1607 2412 1661 2465 in
1698 2413 1854 2465 sinus
1888 2423 2104 2467 vestros
2129 2414 2350 2467 thesau-

788 2506 862 2558 ris
898 2504 1229 2573 profecimus
1257 2506 1280 2557 ’ἒ
1312 2506 1438 2574 quid
1494 2520 1593 2575 pro
1627 2506 1908 2560 exinanito
1939 2506 2175 2560 totiesin
2201 2507 2350 2561 lucra

788 2605 968 2651 vestra
1012 2597 1222 2667 imperii
1260 2597 1455 2652 aerario
1516 2598 1672 2652 nobis
1709 2613 1887 2667 oper:e
1944 2600 2100 2664 pretii
2153 2615 2351 2669 repen-

786 2690 943 2745 distis
972 2690 994 2742 ?
1030 2689 1369 2745 llibernastis
1399 2689 1540 2761 apud
1565 2689 1857 2759 Cyzicum:
1887 2699 1940 2744 at
1968 2692 2077 2744 illic
2106 2693 2349 2761 quidem,

787 2794 895 2831 non
935 2778 1111 2832 dicam
1145 2780 1280 2833 nihil
1310 2780 1440 2834 utile
1475 2780 1787 2848 reipublicae.
1815 2781 1937 2844 ,sed
1971 2781 2202 2849 plurima
2232 2798 2353 2835 ma-

788 2871 931 2925 xime
971 2871 1131 2925 noxia
1162 2871 1395 2925 fecistis.
1435 2869 1565 2936 Qua!
1603 2887 1731 2926 vero
1774 2872 1967 2926 deinde
2001 2873 2052 2924 in
2094 2874 2350 2943 singulis,

788 2970 884 3025 per
912 2972 1050 3025 quas
1079 2959 1382 3024 transistis,
1414 2959 1467 3013 in
1505 2960 1706 3028 quibus
1754 2964 1945 3014 morati
2010 2963 2165 3024 estis,
2200 2964 2352 3017 urbi-

786 3050 890 3104 bus
918 3057 1010 3103 aut
1064 3051 1380 3121 regionibus
1415 3052 1662 3121 egeritis,
1718 3051 1877 3107 facile
1910 3063 2090 3124 potest
2119 3057 2347 3127 intelligi

785 3160 853 3198 ex
898 3144 1211 3215 planctibus
1259 3146 1672 3200 lamentantium
1726 3162 1821 3201 sua
1880 3149 2079 3202 damna
2138 3150 2350 3204 incola-

789 3251 906 3290 rum
944 3252 961 3292 :
999 3236 1283 3293 Stentorea
1308 3240 1451 3293 enim
1488 3239 1717 3309 ideoque
1756 3242 1837 3295 vel
1872 3241 2189 3312 longissime
2221 3259 2347 3299 sen-

786 3328 933 3384 sibill
959 3329 1028 3385 de
1056 3329 1141 3385 his
1174 3346 1307 3403 voce
1331 3344 1765 3402 conqueruntur.
1787 3332 2126 3403 Oppugnatm
2155 3335 2353 3391 deinde

786 3424 995 3478 crimen
1034 3396 1346 3493 Magnesiae,
1377 3426 1552 3493 signis
1577 3426 1859 3493 armisque
1891 3431 2093 3483 nostris
2125 3429 2179 3483 in
2217 3430 2351 3485 suh-

787 3515 1024 3566 ditorum
1062 3525 1403 3583 nostrorum,
1438 3516 1541 3571 hoc
1591 3527 1674 3573 est
1702 3519 1756 3571 in
1789 3529 1976 3573 nostra
2008 3522 2252 3589 ipsorum
2299 3530 2353 3576 et

786 3606 1105 3673 reipublicae
1144 3607 1381 3673 pericula
1435 3610 1742 3673 conversis,
1788 3611 2176 3679 exercitusque
2239 3612 2350 3667 [lo-

790 3698 959 3762 tnani,
989 3697 1159 3769 588
1207 3698 1367 3767 cujus
1411 3710 1529 3753 erat
1576 3700 1704 3754 alibi
1762 3696 2053 3755 adversus‘
2085 3702 2354 3795 Qarbaros

788 3799 899 3842 tam
931 3790 1265 3854 desiderata,
1294 3798 1403 3844 tam
1457 3791 1769 3845 necessaria
1817 3807 2006 3860 opera,
2056 3790 2258 3847 temere
2288 3809 2355 3849 ac

788 3881 1056 3950 ﬂagitiose
1090 3880 1279 3961 tandiu
1309 3883 1361 3935 in
1396 3882 1607 3938 civibus
1639 3883 1963 3939 obsidendis
1987 3885 2353 3956 vestrojussu

788 3987 851 4028 ac
886 3974 1051 4027 ductu
1085 3959 1312 4036 deteni'i,
1350 3990 1509 4044 quam
1560 3977 1905 4032 comminisci
1942 3994 2185 4048 unquam
2235 3979 2357 4035 ido-

791 4083 972 4132 neam,
1006 4082 1171 4137 quam
1211 4068 1448 4134 allegare
1474 4068 1557 4123 vel
1587 4070 1924 4125 tolerabilem
1951 4072 2351 4139 defensionem,

791 4176 910 4231 age.
948 4159 1252 4230 poteritis?
1285 4158 1460 4214 Unius
1520 4162 1651 4215 recti
1698 4177 1761 4217 ac
1792 4163 2082 4219 laudabilis
2117 4164 2245 4219 facti
2280 4174 2357 4219 te-

791 4254 1112 4308 stimonium
1169 4252 1324 4308 vobis
1353 4254 1544 4319 debeo,
1570 4263 1622 4308 et
1678 4253 2038 4312 libentissime
2080 4257 2353 4327 persolvo.

791 4345 1079 4411 Proﬁteor,
1115 4345 1357 4412 inquam,
1402 4345 1544 4399 ultro
1571 4360 1635 4400 ac
1687 4354 1876 4419 gratus
1927 4347 2187 4414 prmdico,
2257 4362 2357 4402 na-

791 4446 987 4524 vatth
1030 4452 1057 4490 a
1096 4438 1256 4491 vobis
1298 4436 1531 4506 imperio
1579 4435 1809 4497 fortiter,
1841 4452 1904 4491 ac
1946 4438 2177 4492 feliciter
2229 4453 2359 4507 ope.

794 4546 907 4584 ram
946 4532 999 4583 in
1031 4528 1404 4597 Philadelphia
1445 4544 1475 4583 a
1508 4529 1810 4583 barbaricae
1848 4530 2152 4599 obsidionis
2196 4532 2352 4586 malis
2389 4528 2433 4584 D

793 4623 1044 4677 Inuimis
1090 4621 1455 4692 periculisque
1496 4620 1955 4687 liberanda.Quid
2008 4633 2118 4675 tum
2173 4632 2352 4677 autem

792 4715 1031 4787 postea?
1064 4729 1132 4768 an
1186 4729 1483 4768 successus
1544 4714 1630 4766 hic
1673 4714 1867 4767 unicus
1906 4723 1979 4768 tot
2026 4717 2350 4783 prnsiouum

796 4816 1183 4875 tantarumque
1227 4814 1336 4858 tam
1375 4806 1518 4875 longi
1556 4806 1823 4874 temporis
1880 4812 2189 4860 mercedum
2242 4806 2353 4860 fru-

796 4908 919 4954 ctus
952 4896 1169 4952 abunde
1198 4911 1424 4966 magnus
1456 4911 1752 4965 a-qnusqne
1806 4897 2165 4951 censebitur?
2193 4913 2354 4965 quem

798 4990 1109 5060 praesertim
1144 4988 1352 5042 inliciat
1382 5003 1444 5043 ac
1482 4996 1801 5057 corrumpat
1826 4989 2044 5041 licentia
2073 5000 2126 5041 et
2154 4990 2358 5059 ubique
2390 4986 2395 4991 “

730 5131 734 5135 ,
786 5082 933 5138 .alibi
986 5091 1040 5137 et
1096 5082 1149 5134 in
1200 5096 1263 5137 ea
1296 5082 1412 5150 ipsa
1464 5080 1602 5135 urbe
1669 5090 1928 5149 usurpata
1999 5084 2361 5150 rapacissime

803 5174 1130 5245 grassandi;
1163 5190 1281 5244 qua:
1316 5183 1488 5229 totmn
1537 5174 1784 5244 praeclari
1842 5189 1937 5242 per
1987 5188 2045 5228 se
2097 5174 2362 5229 facinoris

802 5266 1037 5336 pretium
1075 5280 1140 5319 ac
1175 5265 1343 5319 decus
1374 5268 1605 5317 obterat.
1649 5281 1667 5314 ι
1702 5263 1815 5317 Sub
1855 5279 1917 5316 ea
1952 5278 2215 5331 peroraris
2256 5265 2362 5318 im-

802 5369 1019 5425 perator
1046 5357 1215 5411 rediit
1251 5357 1315 5409 ad
1351 5371 1461 5409 rem
1513 5356 1671 5409 initio
1707 5369 2071 5424 propositam,
2103 5372 2266 5426 egere
2304 5374 2363 5413 se

801 5458 1013 5503 tantum
1051 5449 1242 5503 dicens
1275 5462 1380 5501 non
1411 5455 1526 5501 toto
1565 5446 1670 5501 isto
1703 5462 1931 5501 numero
1965 5449 2223 5514 militum,
2267 5450 2364 5505 sed

802 5541 950 5596 mille
1000 5541 1222 5595 circiter
1249 5547 1453 5595 etanta
1490 5539 1841 5595 multitudine
1864 5540 2097 5599 delectis
2136 5560 2151 5599 :
2190 5561 2366 5613 neque

800 5634 949 5687 etaim
1005 5633 1189 5703 plures
1220 5648 1316 5695 per
1346 5634 1424 5687 rei
1457 5633 1736 5698 Romanae,
1804 5650 1924 5703 quae.
1964 5651 2109 5691 nunc
2157 5649 2364 5705 essent,

802 5725 1085 5793 angustias
1112 5725 1181 5779 ali
1213 5741 1240 5781 ο
1261 5743 1319 5781 se
1340 5726 1662 5781 auxiliarios
1685 5735 1901 5781 exteros
1923 5743 2103 5795 posse.
2141 5730 2362 5788 Monere

805 5831 916 5871 rem
950 5818 1123 5886 ipsam
1159 5818 1425 5887 publicam
1459 5820 1567 5888 jam
1600 5835 1764 5889 prope
1802 5823 2065 5891 perditam
2094 5834 2144 5877 et
2172 5841 2365 5896 cogere

2452 587 2615 653 κενῆς
2667 586 2986 656 ἐξήντλησε.
3031 586 3202 640 Τοῦτο
3248 584 3450 653 γνῶναι
3509 583 3883 651 θέλειν’παρὰ
3913 583 4026 636 τῶν

2450 680 2763 734 ἀκουόντων
2786 680 2907 732 τότε
2938 680 3034 732 καὶ
3057 681 3182 742 τοὺς
3212 678 3427 741 ἄλλους,
3464 678 3515 731 οἳ
3538 677 3601 748 δὴ
3636 677 3729 730 καὶ
3752 678 3813 729 οὐ
3842 676 4026 745 παρῆ-

2453 790 2552 828 σαν
2580 788 2592 804 ⁸
2638 773 2796 826 τοῦτο
2832 771 3036 842 γνῶναι
3085 776 3180 824 καὶ
3221 772 3313 823 τὸν
3347 771 3553 823 τούτων
3598 770 3918 837 ὲξάρχοντα,
3946 768 4027 831 ὡς
4061 802 4078 813 ς

2454 867 2585 936 μήθ’
2611 867 2789 936 ὑμεῖς,
2818 865 3005 934 φησιν,
3037 865 3318 917 ἀπαιτοῖτε
3345 864 3413 917 τὰ
3441 864 3585 933 ὑπὲρ
3613 863 3866 931 δύναμιν,
3898 860 4027 930 μήτ’

2450 960 2657 1021 ἐκεῖνος
2691 957 2935 1027 ἐνοχλοίη
2962 955 3174 1025 τρύζων
3202 955 3343 1023 ὑπὶρ
3381 953 3558 1024 ὑμῶν.
3591 951 3776 1005 Ταῦτα
3800 953 3900 1019 μὲν
3928 950 4028 1002 καὶ

2449 1050 2521 1106 τὰ
2555 1050 2770 1113 τούτοις
2828 1049 3001 1102 πλείω
3034 1049 3287 1118 βασιλεὺς
3342 1046 3557 1110 ἔλεξεν
3593 1045 3789 1097 ἐκεῖνοι
3834 1042 3894 1095 δὲ
3925 1060 4029 1111 μη-

2447 1146 2536 1198 δὲν
2576 1144 2790 1214 ἔχοντες
2836 1143 3161 1210 ἀντιλέγειν,
3206 1140 3367 1210 μόνον
3410 1139 3650 1209 κορύζης
3695 1135 4028 1203 πλησθέντες

2460 1236 2753 1305 Ἰταλικῆς,
2787 1236 2862 1298 ὠς
2905 1234 3063 1305 δῆθεν
3116 1232 3638 1305 παραλογισθέντες,
3684 1231 3906 1299 ἐπεῖχον
3946 1225 4030 1297 τῷ

2450 1330 2657 1398 ἄγοντι.

2453 1421 2528 1487 ς’.
2567 1420 2985 1491 Προσατγελία
3013 1418 3165 1491 grpdc
3187 1417 3456 1491 βασιλέα
3489 1414 3639 1470 κατὰ
3668 1412 4032 1468 Κατελὰνων

2962 1486 3083 1543 td»;
3112 1486 3510 1543 Γεννουττῶν.

2520 1605 2607 1678 [Ρ.
2636 1604 2765 1677 540]
2809 1605 2897 1659 Ἑν
2925 1604 3162 1671 τοσούτῳ
3190 1602 3245 1655 δὲ
3273 1603 3367 1655 καὶ
3397 1602 3446 1653 oi
3492 1600 3633 1654 κατὰ
3674 1598 3773 1667 τὴν
3798 1594 4032 1664 μεγαλό-

2452 1700 2605 1753 πολιν
2650 1697 2962 1753 Γεννουῗται
3022 1698 3196 1767 πέραν
3247 1696 3345 1759 τὰς
3387 1694 3630 1763 οἰκήσεις
3688 1689 4027 1757 ποιούμενοι,

2451 1794 2546 1846 καὶ
2572 1790 2727 1855 αὖθις
2747 1790 2993 1860 σχόντες,
3038 1788 3176 1859 πρὸς
3206 1789 3271 1840 τδ
3297 1785 3710 1853 μεγαλειότεριιν
3755 1778 4033 1834 ἐποικοδο-

2457 1885 2789 1957 μησάμενοι,
2825 1881 2965 1935 ὥστε
3006 1882 3097 1934 καὶ
3121 1880 3379 1947 πλείστην
3425 1878 3567 1944 ὑπὲρ
3616 1876 3717 1945 τὴν
3759 1874 4031 1943 προτέραν

2456 2078 2514 2121 nt
2563 2066 2759 2121 modus
2793 2064 3011 2119 tandem
3054 2061 3254 2132 aliquis
3280 2059 3606 2115 adhibeatur
3639 2055 3869 2110 infinitis
3902 2053 4029 2107 inu-

2454 2162 2839 2228 tilissimisque
2862 2156 3123 2227 iacturis,
3153 2153 3356 2224 quibus
3391 2153 3499 2207 sint
3541 2151 3803 2203 hactenus
3830 2150 4027 2200 incon-

2455 2254 2761 2309 sultissime
2794 2252 3064 2307 universa:
3094 2247 3308 2319 imperii
3346 2234 3805 2315 cepite‘profusaa.
3843 2242 3902 2296 ln
3924 2241 4030 2295 hoc

2457 2356 2627 2403 testes
2662 2362 2723 2401 se
2758 2344 3039 2399 auditores
3067 2343 3158 2413 qui
3196 2356 3385 2397 coram
3421 2338 3681 2393 adessent
3712 2336 3871 2399 velle,
3903 2348 4029 2400 per-

2454 2458 2562 2512 que
2587 2442 2687 2495 bos
2736 2439 2877 2494 idem
2926 2436 3161 2492 indicari
3188 2433 3512 2489 absentibus
3546 2438 3760 2500 optare,
3788 2428 4030 2495 denique

2454 2536 2620 2589 istum
2664 2546 2826 2603 quem
2864 2536 3232 2585 memorarent
3279 2540 3471 2580 recens
3494 2539 3618 2577 cum
3659 2535 3802 2576 novo
3826 2518 4027 2588 appul-

2453 2648 2575 2687 smn
2624 2631 2872 2684 exercitu
2920 2624 3139 2682 edoceri
3180 2629 3234 2677 et
3280 2621 3488 2676 diserte
3549 2613 3887 2671 commoneri
3960 2611 4029 2667 de

2455 2725 2561 2780 ista
2591 2724 2709 2792 ipsa
2750 2735 2849 2774 sua
2880 2719 3161 2775 voluntate
3184 2729 3247 2768 ac
3280 2712 3383 2767 fixa
3418 2710 3693 2766 sententia
3713 2721 3939 2775 cupere,
3969 2718 4029 2758 se

2457 2818 2639 2886 plures
2674 2813 2823 2867 mille
2850 2807 3205 2865 conductitiis
3236 2804 3508 2859 militibus
3544 2805 3597 2857 in
3624 2802 3871 2855 rationes
3924 2799 4029 2852 im-

2456 2906 2635 2978 putari
2673 2902 2920 2975 publicas
2969 2901 3134 2955 nolle.
3203 2898 3531 2953 Desinerent
3594 2910 3714 2950 sese
3777 2894 4027 2962 ingerere

2454 3015 2517 3053 ac
2554 3000 2700 3053 velut
2726 2997 3007 3051 inculcare
3047 3007 3210 3061 supra
3255 3007 3439 3055 usuin,
3476 3005 3644 3060 supra
3689 3003 3822 3057 opes
3853 2986 4024 3040 facul-

2456 3102 2713 3159 tatesque
2743 3098 2963 3143 nostras
2994 3085 3178 3140 caeteri
3206 3102 3220 3149 ;
3260 3084 3499 3154 bonique
3529 3081 3887 3136 consulerent
3924 3092 4027 3132 nos

2380 3173 2423 3231 (ἶ
2457 3200 2564 3239 non
2604 3182 2830 3255 prodire
2883 3179 3193 3250 pollicendo
3233 3178 3376 3229 ultra
3415 3189 3579 3244 quam
3621 3174 3674 3227 in
3733 3180 4028 3226 numerato

2454 3289 2549 3335 aut
2583 3292 2680 3347 spe
2734 3284 2885 3331 certa
2922 3289 3023 3327 nos
3073 3271 3278 3347 habere
3340 3271 3514 3323 simus
3563 3267 3751 3321 intime
3791 3264 4023 3319 conscii.

2461 3392 2480 3426 ι
2520 3338 2793 3441 Νθῖεἰιυι·
2812 3378 2906 3424 aut
2933 3381 3032 3421 vos
3072 3338 3369 3428 rfaddidit
3404 3371 3703 3431 praesentes
3732 3359 4028 3414 Catelanos

2456 3464 2697 3523 intuens,
2717 3478 2736 3511 ι
2759 3458 3035 3528 exigatisa
3056 3456 3218 3510 nobis
3243 3453 3388 3523 quod
3416 3452 3547 3507 dare
3581 3466 3686 3506 non
3713 3464 4026 3520 possumus.

2457 3564 2551 3609 aut
2584 3553 2672 3607 ille
2712 3558 2897 3620 speret
2928 3566 3049 3619 qua?
3095 3551 3139 3605 si
3173 3549 3623 3617 promitteremus
3654 3545 3777 3600 fidei
3827 3552 4030 3597 nostra!

2460 3646 2971 3702 transcenderemus
3024 3643 3269 3697 modum.
3304 3640 3422 3695 Non
3468 3656 3591 3715 eum
3636 3639 3897 3693 fallimus.
3954 3636 4031 3690 De

2458 3754 2540 3800 re,
2573 3747 2634 3793 ut
2687 3746 2794 3798 θοι,
2831 3743 3044 3789 mature
3082 3735 3433 3803 ingenueque
3490 3716 3924 3800 phemonemus,
3961 3743 4033 3784 ne

2458 3830 2745 3898 deceptum
2786 3842 2847 3881 se
2876 3825 3071 3880 deinde
3109 3826 3264 3895 queri
3299 3826 3495 3893 possit,
3526 3831 3623 3877 aut
3686 3822 3813 3877 lites
3849 3824 4034 3876 inten-

2460 3930 2576 3975 tare
2604 3916 2999 3973 murmurando
3032 3916 3216 3977 nobis,
3248 3916 3405 3985 quasi
3437 3915 3485 3969 ei
3514 3913 3669 3968 falsis
3702 3913 4031 3969 ostentatio-

2460 4016 2625 4070 nibus
2678 4012 3038 4066 illuserimus.
3077 4028 3095 4061 ι
3135 4007 3264 4063 llaec
3291 4018 3347 4063 et
3371 4010 3423 4061 id
3460 4024 3636 4077 genus
3671 4008 3828 4076 plura
3874 4007 4032 4061 locu-

2461 4118 2550 4161 tus
2581 4107 2882 4175 imperator
2924 4104 3247 4157 concionem
3296 4102 3530 4167 dimisit,
3578 4101 3889 4166 Catelanis,
3927 4101 4033 4155 etsi

2461 4200 2750 4269 gemebant
2773 4199 2827 4252 in
2850 4198 3065 4251 irritum
3088 4198 3293 4252 abiisse
3312 4212 3440 4266 spes
3460 4197 3673 4260 inanes,
3693 4196 3838 4264 quod
3864 4194 4037 4266 489

2462 4292 2577 4361 ipsa
2617 4298 2800 4345 tamen
2840 4306 2902 4344 os
2948 4289 3263 4344 obstrucret
3304 4305 3485 4344 rerum
3513 4288 4034 4350 evitleutia,eontra

2460 4384 2755 4451 quidquam
2780 4382 2989 4437 hiscere
3013 4398 3120 4437 non
3147 4382 3475 4445 valentibus.
3494 4395 3806 4450 Quanquam
3843 4380 3925 4432 vel
3956 4382 4037 4433 sic

2464 4475 2685 4543 proprio
2706 4473 2889 4527 Latini
2932 4474 3151 4544 generis
3180 4473 3325 4526 fastu
3368 4480 3652 4542 turgentes
3677 4473 4039 4540 ringebantur

2463 4566 2674 4631 intime,
2695 4569 3150 4636 stomachumque
3170 4568 3224 4621 in
3250 4567 3445 4621 ducem
3479 4569 3745 4636 ipsorum,
3767 4575 4036 4635 tanquam

2464 4659 2533 4711 ab
2582 4673 2650 4712 eo
2714 4658 3095 4719 circumventi.
3149 4668 3556 4713 nmrmurantcs
3582 4658 3961 4727 erumpebant.

2464 4770 2521 4825 6.
2556 4769 2820 4824 Indicium
2854 4771 3161 4839 imperatori
3214 4770 3450 4824 delatum
3474 4788 3506 4824 α
3553 4767 3909 4824 Cannensibus
3936 4769 4039 4825 ad-

2978 4856 3179 4896 versum
3214 4840 3521 4896 Catetanos.

2534 4929 2683 4985 Inter
2719 4931 2835 4985 hmc
2874 4929 3192 4985 Genuenses
3250 4930 3344 5000 qui
3402 4931 3883 5001 Constantinopoli
3931 4930 4036 4986 de-

2465 5033 2625 5089 gunt,
2658 5022 2713 5076 in
2764 5023 2885 5075 urbi
2930 5023 3150 5090 objecto
3186 5023 3330 5076 ultra
3377 5023 3575 5077 fretum
3621 5024 3885 5079 suburbio
3931 5022 4040 5079 do-

2466 5114 2670 5167 micilia
2713 5113 2981 5169 habentes
3022 5115 3097 5184 (et
3129 5115 3411 5185 splendida
3438 5116 3657 5185 quidem
3699 5116 3977 5169 domicilia
4019 5132 4033 5168 :

2467 5219 2592 5258 nam
2614 5220 2679 5259 ex
2713 5221 2823 5275 quo
2850 5206 2960 5261 illic
2997 5208 3158 5261 sedes
3188 5208 3573 5269 obtinuerant,
3604 5207 3829 5261 a'diticia
3871 5222 4040 5263 erant

2467 5310 2601 5350 sane
2641 5297 2929 5367 magnifica
2972 5297 3168 5360 moliti,
3211 5298 3456 5355 dilatatis
3498 5299 3641 5353 haud
3674 5300 3887 5354 modice
3926 5301 4036 5354 soli

2467 5385 2601 5455 ipsis
2656 5387 2811 5441 initio
2866 5389 3118 5443 concessi
3166 5390 3438 5454 terminis,
3477 5390 3605 5444 dum
3644 5392 3851 5445 sensim
3900 5393 4039 5447 sub-

2467 5478 2867 5534 structionibus
2925 5481 3195 5536 excedunt
3253 5484 3605 5551 pomeriaque
3665 5495 4039 5553 promovent,

2464 5584 2573 5624 non
2623 5570 2741 5623 sine
2788 5585 2980 5625 secura
3028 5587 3122 5641 per
3149 5575 3446 5628 circuitum
3478 5576 3782 5629 munitione
3813 5577 3939 5628 valli
3972 5591 4041 5631 ac

2464 5663 2625 5717 fossa:
2661 5664 2957 5732 perpetuae)
2993 5664 3242 5718 nuntium
3281 5680 3309 5718 a
3344 5667 3461 5719 suis
3513 5669 3726 5720 civibus
3767 5681 3796 5719 c
3828 5677 4040 5721 utetro-

2466 5760 2572 5828 poli
2622 5758 2896 5827 trepidum
2953 5760 3185 5813 navibus
3235 5762 3539 5815 celerrimis
3589 5762 3833 5815 studiose
3876 5762 4038 5816 festi-

2467 5860 2652 5907 natum
2700 5852 3000 5913 accipiunt.
3029 5868 3138 5918 quo
3173 5854 3535 5907 atlntosrntur
3568 5867 3788 5909 strenue
3829 5856 4041 5910 armari
