4190 6438
224 367 326 430 537

1183 389 1280 449 DE
1323 392 1774 455 ANDRONICO
1809 398 2276 460 PALzEOlDGO
2309 405 2452 466 LIB.
2493 407 2576 470 Η.

3387 405 3492 473 538

217 491 604 555 πριϐαλέσθαι
633 499 737 568 γῆν
763 495 830 573 ἧς
871 501 1219 568 ἐπελάϐοντο.
1253 509 1346 562 καὶ
1390 510 1650 579 ἀσφαλῶς
1709 513 1803 565 κὺ-
1829 516 1878 576 Α
1906 517 2066 570 αὐτὸν
2115 519 2332 586 σύναμα
2378 521 2586 574 δώδεκα
2622 522 2922 575 ἐκπλευσαι
2969 524 3148 586 ναυσὶ,
3215 523 3308 578 καὶ
3367 529 3491 582 ὅσον

219 589 330 647 κὶῳ
361 592 919 660 περιταφρεύσαντες,
943 596 1185 666 δέχονται
1231 603 1380 671 παρά
1430 604 1538 655 τῶν
1589 605 1803 658 οἰκείων

219 678 305 729 διὰ
339 683 701 752 ταχυδρόμων
726 687 1017 756 μηνύματα
1041 689 1114 752 ὡς
1142 692 1307 756 πολὺς
1342 694 1661 764 ἐξαρτύεται
1688 699 1803 749 στό-

1904 609 2057 663 οῦπω
2079 613 2191 674 τοῖς
2213 613 2337 680 τῇδε
2372 613 2702 682 προσϐαλεῖν
2726 616 2930 683 τρόπον
2955 616 3048 668 τὸν
3079 615 3345 678 τοιοῦτον.
3396 621 3493 686 μὲ-

1895 721 2027 786 ἰκρις
2054 705 2120 757 ἂν
2163 706 2196 775 ἡ
2241 707 2430 775 ὁλότης
2469 707 2663 775 φανείη
2705 707 2797 760 καὶ
2853 708 2910 760 ἓν
2957 710 3162 774 πάντες
3229 711 3489 778 γένοιντο.

224 770 461 878 1351-”-
483 769 578 845 ἦρι
614 779 936 880 τξροσδαλετν
962 785 1026 851 τῇ
1054 784 1229 848 πόλει,
1263 788 1348 854 ἐφ’
1382 782 1424 854 ᾧ
1478 789 1804 856 παραφυλα-
1875 769 2098 880 (fidite);
2128 769 2196 862 γε
2226 769 2407 864 μέντοι
2448 769 2544 848 καὶ
2574 769 2980 860 συνεϐούλευον,
3018 802 3065 852 εἰ
3103 769 3364 868 βασιλεὺς
3395 801 3490 854 θέο

228 865 396 933 κτέην
434 869 584 932 σφίσι
607 869 705 940 τὴν
741 873 1064 944 προσϐολὴν,
1113 879 1190 938 εἰς
1225 879 1467 932 κίνδυνον
1494 881 1585 932 καὶ
1619 883 1802 943 αὐτοῖς

225 957 499 1021 κειμένοις
530 957 605 1019 ὡς
644 961 741 1029 τῆς
793 965 1007 1032 μερίδος
1063 969 1156 1020 τοῦ
1202 969 1464 1038 βασιλέως
1516 969 1686 1032 οὖσιν.
1744 973 1802 1040 ἐξ

227 1049 491 1113 ἐμφανῶν
523 1053 984 1123 ὑποτοπημάτων,
1003 1059 1076 1121 ὠς
1097 1062 1322 1124 ἐκείνοις
1355 1065 1525 1118 ἐδόκει
1554 1066 1802 1134 βουιλευο-

228 1085 490 1113 μτρτανυιν
525 1085 984 1123 υσυιυυηιιμαιων,
1003 1085 1075 1121 ως
1097 1085 1322 1124 εκεινοις
1355 1085 1525 1118 εοωιει
1554 1085 1614 1134 ΡΟ
1654 1085 1800 1119 Λευο-

228 1141 432 1207 μένοις.
481 1144 868 1212 Ταῦτέὖθέως
903 1153 1100 1205 ἐκεῖνοι
1143 1155 1222 1224 τῷ
1261 1155 1472 1222 βασιλεῖ
1527 1085 1800 1226 πρόξνανέ-

225 1250 417 1300 φερον,
439 1238 770 1302 προσθέντες
798 1243 887 1311 ὡς
912 1246 1004 1296 καὶ
1040 1245 1193 1299 αὐτοὶ
1226 1247 1317 1309 οὒς
1344 1249 1642 1316 ὑπεδέξατο
1669 1251 1802 1315 ξενι-

223 1325 378 1388 κὼς,
407 1330 501 1379 καὶ
533 1330 630 1382 σὺν
663 1321 854 1395 αὐτοῖς’
875 1337 920 1386 ol
954 1327 1354 1405 ὲπιγεγοῗότες,
1387 1344 1519 1409 μιᾶς
1565 1345 1655 1395 καὶ
1701 1345 1801 1411 τῆς

222 1419 401 1482 αὐτῆς
447 1422 678 1486 ἐκείνοις
721 1428 828 1477 εἰσὶ
876 1428 1089 1496 βουλῆς.
1148 1433 1240 1484 καὶ
1295 1436 1678 1498 κατασκόπων,
1739 1437 1798 1489 οὗ

223 1513 534 1580 συμμάχων
553 1517 754 1583 τρόπον
782 1518 1070 1590 ἐπέχουσι·
1106 1526 1219 1586 τοῖς
1269 1526 1374 1597 γὰρ
1443 1529 1506 1580 ἐκ
1552 1528 1801 1593 Σικελίας

222 1605 509 1672 κρυφηδὺν
547 1609 641 1660 καὶ
682 1611 878 1673 αὐτοὺς
937 1616 1336 1686 συμπράττειν,
1402 1622 1494 1672 καὶ
1549 1621 1800 1690 μήνυτρα

221 1695 477 1764 δέχεσθαι
505 1701 598 1752 καὶ
622 1701 939 1771 λαμϐάνειν,
972 1706 1045 1769 ὡς
1069 1709 1160 1762 ἐπὶ
1193 1710 1386 1780 καιροῦ
1407 1714 1653 1776 Ϊὲκείνοις
1706 1713 1800 1766 καὶ

223 1788 422 1851 αὐτοὺς
457 1795 964 1863 συμμαχσιυμένους.
999 1798 1167 1865 Δῆλον
1198 1801 1253 1854 δὲ
1289 1805 1380 1855 καὶ
1405 1805 1466 1856 ἐκ
1489 1804 1581 1858 τοῦ
1606 1806 1798 1871 ἀλλους

1904 884 1985 936 λει
2017 887 2414 954 συμπράττειν,
2451 886 2784 941 ἀπεντεῦθεν
2814 890 2906 940 τὸν
2935 891 3073 959 πρὸς
3099 892 3344 954 ἐκείνους
3395 891 3492 944 1:6-

1904 979 2067 1042 λεμον
2100 979 2371 1048 δέχεσθαι,
2402 982 2509 1034 ἀπὸ
2536 984 2737 1036 τούτων
2770 984 2911 1036 κατὰ
2952 982 3123 1051 θύρας
3148 985 3493 1054 ἀρξαμένους

1903 1070 1977 1132 ὡς
2007 1073 2315 1142 προχείρων
2338 1075 2521 1128 ὄντων.
2574 1076 2758 1144 Ἐχειν
2803 1077 2911 1145 γάρ
2964 1077 3163 1139 αὐτοὺς
3208 1078 3490 1147 ὲξαρτύειν

1905 1167 2243 1233 πεντήκοντα
2314 1166 2465 1238 ναῦί.
2539 1169 2798 1238 Ἐζήτουν
2855 1170 2911 1222 δὲ
2974 1173 3070 1222 καὶ
3120 1170 3347 1238 βασιλέα
3389 1171 3490 1231 τάς

1912 1201 2243 1233 sust-l‘n'lvtu
2321 1201 2465 1287 vanus.
2559 1201 2798 1238 D‘I‘b'IU'
2855 1201 2911 1222 νε
2975 1201 3070 1222 και
3120 1201 3347 1238 μαυυιιιι
3389 1201 3487 1231 νοω»

1893 1257 2044 1333 πι’σας,
2084 1259 2115 1326 ἢ
2155 1258 2260 1326 μὴν
2291 1260 2359 1310 τά
2393 1262 2445 1321 ὲ,
2478 1261 2754 1329 πλήρωμα
2788 1261 2994 1314 τούτων
3027 1264 3305 1333 χρήματα.
3371 1262 3490 1314 Κᾶν

1907 1351 1980 1418 μὴ
2006 1350 2098 1400 νῦν
2128 1350 2235 1418 ἔχοι
2267 1350 2487 1412 διδόναι,
2515 1352 2710 1413 αὐτοὺς
2745 1352 2879 1414 τέως
2912 1353 3323 1416 καταϐαλόντας
3351 1354 3488 1406 αὖτά

1903 1441 1996 1493 ἐπὶ
2027 1441 2220 1511 καιροῦ
2249 1443 2398 1512 παρά
2445 1443 2706 1511 βασιλέως
2764 1443 3300 1513 ἀνταπολαμϐάνειν.
3335 1446 3486 1514 Μηδὲ

1903 1537 2011 1605 γὰρ
2034 1530 2169 1588 εἶναι
2188 1537 2384 1598 αὐτοὺς
2413 1534 2744 1596 ἀλλοδαποὺς
2773 1535 2804 1603 ἦ
2864 1534 3174 1603 Ῥωμαίους
3238 1534 3491 1587 τούντεῦ-

1851 1677 1858 1684 .
1902 1629 2013 1683 θεν.
2046 1630 2152 1681 Καὶ
2172 1628 2333 1681 πόνον
2360 1624 2495 1679 εἶναι
2521 1628 2672 1694 σφίσι
2698 1627 2759 1703 τὲ
2779 1627 2854 1696 μὴ
2885 1629 3090 1694 φθάσαι
3137 1628 3488 1697 προσαμῦναι

1914 1719 2206 1786 Ῥωμαίοις
2247 1723 2515 1788 πάσχουσι
2548 1719 2667 1772 κατ’
2690 1719 2978 1788 ἀνατολὴν,
3012 1720 3070 1785 ἐξ
3107 1713 3182 1772 ὧν
3208 1722 3304 1772 καὶ
3338 1721 3489 1772 αὐτοὶ

1901 1814 2000 1874 τὰς
2033 1813 2332 1882 ὲμπορείας
2376 1813 2639 1876 πλουσίας
2698 1808 2863 1882 εἶχον.
2926 1813 3001 1865 Οὐ
3071 1812 3178 1881 μὴν
3206 1810 3342 1864 ἀλλά
3391 1811 3489 1862 καὶ

223 1879 478 1974 ἀπαντᾷ-ι
501 1884 882 1954 ἑτοιμάζεσθαι
904 1888 984 1961 [Ρ.
1012 1891 1137 1964 341]
1163 1895 1256 1945 καὶ
1280 1895 1432 1959 αὖθις
1451 1898 1693 1968 ἑτέρους,
1716 1901 1804 1967 φί-
1834 1878 1877 1933 Β
1910 1904 2004 1956 τοῦ
2032 1878 2221 1957 λοιποῦ
2280 1909 2599 1974 συμμαχεῖν
2635 1878 2842 1957 ἐθέλειν
2906 1906 3000 1957 καὶ
3051 1878 3174 1966 τοῦς
3236 1903 3490 1964 ἐπιόντας

222 1969 332 2024 λων
384 1974 700 2038 δεικνύντας
745 1979 838 2031 καὶ
875 1983 1074 2050 τρόπον
1114 1986 1207 2037 καὶ
1236 1985 1425 2056 ὄνομα.
1456 1989 1558 2041 Τὸν
1585 1991 1694 2061 γὰρ
1711 1991 1805 2044 τοῦ

226 2066 394 2134 me;
416 2068 739 2140 Θευδερξχου
757 2073 907 2127 νόθον
930 2075 1261 2148 αὐτάδελφον
1288 2080 1482 2144 μαθεῖν
1507 2082 1693 2152 ελεγον
1713 2085 1807 2136 καὶ

226 2271 464 2326 classem
505 2287 755 2345 magnam
799 2293 921 2346 qua:
953 2280 1132 2348 primo
1171 2299 1297 2335 vere
1341 2284 1808 2358 Constantinopo-

225 2364 320 2416 lim
369 2378 750 2433 oppugnatura
802 2379 958 2423 certo
1003 2373 1371 2428 existimetur.
1428 2377 1559 2445 Ejus
1594 2382 1802 2446 partem

229 2458 459 2524 periculi
500 2459 564 2512 ad
618 2461 767 2528 ipsos
819 2478 1040 2532 quoque
1094 2468 1392 2534 pertinere,
1426 2473 1518 2535 qui
1572 2472 1714 2526 lares
1750 2481 1807 2526 et

230 2548 473 2605 familias
514 2552 628 2607 illic
666 2555 972 2611 obtineant.
1017 2556 1198 2622 Quare
1228 2576 1328 2629 pro
1377 2577 1474 2616 sua
1525 2574 1673 2630 parte
1719 2566 1804 2618 itt-

231 2643 495 2710 vigilent;
563 2660 627 2699 ac
684 2663 806 2700 cum
886 2648 1122 2705 fortunae
1206 2655 1475 2709 societate
1539 2652 1807 2710 foederato

234 2735 373 2803 ipsis
397 2737 714 2806 imperatori
743 2742 849 2796 sint
881 2746 1182 2813 conjuncti,
1217 2749 1492 2815 quomodo
1515 2765 1808 2806 commune

233 2829 372 2897 ipsis
407 2845 531 2884 cum
583 2847 648 2886 eo
678 2849 803 2888 mox
845 2835 1186 2892 inferendum
1239 2841 1438 2895 bellum
1469 2845 1685 2897 collatis
1709 2861 1806 2913 pro

234 2935 294 2974 se
335 2923 537 2990 opibus
591 2940 657 2978 ac
691 2929 979 2982 conatibus
1030 2944 1230 2998 queant
1291 2935 1635 3003 propulsare,
1689 2953 1802 2991 ma-

234 3023 358 3066 ture
431 3017 795 3084 prospiciant.
851 3018 961 3074 Nec
1013 3025 1422 3092 suspicionibus
1479 3028 1581 3082 niti
1648 3031 1805 3085 vanis

236 3117 433 3175 putent
483 3124 605 3179 qua:
634 3111 974 3175 dicerentur,
1010 3131 1133 3169 cum
1171 3120 1272 3173 ista
1305 3121 1398 3188 qui
1443 3125 1804 3177 adnmuerent

1911 1995 2236 2064 ἀμύνεσθαι.
2277 1994 2463 2067 Ἐχειν
2496 1996 2550 2049 δὲ
2579 1997 2670 2049 καὶ
2709 1998 2774 2050 ιιι
2804 1996 2896 2049 τοῦ
2927 1999 3099 2067 ῥᾷστα
3130 1995 3486 2049 ἀποστείλαν-

1909 2101 2008 2148 τας
2034 2087 2130 2148 τάς
2161 2085 2254 2139 τοῦ
2296 2087 2534 2155 μεγάλου
2582 2086 2772 2149 δουκὸς
2818 2087 2894 2150 ὡς
2954 2086 3248 2157 πολεμίους
3318 2103 3489 2139 κατα-

1912 2297 2011 2336 nos
2072 2283 2372 2338 vertendis.
2419 2283 2544 2338 llazc
2592 2287 2727 2340 satis
2775 2295 3033 2342 constare
3083 2302 3150 2342 ex
3211 2303 3276 2342 eo
3312 2286 3483 2357 quod,

1907 2384 2110 2443 praeter
2147 2375 2309 2430 modo
2362 2377 2415 2428 in
2463 2388 2651 2445 pettus
2706 2379 2918 2448 imperii
2952 2381 3232 2449 appulsam
3270 2381 3485 2448 injussu

1907 2468 2140 2521 classem
2209 2467 2557 2537 Mpyrigerii,
2607 2471 2723 2524 alii!
2753 2473 3310 2542 eotlemwavigattiri
3365 2489 3486 2529 sese

1908 2576 2104 2631 parare
2155 2564 2479 2616 nuntientur
2511 2601 2526 2626 ,
2575 2579 2768 2619 rursus
2811 2565 2909 2619 hos
2947 2567 3220 2620 secuturis
3255 2576 3308 2620 et
3339 2568 3483 2627 aliis.

1907 2669 1972 2707 eo
2004 2654 2259 2708 videlicet
2293 2655 2501 2721 perfido
2532 2658 2715 2710 animo
2745 2672 2808 2711 ac
2856 2659 3124 2735 scelerata
3162 2674 3282 2726 spe,
3317 2669 3371 2712 ιιι
3406 2670 3486 2713 tot

1908 2747 2074 2800 semel
2127 2745 2545 2802 insidiatoribus
2601 2749 2955 2805 simulatione
3022 2751 3279 2804 amicitue
3337 2751 3483 2805 intra

1909 2848 2096 2891 nostra
2135 2840 2385 2908 praesidia
2432 2841 2655 2894 credule
2693 2841 2971 2905 admissis,
3001 2842 3092 2895 uhi
3127 2842 3324 2896 deinde
3351 2857 3486 2896 con-

1904 2929 2105 2998 juratis
2157 2946 2339 2985 secum
2377 2933 2428 2983 in
2481 2948 2583 2986 uos
2621 2935 2796 3001 palam
2864 2933 3202 2985 irruentibus
3262 2933 3362 3001 ipsi
3419 2948 3482 2988 ex

1909 3031 2200 3088 compacto
2240 3025 2645 3093 conspirantes,
2690 3025 3097 3087 rebellaverint,
3129 3041 3287 3095 pares
3321 3026 3483 3080 simul

1907 3119 2154 3170 externis
2189 3118 2660 3184 oppugnatoribus
2694 3118 3034 3187 internisque
3097 3119 3474 3187 perduellibus

235 3199 374 3267 ipsis
437 3201 688 3258 benevoli
741 3217 794 3260 et
836 3210 1138 3276 prudentes
1200 3217 1562 3270 a’stimatores
1621 3217 1876 3274 rerumc
1912 3226 2016 3264 una
2077 3212 2415 3265 sustinendis
2467 3227 2530 3264 ac
2563 3212 2889 3281 repellendis
2944 3228 3067 3266 esse
3124 3227 3480 3281 nequeamus.

236 3293 408 3359 signis
439 3309 610 3364 prope
653 3297 959 3353 manifestis
1007 3303 1249 3357 eminere
1295 3305 1806 3370 deprehendisseut.

237 3385 336 3439 His
376 3385 451 3439 illi
493 3387 572 3441 sic
620 3392 916 3458 compertis
970 3410 1174 3448 moram
1210 3397 1416 3451 faciunt
1465 3401 1666 3452 nullam
1703 3401 1808 3454 im-

239 3481 515 3546 peratoris
567 3483 634 3537 de
678 3501 736 3536 re
769 3493 880 3539 tota
919 3488 1208 3554 edocendi.
1244 3507 1678 3562 magnopereque
1716 3496 1812 3548 ad-

240 3569 498 3624 hortandi
556 3581 615 3626 ttt
662 3587 871 3642 partem
909 3593 1027 3645 qua:
1085 3580 1186 3645 ipsi
1228 3596 1563 3652 competeret
1607 3587 1806 3655 negotii

237 3673 581 3731 capesseret.
642 3682 785 3728 sese.
830 3685 970 3737 quos
1026 3673 1149 3726 alibi
1208 3684 1388 3736 natos,
1434 3676 1665 3745 benigno
1699 3679 1809 3731 illic

235 3767 500 3824 exceptos
537 3760 777 3828 hospitio
824 3777 994 3832 prope
1046 3782 1274 3819 numero
1336 3768 1533 3821 civium
1585 3771 1810 3824 haberet

237 3850 561 3918 inquilinos,
602 3852 901 3922 liberisque
940 3857 1185 3925 ipsorum
1223 3860 1276 3912 in
1306 3859 1425 3928 ejus
1457 3861 1568 3928 jam
1601 3863 1810 3917 ditione

235 3944 484 3997 elucatis
505 3954 558 3998 et
575 3947 798 4009 adultis,
819 3951 1077 4002 eoneordi
1105 3954 1382 4018 preposito
1405 3957 1610 4024 paratis
1633 3957 1809 4010 nullas

234 4046 422 4104 partes
445 4039 769 4106 explerandi
811 4045 1275 4114 propulsandiqne
1302 4048 1538 4100 iusultus
1570 4051 1806 4104 hostium

237 4130 520 4191 omittere,
551 4132 684 4201 quin
721 4145 772 4187 et
829 4137 1258 4203 promptissimis
1288 4155 1384 4206 pro
1415 4139 1516 4193 fide
1539 4142 1811 4195 εοςίνιιιιίε

235 4224 301 4276 ad
321 4240 542 4278 omnem
567 4241 908 4295 quaecunque
934 4232 1094 4283 instet
1125 4232 1174 4283 in
1201 4247 1362 4286 causa
1380 4233 1591 4302 publica
1616 4237 1810 4289 tuenda

235 4316 672 4371 dimicationem.
699 4317 906 4373 Instare
933 4330 1110 4375 autem
1137 4333 1400 4390 quantum
1435 4341 1539 4378 non
1579 4327 1812 4381 obscure

233 4418 528 4476 appareret
549 4450 562 4470 ,
593 4411 903 4471 maximam.
936 4427 1109 4480 eoque
1142 4412 1624 4470 formidabiliorem
1667 4419 1810 4487 quod

234 4500 588 4566 proditorum
638 4503 778 4570 apud
827 4519 926 4556 nos
959 4520 1055 4572 pro
1094 4506 1225 4573 ipsis
1258 4509 1622 4576 satageutium
1682 4525 1809 4562 con-

235 4593 469 4646 scientia
526 4592 647 4646 freti
697 4596 909 4648 externi
964 4597 1190 4660 hostes,
1250 4597 1554 4653 faciliorem
1589 4603 1690 4654 silli
1742 4602 1809 4656 de

240 4686 407 4739 nobis
463 4687 739 4755 spondent
794 4690 1106 4742 victoriam.
1144 4709 1163 4740 ι
1208 4689 1437 4761 Nempe,
1491 4694 1806 4756 addebant,

239 4780 324 4834 isti
359 4795 505 4846 quos
533 4796 597 4833 ex
633 4777 818 4833 Sicilia
865 4780 1160 4849 profectos,
1188 4781 1430 4844 domine,
1465 4792 1618 4838 tanto
1653 4802 1807 4839 smn—

239 4885 336 4941 ptu
393 4873 497 4926 alis
548 4873 713 4925 ductu
757 4873 1052 4928 militantes
1103 4875 1256 4928 ducis
1311 4877 1489 4944 magni
1541 4877 1806 4941 Calelani,

239 4965 449 5033 quique
505 4980 561 5018 se
597 4965 663 5018 (le
714 4979 852 5018 novo
886 4965 1019 5031 ipsis
1063 4965 1385 5036 adiungunt,
1419 4985 1618 5031 arcano
1658 4985 1808 5023 com-

241 5059 472 5108 missum
509 5069 628 5107 cum
661 5056 816 5107 hoste
848 5054 1028 5108 fovent
1058 5061 1467 5122 commercium,
1493 5060 1658 5130 490
1687 5071 1806 5114 stu-

239 5147 397 5200 diose
445 5145 576 5198 hinc
613 5147 913 5199 indicantes
959 5162 1079 5216 qua:
1121 5159 1402 5218 geruntur,
1452 5159 1504 5204 et
1554 5153 1679 5207 inde
1731 5154 1810 5206 vi-

240 5241 430 5294 cissim
482 5238 550 5291 de
593 5238 850 5292 omnibus
896 5239 1178 5303 admoniti,
1218 5252 1376 5310 prout
1417 5259 1556 5311 opus
1585 5255 1809 5299 censent

239 5332 304 5382 ad
340 5345 442 5385 sua
481 5330 686 5382 nefaria
734 5329 965 5384 consilia
1003 5331 1055 5384 in
1093 5347 1383 5387 commune
1412 5318 1660 5388 nostrum
1693 5338 1811 5391 exi-

237 5424 376 5475 tium
419 5421 709 5490 patranda.
748 5421 1101 5477 Constituunt
1129 5427 1272 5504 enim
1306 5427 1385 5480 sic
1419 5427 1645 5482 invicem
1676 5437 1811 5483 tem-

239 5531 372 5584 pora
437 5529 564 5568 cum
613 5525 814 5568 exterae
870 5517 1174 5571 incursioni
1234 5517 1622 5573 foederatorum
1675 5521 1809 5589 ipsis

237 5618 554 5663 nostrorum
610 5607 872 5667 hostium,
908 5615 1020 5661 tum
1058 5624 1169 5664 sua:
1215 5611 1458 5678 ipsorum
1505 5613 1800 5679 proditioni

233 5710 547 5769 opportuna
573 5739 587 5760 ,
623 5699 964 5766 pollicentes,
1000 5700 1159 5754 simul
1195 5702 1270 5753 illi
1309 5702 1413 5755 huc
1443 5705 1652 5756 advecti
1692 5720 1803 5758 rem

238 5807 426 5856 gerere
485 5792 794 5858 cmperint,
831 5805 930 5856 pro
977 5792 1122 5844 virili
1186 5801 1237 5845 ct
1294 5793 1443 5861 ipsos
1484 5795 1800 5854 annisuros.

241 5885 389 5936 lana
439 5881 686 5950 obsequii
718 5881 936 5935 tandem
972 5881 1216 5935 canenda
1249 5894 1298 5934 ct
1332 5881 1497 5933 armis
1539 5881 1710 5947 palam
1751 5882 1799 5934 in

1910 3301 1989 3356 En
2025 3311 2232 3365 quanto
2268 3304 2341 3356 rei
2389 3319 2616 3357 summ:e
2649 3306 2891 3371 periculo
2929 3306 3050 3360 istis
3088 3303 3311 3373 ignotis,
3347 3306 3484 3358 anzi-

1909 3410 2003 3448 eos
2031 3410 2090 3449 se
2121 3397 2281 3450 verbo
2303 3406 2356 3448 et
2390 3397 2572 3462 specie
2604 3395 2924 3460 ferentibus,
2963 3399 3167 3450 aditum
3204 3399 3269 3452 ad
3300 3408 3485 3452 nostra

1912 3488 2104 3541 intima
2144 3491 2473 3556 pandamus.
2505 3487 2674 3543 Nobis
2702 3490 2844 3543 enim
2883 3497 3223 3558 compertum
3262 3500 3486 3560 ιιι-πίει·-

1910 3597 1971 3635 ea
2018 3592 2099 3635 est
2143 3583 2285 3651 regis
2327 3581 2692 3636 Theuderichi
2726 3583 2948 3636 fratrem
2976 3584 3200 3634 nothum
3231 3597 3355 3635 cum
3391 3597 3487 3634 na-

1909 3675 2071 3727 vibus
2102 3673 2392 3726 duodecim
2437 3674 2552 3727 vela
2582 3673 2690 3742 jam
2726 3673 2920 3729 fecisse
2953 3673 3016 3727 ad
3051 3685 3238 3730 nostra
3273 3678 3484 3741 littora,

1915 3783 2024 3836 quo
2080 3765 2291 3820 scilicet
2353 3766 2521 3819 sociis
2556 3765 2667 3832 jam
2694 3764 2800 3818 huc
2832 3766 3077 3834 appulsis
3112 3781 3171 3822 se
3199 3769 3484 3838 adiungat,

1911 3860 2364 3913 dissimulaturus
2416 3857 2705 3911 consilium
2764 3861 3112 3929 oppugnandi
3146 3876 3268 3922 nos,
3305 3863 3483 3932 quoad

1911 3953 2033 4006 aliis
2072 3966 2294 4021 quoque
2345 3965 2569 4004 suorum
2631 3950 2747 4018 pari
2798 3961 2986 4005 nostra
3055 3952 3317 4007 facilitate
3365 3970 3487 4022 per-

1912 4043 2097 4096 missis
2132 4041 2180 4094 ei
2227 4057 2283 4094 se
2318 4055 2611 4110 aggregare
2644 4054 2855 4093 summa
2903 4041 3014 4110 jam
3056 4041 3155 4110 ipsi
3209 4051 3319 4096 tota
3351 4058 3485 4097 con-

1913 4143 2018 4187 stet
2056 4133 2450 4187 destinatarum
2509 4132 2669 4184 nobis
2718 4131 3078 4200 subjugandis
3109 4135 3414 4202 copiarum.
3461 4154 3478 4187 ι

1916 4226 2011 4280 His
2055 4227 2133 4280 sic
2180 4225 2442 4294 expositis
2476 4239 2810 4293 magnopere
2858 4223 3053 4277 deinde
3091 4227 3484 4282 incumbebant

1915 4323 1979 4376 ad
2017 4319 2359 4374 suadendum
2417 4318 2734 4386 imperatOri
2785 4326 2842 4371 ut
2884 4318 3016 4370 nihil
3064 4329 3330 4371 cunctzins
3373 4321 3486 4372 dis-

1916 4415 2249 4470 simulansve
2282 4411 2515 4478 amplius
2547 4410 2721 4478 palam
2752 4411 2885 4478 ipsis
2916 4411 3197 4476 coeperari
3231 4410 3485 4464 Genuena

1917 4507 2068 4559 sibus
2113 4505 2295 4569 vellet,
2329 4503 2620 4557 Catelanos
2653 4502 2745 4569 qui
2782 4501 2848 4554 ad
2904 4517 3126 4554 manum
3170 4513 3321 4554 erant
3364 4517 3489 4570 pro-

1918 4599 2065 4651 tinus
2103 4596 2310 4665 pziratis
2350 4595 2493 4649 bello
2534 4593 2752 4662 aggredi
2784 4594 3149 4659 invadereque
3187 4596 3491 4660 imparatos

1917 4691 2096 4746 adhuc
2137 4690 2366 4758 ideoque
2405 4687 2636 4742 subacto
2671 4686 2965 4741 faciliores.
3000 4687 3168 4741 Posse
3198 4686 3310 4756 jam
3341 4702 3486 4740 nunc

1917 4799 1975 4838 se
2023 4799 2236 4836 armare
2290 4795 2456 4835 naves
2505 4780 2920 4849 quinquaginta.
2982 4779 3172 4834 Parem
3219 4781 3346 4834 huic
3387 4797 3486 4833 nu-

1919 4891 2128 4930 merum
2174 4890 2240 4927 ne
2286 4881 2608 4941 gravaretur
2653 4871 2907 4924 conferre
2945 4871 3272 4938 imperator;
3311 4880 3402 4922 aut
3437 4870 3482 4923 si

1917 4965 2200 5033 expeditas
2245 4974 2326 5017 tot
2378 4979 2484 5016 nou
2534 4963 2739 5023 habet,
2790 4961 3082 5030 pecuniam
3142 4961 3484 5014 instruendis

1920 5058 1987 5110 iis
2036 5056 2388 5110 suffecturam
2442 5055 2615 5108 daret.
2670 5053 2762 5106 Vel
2821 5053 2865 5105 si
2930 5067 3031 5105 nec
3088 5053 3138 5104 iu
3195 5063 3483 5105 numerato

1919 5150 2125 5204 nummi
2171 5149 2371 5211 forent,
2407 5147 2706 5200 collaturus
2737 5146 2787 5196 in
2818 5152 3161 5198 antecessum
3195 5160 3253 5197 se
3297 5145 3362 5196 de
3385 5160 3485 5199 suo

1914 5256 2032 5309 quin
2071 5241 2352 5306 Augustus
2405 5238 2692 5291 commodo
2743 5236 2846 5289 sibi
2880 5246 3124 5304 tempore
3174 5246 3358 5303 postea
3393 5252 3481 5289 re-

1913 5332 2181 5385 funderet.
2222 5331 2377 5383 llunc
2413 5331 2564 5397 ipsos
2595 5330 2696 5382 sibi
2739 5330 2892 5391 solis,
2932 5328 3096 5379 modo
3134 5331 3213 5380 sic
3259 5329 3481 5396 adjutis,

1911 5427 2056 5476 ultro
2091 5425 2390 5491 deposcere
2453 5423 2692 5474 laborem
2758 5420 3024 5475 liberandi
3085 5418 3364 5472 Romanos
3418 5419 3486 5470 ah

1913 5515 2131 5578 injuriis
2185 5529 2321 5582 quas
2369 5514 2574 5567 dudmn
2607 5512 2756 5566 diras
2788 5527 2882 5578 per
2934 5509 3215 5565 Orientem
3253 5526 3282 5562 a
3321 5517 3486 5577 gente

1919 5607 2080 5660 infida
2133 5614 2477 5675 paterentur.
2513 5603 2623 5657 Hoc
2658 5604 2858 5657 debere
2911 5603 3061 5670 ipsos
3090 5617 3154 5656 eo
3389 5614 3487 5652 n0-

1919 5700 2062 5751 mine
2091 5697 2234 5765 quod
2280 5694 2607 5765 quaestuosis
2643 5710 2739 5763 per
2784 5704 2958 5747 terras
2999 5702 3051 5747 et
3089 5701 3277 5761 portus
3312 5693 3484 5758 impe-

1919 5791 1982 5841 rii
2029 5788 2383 5842 (‘Oﬂllltett'iis
2425 5802 2535 5840 rem
2579 5785 2824 5853 quotidie
2856 5793 3116 5851 augerent
3147 5801 3158 5835 :
3200 5781 3291 5834 sed
3321 5779 3401 5832 vel
3434 5780 3480 5833 si

1916 5881 2060 5934 nulla
2102 5896 2263 5933 causa
2303 5881 2519 5939 rrouria
2572 5880 2624 5930 in
2677 5880 2726 5931 id
2767 5878 3197 5937 ill'|l(‘iiCl'Cllillf.
3240 5872 3356 5928 solo
3389 5885 3476 5924 re-
