  <div class='ocr_page' id='page_1' title='image "/cluster/home/n/w/nwhite01/storage/ocr_20150623/144/nnc1.0046980792/288.png"; bbox 0 0 4190 6438; ppageno 0'>
   <div class='ocr_carea' id='block_1_1' title="bbox 224 399 325 465">
    <p class='ocr_par' dir='ltr' id='par_1_1' title="bbox 224 399 325 465">
     <span class='ocr_line' id='line_1_1' title="bbox 224 399 325 465; baseline 0 -1"><span class='ocrx_word' id='word_1_1' title='bbox 224 399 325 465; x_wconf 67' lang='grc'><strong>511</strong></span> 
     </span>
    </p>
   </div>
   <div class='ocr_carea' id='block_1_2' title="bbox 1140 412 2581 481">
    <p class='ocr_par' dir='ltr' id='par_1_2' title="bbox 1140 412 2581 481">
     <span class='ocr_line' id='line_1_2' title="bbox 1140 412 2581 481; baseline 0.003 -7"><span class='ocrx_word' id='word_1_2' title='bbox 1140 413 1238 474; x_wconf 88' lang='lat' dir='ltr'><strong>DE</strong></span> <span class='ocrx_word' id='word_1_3' title='bbox 1279 412 1724 474; x_wconf 68' lang='lat' dir='ltr'><strong>ANDRONICO</strong></span> <span class='ocrx_word' id='word_1_4' title='bbox 1761 414 2235 477; x_wconf 76' lang='lat' dir='ltr'><strong>PALEOLOGO</strong></span> <span class='ocrx_word' id='word_1_5' title='bbox 2278 420 2418 481; x_wconf 84' lang='lat' dir='ltr'><strong>LIB.</strong></span> <span class='ocrx_word' id='word_1_6' title='bbox 2488 422 2581 480; x_wconf 82' lang='lat' dir='ltr'><strong>\l.</strong></span> 
     </span>
    </p>
   </div>
   <div class='ocr_carea' id='block_1_3' title="bbox 3370 420 3475 484">
    <p class='ocr_par' dir='ltr' id='par_1_3' title="bbox 3370 420 3475 484">
     <span class='ocr_line' id='line_1_3' title="bbox 3370 420 3475 484; baseline -0.029 0"><span class='ocrx_word' id='word_1_7' title='bbox 3370 420 3475 484; x_wconf 64' lang='lat' dir='ltr'><strong>5i?</strong></span> 
     </span>
    </p>
   </div>
   <div class='ocr_carea' id='block_1_4' title="bbox 226 523 3471 607">
    <p class='ocr_par' dir='ltr' id='par_1_4' title="bbox 226 523 3471 607">
     <span class='ocr_line' id='line_1_4' title="bbox 226 523 3471 607; baseline 0.006 -34"><span class='ocrx_word' id='word_1_8' title='bbox 226 523 571 584; x_wconf 77' lang='grc' dir='ltr'>συναγόντων</span> <span class='ocrx_word' id='word_1_9' title='bbox 598 525 859 590; x_wconf 72' lang='grc' dir='ltr'>κελεύσας</span> <span class='ocrx_word' id='word_1_10' title='bbox 893 528 1200 594; x_wconf 72' lang='grc' dir='ltr'>ἀναλαϐεῖν,</span> <span class='ocrx_word' id='word_1_11' title='bbox 1238 533 1376 601; x_wconf 80' lang='grc' dir='ltr'>μετὰ</span> <span class='ocrx_word' id='word_1_12' title='bbox 1413 534 1590 601; x_wconf 75' lang='grc' dir='ltr'>πάσης</span> <span class='ocrx_word' id='word_1_13' title='bbox 1628 534 1795 602; x_wconf 79' lang='grc' dir='ltr'>εὐμε-</span> <span class='ocrx_word' id='word_1_14' title='bbox 1826 537 1867 591; x_wconf 83' lang='grc' dir='ltr'><strong>Α</strong></span> <span class='ocrx_word' id='word_1_15' title='bbox 1902 536 2229 603; x_wconf 75' lang='grc' dir='ltr'>προστάσσει</span> <span class='ocrx_word' id='word_1_16' title='bbox 2261 538 2541 606; x_wconf 78' lang='grc' dir='ltr'>πράττειν.</span> <span class='ocrx_word' id='word_1_17' title='bbox 2582 538 2674 590; x_wconf 83' lang='grc' dir='ltr'>Ἐκ</span> <span class='ocrx_word' id='word_1_18' title='bbox 2706 537 2911 591; x_wconf 77' lang='grc' dir='ltr'>τούτων</span> <span class='ocrx_word' id='word_1_19' title='bbox 2960 538 3091 606; x_wconf 77' lang='grc' dir='ltr'>γοῦν</span> <span class='ocrx_word' id='word_1_20' title='bbox 3132 540 3225 592; x_wconf 62' lang='grc' dir='ltr'><strong>καὶ</strong></span> <span class='ocrx_word' id='word_1_21' title='bbox 3275 538 3351 607; x_wconf 82' lang='grc' dir='ltr'><strong>τῷ</strong></span> <span class='ocrx_word' id='word_1_22' title='bbox 3387 556 3471 605; x_wconf 78' lang='grc' dir='ltr'>με-</span> 
     </span>
    </p>
   </div>
   <div class='ocr_carea' id='block_1_5' title="bbox 225 614 707 686">
    <p class='ocr_par' dir='ltr' id='par_1_5' title="bbox 225 614 707 686">
     <span class='ocr_line' id='line_1_5' title="bbox 225 614 707 686; baseline 0.015 -22"><span class='ocrx_word' id='word_1_23' title='bbox 225 614 373 675; x_wconf 84' lang='grc' dir='ltr'>νεία;</span> <span class='ocrx_word' id='word_1_24' title='bbox 404 616 707 686; x_wconf 73' lang='grc' dir='ltr'><strong>ἐκπέμπει.</strong></span> 
     </span>
    </p>
   </div>
   <div class='ocr_carea' id='block_1_6' title="bbox 221 733 1800 808">
    <p class='ocr_par' dir='ltr' id='par_1_6' title="bbox 221 733 1800 808">
     <span class='ocr_line' id='line_1_6' title="bbox 221 733 1800 808; baseline 0.004 -23"><span class='ocrx_word' id='word_1_25' title='bbox 221 738 294 798; x_wconf 79' lang='grc' dir='ltr'><strong>η’.</strong></span> <span class='ocrx_word' id='word_1_26' title='bbox 325 734 499 787; x_wconf 70' lang='lat' dir='ltr'><strong>Attia</strong></span> <span class='ocrx_word' id='word_1_27' title='bbox 523 733 633 803; x_wconf 79' lang='grc' dir='ltr'><strong>τῆς</strong></span> <span class='ocrx_word' id='word_1_28' title='bbox 654 737 759 791; x_wconf 83' lang='grc' dir='ltr'>τοῦ</span> <span class='ocrx_word' id='word_1_29' title='bbox 785 740 1130 805; x_wconf 77' lang='grc' dir='ltr'>σιτοκρίθου</span> <span class='ocrx_word' id='word_1_30' title='bbox 1164 739 1523 808; x_wconf 73' lang='grc' dir='ltr'><strong>συναγωγῆς</strong></span> <span class='ocrx_word' id='word_1_31' title='bbox 1556 740 1672 794; x_wconf 82' lang='grc' dir='ltr'><strong>ἀπὸ</strong></span> <span class='ocrx_word' id='word_1_32' title='bbox 1698 740 1800 793; x_wconf 80' lang='grc' dir='ltr'><strong>δύ-</strong></span> 
     </span>
    </p>
   </div>
   <div class='ocr_carea' id='block_1_7' title="bbox 928 826 1101 873">
    <p class='ocr_par' dir='ltr' id='par_1_7' title="bbox 928 826 1101 873">
     <span class='ocr_line' id='line_1_7' title="bbox 928 826 1101 873; baseline -0.012 -10"><span class='ocrx_word' id='word_1_33' title='bbox 928 826 1101 873; x_wconf 83' lang='grc' dir='ltr'>σεως.</span> 
     </span>
    </p>
   </div>
   <div class='ocr_carea' id='block_1_8' title="bbox 269 895 1791 975">
    <p class='ocr_par' dir='ltr' id='par_1_8' title="bbox 269 895 1791 975">
     <span class='ocr_line' id='line_1_8' title="bbox 269 895 1791 975; baseline 0.009 -29"><span class='ocrx_word' id='word_1_34' title='bbox 269 895 368 947; x_wconf 75' lang='grc' dir='ltr'><strong>οτὸ</strong></span> <span class='ocrx_word' id='word_1_35' title='bbox 387 897 446 949; x_wconf 63' lang='grc' dir='ltr'>δὲ</span> <span class='ocrx_word' id='word_1_36' title='bbox 476 898 569 950; x_wconf 81' lang='grc' dir='ltr'>τοῦ</span> <span class='ocrx_word' id='word_1_37' title='bbox 601 902 1071 971; x_wconf 78' lang='grc' dir='ltr'>ἐπιτυναγομένου</span> <span class='ocrx_word' id='word_1_38' title='bbox 1103 906 1411 972; x_wconf 72' lang='grc' dir='ltr'>σιτοκρίθου</span> <span class='ocrx_word' id='word_1_39' title='bbox 1454 906 1649 959; x_wconf 79' lang='grc' dir='ltr'><strong>τοιόνδ’</strong></span> <span class='ocrx_word' id='word_1_40' title='bbox 1702 900 1791 975; x_wconf 78' lang='grc' dir='ltr'><strong>ἦν.</strong></span> 
     </span>
    </p>
   </div>
   <div class='ocr_carea' id='block_1_9' title="bbox 223 988 1795 1066">
    <p class='ocr_par' dir='ltr' id='par_1_9' title="bbox 223 988 1795 1066">
     <span class='ocr_line' id='line_1_9' title="bbox 223 988 1795 1066; baseline 0.014 -29"><span class='ocrx_word' id='word_1_41' title='bbox 223 988 301 1037; x_wconf 67' lang='grc' dir='ltr'><strong>Τὰ</strong></span> <span class='ocrx_word' id='word_1_42' title='bbox 351 989 451 1055; x_wconf 72' lang='grc' dir='ltr'>μὲν</span> <span class='ocrx_word' id='word_1_43' title='bbox 481 993 587 1059; x_wconf 74' lang='grc' dir='ltr'>γὰρ</span> <span class='ocrx_word' id='word_1_44' title='bbox 620 994 717 1060; x_wconf 83' lang='grc' dir='ltr'><strong>τῆς</strong></span> <span class='ocrx_word' id='word_1_45' title='bbox 748 996 1013 1063; x_wconf 78' lang='grc' dir='ltr'>ἀνατολῆς</span> <span class='ocrx_word' id='word_1_46' title='bbox 1051 998 1143 1049; x_wconf 71' lang='grc' dir='ltr'><strong>καὶ</strong></span> <span class='ocrx_word' id='word_1_47' title='bbox 1191 998 1311 1049; x_wconf 87' lang='grc' dir='ltr'>λίαν</span> <span class='ocrx_word' id='word_1_48' title='bbox 1351 998 1685 1066; x_wconf 71' lang='grc' dir='ltr'>ἐξηπορήοη.</span> <span class='ocrx_word' id='word_1_49' title='bbox 1722 998 1795 1059; x_wconf 81' lang='grc' dir='ltr'><strong>ὼς</strong></span> 
     </span>
    </p>
   </div>
   <div class='ocr_carea' id='block_1_10' title="bbox 226 1080 1796 1157">
    <p class='ocr_par' dir='ltr' id='par_1_10' title="bbox 226 1080 1796 1157">
     <span class='ocr_line' id='line_1_10' title="bbox 226 1080 1796 1157; baseline 0.006 -26"><span class='ocrx_word' id='word_1_50' title='bbox 226 1080 393 1149; x_wconf 75' lang='grc' dir='ltr'>μηδὲν</span> <span class='ocrx_word' id='word_1_51' title='bbox 419 1082 564 1149; x_wconf 77' lang='grc' dir='ltr'>ἔχειν</span> <span class='ocrx_word' id='word_1_52' title='bbox 594 1086 839 1139; x_wconf 77' lang='grc' dir='ltr'>ἐντεῦθεν</span> <span class='ocrx_word' id='word_1_53' title='bbox 868 1088 965 1157; x_wconf 80' lang='grc' dir='ltr'><strong>τὴν</strong></span> <span class='ocrx_word' id='word_1_54' title='bbox 992 1089 1289 1155; x_wconf 74' lang='grc' dir='ltr'>βασιλείαν,</span> <span class='ocrx_word' id='word_1_55' title='bbox 1344 1090 1543 1155; x_wconf 67' lang='grc' dir='ltr'>μᾶλλον</span> <span class='ocrx_word' id='word_1_56' title='bbox 1577 1089 1675 1157; x_wconf 84' lang='grc' dir='ltr'>μὲν</span> <span class='ocrx_word' id='word_1_57' title='bbox 1705 1088 1796 1141; x_wconf 78' lang='grc' dir='ltr'><strong>οὖν</strong></span> 
     </span>
    </p>
   </div>
   <div class='ocr_carea' id='block_1_11' title="bbox 223 1175 1798 1251">
    <p class='ocr_par' dir='ltr' id='par_1_11' title="bbox 223 1175 1798 1251">
     <span class='ocr_line' id='line_1_11' title="bbox 223 1175 1798 1251; baseline 0.006 -27"><span class='ocrx_word' id='word_1_58' title='bbox 223 1175 321 1225; x_wconf 68' lang='grc' dir='ltr'>καὶ</span> <span class='ocrx_word' id='word_1_59' title='bbox 376 1176 622 1243; x_wconf 72' lang='grc' dir='ltr'>ἀνάγκην</span> <span class='ocrx_word' id='word_1_60' title='bbox 664 1180 1000 1247; x_wconf 83' lang='grc' dir='ltr'>καταστῆναι</span> <span class='ocrx_word' id='word_1_61' title='bbox 1059 1181 1197 1250; x_wconf 71' lang='grc' dir='ltr'>ὑπὲρ</span> <span class='ocrx_word' id='word_1_62' title='bbox 1252 1183 1464 1251; x_wconf 79' lang='grc' dir='ltr'><strong>ἐκείνης</strong></span> <span class='ocrx_word' id='word_1_63' title='bbox 1535 1180 1798 1235; x_wconf 74' lang='grc' dir='ltr'>ὲκκενοῦν</span> 
     </span>
    </p>
   </div>
   <div class='ocr_carea' id='block_1_12' title="bbox 223 1267 1797 1333">
    <p class='ocr_par' dir='ltr' id='par_1_12' title="bbox 223 1267 1797 1333">
     <span class='ocr_line' id='line_1_12' title="bbox 223 1267 1797 1333; baseline 0.005 -15"><span class='ocrx_word' id='word_1_64' title='bbox 223 1267 512 1332; x_wconf 59' lang='grc' dir='ltr'>χρήματα.</span> <span class='ocrx_word' id='word_1_65' title='bbox 570 1268 631 1321; x_wconf 83' lang='grc' dir='ltr'><em>Ἦ</em></span> <span class='ocrx_word' id='word_1_66' title='bbox 657 1270 713 1322; x_wconf 85' lang='grc' dir='ltr'><strong>δὲ</strong></span> <span class='ocrx_word' id='word_1_67' title='bbox 762 1272 870 1322; x_wconf 80' lang='grc' dir='ltr'><strong>τῶν</strong></span> <span class='ocrx_word' id='word_1_68' title='bbox 912 1273 1240 1325; x_wconf 83' lang='grc' dir='ltr'>Μακεδόνων</span> <span class='ocrx_word' id='word_1_69' title='bbox 1295 1275 1387 1327; x_wconf 64' lang='grc' dir='ltr'><strong>καὶ</strong></span> <span class='ocrx_word' id='word_1_70' title='bbox 1437 1273 1589 1333; x_wconf 71' lang='grc' dir='ltr'>δύσις</span> <span class='ocrx_word' id='word_1_71' title='bbox 1648 1276 1797 1326; x_wconf 70' lang='grc' dir='ltr'>πᾶσα</span> 
     </span>
    </p>
   </div>
   <div class='ocr_carea' id='block_1_13' title="bbox 224 1358 1795 1433">
    <p class='ocr_par' dir='ltr' id='par_1_13' title="bbox 224 1358 1795 1433">
     <span class='ocr_line' id='line_1_13' title="bbox 224 1358 1795 1433; baseline 0.006 -26"><span class='ocrx_word' id='word_1_72' title='bbox 224 1361 321 1409; x_wconf 76' lang='grc' dir='ltr'><strong>καὶ</strong></span> <span class='ocrx_word' id='word_1_73' title='bbox 363 1358 486 1410; x_wconf 77' lang='grc' dir='ltr'>λίαν</span> <span class='ocrx_word' id='word_1_74' title='bbox 520 1362 840 1430; x_wconf 74' lang='grc' dir='ltr'>εὐφόρησεν,</span> <span class='ocrx_word' id='word_1_75' title='bbox 875 1367 921 1416; x_wconf 87' lang='grc' dir='ltr'>εἰ</span> <span class='ocrx_word' id='word_1_76' title='bbox 952 1366 1045 1417; x_wconf 69' lang='grc' dir='ltr'><strong>καὶ</strong></span> <span class='ocrx_word' id='word_1_77' title='bbox 1080 1367 1150 1433; x_wconf 72' lang='grc' dir='ltr'>μὴ</span> <span class='ocrx_word' id='word_1_78' title='bbox 1180 1364 1372 1417; x_wconf 76' lang='grc' dir='ltr'>εὔωνοι</span> <span class='ocrx_word' id='word_1_79' title='bbox 1412 1368 1456 1417; x_wconf 79' lang='lat' dir='ltr'><strong>oi</strong></span> <span class='ocrx_word' id='word_1_80' title='bbox 1490 1367 1692 1433; x_wconf 69' lang='grc' dir='ltr'>καρποὶ</span> <span class='ocrx_word' id='word_1_81' title='bbox 1739 1365 1795 1430; x_wconf 76' lang='grc' dir='ltr'><strong>ἐξ</strong></span> 
     </span>
    </p>
   </div>
   <div class='ocr_carea' id='block_1_14' title="bbox 223 1447 1795 1523">
    <p class='ocr_par' dir='ltr' id='par_1_14' title="bbox 223 1447 1795 1523">
     <span class='ocr_line' id='line_1_14' title="bbox 223 1447 1795 1523; baseline 0.006 -26"><span class='ocrx_word' id='word_1_82' title='bbox 223 1447 407 1498; x_wconf 80' lang='grc' dir='ltr'>αὐτῶν</span> <span class='ocrx_word' id='word_1_83' title='bbox 442 1448 528 1517; x_wconf 88' lang='grc' dir='ltr'><strong>[Ρ.</strong></span> <span class='ocrx_word' id='word_1_84' title='bbox 570 1450 698 1521; x_wconf 64' lang='grc'><strong>565]</strong></span> <span class='ocrx_word' id='word_1_85' title='bbox 729 1453 949 1505; x_wconf 70' lang='grc' dir='ltr'>ἁλώνων</span> <span class='ocrx_word' id='word_1_86' title='bbox 972 1450 1130 1523; x_wconf 75' lang='grc' dir='ltr'>ἦσαν,</span> <span class='ocrx_word' id='word_1_87' title='bbox 1166 1454 1279 1506; x_wconf 58' lang='grc' dir='ltr'><strong>ἀλλ’</strong></span> <span class='ocrx_word' id='word_1_88' title='bbox 1308 1454 1381 1516; x_wconf 81' lang='grc' dir='ltr'><strong>ὡς</strong></span> <span class='ocrx_word' id='word_1_89' title='bbox 1398 1456 1454 1506; x_wconf 82' lang='grc' dir='ltr'>ὲν</span> <span class='ocrx_word' id='word_1_90' title='bbox 1486 1454 1662 1523; x_wconf 81' lang='grc' dir='ltr'>καιρῷ</span> <span class='ocrx_word' id='word_1_91' title='bbox 1697 1471 1795 1521; x_wconf 79' lang='grc' dir='ltr'>με·</span> 
     </span>
    </p>
   </div>
   <div class='ocr_carea' id='block_1_15' title="bbox 224 1540 1797 1612">
    <p class='ocr_par' dir='ltr' id='par_1_15' title="bbox 224 1540 1797 1612">
     <span class='ocr_line' id='line_1_15' title="bbox 224 1540 1797 1612; baseline 0.004 -23"><span class='ocrx_word' id='word_1_92' title='bbox 224 1540 416 1603; x_wconf 66' lang='grc' dir='ltr'>τίς-του</span> <span class='ocrx_word' id='word_1_93' title='bbox 440 1542 600 1609; x_wconf 75' lang='grc' dir='ltr'>λιμοῦ</span> <span class='ocrx_word' id='word_1_94' title='bbox 618 1546 642 1594; x_wconf 82' lang='grc' dir='ltr'>ὁ</span> <span class='ocrx_word' id='word_1_95' title='bbox 662 1545 804 1606; x_wconf 80' lang='grc' dir='ltr'>σῖτος</span> <span class='ocrx_word' id='word_1_96' title='bbox 832 1545 1279 1612; x_wconf 76' lang='grc' dir='ltr'>διεπιπράσκετο.</span> <span class='ocrx_word' id='word_1_97' title='bbox 1306 1548 1410 1598; x_wconf 83' lang='grc' dir='ltr'>τῶν</span> <span class='ocrx_word' id='word_1_98' title='bbox 1458 1546 1576 1598; x_wconf 78' lang='grc' dir='ltr'>κατ’</span> <span class='ocrx_word' id='word_1_99' title='bbox 1610 1548 1797 1598; x_wconf 77' lang='grc' dir='ltr'>ανατο-</span> 
     </span>
    </p>
   </div>
   <div class='ocr_carea' id='block_1_16' title="bbox 224 1628 1797 1705">
    <p class='ocr_par' dir='ltr' id='par_1_16' title="bbox 224 1628 1797 1705">
     <span class='ocr_line' id='line_1_16' title="bbox 224 1628 1797 1705; baseline 0.008 -29"><span class='ocrx_word' id='word_1_100' title='bbox 224 1628 325 1695; x_wconf 71' lang='grc' dir='ltr'>ὶῆν</span> <span class='ocrx_word' id='word_1_101' title='bbox 395 1633 532 1698; x_wconf 82' lang='grc' dir='ltr'>πρὸς</span> <span class='ocrx_word' id='word_1_102' title='bbox 585 1632 738 1684; x_wconf 84' lang='grc' dir='ltr'>δύσιν</span> <span class='ocrx_word' id='word_1_103' title='bbox 790 1636 1288 1705; x_wconf 74' lang='grc' dir='ltr'>μετενηνεγμένων.</span> <span class='ocrx_word' id='word_1_104' title='bbox 1322 1635 1495 1687; x_wconf 78' lang='grc' dir='ltr'><strong>Ταῦτ’·</strong></span> <span class='ocrx_word' id='word_1_105' title='bbox 1539 1636 1646 1705; x_wconf 78' lang='grc' dir='ltr'>ἄρα</span> <span class='ocrx_word' id='word_1_106' title='bbox 1701 1635 1797 1688; x_wconf 77' lang='grc' dir='ltr'>καὶ</span> 
     </span>
    </p>
   </div>
   <div class='ocr_carea' id='block_1_17' title="bbox 229 1722 1795 1797">
    <p class='ocr_par' dir='ltr' id='par_1_17' title="bbox 229 1722 1795 1797">
     <span class='ocr_line' id='line_1_17' title="bbox 229 1722 1795 1797; baseline 0.006 -26"><span class='ocrx_word' id='word_1_107' title='bbox 229 1722 487 1788; x_wconf 74' lang='grc' dir='ltr'>βασιλεὺς</span> <span class='ocrx_word' id='word_1_108' title='bbox 522 1724 723 1793; x_wconf 69' lang='grc' dir='ltr'>πόρους</span> <span class='ocrx_word' id='word_1_109' title='bbox 754 1728 1009 1791; x_wconf 72' lang='grc' dir='ltr'>ἐπινοῶν,</span> <span class='ocrx_word' id='word_1_110' title='bbox 1037 1728 1196 1781; x_wconf 74' lang='grc' dir='ltr'>τοῦτο</span> <span class='ocrx_word' id='word_1_111' title='bbox 1231 1729 1330 1797; x_wconf 82' lang='grc' dir='ltr'>μὲν</span> <span class='ocrx_word' id='word_1_112' title='bbox 1361 1728 1468 1780; x_wconf 85' lang='grc' dir='ltr'>τῶν</span> <span class='ocrx_word' id='word_1_113' title='bbox 1495 1730 1629 1797; x_wconf 76' lang='grc' dir='ltr'>πρὸς</span> <span class='ocrx_word' id='word_1_114' title='bbox 1669 1728 1795 1791; x_wconf 85' lang='grc' dir='ltr'>τοὺς</span> 
     </span>
    </p>
   </div>
   <div class='ocr_carea' id='block_1_18' title="bbox 238 1814 1792 1894">
    <p class='ocr_par' dir='ltr' id='par_1_18' title="bbox 238 1814 1792 1894">
     <span class='ocr_line' id='line_1_18' title="bbox 238 1814 1792 1894; baseline 0.003 -29"><span class='ocrx_word' id='word_1_115' title='bbox 238 1814 480 1894; x_wconf 47' lang='grc' dir='ltr'>Ἰταλους</span> <span class='ocrx_word' id='word_1_116' title='bbox 516 1817 882 1883; x_wconf 72' lang='grc' dir='ltr'>μισοωμάτων</span> <span class='ocrx_word' id='word_1_117' title='bbox 915 1819 1276 1889; x_wconf 72' lang='grc' dir='ltr'>ὑπερηφάνων</span> <span class='ocrx_word' id='word_1_118' title='bbox 1318 1820 1507 1881; x_wconf 76' lang='grc' dir='ltr'><strong>ὄντων⁹</strong></span> <span class='ocrx_word' id='word_1_119' title='bbox 1551 1818 1706 1871; x_wconf 78' lang='grc' dir='ltr'>τοῦτο</span> <span class='ocrx_word' id='word_1_120' title='bbox 1737 1819 1792 1870; x_wconf 83' lang='grc' dir='ltr'>δὲ</span> 
     </span>
    </p>
   </div>
   <div class='ocr_carea' id='block_1_19' title="bbox 1906 628 3484 701">
    <p class='ocr_par' dir='ltr' id='par_1_19' title="bbox 1906 628 3484 701">
     <span class='ocr_line' id='line_1_19' title="bbox 1906 628 3484 701; baseline 0.003 -22"><span class='ocrx_word' id='word_1_121' title='bbox 1906 628 2056 696; x_wconf 67' lang='grc' dir='ltr'><strong>γάὶῳ</strong></span> <span class='ocrx_word' id='word_1_122' title='bbox 2081 629 2233 681; x_wconf 79' lang='grc' dir='ltr'>δουκὶ</span> <span class='ocrx_word' id='word_1_123' title='bbox 2264 630 2521 693; x_wconf 72' lang='grc' dir='ltr'>κελεύσας</span> <span class='ocrx_word' id='word_1_124' title='bbox 2551 630 2792 683; x_wconf 75' lang='grc' dir='ltr'>δίδοσθαι</span> <span class='ocrx_word' id='word_1_125' title='bbox 2842 631 3084 701; x_wconf 77' lang='grc' dir='ltr'>ἀργύρου</span> <span class='ocrx_word' id='word_1_126' title='bbox 3142 650 3200 683; x_wconf 83' lang='grc' dir='ltr'><strong>τε</strong></span> <span class='ocrx_word' id='word_1_127' title='bbox 3234 633 3325 683; x_wconf 66' lang='grc' dir='ltr'><strong>καὶ</strong></span> <span class='ocrx_word' id='word_1_128' title='bbox 3358 650 3484 698; x_wconf 75' lang='grc' dir='ltr'>χρυ-</span> 
     </span>
    </p>
   </div>
   <div class='ocr_carea' id='block_1_20' title="bbox 1910 720 3481 791">
    <p class='ocr_par' dir='ltr' id='par_1_20' title="bbox 1910 720 3481 791">
     <span class='ocr_line' id='line_1_20' title="bbox 1910 720 3481 791; baseline 0.001 -20"><span class='ocrx_word' id='word_1_129' title='bbox 1910 720 2023 771; x_wconf 84' lang='grc' dir='ltr'>σίου</span> <span class='ocrx_word' id='word_1_130' title='bbox 2068 721 2552 781; x_wconf 73' lang='grc' dir='ltr'>ἁπεμπολούντων.</span> <span class='ocrx_word' id='word_1_131' title='bbox 2608 724 2705 775; x_wconf 75' lang='grc' dir='ltr'>καὶ</span> <span class='ocrx_word' id='word_1_132' title='bbox 2764 723 3057 791; x_wconf 81' lang='grc' dir='ltr'>ἁνακωχὴν</span> <span class='ocrx_word' id='word_1_133' title='bbox 3095 722 3206 774; x_wconf 83' lang='grc' dir='ltr'><strong>τῶν</strong></span> <span class='ocrx_word' id='word_1_134' title='bbox 3270 722 3481 773; x_wconf 81' lang='grc' dir='ltr'>ἐκείνου</span> 
     </span>
    </p>
   </div>
   <div class='ocr_carea' id='block_1_21' title="bbox 1907 810 3482 883">
    <p class='ocr_par' dir='ltr' id='par_1_21' title="bbox 1907 810 3482 883">
     <span class='ocr_line' id='line_1_21' title="bbox 1907 810 3482 883; baseline 0.001 -21"><span class='ocrx_word' id='word_1_135' title='bbox 1907 810 2069 879; x_wconf 77' lang='grc' dir='ltr'>σχὼν.</span> <span class='ocrx_word' id='word_1_136' title='bbox 2134 812 2202 863; x_wconf 75' lang='grc' dir='ltr'>τὰ</span> <span class='ocrx_word' id='word_1_137' title='bbox 2235 814 2361 880; x_wconf 72' lang='grc' dir='ltr'>περὶ</span> <span class='ocrx_word' id='word_1_138' title='bbox 2400 813 2493 865; x_wconf 84' lang='grc' dir='ltr'>τοῦ</span> <span class='ocrx_word' id='word_1_139' title='bbox 2557 814 2935 883; x_wconf 77' lang='grc' dir='ltr'>Μπυριγερὲου</span> <span class='ocrx_word' id='word_1_140' title='bbox 2986 813 3374 874; x_wconf 76' lang='grc' dir='ltr'>διεὸουλεύετο,</span> <span class='ocrx_word' id='word_1_141' title='bbox 3405 812 3482 874; x_wconf 83' lang='grc' dir='ltr'>ὡς</span> 
     </span>
    </p>
   </div>
   <div class='ocr_carea' id='block_1_22' title="bbox 1904 906 3483 975">
    <p class='ocr_par' dir='ltr' id='par_1_22' title="bbox 1904 906 3483 975">
     <span class='ocr_line' id='line_1_22' title="bbox 1904 906 3483 975; baseline -0.001 -17"><span class='ocrx_word' id='word_1_142' title='bbox 1904 906 2099 958; x_wconf 69' lang='grc' dir='ltr'>αὐτίια</span> <span class='ocrx_word' id='word_1_143' title='bbox 2120 906 2371 959; x_wconf 80' lang='grc' dir='ltr'>κάκεῖνον</span> <span class='ocrx_word' id='word_1_144' title='bbox 2396 909 2779 975; x_wconf 74' lang='grc' dir='ltr'><strong>προσηκόντως</strong></span> <span class='ocrx_word' id='word_1_145' title='bbox 2823 910 2915 960; x_wconf 72' lang='grc' dir='ltr'><strong>καὶ</strong></span> <span class='ocrx_word' id='word_1_146' title='bbox 2945 907 3019 967; x_wconf 78' lang='grc' dir='ltr'><strong>ὡς</strong></span> <span class='ocrx_word' id='word_1_147' title='bbox 3056 908 3261 967; x_wconf 72' lang='grc' dir='ltr'>ἐκεῖνος</span> <span class='ocrx_word' id='word_1_148' title='bbox 3319 906 3483 973; x_wconf 79' lang='grc' dir='ltr'>ἠλπίο</span> 
     </span>
    </p>
   </div>
   <div class='ocr_carea' id='block_1_23' title="bbox 1904 1000 3481 1067">
    <p class='ocr_par' dir='ltr' id='par_1_23' title="bbox 1904 1000 3481 1067">
     <span class='ocr_line' id='line_1_23' title="bbox 1904 1000 3481 1067; baseline -0.001 -17"><span class='ocrx_word' id='word_1_149' title='bbox 1904 1016 1987 1051; x_wconf 85' lang='grc' dir='ltr'><strong>κει</strong></span> <span class='ocrx_word' id='word_1_150' title='bbox 2031 1000 2440 1067; x_wconf 64' lang='grc' dir='ltr'>ὕποδεξόμενος.</span> <span class='ocrx_word' id='word_1_151' title='bbox 2483 1000 2580 1053; x_wconf 63' lang='grc' dir='ltr'><strong>Διά</strong></span> <span class='ocrx_word' id='word_1_152' title='bbox 2618 1001 2790 1054; x_wconf 78' lang='grc' dir='ltr'>ταῦτα</span> <span class='ocrx_word' id='word_1_153' title='bbox 2835 1002 2930 1054; x_wconf 72' lang='grc' dir='ltr'><strong>καὶ</strong></span> <span class='ocrx_word' id='word_1_154' title='bbox 2970 1000 3078 1053; x_wconf 83' lang='grc' dir='ltr'>τῶν</span> <span class='ocrx_word' id='word_1_155' title='bbox 3131 1000 3272 1053; x_wconf 70' lang='grc' dir='ltr'>κατὰ</span> <span class='ocrx_word' id='word_1_156' title='bbox 3330 1000 3481 1050; x_wconf 78' lang='grc' dir='ltr'>δύσιν</span> 
     </span>
    </p>
   </div>
   <div class='ocr_carea' id='block_1_24' title="bbox 1904 1090 3477 1161">
    <p class='ocr_par' dir='ltr' id='par_1_24' title="bbox 1904 1090 3477 1161">
     <span class='ocr_line' id='line_1_24' title="bbox 1904 1090 3477 1161; baseline 0.001 -20"><span class='ocrx_word' id='word_1_157' title='bbox 1904 1092 2167 1157; x_wconf 84' lang='grc' dir='ltr'>προνοιῶν</span> <span class='ocrx_word' id='word_1_158' title='bbox 2198 1093 2421 1160; x_wconf 68' lang='grc' dir='ltr'>ἥπτετο,</span> <span class='ocrx_word' id='word_1_159' title='bbox 2455 1094 2548 1145; x_wconf 77' lang='grc' dir='ltr'><strong>καὶ</strong></span> <span class='ocrx_word' id='word_1_160' title='bbox 2580 1092 2640 1144; x_wconf 86' lang='grc' dir='ltr'><strong>τό</strong></span> <span class='ocrx_word' id='word_1_161' title='bbox 2670 1093 2851 1161; x_wconf 78' lang='grc' dir='ltr'>τρίτον</span> <span class='ocrx_word' id='word_1_162' title='bbox 2894 1095 2957 1145; x_wconf 84' lang='grc' dir='ltr'>ὲκ</span> <span class='ocrx_word' id='word_1_163' title='bbox 3006 1091 3213 1144; x_wconf 78' lang='grc' dir='ltr'>τούτων</span> <span class='ocrx_word' id='word_1_164' title='bbox 3239 1090 3477 1161; x_wconf 82' lang='grc' dir='ltr'>ἀφῄρει⁸</span> 
     </span>
    </p>
   </div>
   <div class='ocr_carea' id='block_1_25' title="bbox 1902 1181 3478 1251">
    <p class='ocr_par' dir='ltr' id='par_1_25' title="bbox 1902 1181 3478 1251">
     <span class='ocr_line' id='line_1_25' title="bbox 1902 1181 3478 1251; baseline -0.001 -16"><span class='ocrx_word' id='word_1_165' title='bbox 1902 1184 1970 1235; x_wconf 73' lang='grc' dir='ltr'>τὰ</span> <span class='ocrx_word' id='word_1_166' title='bbox 2014 1184 2113 1251; x_wconf 67' lang='grc' dir='ltr'><strong>γὰρ</strong></span> <span class='ocrx_word' id='word_1_167' title='bbox 2130 1182 2236 1235; x_wconf 82' lang='grc' dir='ltr'>τῶν</span> <span class='ocrx_word' id='word_1_168' title='bbox 2269 1183 2474 1251; x_wconf 83' lang='grc' dir='ltr'>μισθῶν</span> <span class='ocrx_word' id='word_1_169' title='bbox 2500 1184 2608 1235; x_wconf 84' lang='grc' dir='ltr'><strong>τῶν</strong></span> <span class='ocrx_word' id='word_1_170' title='bbox 2628 1182 2770 1235; x_wconf 69' lang='grc' dir='ltr'>κατὰ</span> <span class='ocrx_word' id='word_1_171' title='bbox 2796 1184 2863 1235; x_wconf 73' lang='grc' dir='ltr'>τὰ</span> <span class='ocrx_word' id='word_1_172' title='bbox 2898 1184 3170 1251; x_wconf 73' lang='grc' dir='ltr'><strong>ἀνάκτορα</strong></span> <span class='ocrx_word' id='word_1_173' title='bbox 3196 1181 3478 1235; x_wconf 81' lang='grc' dir='ltr'>ὲκδουλευ-</span> 
     </span>
    </p>
   </div>
   <div class='ocr_carea' id='block_1_26' title="bbox 1901 1272 3477 1343">
    <p class='ocr_par' dir='ltr' id='par_1_26' title="bbox 1901 1272 3477 1343">
     <span class='ocr_line' id='line_1_26' title="bbox 1901 1272 3477 1343; baseline -0.003 -17"><span class='ocrx_word' id='word_1_174' title='bbox 1901 1275 2067 1327; x_wconf 88' lang='grc' dir='ltr'>όντων</span> <span class='ocrx_word' id='word_1_175' title='bbox 2105 1276 2199 1327; x_wconf 75' lang='grc' dir='ltr'>καὶ</span> <span class='ocrx_word' id='word_1_176' title='bbox 2232 1272 2338 1341; x_wconf 76' lang='grc' dir='ltr'>πρὸ</span> <span class='ocrx_word' id='word_1_177' title='bbox 2400 1274 2607 1342; x_wconf 75' lang='grc' dir='ltr'>χρόνων</span> <span class='ocrx_word' id='word_1_178' title='bbox 2650 1274 2876 1343; x_wconf 82' lang='grc' dir='ltr'>διεκόπη</span> <span class='ocrx_word' id='word_1_179' title='bbox 2924 1275 3115 1326; x_wconf 75' lang='grc' dir='ltr'>πάλαι.</span> <span class='ocrx_word' id='word_1_180' title='bbox 3160 1272 3322 1324; x_wconf 69' lang='grc' dir='ltr'>Ἀλλὰ</span> <span class='ocrx_word' id='word_1_181' title='bbox 3381 1289 3477 1324; x_wconf 76' lang='grc' dir='ltr'><strong>και</strong></span> 
     </span>
    </p>
   </div>
   <div class='ocr_carea' id='block_1_27' title="bbox 1900 1364 3483 1435">
    <p class='ocr_par' dir='ltr' id='par_1_27' title="bbox 1900 1364 3483 1435">
     <span class='ocr_line' id='line_1_27' title="bbox 1900 1364 3483 1435; baseline -0.001 -17"><span class='ocrx_word' id='word_1_182' title='bbox 1900 1366 1961 1418; x_wconf 73' lang='grc' dir='ltr'>τὸ</span> <span class='ocrx_word' id='word_1_183' title='bbox 1990 1368 2229 1435; x_wconf 83' lang='grc' dir='ltr'>νόμισμα</span> <span class='ocrx_word' id='word_1_184' title='bbox 2255 1365 2344 1417; x_wconf 83' lang='grc' dir='ltr'>διὰ</span> <span class='ocrx_word' id='word_1_185' title='bbox 2374 1365 2473 1433; x_wconf 79' lang='grc' dir='ltr'>τὴν</span> <span class='ocrx_word' id='word_1_186' title='bbox 2525 1366 2714 1433; x_wconf 80' lang='grc' dir='ltr'>χρείαν</span> <span class='ocrx_word' id='word_1_187' title='bbox 2753 1365 3155 1435; x_wconf 77' lang='grc' dir='ltr'>ἐκιϐδηλεύετο.</span> <span class='ocrx_word' id='word_1_188' title='bbox 3211 1364 3483 1433; x_wconf 84' lang='grc' dir='ltr'>Πρότερον</span> 
     </span>
    </p>
   </div>
   <div class='ocr_carea' id='block_1_28' title="bbox 1903 1454 3482 1527">
    <p class='ocr_par' dir='ltr' id='par_1_28' title="bbox 1903 1454 3482 1527">
     <span class='ocr_line' id='line_1_28' title="bbox 1903 1454 3482 1527; baseline -0.002 -17"><span class='ocrx_word' id='word_1_189' title='bbox 1903 1460 2002 1527; x_wconf 82' lang='grc' dir='ltr'><strong>μὲν</strong></span> <span class='ocrx_word' id='word_1_190' title='bbox 2053 1460 2159 1527; x_wconf 74' lang='grc' dir='ltr'><strong>γὰρ</strong></span> <span class='ocrx_word' id='word_1_191' title='bbox 2199 1458 2291 1509; x_wconf 66' lang='grc' dir='ltr'>ἐπὶ</span> <span class='ocrx_word' id='word_1_192' title='bbox 2338 1458 2589 1510; x_wconf 79' lang='grc' dir='ltr'>Ἰωάννου</span> <span class='ocrx_word' id='word_1_193' title='bbox 2621 1458 2713 1510; x_wconf 83' lang='grc' dir='ltr'>τοῦ</span> <span class='ocrx_word' id='word_1_194' title='bbox 2768 1459 2943 1510; x_wconf 78' lang='grc' dir='ltr'>Δούκα</span> <span class='ocrx_word' id='word_1_195' title='bbox 2986 1457 3049 1510; x_wconf 76' lang='grc' dir='ltr'>τὸ</span> <span class='ocrx_word' id='word_1_196' title='bbox 3090 1457 3336 1526; x_wconf 79' lang='grc' dir='ltr'><strong>δίμοιρον</strong></span> <span class='ocrx_word' id='word_1_197' title='bbox 3388 1454 3482 1507; x_wconf 76' lang='grc' dir='ltr'>τοῦ</span> 
     </span>
    </p>
   </div>
   <div class='ocr_carea' id='block_1_29' title="bbox 1899 1545 3481 1624">
    <p class='ocr_par' dir='ltr' id='par_1_29' title="bbox 1899 1545 3481 1624">
     <span class='ocr_line' id='line_1_29' title="bbox 1899 1545 3481 1624; baseline -0.003 -22"><span class='ocrx_word' id='word_1_198' title='bbox 1899 1550 2159 1603; x_wconf 76' lang='grc' dir='ltr'>ταλάντου</span> <span class='ocrx_word' id='word_1_199' title='bbox 2188 1549 2294 1601; x_wconf 84' lang='grc' dir='ltr'><strong>τῶν</strong></span> <span class='ocrx_word' id='word_1_200' title='bbox 2316 1551 2669 1618; x_wconf 80' lang='grc' dir='ltr'>νομισμάτων</span> <span class='ocrx_word' id='word_1_201' title='bbox 2700 1550 2905 1624; x_wconf 75' lang='grc' dir='ltr'>χρυσὸς</span> <span class='ocrx_word' id='word_1_202' title='bbox 2933 1545 2998 1616; x_wconf 74' lang='grc' dir='ltr'>ἦν</span> <span class='ocrx_word' id='word_1_203' title='bbox 3028 1548 3290 1615; x_wconf 78' lang='grc' dir='ltr'>ἄπεφοος,</span> <span class='ocrx_word' id='word_1_204' title='bbox 3353 1546 3381 1598; x_wconf 75' lang='grc' dir='ltr'><strong>ὃ</strong></span> <span class='ocrx_word' id='word_1_205' title='bbox 3414 1546 3481 1615; x_wconf 81' lang='grc' dir='ltr'>δὴ</span> 
     </span>
    </p>
   </div>
   <div class='ocr_carea' id='block_1_30' title="bbox 1899 1636 3483 1709">
    <p class='ocr_par' dir='ltr' id='par_1_30' title="bbox 1899 1636 3483 1709">
     <span class='ocr_line' id='line_1_30' title="bbox 1899 1636 3483 1709; baseline -0.002 -16"><span class='ocrx_word' id='word_1_206' title='bbox 1899 1642 1989 1693; x_wconf 72' lang='grc' dir='ltr'><strong>καὶ</strong></span> <span class='ocrx_word' id='word_1_207' title='bbox 2016 1644 2042 1693; x_wconf 87' lang='grc' dir='ltr'><strong>ό</strong></span> <span class='ocrx_word' id='word_1_208' title='bbox 2074 1640 2132 1703; x_wconf 82' lang='grc' dir='ltr'>ἐξ</span> <span class='ocrx_word' id='word_1_209' title='bbox 2159 1639 2367 1693; x_wconf 77' lang='grc' dir='ltr'>ἐκείνου</span> <span class='ocrx_word' id='word_1_210' title='bbox 2398 1640 2635 1709; x_wconf 77' lang='grc' dir='ltr'>διετήρει</span> <span class='ocrx_word' id='word_1_211' title='bbox 2668 1658 2683 1672; x_wconf 78' lang='grc' dir='ltr'>ο</span> <span class='ocrx_word' id='word_1_212' title='bbox 2705 1638 2954 1708; x_wconf 69' lang='grc' dir='ltr'><strong>⁸ὕστερον</strong></span> <span class='ocrx_word' id='word_1_213' title='bbox 3008 1639 3065 1691; x_wconf 76' lang='grc' dir='ltr'>δὲ</span> <span class='ocrx_word' id='word_1_214' title='bbox 3119 1640 3213 1690; x_wconf 78' lang='grc' dir='ltr'>ἐπὶ</span> <span class='ocrx_word' id='word_1_215' title='bbox 3261 1636 3483 1705; x_wconf 70' lang='grc' dir='ltr'>Μιχαὴλ</span> 
     </span>
    </p>
   </div>
   <div class='ocr_carea' id='block_1_31' title="bbox 1897 1729 3480 1801">
    <p class='ocr_par' dir='ltr' id='par_1_31' title="bbox 1897 1729 3480 1801">
     <span class='ocr_line' id='line_1_31' title="bbox 1897 1729 3480 1801; baseline -0.003 -17"><span class='ocrx_word' id='word_1_216' title='bbox 1897 1732 1993 1800; x_wconf 82' lang='grc' dir='ltr'><strong>τῆς</strong></span> <span class='ocrx_word' id='word_1_217' title='bbox 2022 1731 2227 1793; x_wconf 84' lang='grc' dir='ltr'>πόλεως</span> <span class='ocrx_word' id='word_1_218' title='bbox 2259 1730 2512 1801; x_wconf 73' lang='grc' dir='ltr'>ἁλούσης,</span> <span class='ocrx_word' id='word_1_219' title='bbox 2544 1730 2631 1783; x_wconf 74' lang='grc' dir='ltr'>διὰ</span> <span class='ocrx_word' id='word_1_220' title='bbox 2664 1730 2760 1793; x_wconf 80' lang='grc' dir='ltr'><strong>τὰς</strong></span> <span class='ocrx_word' id='word_1_221' title='bbox 2785 1731 2905 1782; x_wconf 77' lang='grc' dir='ltr'>τότε</span> <span class='ocrx_word' id='word_1_222' title='bbox 2939 1732 3062 1782; x_wconf 82' lang='grc' dir='ltr'>κατ’</span> <span class='ocrx_word' id='word_1_223' title='bbox 3109 1729 3357 1798; x_wconf 80' lang='grc' dir='ltr'>ἀνάγκην</span> <span class='ocrx_word' id='word_1_224' title='bbox 3392 1729 3480 1781; x_wconf 85' lang='grc' dir='ltr'><strong>δό-</strong></span> 
     </span>
    </p>
   </div>
   <div class='ocr_carea' id='block_1_32' title="bbox 1900 1821 3482 1892">
    <p class='ocr_par' dir='ltr' id='par_1_32' title="bbox 1900 1821 3482 1892">
     <span class='ocr_line' id='line_1_32' title="bbox 1900 1821 3482 1892; baseline -0.003 -18"><span class='ocrx_word' id='word_1_225' title='bbox 1900 1840 2032 1884; x_wconf 81' lang='grc' dir='ltr'>σεις,</span> <span class='ocrx_word' id='word_1_226' title='bbox 2086 1822 2177 1875; x_wconf 77' lang='grc' dir='ltr'>καὶ</span> <span class='ocrx_word' id='word_1_227' title='bbox 2222 1822 2423 1892; x_wconf 74' lang='grc' dir='ltr'>μᾶλλον</span> <span class='ocrx_word' id='word_1_228' title='bbox 2478 1823 2610 1890; x_wconf 77' lang='grc' dir='ltr'>πρὸς</span> <span class='ocrx_word' id='word_1_229' title='bbox 2692 1822 2963 1883; x_wconf 73' lang='grc' dir='ltr'>Ἰταλοὺς,</span> <span class='ocrx_word' id='word_1_230' title='bbox 3034 1821 3482 1890; x_wconf 78' lang='grc' dir='ltr'>μετεγεγράφατο</span> 
     </span>
    </p>
   </div>
   <div class='ocr_carea' id='block_1_33' title="bbox 228 1881 3482 1983">
    <p class='ocr_par' dir='ltr' id='par_1_33' title="bbox 228 1881 3482 1983">
     <span class='ocr_line' id='line_1_33' title="bbox 228 1881 3482 1983; baseline 0.004 -32"><span class='ocrx_word' id='word_1_231' title='bbox 228 1904 325 1952; x_wconf 74' lang='grc' dir='ltr'><strong>καὶ</strong></span> <span class='ocrx_word' id='word_1_232' title='bbox 354 1904 462 1953; x_wconf 78' lang='grc' dir='ltr'>τῶν</span> <span class='ocrx_word' id='word_1_233' title='bbox 488 1905 581 1955; x_wconf 76' lang='grc' dir='ltr'><strong>ἐπὶ</strong></span> <span class='ocrx_word' id='word_1_234' title='bbox 619 1906 829 1973; x_wconf 76' lang='grc' dir='ltr'>χρείαις</span> <span class='ocrx_word' id='word_1_235' title='bbox 888 1898 1551 1978; x_wconf 66' lang='grc' dir='ltr'>ἄ).&gt;.αις“δαπανημάτων,</span> <span class='ocrx_word' id='word_1_236' title='bbox 1606 1910 1665 1961; x_wconf 84' lang='grc' dir='ltr'><strong>τὸ</strong></span> <span class='ocrx_word' id='word_1_237' title='bbox 1702 1910 1793 1975; x_wconf 63' lang='grc' dir='ltr'><strong>ἀφ’</strong></span> <span class='ocrx_word' id='word_1_238' title='bbox 1827 1881 1871 1939; x_wconf 75' lang='grc' dir='ltr'><strong><em>Β</em></strong></span> <span class='ocrx_word' id='word_1_239' title='bbox 1907 1914 2007 1981; x_wconf 78' lang='grc' dir='ltr'><strong>μὲν</strong></span> <span class='ocrx_word' id='word_1_240' title='bbox 2041 1912 2104 1965; x_wconf 81' lang='grc' dir='ltr'>τὰ</span> <span class='ocrx_word' id='word_1_241' title='bbox 2130 1913 2237 1964; x_wconf 83' lang='grc' dir='ltr'>τῶν</span> <span class='ocrx_word' id='word_1_242' title='bbox 2266 1914 2528 1983; x_wconf 44' lang='grc' dir='ltr'>παλαιῶν,</span> <span class='ocrx_word' id='word_1_243' title='bbox 2552 1914 2813 1981; x_wconf 77' lang='grc' dir='ltr'>σημείων,</span> <span class='ocrx_word' id='word_1_244' title='bbox 2852 1913 2952 1979; x_wconf 84' lang='grc' dir='ltr'><strong>τῆς</strong></span> <span class='ocrx_word' id='word_1_245' title='bbox 3013 1912 3220 1973; x_wconf 75' lang='grc' dir='ltr'>πόλεως</span> <span class='ocrx_word' id='word_1_246' title='bbox 3277 1928 3482 1979; x_wconf 79' lang='grc' dir='ltr'>καρατ-</span> 
     </span>
    </p>
   </div>
   <div class='ocr_carea' id='block_1_34' title="bbox 230 1994 1801 2070">
    <p class='ocr_par' dir='ltr' id='par_1_34' title="bbox 230 1994 1801 2070">
     <span class='ocr_line' id='line_1_34' title="bbox 230 1994 1801 2070; baseline 0.003 -23"><span class='ocrx_word' id='word_1_247' title='bbox 230 1994 467 2048; x_wconf 76' lang='grc' dir='ltr'>ὲκάστου</span> <span class='ocrx_word' id='word_1_248' title='bbox 493 1999 742 2064; x_wconf 76' lang='grc' dir='ltr'>γεωργοῦ</span> <span class='ocrx_word' id='word_1_249' title='bbox 766 1999 1035 2066; x_wconf 75' lang='grc' dir='ltr'>ὀλίγιστον</span> <span class='ocrx_word' id='word_1_250' title='bbox 1065 2004 1142 2062; x_wconf 80' lang='grc' dir='ltr'>είς</span> <span class='ocrx_word' id='word_1_251' title='bbox 1188 2004 1368 2069; x_wconf 75' lang='grc' dir='ltr'>μεῖζον</span> <span class='ocrx_word' id='word_1_252' title='bbox 1426 2001 1540 2069; x_wconf 77' lang='grc' dir='ltr'><strong>ἅμα</strong></span> <span class='ocrx_word' id='word_1_253' title='bbox 1589 2018 1801 2070; x_wconf 82' lang='grc' dir='ltr'>συμπο-</span> 
     </span>
    </p>
   </div>
   <div class='ocr_carea' id='block_1_35' title="bbox 234 2088 1803 2161">
    <p class='ocr_par' dir='ltr' id='par_1_35' title="bbox 234 2088 1803 2161">
     <span class='ocr_line' id='line_1_35' title="bbox 234 2088 1803 2161; baseline 0.003 -22"><span class='ocrx_word' id='word_1_254' title='bbox 234 2088 548 2156; x_wconf 79' lang='grc' dir='ltr'>σοῦνὲγνω,</span> <span class='ocrx_word' id='word_1_255' title='bbox 578 2092 673 2144; x_wconf 77' lang='grc' dir='ltr'><strong>καὶ</strong></span> <span class='ocrx_word' id='word_1_256' title='bbox 719 2093 1048 2156; x_wconf 77' lang='grc' dir='ltr'>ἀποστείλας</span> <span class='ocrx_word' id='word_1_257' title='bbox 1106 2094 1197 2161; x_wconf 78' lang='grc' dir='ltr'><strong>ἀφ’</strong></span> <span class='ocrx_word' id='word_1_258' title='bbox 1250 2095 1365 2156; x_wconf 77' lang='grc' dir='ltr'><strong>ἐνὸς</strong></span> <span class='ocrx_word' id='word_1_259' title='bbox 1421 2096 1649 2146; x_wconf 76' lang='grc' dir='ltr'>ἑκάστου</span> <span class='ocrx_word' id='word_1_260' title='bbox 1696 2094 1803 2145; x_wconf 81' lang='grc' dir='ltr'>τῶν</span> 
     </span>
    </p>
   </div>
   <div class='ocr_carea' id='block_1_36' title="bbox 231 2182 1804 2257">
    <p class='ocr_par' dir='ltr' id='par_1_36' title="bbox 231 2182 1804 2257">
     <span class='ocr_line' id='line_1_36' title="bbox 231 2182 1804 2257; baseline 0.003 -24"><span class='ocrx_word' id='word_1_261' title='bbox 231 2182 628 2250; x_wconf 83' lang='grc' dir='ltr'>γεωργούντων</span> <span class='ocrx_word' id='word_1_262' title='bbox 660 2185 799 2253; x_wconf 75' lang='grc' dir='ltr'>ὑπὲρ</span> <span class='ocrx_word' id='word_1_263' title='bbox 834 2188 1165 2257; x_wconf 75' lang='grc' dir='ltr'>συγκομιδῆς</span> <span class='ocrx_word' id='word_1_264' title='bbox 1186 2187 1485 2254; x_wconf 73' lang='grc' dir='ltr'>ζευγίτιδος</span> <span class='ocrx_word' id='word_1_265' title='bbox 1530 2187 1679 2238; x_wconf 87' lang='grc' dir='ltr'>σίτου</span> <span class='ocrx_word' id='word_1_266' title='bbox 1707 2187 1804 2254; x_wconf 75' lang='grc' dir='ltr'><strong>μὲν</strong></span> 
     </span>
    </p>
   </div>
   <div class='ocr_carea' id='block_1_37' title="bbox 236 2274 1805 2350">
    <p class='ocr_par' dir='ltr' id='par_1_37' title="bbox 236 2274 1805 2350">
     <span class='ocr_line' id='line_1_37' title="bbox 236 2274 1805 2350; baseline 0.004 -26"><span class='ocrx_word' id='word_1_267' title='bbox 236 2274 455 2341; x_wconf 85' lang='grc' dir='ltr'>μοδίους</span> <span class='ocrx_word' id='word_1_268' title='bbox 487 2274 566 2342; x_wconf 80' lang='grc' dir='ltr'><strong>ἒξ,</strong></span> <span class='ocrx_word' id='word_1_269' title='bbox 619 2278 816 2350; x_wconf 76' lang='grc' dir='ltr'>κριθῆς</span> <span class='ocrx_word' id='word_1_270' title='bbox 857 2280 911 2332; x_wconf 83' lang='grc' dir='ltr'>δὲ</span> <span class='ocrx_word' id='word_1_271' title='bbox 968 2280 1181 2350; x_wconf 85' lang='grc' dir='ltr'>μοδίους</span> <span class='ocrx_word' id='word_1_272' title='bbox 1232 2280 1501 2350; x_wconf 83' lang='grc' dir='ltr'>τέσσαρας</span> <span class='ocrx_word' id='word_1_273' title='bbox 1549 2279 1805 2339; x_wconf 79' lang='grc' dir='ltr'>τοπικοὺς</span> 
     </span>
    </p>
   </div>
   <div class='ocr_carea' id='block_1_38' title="bbox 234 2453 1803 2528">
    <p class='ocr_par' dir='ltr' id='par_1_38' title="bbox 234 2453 1803 2528">
     <span class='ocr_line' id='line_1_38' title="bbox 234 2453 1803 2528; baseline 0.005 -23"><span class='ocrx_word' id='word_1_274' title='bbox 234 2453 376 2509; x_wconf 87' lang='lat' dir='ltr'><strong>dans</strong></span> <span class='ocrx_word' id='word_1_275' title='bbox 427 2457 680 2519; x_wconf 88' lang='lat' dir='ltr'><strong>attribui,</strong></span> <span class='ocrx_word' id='word_1_276' title='bbox 714 2456 897 2511; x_wconf 79' lang='lat' dir='ltr'><strong>laetum</strong></span> <span class='ocrx_word' id='word_1_277' title='bbox 932 2473 1054 2513; x_wconf 90' lang='lat' dir='ltr'><strong>eum</strong></span> <span class='ocrx_word' id='word_1_278' title='bbox 1098 2473 1162 2514; x_wconf 86' lang='lat' dir='ltr'><strong>ac</strong></span> <span class='ocrx_word' id='word_1_279' title='bbox 1196 2461 1305 2514; x_wconf 92' lang='lat' dir='ltr'><strong>voti</strong></span> <span class='ocrx_word' id='word_1_280' title='bbox 1336 2470 1639 2528; x_wconf 78' lang='lat' dir='ltr'><strong>compotem</strong></span> <span class='ocrx_word' id='word_1_281' title='bbox 1679 2475 1803 2513; x_wconf 83' lang='lat' dir='ltr'><strong>cum</strong></span> 
     </span>
    </p>
   </div>
   <div class='ocr_carea' id='block_1_39' title="bbox 236 2549 1050 2620">
    <p class='ocr_par' dir='ltr' id='par_1_39' title="bbox 236 2549 1050 2620">
     <span class='ocr_line' id='line_1_39' title="bbox 236 2549 1050 2620; baseline 0.002 -17"><span class='ocrx_word' id='word_1_282' title='bbox 236 2549 386 2603; x_wconf 91' lang='lat' dir='ltr'><strong>omni</strong></span> <span class='ocrx_word' id='word_1_283' title='bbox 439 2550 777 2620; x_wconf 78' lang='lat' dir='ltr'><strong>benignitate</strong></span> <span class='ocrx_word' id='word_1_284' title='bbox 820 2552 1050 2606; x_wconf 77' lang='lat' dir='ltr'><strong>dimisit.</strong></span> 
     </span>
    </p>
   </div>
   <div class='ocr_carea' id='block_1_40' title="bbox 236 2658 1806 2723">
    <p class='ocr_par' dir='ltr' id='par_1_40' title="bbox 236 2658 1806 2723">
     <span class='ocr_line' id='line_1_40' title="bbox 236 2658 1806 2723; baseline 0.003 -11"><span class='ocrx_word' id='word_1_285' title='bbox 236 2659 288 2713; x_wconf 89' lang='lat'><strong>8.</strong></span> <span class='ocrx_word' id='word_1_286' title='bbox 344 2658 570 2715; x_wconf 76' lang='lat' dir='ltr'><strong>Occasio</strong></span> <span class='ocrx_word' id='word_1_287' title='bbox 613 2671 662 2715; x_wconf 81' lang='lat' dir='ltr'><strong>et</strong></span> <span class='ocrx_word' id='word_1_288' title='bbox 702 2663 843 2716; x_wconf 80' lang='lat' dir='ltr'><strong>ratio</strong></span> <span class='ocrx_word' id='word_1_289' title='bbox 899 2666 1085 2717; x_wconf 81' lang='lat' dir='ltr'><strong>tributi</strong></span> <span class='ocrx_word' id='word_1_290' title='bbox 1109 2667 1246 2723; x_wconf 80' lang='lat' dir='ltr'><strong>quod</strong></span> <span class='ocrx_word' id='word_1_291' title='bbox 1293 2666 1687 2719; x_wconf 77' lang='lat' dir='ltr'><strong>tritichordeum</strong></span> <span class='ocrx_word' id='word_1_292' title='bbox 1729 2676 1806 2719; x_wconf 78' lang='lat' dir='ltr'><strong>est</strong></span> 
     </span>
    </p>
   </div>
   <div class='ocr_carea' id='block_1_41' title="bbox 906 2735 1128 2789">
    <p class='ocr_par' dir='ltr' id='par_1_41' title="bbox 906 2735 1128 2789">
     <span class='ocr_line' id='line_1_41' title="bbox 906 2735 1128 2789; baseline 0.018 -4"><span class='ocrx_word' id='word_1_293' title='bbox 906 2735 1128 2789; x_wconf 79' lang='lat' dir='ltr'><strong>dictum.</strong></span> 
     </span>
    </p>
   </div>
   <div class='ocr_carea' id='block_1_42' title="bbox 308 2818 1807 2893">
    <p class='ocr_par' dir='ltr' id='par_1_42' title="bbox 308 2818 1807 2893">
     <span class='ocr_line' id='line_1_42' title="bbox 308 2818 1807 2893; baseline 0.002 -16"><span class='ocrx_word' id='word_1_294' title='bbox 308 2821 528 2878; x_wconf 82' lang='lat' dir='ltr'><strong>Tributi</strong></span> <span class='ocrx_word' id='word_1_295' title='bbox 559 2839 723 2891; x_wconf 89' lang='lat' dir='ltr'><strong>porro</strong></span> <span class='ocrx_word' id='word_1_296' title='bbox 756 2818 1039 2881; x_wconf 80' lang='lat' dir='ltr'><strong>memdrati</strong></span> <span class='ocrx_word' id='word_1_297' title='bbox 1076 2827 1238 2881; x_wconf 89' lang='lat' dir='ltr'><strong>modo</strong></span> <span class='ocrx_word' id='word_1_298' title='bbox 1273 2826 1637 2891; x_wconf 74' lang='lat' dir='ltr'><strong>frumentarii,</strong></span> <span class='ocrx_word' id='word_1_299' title='bbox 1662 2826 1807 2893; x_wconf 92' lang='lat' dir='ltr'><strong>quod</strong></span> 
     </span>
    </p>
   </div>
   <div class='ocr_carea' id='block_1_43' title="bbox 240 2894 1805 2984">
    <p class='ocr_par' dir='ltr' id='par_1_43' title="bbox 240 2894 1805 2984">
     <span class='ocr_line' id='line_1_43' title="bbox 240 2894 1805 2984; baseline 0.004 -20"><span class='ocrx_word' id='word_1_300' title='bbox 240 2915 406 2983; x_wconf 88' lang='lat' dir='ltr'><strong>vulgo</strong></span> <span class='ocrx_word' id='word_1_301' title='bbox 466 2914 819 2982; x_wconf 85' lang='grc' dir='ltr'>σιτόκριθον,</span> <span class='ocrx_word' id='word_1_302' title='bbox 865 2918 1018 2984; x_wconf 88' lang='lat' dir='ltr'><strong>quasi</strong></span> <span class='ocrx_word' id='word_1_303' title='bbox 1068 2917 1284 2973; x_wconf 81' lang='lat' dir='ltr'><strong>diceres</strong></span> <span class='ocrx_word' id='word_1_304' title='bbox 1338 2894 1805 2984; x_wconf 58' lang='lat' dir='ltr'><strong>‘ritichordeutii&#39;,</strong></span> 
     </span>
    </p>
   </div>
   <div class='ocr_carea' id='block_1_44' title="bbox 1905 1996 3482 2073">
    <p class='ocr_par' dir='ltr' id='par_1_44' title="bbox 1905 1996 3482 2073">
     <span class='ocr_line' id='line_1_44' title="bbox 1905 1996 3482 2073; baseline -0.003 -18"><span class='ocrx_word' id='word_1_305' title='bbox 1905 2005 2133 2073; x_wconf 82' lang='grc' dir='ltr'>τομένης</span> <span class='ocrx_word' id='word_1_306' title='bbox 2157 2004 2404 2067; x_wconf 71' lang='grc' dir='ltr'>ὄπισθεν,</span> <span class='ocrx_word' id='word_1_307' title='bbox 2434 1996 2733 2071; x_wconf 70' lang='grc' dir='ltr'>κάουφὲετο</span> <span class='ocrx_word' id='word_1_308' title='bbox 2792 2005 2847 2056; x_wconf 79' lang='grc' dir='ltr'>δὲ</span> <span class='ocrx_word' id='word_1_309' title='bbox 2898 2003 2993 2055; x_wconf 79' lang='grc' dir='ltr'><strong>καὶ</strong></span> <span class='ocrx_word' id='word_1_310' title='bbox 3034 2005 3185 2071; x_wconf 65' lang='grc' dir='ltr'>παρὰ</span> <span class='ocrx_word' id='word_1_311' title='bbox 3228 2003 3482 2071; x_wconf 83' lang='grc' dir='ltr'>κεράτιον</span> 
     </span>
    </p>
   </div>
   <div class='ocr_carea' id='block_1_45' title="bbox 1904 2089 3480 2185">
    <p class='ocr_par' dir='ltr' id='par_1_45' title="bbox 1904 2089 3480 2185">
     <span class='ocr_line' id='line_1_45' title="bbox 1904 2089 3480 2185; baseline -0.003 -39"><span class='ocrx_word' id='word_1_312' title='bbox 1904 2096 1965 2147; x_wconf 68' lang='grc' dir='ltr'>τὸ</span> <span class='ocrx_word' id='word_1_313' title='bbox 1992 2097 2054 2146; x_wconf 81' lang='grc' dir='ltr'><strong>ἐκ</strong></span> <span class='ocrx_word' id='word_1_314' title='bbox 2086 2093 2283 2185; x_wconf 54' lang='grc' dir='ltr'>χρυσοῦ</span> <span class='ocrx_word' id='word_1_315' title='bbox 2320 2094 2694 2162; x_wconf 75' lang='grc' dir='ltr'>νομιζόμενον,</span> <span class='ocrx_word' id='word_1_316' title='bbox 2721 2094 2795 2155; x_wconf 83' lang='grc' dir='ltr'>ὡς</span> <span class='ocrx_word' id='word_1_317' title='bbox 2825 2093 3220 2145; x_wconf 80' lang='grc' dir='ltr'>πεντεκαίδεκα</span> <span class='ocrx_word' id='word_1_318' title='bbox 3246 2092 3380 2161; x_wconf 60' lang='grc' dir='ltr'>πρὸς</span> <span class='ocrx_word' id='word_1_319' title='bbox 3412 2089 3480 2144; x_wconf 71' lang='grc' dir='ltr'>τὰ</span> 
     </span>
    </p>
   </div>
   <div class='ocr_carea' id='block_1_46' title="bbox 1905 2178 3478 2256">
    <p class='ocr_par' dir='ltr' id='par_1_46' title="bbox 1905 2178 3478 2256">
     <span class='ocr_line' id='line_1_46' title="bbox 1905 2178 3478 2256; baseline -0.004 -17"><span class='ocrx_word' id='word_1_320' title='bbox 1905 2178 2618 2256; x_wconf 68' lang='grc' dir='ltr'>εἰκοσιτέσσαραγίνεσϐαι.</span> <span class='ocrx_word' id='word_1_321' title='bbox 2667 2185 3118 2248; x_wconf 78' lang='grc' dir='ltr'>Μεταλλάξαντος</span> <span class='ocrx_word' id='word_1_322' title='bbox 3168 2186 3214 2237; x_wconf 85' lang='grc' dir='ltr'>δ’</span> <span class='ocrx_word' id='word_1_323' title='bbox 3271 2185 3478 2236; x_wconf 80' lang='grc' dir='ltr'>ἐκείνου</span> 
     </span>
    </p>
   </div>
   <div class='ocr_carea' id='block_1_47' title="bbox 1905 2276 3475 2348">
    <p class='ocr_par' dir='ltr' id='par_1_47' title="bbox 1905 2276 3475 2348">
     <span class='ocr_line' id='line_1_47' title="bbox 1905 2276 3475 2348; baseline -0.002 -16"><span class='ocrx_word' id='word_1_324' title='bbox 1905 2280 2170 2348; x_wconf 86' lang='grc' dir='ltr'>πρότερον</span> <span class='ocrx_word' id='word_1_325' title='bbox 2196 2279 2294 2347; x_wconf 84' lang='grc' dir='ltr'>μὲν</span> <span class='ocrx_word' id='word_1_326' title='bbox 2332 2279 2410 2340; x_wconf 81' lang='grc' dir='ltr'>είς</span> <span class='ocrx_word' id='word_1_327' title='bbox 2432 2278 2807 2348; x_wconf 81' lang='grc' dir='ltr'>δεκατέσσαρα</span> <span class='ocrx_word' id='word_1_328' title='bbox 2842 2278 3101 2348; x_wconf 80' lang='grc' dir='ltr'>περιέστη</span> <span class='ocrx_word' id='word_1_329' title='bbox 3158 2276 3291 2346; x_wconf 79' lang='grc' dir='ltr'>πρὸς</span> <span class='ocrx_word' id='word_1_330' title='bbox 3318 2276 3475 2339; x_wconf 82' lang='grc' dir='ltr'>δέκα,</span> 
     </span>
    </p>
   </div>
   <div class='ocr_carea' id='block_1_48' title="bbox 1907 2458 3479 2531">
    <p class='ocr_par' dir='ltr' id='par_1_48' title="bbox 1907 2458 3479 2531">
     <span class='ocr_line' id='line_1_48' title="bbox 1907 2458 3479 2531; baseline -0.004 -13"><span class='ocrx_word' id='word_1_331' title='bbox 1907 2463 2097 2531; x_wconf 67' lang='lat' dir='ltr'><strong>injecit</strong></span> <span class='ocrx_word' id='word_1_332' title='bbox 2141 2460 2502 2530; x_wconf 83' lang='lat' dir='ltr'><strong>pensionibus</strong></span> <span class='ocrx_word' id='word_1_333' title='bbox 2551 2476 2672 2528; x_wconf 65' lang='lat' dir='ltr'><strong>quae</strong></span> <span class='ocrx_word' id='word_1_334' title='bbox 2719 2460 3037 2529; x_wconf 66' lang='lat' dir='ltr'><strong>reipublicae</strong></span> <span class='ocrx_word' id='word_1_335' title='bbox 3084 2458 3354 2512; x_wconf 92' lang='lat' dir='ltr'><strong>ministris</strong></span> <span class='ocrx_word' id='word_1_336' title='bbox 3384 2473 3479 2525; x_wconf 91' lang='lat' dir='ltr'><strong>per</strong></span> 
     </span>
    </p>
   </div>
   <div class='ocr_carea' id='block_1_49' title="bbox 1909 2550 3478 2616">
    <p class='ocr_par' dir='ltr' id='par_1_49' title="bbox 1909 2550 3478 2616">
     <span class='ocr_line' id='line_1_49' title="bbox 1909 2550 3478 2616; baseline -0.004 -7"><span class='ocrx_word' id='word_1_337' title='bbox 1909 2563 2123 2609; x_wconf 87' lang='lat' dir='ltr'><strong>tractus</strong></span> <span class='ocrx_word' id='word_1_338' title='bbox 2180 2552 2455 2607; x_wconf 86' lang='lat' dir='ltr'><strong>Oeeiduos</strong></span> <span class='ocrx_word' id='word_1_339' title='bbox 2520 2551 2725 2606; x_wconf 90' lang='lat' dir='ltr'><strong>dudum</strong></span> <span class='ocrx_word' id='word_1_340' title='bbox 2790 2551 3108 2604; x_wconf 73' lang='lat' dir='ltr'><strong>constituta:</strong></span> <span class='ocrx_word' id='word_1_341' title='bbox 3175 2550 3478 2616; x_wconf 85' lang='lat' dir='ltr'><strong>quotannis</strong></span> 
     </span>
    </p>
   </div>
   <div class='ocr_carea' id='block_1_50' title="bbox 1907 2642 3475 2711">
    <p class='ocr_par' dir='ltr' id='par_1_50' title="bbox 1907 2642 3475 2711">
     <span class='ocr_line' id='line_1_50' title="bbox 1907 2642 3475 2711; baseline -0.003 -11"><span class='ocrx_word' id='word_1_342' title='bbox 1907 2648 2084 2701; x_wconf 90' lang='lat' dir='ltr'><strong>adhuc</strong></span> <span class='ocrx_word' id='word_1_343' title='bbox 2144 2646 2520 2699; x_wconf 74' lang='lat' dir='ltr'><strong>solvebantur.</strong></span> <span class='ocrx_word' id='word_1_344' title='bbox 2584 2642 2690 2697; x_wconf 81' lang='lat' dir='ltr'><strong>Has</strong></span> <span class='ocrx_word' id='word_1_345' title='bbox 2744 2644 2902 2698; x_wconf 87' lang='lat' dir='ltr'><strong>tertia</strong></span> <span class='ocrx_word' id='word_1_346' title='bbox 2963 2654 3111 2711; x_wconf 88' lang='lat' dir='ltr'><strong>parte</strong></span> <span class='ocrx_word' id='word_1_347' title='bbox 3175 2643 3475 2696; x_wconf 88' lang='lat' dir='ltr'><strong>diminuit:</strong></span> 
     </span>
    </p>
   </div>
   <div class='ocr_carea' id='block_1_51' title="bbox 1910 2736 3476 2805">
    <p class='ocr_par' dir='ltr' id='par_1_51' title="bbox 1910 2736 3476 2805">
     <span class='ocr_line' id='line_1_51' title="bbox 1910 2736 3476 2805; baseline -0.003 -12"><span class='ocrx_word' id='word_1_348' title='bbox 1910 2754 2016 2793; x_wconf 91' lang='lat' dir='ltr'><strong>non</strong></span> <span class='ocrx_word' id='word_1_349' title='bbox 2060 2739 2204 2793; x_wconf 88' lang='lat' dir='ltr'><strong>enim</strong></span> <span class='ocrx_word' id='word_1_350' title='bbox 2261 2738 2361 2790; x_wconf 91' lang='lat' dir='ltr'><strong>fuit</strong></span> <span class='ocrx_word' id='word_1_351' title='bbox 2398 2737 2545 2790; x_wconf 85' lang='lat' dir='ltr'><strong>aliud</strong></span> <span class='ocrx_word' id='word_1_352' title='bbox 2591 2736 2738 2805; x_wconf 84' lang='lat' dir='ltr'><strong>quod</strong></span> <span class='ocrx_word' id='word_1_353' title='bbox 2801 2737 3091 2805; x_wconf 79' lang='lat' dir='ltr'><strong>arriperet,</strong></span> <span class='ocrx_word' id='word_1_354' title='bbox 3122 2751 3243 2788; x_wconf 79' lang='lat' dir='ltr'><strong>cum</strong></span> <span class='ocrx_word' id='word_1_355' title='bbox 3285 2745 3476 2789; x_wconf 89' lang='lat' dir='ltr'><strong>aucto-</strong></span> 
     </span>
    </p>
   </div>
   <div class='ocr_carea' id='block_1_52' title="bbox 1910 2826 3482 2898">
    <p class='ocr_par' dir='ltr' id='par_1_52' title="bbox 1910 2826 3482 2898">
     <span class='ocr_line' id='line_1_52' title="bbox 1910 2826 3482 2898; baseline -0.004 -13"><span class='ocrx_word' id='word_1_356' title='bbox 1910 2838 2178 2894; x_wconf 89' lang='lat' dir='ltr'><strong>ramenta,</strong></span> <span class='ocrx_word' id='word_1_357' title='bbox 2212 2845 2333 2898; x_wconf 68' lang='lat' dir='ltr'><strong>quae</strong></span> <span class='ocrx_word' id='word_1_358' title='bbox 2365 2829 2669 2883; x_wconf 82' lang='lat' dir='ltr'><strong>certissima</strong></span> <span class='ocrx_word' id='word_1_359' title='bbox 2706 2827 2858 2896; x_wconf 85' lang='lat' dir='ltr'><strong>prius</strong></span> <span class='ocrx_word' id='word_1_360' title='bbox 2889 2837 2943 2880; x_wconf 91' lang='lat' dir='ltr'><strong>et</strong></span> <span class='ocrx_word' id='word_1_361' title='bbox 2978 2827 3264 2896; x_wconf 75' lang='lat' dir='ltr'><strong>prtecipute</strong></span> <span class='ocrx_word' id='word_1_362' title='bbox 3292 2826 3482 2880; x_wconf 90' lang='lat' dir='ltr'><strong>condi-</strong></span> 
     </span>
    </p>
   </div>
   <div class='ocr_carea' id='block_1_53' title="bbox 1910 2917 3478 2986">
    <p class='ocr_par' dir='ltr' id='par_1_53' title="bbox 1910 2917 3478 2986">
     <span class='ocr_line' id='line_1_53' title="bbox 1910 2917 3478 2986; baseline -0.002 -12"><span class='ocrx_word' id='word_1_363' title='bbox 1910 2923 2076 2976; x_wconf 86' lang='lat' dir='ltr'><strong>tionis</strong></span> <span class='ocrx_word' id='word_1_364' title='bbox 2114 2921 2497 2983; x_wconf 89' lang='lat' dir='ltr'><strong>habebantur,</strong></span> <span class='ocrx_word' id='word_1_365' title='bbox 2526 2921 2883 2972; x_wconf 88' lang='lat' dir='ltr'><strong>servientium</strong></span> <span class='ocrx_word' id='word_1_366' title='bbox 2920 2919 2972 2971; x_wconf 93' lang='lat' dir='ltr'><strong>in</strong></span> <span class='ocrx_word' id='word_1_367' title='bbox 3012 2918 3278 2986; x_wconf 83' lang='lat' dir='ltr'><strong>imperiali</strong></span> <span class='ocrx_word' id='word_1_368' title='bbox 3312 2917 3478 2971; x_wconf 90' lang='lat' dir='ltr'><strong>domo</strong></span> 
     </span>
    </p>
   </div>
   <div class='ocr_carea' id='block_1_54' title="bbox 239 3007 3478 3093">
    <p class='ocr_par' dir='ltr' id='par_1_54' title="bbox 239 3007 3478 3093">
     <span class='ocr_line' id='line_1_54' title="bbox 239 3007 3478 3093; baseline 0.001 -34"><span class='ocrx_word' id='word_1_369' title='bbox 239 3008 570 3077; x_wconf 82' lang='lat' dir='ltr'><strong>appellatum</strong></span> <span class='ocrx_word' id='word_1_370' title='bbox 623 3016 737 3069; x_wconf 87' lang='lat' dir='ltr'><strong>est,</strong></span> <span class='ocrx_word' id='word_1_371' title='bbox 784 3007 895 3062; x_wconf 70' lang='lat' dir='ltr'><strong>haec</strong></span> <span class='ocrx_word' id='word_1_372' title='bbox 946 3009 1099 3077; x_wconf 80' lang='lat' dir='ltr'><strong>origo</strong></span> <span class='ocrx_word' id='word_1_373' title='bbox 1142 3020 1305 3078; x_wconf 88' lang='lat' dir='ltr'><strong>atque</strong></span> <span class='ocrx_word' id='word_1_374' title='bbox 1356 3010 1629 3065; x_wconf 90' lang='lat' dir='ltr'><strong>institutio</strong></span> <span class='ocrx_word' id='word_1_375' title='bbox 1683 3010 1806 3064; x_wconf 90' lang='lat' dir='ltr'><strong>fuit.</strong></span> <span class='ocrx_word' id='word_1_376' title='bbox 1872 3014 2282 3093; x_wconf 59' lang='lat' dir='ltr'><strong>jpalatinorum</strong></span> <span class='ocrx_word' id='word_1_377' title='bbox 2334 3013 2445 3082; x_wconf 87' lang='lat' dir='ltr'><strong>jam</strong></span> <span class='ocrx_word' id='word_1_378' title='bbox 2508 3012 2715 3081; x_wconf 86' lang='lat' dir='ltr'><strong>pridem</strong></span> <span class='ocrx_word' id='word_1_379' title='bbox 2777 3012 3198 3065; x_wconf 80' lang='lat' dir='ltr'><strong>intervertisset.</strong></span> <span class='ocrx_word' id='word_1_380' title='bbox 3265 3010 3370 3063; x_wconf 85' lang='lat' dir='ltr'><strong>Sed</strong></span> <span class='ocrx_word' id='word_1_381' title='bbox 3424 3017 3478 3064; x_wconf 91' lang='lat' dir='ltr'><strong>et</strong></span> 
     </span>
    </p>
   </div>
   <div class='ocr_carea' id='block_1_55' title="bbox 237 3098 3477 3171">
    <p class='ocr_par' dir='ltr' id='par_1_55' title="bbox 237 3098 3477 3171">
     <span class='ocr_line' id='line_1_55' title="bbox 237 3098 3477 3171; baseline 0.001 -22"><span class='ocrx_word' id='word_1_382' title='bbox 237 3098 466 3153; x_wconf 74' lang='lat' dir='ltr'><strong>Vastata</strong></span> <span class='ocrx_word' id='word_1_383' title='bbox 517 3098 931 3153; x_wconf 80' lang='lat' dir='ltr'><strong>incursionibus</strong></span> <span class='ocrx_word' id='word_1_384' title='bbox 964 3102 1268 3155; x_wconf 84' lang='lat' dir='ltr'><strong>barbaricis</strong></span> <span class='ocrx_word' id='word_1_385' title='bbox 1312 3104 1439 3157; x_wconf 84' lang='lat' dir='ltr'><strong>Asia</strong></span> <span class='ocrx_word' id='word_1_386' title='bbox 1473 3113 1527 3157; x_wconf 91' lang='lat' dir='ltr'><strong>et</strong></span> <span class='ocrx_word' id='word_1_387' title='bbox 1559 3102 1809 3156; x_wconf 86' lang='lat' dir='ltr'><strong>Orienta-</strong></span> <span class='ocrx_word' id='word_1_388' title='bbox 1876 3098 2102 3167; x_wconf 83' lang='lat' dir='ltr'><strong>alium,</strong></span> <span class='ocrx_word' id='word_1_389' title='bbox 2167 3107 2309 3158; x_wconf 90' lang='lat' dir='ltr'><strong>unde</strong></span> <span class='ocrx_word' id='word_1_390' title='bbox 2366 3106 2525 3158; x_wconf 83' lang='lat' dir='ltr'><strong>istam</strong></span> <span class='ocrx_word' id='word_1_391' title='bbox 2575 3104 2627 3157; x_wconf 92' lang='lat' dir='ltr'><strong>in</strong></span> <span class='ocrx_word' id='word_1_392' title='bbox 2675 3103 3061 3171; x_wconf 82' lang='lat' dir='ltr'><strong>Mpyrigerinm</strong></span> <span class='ocrx_word' id='word_1_393' title='bbox 3093 3101 3477 3156; x_wconf 81' lang='lat' dir='ltr'><strong>eﬂ&#39;undcudam</strong></span> 
     </span>
    </p>
   </div>
   <div class='ocr_carea' id='block_1_56' title="bbox 240 3190 3480 3268">
    <p class='ocr_par' dir='ltr' id='par_1_56' title="bbox 240 3190 3480 3268">
     <span class='ocr_line' id='line_1_56' title="bbox 240 3190 3480 3268; baseline -0.002 -17"><span class='ocrx_word' id='word_1_394' title='bbox 240 3190 317 3241; x_wconf 69' lang='lat'><strong>&#39;88</strong></span> <span class='ocrx_word' id='word_1_395' title='bbox 375 3197 585 3243; x_wconf 67' lang='grc' dir='ltr'>ιτεειυε</span> <span class='ocrx_word' id='word_1_396' title='bbox 629 3190 893 3252; x_wconf 62' lang='lat' dir='ltr'><strong>universi.</strong></span> <span class='ocrx_word' id='word_1_397' title='bbox 940 3201 1167 3245; x_wconf 78' lang='lat' dir='ltr'><strong>V-‘N‘altle</strong></span> <span class='ocrx_word' id='word_1_398' title='bbox 1235 3192 1343 3245; x_wconf 88' lang='lat' dir='ltr'><strong>illic</strong></span> <span class='ocrx_word' id='word_1_399' title='bbox 1387 3208 1641 3261; x_wconf 82' lang='lat' dir='ltr'><strong>agrorum</strong></span> <span class='ocrx_word' id='word_1_400' title='bbox 1691 3193 1807 3245; x_wconf 88' lang='lat' dir='ltr'><strong>eul-</strong></span> <span class='ocrx_word' id='word_1_401' title='bbox 1834 3213 1874 3268; x_wconf 69' lang='grc' dir='ltr'><strong><em>ε</em></strong></span> <span class='ocrx_word' id='word_1_402' title='bbox 1914 3198 2196 3266; x_wconf 73' lang='lat' dir='ltr'><strong>pecuniam</strong></span> <span class='ocrx_word' id='word_1_403' title='bbox 2223 3196 2832 3263; x_wconf 75' lang='lat' dir='ltr'><strong>contieeret,qu:estum</strong></span> <span class='ocrx_word' id='word_1_404' title='bbox 2869 3194 3198 3262; x_wconf 78' lang='lat' dir='ltr'><strong>excogitavit</strong></span> <span class='ocrx_word' id='word_1_405' title='bbox 3229 3210 3290 3246; x_wconf 63' lang='lat' dir='ltr'><strong>et</strong></span> <span class='ocrx_word' id='word_1_406' title='bbox 3324 3192 3480 3246; x_wconf 83' lang='lat' dir='ltr'><strong>adul-</strong></span> 
     </span>
    </p>
   </div>
   <div class='ocr_carea' id='block_1_57' title="bbox 238 3280 1797 3353">
    <p class='ocr_par' dir='ltr' id='par_1_57' title="bbox 238 3280 1797 3353">
     <span class='ocr_line' id='line_1_57' title="bbox 238 3280 1797 3353; baseline 0.003 -22"><span class='ocrx_word' id='word_1_407' title='bbox 238 3288 387 3340; x_wconf 89' lang='lat' dir='ltr'><strong>tura,</strong></span> <span class='ocrx_word' id='word_1_408' title='bbox 425 3287 670 3333; x_wconf 75' lang='lat' dir='ltr'><strong>extrema</strong></span> <span class='ocrx_word' id='word_1_409' title='bbox 730 3280 907 3334; x_wconf 80' lang='lat' dir='ltr'><strong>vietus</strong></span> <span class='ocrx_word' id='word_1_410' title='bbox 958 3283 1139 3351; x_wconf 91' lang='lat' dir='ltr'><strong>inopia</strong></span> <span class='ocrx_word' id='word_1_411' title='bbox 1189 3281 1351 3353; x_wconf 69' lang='grc'><strong>493</strong></span> <span class='ocrx_word' id='word_1_412' title='bbox 1392 3283 1797 3350; x_wconf 86' lang='lat' dir='ltr'><strong>premebantur.</strong></span> 
     </span>
    </p>
   </div>
   <div class='ocr_carea' id='block_1_58' title="bbox 236 3370 1800 3444">
    <p class='ocr_par' dir='ltr' id='par_1_58' title="bbox 236 3370 1800 3444">
     <span class='ocr_line' id='line_1_58' title="bbox 236 3370 1800 3444; baseline 0.003 -19"><span class='ocrx_word' id='word_1_413' title='bbox 236 3374 306 3425; x_wconf 76' lang='lat' dir='ltr'><strong>At</strong></span> <span class='ocrx_word' id='word_1_414' title='bbox 358 3370 548 3425; x_wconf 85' lang='lat' dir='ltr'><strong>eodem</strong></span> <span class='ocrx_word' id='word_1_415' title='bbox 610 3381 856 3440; x_wconf 86' lang='lat' dir='ltr'><strong>tempore</strong></span> <span class='ocrx_word' id='word_1_416' title='bbox 895 3374 1121 3428; x_wconf 84' lang='lat' dir='ltr'><strong>adversa</strong></span> <span class='ocrx_word' id='word_1_417' title='bbox 1182 3378 1466 3428; x_wconf 90' lang='lat' dir='ltr'><strong>continens</strong></span> <span class='ocrx_word' id='word_1_418' title='bbox 1532 3375 1800 3444; x_wconf 72' lang='lat' dir='ltr'><strong>Europae,</strong></span> 
     </span>
    </p>
   </div>
   <div class='ocr_carea' id='block_1_59' title="bbox 238 3464 1803 3534">
    <p class='ocr_par' dir='ltr' id='par_1_59' title="bbox 238 3464 1803 3534">
     <span class='ocr_line' id='line_1_59' title="bbox 238 3464 1803 3534; baseline 0.004 -18"><span class='ocrx_word' id='word_1_419' title='bbox 238 3464 556 3517; x_wconf 79' lang='lat' dir='ltr'><strong>Macedonia</strong></span> <span class='ocrx_word' id='word_1_420' title='bbox 594 3474 646 3516; x_wconf 91' lang='lat' dir='ltr'><strong>et</strong></span> <span class='ocrx_word' id='word_1_421' title='bbox 676 3478 867 3517; x_wconf 79' lang='lat' dir='ltr'><strong>ouines</strong></span> <span class='ocrx_word' id='word_1_422' title='bbox 918 3465 1171 3519; x_wconf 76' lang='lat' dir='ltr'><strong>Occidute</strong></span> <span class='ocrx_word' id='word_1_423' title='bbox 1217 3468 1487 3534; x_wconf 81' lang='lat' dir='ltr'><strong>regiones,</strong></span> <span class='ocrx_word' id='word_1_424' title='bbox 1529 3468 1803 3522; x_wconf 89' lang='lat' dir='ltr'><strong>messibus</strong></span> 
     </span>
    </p>
   </div>
   <div class='ocr_carea' id='block_1_60' title="bbox 236 3540 1803 3625">
    <p class='ocr_par' dir='ltr' id='par_1_60' title="bbox 236 3540 1803 3625">
     <span class='ocr_line' id='line_1_60' title="bbox 236 3540 1803 3625; baseline 0 -14"><span class='ocrx_word' id='word_1_425' title='bbox 236 3564 368 3611; x_wconf 82' lang='lat' dir='ltr'><strong>sunt</strong></span> <span class='ocrx_word' id='word_1_426' title='bbox 421 3557 718 3611; x_wconf 86' lang='lat' dir='ltr'><strong>uberrimis</strong></span> <span class='ocrx_word' id='word_1_427' title='bbox 768 3558 971 3611; x_wconf 68' lang='lat' dir='ltr'><strong>dilatae.</strong></span> <span class='ocrx_word' id='word_1_428' title='bbox 1016 3557 1129 3611; x_wconf 72' lang='lat' dir='ltr'><strong>Non</strong></span> <span class='ocrx_word' id='word_1_429' title='bbox 1191 3540 1378 3622; x_wconf 66' lang='lat' dir='ltr'><strong>enim,</strong></span> <span class='ocrx_word' id='word_1_430' title='bbox 1447 3569 1503 3611; x_wconf 94' lang='lat' dir='ltr'><strong>ut</strong></span> <span class='ocrx_word' id='word_1_431' title='bbox 1555 3558 1667 3613; x_wconf 85' lang='lat' dir='ltr'><strong>fere</strong></span> <span class='ocrx_word' id='word_1_432' title='bbox 1725 3561 1803 3625; x_wconf 85' lang='lat' dir='ltr'><strong>fit,</strong></span> 
     </span>
    </p>
   </div>
   <div class='ocr_carea' id='block_1_61' title="bbox 238 3649 1806 3720">
    <p class='ocr_par' dir='ltr' id='par_1_61' title="bbox 238 3649 1806 3720">
     <span class='ocr_line' id='line_1_61' title="bbox 238 3649 1806 3720; baseline 0.001 -18"><span class='ocrx_word' id='word_1_433' title='bbox 238 3649 581 3703; x_wconf 72' lang='lat' dir='ltr'><strong>abundantia</strong></span> <span class='ocrx_word' id='word_1_434' title='bbox 616 3650 869 3702; x_wconf 84' lang='lat' dir='ltr'><strong>vilitatem</strong></span> <span class='ocrx_word' id='word_1_435' title='bbox 919 3666 1147 3704; x_wconf 68' lang='lat' dir='ltr'><strong>annona:</strong></span> <span class='ocrx_word' id='word_1_436' title='bbox 1193 3651 1517 3715; x_wconf 76' lang='lat' dir='ltr'><strong>induxerat,</strong></span> <span class='ocrx_word' id='word_1_437' title='bbox 1553 3652 1644 3705; x_wconf 86' lang='lat' dir='ltr'><strong>sed</strong></span> <span class='ocrx_word' id='word_1_438' title='bbox 1681 3666 1806 3720; x_wconf 83' lang='lat' dir='ltr'><strong>pro-</strong></span> 
     </span>
    </p>
   </div>
   <div class='ocr_carea' id='block_1_62' title="bbox 240 3744 1801 3813">
    <p class='ocr_par' dir='ltr' id='par_1_62' title="bbox 240 3744 1801 3813">
     <span class='ocr_line' id='line_1_62' title="bbox 240 3744 1801 3813; baseline 0.003 -18"><span class='ocrx_word' id='word_1_439' title='bbox 240 3753 362 3813; x_wconf 89' lang='lat' dir='ltr'><strong>pter</strong></span> <span class='ocrx_word' id='word_1_440' title='bbox 395 3753 793 3797; x_wconf 57' lang='lat' dir='ltr'><strong>concurrentes</strong></span> <span class='ocrx_word' id='word_1_441' title='bbox 846 3757 910 3797; x_wconf 94' lang='lat' dir='ltr'><strong>eo</strong></span> <span class='ocrx_word' id='word_1_442' title='bbox 966 3744 1203 3797; x_wconf 77' lang='lat' dir='ltr'><strong>Asianos</strong></span> <span class='ocrx_word' id='word_1_443' title='bbox 1267 3744 1493 3798; x_wconf 71' lang='lat' dir='ltr'><strong>sedibus</strong></span> <span class='ocrx_word' id='word_1_444' title='bbox 1542 3753 1801 3799; x_wconf 83' lang='lat' dir='ltr'><strong>extrusos</strong></span> 
     </span>
    </p>
   </div>
   <div class='ocr_carea' id='block_1_63' title="bbox 241 3813 1804 3903">
    <p class='ocr_par' dir='ltr' id='par_1_63' title="bbox 241 3813 1804 3903">
     <span class='ocr_line' id='line_1_63' title="bbox 241 3813 1804 3903; baseline 0.002 -20"><span class='ocrx_word' id='word_1_445' title='bbox 241 3834 482 3901; x_wconf 82' lang='lat' dir='ltr'><strong>propriis</strong></span> <span class='ocrx_word' id='word_1_446' title='bbox 508 3834 578 3885; x_wconf 88' lang='lat' dir='ltr'><strong>ita</strong></span> <span class='ocrx_word' id='word_1_447' title='bbox 610 3830 945 3887; x_wconf 88' lang='lat' dir='ltr'><strong>frumentum</strong></span> <span class='ocrx_word' id='word_1_448' title='bbox 973 3813 1055 3893; x_wconf 63' lang='grc' dir='ltr'><strong>δίη</strong></span> <span class='ocrx_word' id='word_1_449' title='bbox 1102 3850 1316 3888; x_wconf 91' lang='lat' dir='ltr'><strong>summa</strong></span> <span class='ocrx_word' id='word_1_450' title='bbox 1366 3843 1607 3903; x_wconf 83' lang='lat' dir='ltr'><strong>segetum</strong></span> <span class='ocrx_word' id='word_1_451' title='bbox 1643 3834 1804 3887; x_wconf 85' lang='lat' dir='ltr'><strong>uber-</strong></span> 
     </span>
    </p>
   </div>
   <div class='ocr_carea' id='block_1_64' title="bbox 238 3924 1807 3986">
    <p class='ocr_par' dir='ltr' id='par_1_64' title="bbox 238 3924 1807 3986">
     <span class='ocr_line' id='line_1_64' title="bbox 238 3924 1807 3986; baseline 0.003 -9"><span class='ocrx_word' id='word_1_452' title='bbox 238 3933 347 3978; x_wconf 85' lang='lat' dir='ltr'><strong>tate</strong></span> <span class='ocrx_word' id='word_1_453' title='bbox 381 3924 751 3986; x_wconf 86' lang='lat' dir='ltr'><strong>vendebatur,</strong></span> <span class='ocrx_word' id='word_1_454' title='bbox 790 3934 848 3980; x_wconf 87' lang='lat' dir='ltr'><strong>ut</strong></span> <span class='ocrx_word' id='word_1_455' title='bbox 894 3925 1053 3978; x_wconf 90' lang='lat' dir='ltr'><strong>annis</strong></span> <span class='ocrx_word' id='word_1_456' title='bbox 1108 3927 1188 3979; x_wconf 85' lang='lat' dir='ltr'><strong>vel</strong></span> <span class='ocrx_word' id='word_1_457' title='bbox 1250 3927 1487 3980; x_wconf 78' lang='lat' dir='ltr'><strong>maxime</strong></span> <span class='ocrx_word' id='word_1_458' title='bbox 1540 3926 1807 3981; x_wconf 72' lang='lat' dir='ltr'><strong>famelicis</strong></span> 
     </span>
    </p>
   </div>
   <div class='ocr_carea' id='block_1_65' title="bbox 239 4017 1808 4085">
    <p class='ocr_par' dir='ltr' id='par_1_65' title="bbox 239 4017 1808 4085">
     <span class='ocr_line' id='line_1_65' title="bbox 239 4017 1808 4085; baseline 0.001 -15"><span class='ocrx_word' id='word_1_459' title='bbox 239 4026 643 4081; x_wconf 78' lang='lat' dir='ltr'><strong>consueverat;</strong></span> <span class='ocrx_word' id='word_1_460' title='bbox 676 4017 816 4071; x_wconf 89' lang='lat' dir='ltr'><strong>unde</strong></span> <span class='ocrx_word' id='word_1_461' title='bbox 863 4026 1106 4085; x_wconf 77' lang='lat' dir='ltr'><strong>quaestus</strong></span> <span class='ocrx_word' id='word_1_462' title='bbox 1143 4020 1457 4072; x_wconf 92' lang='lat' dir='ltr'><strong>aratoribus</strong></span> <span class='ocrx_word' id='word_1_463' title='bbox 1489 4028 1543 4071; x_wconf 91' lang='lat' dir='ltr'><strong>et</strong></span> <span class='ocrx_word' id='word_1_464' title='bbox 1571 4018 1808 4072; x_wconf 89' lang='lat' dir='ltr'><strong>dominis</strong></span> 
     </span>
    </p>
   </div>
   <div class='ocr_carea' id='block_1_66' title="bbox 237 4112 1809 4183">
    <p class='ocr_par' dir='ltr' id='par_1_66' title="bbox 237 4112 1809 4183">
     <span class='ocr_line' id='line_1_66' title="bbox 237 4112 1809 4183; baseline 0 -17"><span class='ocrx_word' id='word_1_465' title='bbox 237 4128 500 4183; x_wconf 75' lang='lat' dir='ltr'><strong>agrorum</strong></span> <span class='ocrx_word' id='word_1_466' title='bbox 551 4113 1017 4167; x_wconf 88' lang='lat' dir='ltr'><strong>eunmlatissimus</strong></span> <span class='ocrx_word' id='word_1_467' title='bbox 1062 4112 1294 4167; x_wconf 87' lang='lat' dir='ltr'><strong>redibat.</strong></span> <span class='ocrx_word' id='word_1_468' title='bbox 1355 4113 1468 4168; x_wconf 80' lang='lat' dir='ltr'><strong>Hoc</strong></span> <span class='ocrx_word' id='word_1_469' title='bbox 1515 4114 1809 4182; x_wconf 86' lang='lat' dir='ltr'><strong>imperator</strong></span> 
     </span>
    </p>
   </div>
   <div class='ocr_carea' id='block_1_67' title="bbox 238 4205 1809 4260">
    <p class='ocr_par' dir='ltr' id='par_1_67' title="bbox 238 4205 1809 4260">
     <span class='ocr_line' id='line_1_67' title="bbox 238 4205 1809 4260; baseline -0.001 -2"><span class='ocrx_word' id='word_1_470' title='bbox 238 4205 625 4259; x_wconf 85' lang='lat' dir='ltr'><strong>animadverso</strong></span> <span class='ocrx_word' id='word_1_471' title='bbox 668 4205 842 4258; x_wconf 90' lang='lat' dir='ltr'><strong>locum</strong></span> <span class='ocrx_word' id='word_1_472' title='bbox 898 4220 1018 4258; x_wconf 84' lang='lat' dir='ltr'><strong>esse</strong></span> <span class='ocrx_word' id='word_1_473' title='bbox 1062 4207 1295 4259; x_wconf 86' lang='lat' dir='ltr'><strong>credidit</strong></span> <span class='ocrx_word' id='word_1_474' title='bbox 1331 4205 1614 4260; x_wconf 89' lang='lat' dir='ltr'><strong>indictioni</strong></span> <span class='ocrx_word' id='word_1_475' title='bbox 1646 4206 1809 4258; x_wconf 89' lang='lat' dir='ltr'><strong>vecti-</strong></span> 
     </span>
    </p>
   </div>
   <div class='ocr_carea' id='block_1_68' title="bbox 238 4296 1807 4367">
    <p class='ocr_par' dir='ltr' id='par_1_68' title="bbox 238 4296 1807 4367">
     <span class='ocr_line' id='line_1_68' title="bbox 238 4296 1807 4367; baseline -0.001 -16"><span class='ocrx_word' id='word_1_476' title='bbox 238 4299 377 4367; x_wconf 84' lang='lat' dir='ltr'><strong>galis</strong></span> <span class='ocrx_word' id='word_1_477' title='bbox 414 4298 567 4357; x_wconf 87' lang='lat' dir='ltr'><strong>nmi.</strong></span> <span class='ocrx_word' id='word_1_478' title='bbox 600 4312 710 4364; x_wconf 87' lang='lat' dir='ltr'><strong>quo</strong></span> <span class='ocrx_word' id='word_1_479' title='bbox 751 4296 1045 4363; x_wconf 89' lang='lat' dir='ltr'><strong>plurimum</strong></span> <span class='ocrx_word' id='word_1_480' title='bbox 1088 4298 1279 4364; x_wconf 76' lang='lat' dir='ltr'><strong>egebat</strong></span> <span class='ocrx_word' id='word_1_481' title='bbox 1313 4298 1507 4366; x_wconf 85' lang='lat' dir='ltr'><strong>partim</strong></span> <span class='ocrx_word' id='word_1_482' title='bbox 1546 4297 1612 4350; x_wconf 91' lang='lat' dir='ltr'><strong>ad</strong></span> <span class='ocrx_word' id='word_1_483' title='bbox 1652 4311 1807 4351; x_wconf 81' lang='lat' dir='ltr'><strong>com-</strong></span> 
     </span>
    </p>
   </div>
   <div class='ocr_carea' id='block_1_69' title="bbox 239 4390 1811 4461">
    <p class='ocr_par' dir='ltr' id='par_1_69' title="bbox 239 4390 1811 4461">
     <span class='ocr_line' id='line_1_69' title="bbox 239 4390 1811 4461; baseline -0.001 -17"><span class='ocrx_word' id='word_1_484' title='bbox 239 4391 549 4461; x_wconf 86' lang='lat' dir='ltr'><strong>pescendas</strong></span> <span class='ocrx_word' id='word_1_485' title='bbox 600 4390 947 4445; x_wconf 81' lang='lat' dir='ltr'><strong>mercedibus</strong></span> <span class='ocrx_word' id='word_1_486' title='bbox 1001 4391 1463 4458; x_wconf 73' lang='lat' dir='ltr'><strong>reprtescntandis</strong></span> <span class='ocrx_word' id='word_1_487' title='bbox 1500 4404 1811 4443; x_wconf 87' lang='lat' dir='ltr'><strong>murmura-</strong></span> 
     </span>
    </p>
   </div>
   <div class='ocr_carea' id='block_1_70' title="bbox 239 4483 1813 4553">
    <p class='ocr_par' dir='ltr' id='par_1_70' title="bbox 239 4483 1813 4553">
     <span class='ocr_line' id='line_1_70' title="bbox 239 4483 1813 4553; baseline -0.001 -14"><span class='ocrx_word' id='word_1_488' title='bbox 239 4487 419 4539; x_wconf 85' lang='lat' dir='ltr'><strong>tiones</strong></span> <span class='ocrx_word' id='word_1_489' title='bbox 472 4485 880 4538; x_wconf 82' lang='lat' dir='ltr'><strong>contumacium</strong></span> <span class='ocrx_word' id='word_1_490' title='bbox 928 4483 1269 4544; x_wconf 87' lang='lat' dir='ltr'><strong>Latinorum,</strong></span> <span class='ocrx_word' id='word_1_491' title='bbox 1318 4485 1514 4553; x_wconf 89' lang='lat' dir='ltr'><strong>partim</strong></span> <span class='ocrx_word' id='word_1_492' title='bbox 1575 4484 1639 4537; x_wconf 92' lang='lat' dir='ltr'><strong>ad</strong></span> <span class='ocrx_word' id='word_1_493' title='bbox 1679 4499 1813 4537; x_wconf 91' lang='lat' dir='ltr'><strong>usus</strong></span> 
     </span>
    </p>
   </div>
   <div class='ocr_carea' id='block_1_71' title="bbox 1908 3285 3476 3355">
    <p class='ocr_par' dir='ltr' id='par_1_71' title="bbox 1908 3285 3476 3355">
     <span class='ocr_line' id='line_1_71' title="bbox 1908 3285 3476 3355; baseline -0.004 -12"><span class='ocrx_word' id='word_1_494' title='bbox 1908 3290 2177 3343; x_wconf 89' lang='lat' dir='ltr'><strong>teratione</strong></span> <span class='ocrx_word' id='word_1_495' title='bbox 2231 3296 2467 3342; x_wconf 68' lang='lat' dir='ltr'><strong>moneta:</strong></span> <span class='ocrx_word' id='word_1_496' title='bbox 2500 3288 2753 3355; x_wconf 74' lang='lat' dir='ltr'><strong>publieae,</strong></span> <span class='ocrx_word' id='word_1_497' title='bbox 2790 3286 2841 3339; x_wconf 88' lang='lat' dir='ltr'><strong>in</strong></span> <span class='ocrx_word' id='word_1_498' title='bbox 2882 3287 3103 3354; x_wconf 79' lang='lat' dir='ltr'><strong>sequius</strong></span> <span class='ocrx_word' id='word_1_499' title='bbox 3138 3285 3476 3337; x_wconf 78' lang='lat' dir='ltr'><strong>detrahenda</strong></span> 
     </span>
    </p>
   </div>
   <div class='ocr_carea' id='block_1_72' title="bbox 1909 3374 3479 3451">
    <p class='ocr_par' dir='ltr' id='par_1_72' title="bbox 1909 3374 3479 3451">
     <span class='ocr_line' id='line_1_72' title="bbox 1909 3374 3479 3451; baseline -0.004 -18"><span class='ocrx_word' id='word_1_500' title='bbox 1909 3383 2173 3451; x_wconf 83' lang='lat' dir='ltr'><strong>qualitate</strong></span> <span class='ocrx_word' id='word_1_501' title='bbox 2221 3374 2441 3449; x_wconf 76' lang='lat' dir='ltr'><strong>signati.</strong></span> <span class='ocrx_word' id='word_1_502' title='bbox 2473 3380 2614 3442; x_wconf 86' lang='lat' dir='ltr'><strong>auri,</strong></span> <span class='ocrx_word' id='word_1_503' title='bbox 2675 3378 2944 3445; x_wconf 82' lang='lat' dir='ltr'><strong>siquidem</strong></span> <span class='ocrx_word' id='word_1_504' title='bbox 3002 3393 3125 3429; x_wconf 80' lang='lat' dir='ltr'><strong>eum</strong></span> <span class='ocrx_word' id='word_1_505' title='bbox 3186 3379 3337 3445; x_wconf 85' lang='lat' dir='ltr'><strong>prius</strong></span> <span class='ocrx_word' id='word_1_506' title='bbox 3373 3376 3479 3429; x_wconf 81' lang='lat' dir='ltr'><strong>sub</strong></span> 
     </span>
    </p>
   </div>
   <div class='ocr_carea' id='block_1_73' title="bbox 1906 3468 3477 3540">
    <p class='ocr_par' dir='ltr' id='par_1_73' title="bbox 1906 3468 3477 3540">
     <span class='ocr_line' id='line_1_73' title="bbox 1906 3468 3477 3540; baseline -0.005 -13"><span class='ocrx_word' id='word_1_507' title='bbox 1906 3472 2121 3527; x_wconf 81' lang='lat' dir='ltr'><strong>Joanne</strong></span> <span class='ocrx_word' id='word_1_508' title='bbox 2156 3474 2303 3527; x_wconf 87' lang='lat' dir='ltr'><strong>Duca</strong></span> <span class='ocrx_word' id='word_1_509' title='bbox 2342 3480 2573 3525; x_wconf 80' lang='lat' dir='ltr'><strong>eatenus</strong></span> <span class='ocrx_word' id='word_1_510' title='bbox 2605 3480 2859 3537; x_wconf 88' lang='lat' dir='ltr'><strong>corrupta</strong></span> <span class='ocrx_word' id='word_1_511' title='bbox 2893 3469 3056 3540; x_wconf 62' lang='grc'><strong>494</strong></span> <span class='ocrx_word' id='word_1_512' title='bbox 3090 3476 3238 3522; x_wconf 85' lang='lat' dir='ltr'><strong>esset</strong></span> <span class='ocrx_word' id='word_1_513' title='bbox 3271 3468 3477 3521; x_wconf 90' lang='lat' dir='ltr'><strong>nummi</strong></span> 
     </span>
    </p>
   </div>
   <div class='ocr_carea' id='block_1_74' title="bbox 1905 3561 3482 3630">
    <p class='ocr_par' dir='ltr' id='par_1_74' title="bbox 1905 3561 3482 3630">
     <span class='ocr_line' id='line_1_74' title="bbox 1905 3561 3482 3630; baseline -0.004 -11"><span class='ocrx_word' id='word_1_514' title='bbox 1905 3567 2056 3619; x_wconf 89' lang='lat' dir='ltr'><strong>aurei</strong></span> <span class='ocrx_word' id='word_1_515' title='bbox 2110 3566 2404 3620; x_wconf 82' lang='lat' dir='ltr'><strong>sinceritas</strong></span> <span class='ocrx_word' id='word_1_516' title='bbox 2439 3573 2494 3618; x_wconf 92' lang='lat' dir='ltr'><strong>ut</strong></span> <span class='ocrx_word' id='word_1_517' title='bbox 2527 3564 2645 3616; x_wconf 82' lang='lat' dir='ltr'><strong>auri</strong></span> <span class='ocrx_word' id='word_1_518' title='bbox 2701 3562 2821 3630; x_wconf 92' lang='lat' dir='ltr'><strong>puri</strong></span> <span class='ocrx_word' id='word_1_519' title='bbox 2872 3561 3158 3614; x_wconf 90' lang='lat' dir='ltr'><strong>dimidimu</strong></span> <span class='ocrx_word' id='word_1_520' title='bbox 3215 3561 3482 3613; x_wconf 79' lang='lat' dir='ltr'><strong>duntaxat</strong></span> 
     </span>
    </p>
   </div>
   <div class='ocr_carea' id='block_1_75' title="bbox 1909 3653 3480 3725">
    <p class='ocr_par' dir='ltr' id='par_1_75' title="bbox 1909 3653 3480 3725">
     <span class='ocr_line' id='line_1_75' title="bbox 1909 3653 3480 3725; baseline -0.006 -13"><span class='ocrx_word' id='word_1_521' title='bbox 1909 3660 2135 3713; x_wconf 84' lang='lat' dir='ltr'><strong>haberet</strong></span> <span class='ocrx_word' id='word_1_522' title='bbox 2173 3657 2403 3725; x_wconf 89' lang='lat' dir='ltr'><strong>pondus,</strong></span> <span class='ocrx_word' id='word_1_523' title='bbox 2458 3656 2673 3723; x_wconf 71' lang='lat' dir='ltr'><strong>reliquo</strong></span> <span class='ocrx_word' id='word_1_524' title='bbox 2720 3670 2750 3709; x_wconf 91' lang='lat' dir='ltr'><strong>e</strong></span> <span class='ocrx_word' id='word_1_525' title='bbox 2797 3654 3054 3707; x_wconf 91' lang='lat' dir='ltr'><strong>deteriori</strong></span> <span class='ocrx_word' id='word_1_526' title='bbox 3093 3653 3318 3706; x_wconf 86' lang='lat' dir='ltr'><strong>materia</strong></span> <span class='ocrx_word' id='word_1_527' title='bbox 3353 3655 3480 3705; x_wconf 80' lang='lat' dir='ltr'><strong>Silli-</strong></span> 
     </span>
    </p>
   </div>
   <div class='ocr_carea' id='block_1_76' title="bbox 1911 3738 3477 3817">
    <p class='ocr_par' dir='ltr' id='par_1_76' title="bbox 1911 3738 3477 3817">
     <span class='ocr_line' id='line_1_76' title="bbox 1911 3738 3477 3817; baseline -0.003 -18"><span class='ocrx_word' id='word_1_528' title='bbox 1911 3750 2077 3802; x_wconf 75' lang='lat' dir='ltr'><strong>misto</strong></span> <span class='ocrx_word' id='word_1_529' title='bbox 2120 3748 2237 3817; x_wconf 90' lang='lat' dir='ltr'><strong>(qui</strong></span> <span class='ocrx_word' id='word_1_530' title='bbox 2304 3764 2437 3802; x_wconf 89' lang='lat' dir='ltr'><strong>usus</strong></span> <span class='ocrx_word' id='word_1_531' title='bbox 2505 3761 2680 3815; x_wconf 87' lang='lat' dir='ltr'><strong>usque</strong></span> <span class='ocrx_word' id='word_1_532' title='bbox 2753 3745 2819 3799; x_wconf 89' lang='lat' dir='ltr'><strong>ad</strong></span> <span class='ocrx_word' id='word_1_533' title='bbox 2888 3746 3172 3799; x_wconf 79' lang='lat' dir='ltr'><strong>Michaelis</strong></span> <span class='ocrx_word' id='word_1_534' title='bbox 3201 3738 3477 3812; x_wconf 76' lang='lat' dir='ltr'><strong>&#39;tcmpora</strong></span> 
     </span>
    </p>
   </div>
   <div class='ocr_carea' id='block_1_77' title="bbox 1908 3835 3476 3907">
    <p class='ocr_par' dir='ltr' id='par_1_77' title="bbox 1908 3835 3476 3907">
     <span class='ocr_line' id='line_1_77' title="bbox 1908 3835 3476 3907; baseline -0.003 -17"><span class='ocrx_word' id='word_1_535' title='bbox 1908 3838 2319 3905; x_wconf 74' lang='lat' dir='ltr'><strong>perseveravit),</strong></span> <span class='ocrx_word' id='word_1_536' title='bbox 2356 3838 2519 3905; x_wconf 87' lang='lat' dir='ltr'><strong>hujus</strong></span> <span class='ocrx_word' id='word_1_537' title='bbox 2552 3839 2747 3907; x_wconf 87' lang='lat' dir='ltr'><strong>primis</strong></span> <span class='ocrx_word' id='word_1_538' title='bbox 2799 3837 2981 3898; x_wconf 83' lang='lat' dir='ltr'><strong>annis,</strong></span> <span class='ocrx_word' id='word_1_539' title='bbox 3015 3844 3229 3904; x_wconf 88' lang='lat' dir='ltr'><strong>recepta</strong></span> <span class='ocrx_word' id='word_1_540' title='bbox 3263 3851 3293 3889; x_wconf 90' lang='lat' dir='ltr'><strong>e</strong></span> <span class='ocrx_word' id='word_1_541' title='bbox 3334 3835 3476 3887; x_wconf 85' lang='lat' dir='ltr'><strong>Lati-</strong></span> 
     </span>
    </p>
   </div>
   <div class='ocr_carea' id='block_1_78' title="bbox 1909 3926 3480 3999">
    <p class='ocr_par' dir='ltr' id='par_1_78' title="bbox 1909 3926 3480 3999">
     <span class='ocr_line' id='line_1_78' title="bbox 1909 3926 3480 3999; baseline -0.006 -13"><span class='ocrx_word' id='word_1_542' title='bbox 1909 3934 1998 3986; x_wconf 91' lang='lat' dir='ltr'><strong>nis</strong></span> <span class='ocrx_word' id='word_1_543' title='bbox 2042 3930 2547 3999; x_wconf 78' lang='lat' dir='ltr'><strong>ConstantinOpoli,</strong></span> <span class='ocrx_word' id='word_1_544' title='bbox 2587 3944 2711 3983; x_wconf 92' lang='lat' dir='ltr'><strong>cum</strong></span> <span class='ocrx_word' id='word_1_545' title='bbox 2769 3928 2911 3982; x_wconf 89' lang='lat' dir='ltr'><strong>idem</strong></span> <span class='ocrx_word' id='word_1_546' title='bbox 2962 3926 3194 3981; x_wconf 74' lang='lat' dir='ltr'><strong>Michael</strong></span> <span class='ocrx_word' id='word_1_547' title='bbox 3252 3926 3480 3995; x_wconf 88' lang='lat' dir='ltr'><strong>pecunia</strong></span> 
     </span>
    </p>
   </div>
   <div class='ocr_carea' id='block_1_79' title="bbox 1909 4016 3482 4089">
    <p class='ocr_par' dir='ltr' id='par_1_79' title="bbox 1909 4016 3482 4089">
     <span class='ocr_line' id='line_1_79' title="bbox 1909 4016 3482 4089; baseline -0.004 -14"><span class='ocrx_word' id='word_1_548' title='bbox 1909 4031 2092 4089; x_wconf 80' lang='lat' dir='ltr'><strong>egeret</strong></span> <span class='ocrx_word' id='word_1_549' title='bbox 2126 4019 2192 4073; x_wconf 90' lang='lat' dir='ltr'><strong>ad</strong></span> <span class='ocrx_word' id='word_1_550' title='bbox 2238 4020 2567 4088; x_wconf 82' lang='lat' dir='ltr'><strong>largitiones</strong></span> <span class='ocrx_word' id='word_1_551' title='bbox 2628 4018 2971 4073; x_wconf 87' lang='lat' dir='ltr'><strong>necessarias</strong></span> <span class='ocrx_word' id='word_1_552' title='bbox 3000 4055 3014 4080; x_wconf 96' lang='lat'><strong>,</strong></span> <span class='ocrx_word' id='word_1_553' title='bbox 3069 4017 3369 4086; x_wconf 66' lang='lat' dir='ltr'><strong>praesertim</strong></span> <span class='ocrx_word' id='word_1_554' title='bbox 3405 4016 3482 4069; x_wconf 79' lang='lat' dir='ltr'><strong>fa-</strong></span> 
     </span>
    </p>
   </div>
   <div class='ocr_carea' id='block_1_80' title="bbox 1910 4110 3477 4171">
    <p class='ocr_par' dir='ltr' id='par_1_80' title="bbox 1910 4110 3477 4171">
     <span class='ocr_line' id='line_1_80' title="bbox 1910 4110 3477 4171; baseline -0.006 -3"><span class='ocrx_word' id='word_1_555' title='bbox 1910 4114 2132 4168; x_wconf 88' lang='lat' dir='ltr'><strong>ciendas</strong></span> <span class='ocrx_word' id='word_1_556' title='bbox 2187 4110 2357 4171; x_wconf 87' lang='lat' dir='ltr'><strong>Italis,</strong></span> <span class='ocrx_word' id='word_1_557' title='bbox 2401 4110 2591 4164; x_wconf 90' lang='lat' dir='ltr'><strong>recudi</strong></span> <span class='ocrx_word' id='word_1_558' title='bbox 2644 4120 2921 4163; x_wconf 89' lang='lat' dir='ltr'><strong>monetam</strong></span> <span class='ocrx_word' id='word_1_559' title='bbox 2978 4123 3195 4162; x_wconf 89' lang='lat' dir='ltr'><strong>omnem</strong></span> <span class='ocrx_word' id='word_1_560' title='bbox 3257 4122 3477 4161; x_wconf 87' lang='lat' dir='ltr'><strong>auream</strong></span> 
     </span>
    </p>
   </div>
   <div class='ocr_carea' id='block_1_81' title="bbox 1909 4200 3480 4274">
    <p class='ocr_par' dir='ltr' id='par_1_81' title="bbox 1909 4200 3480 4274">
     <span class='ocr_line' id='line_1_81' title="bbox 1909 4200 3480 4274; baseline -0.002 -21"><span class='ocrx_word' id='word_1_561' title='bbox 1909 4204 2099 4274; x_wconf 77' lang='lat' dir='ltr'><strong>jussit,</strong></span> <span class='ocrx_word' id='word_1_562' title='bbox 2159 4209 2426 4270; x_wconf 77' lang='lat' dir='ltr'><strong>przetextu</strong></span> <span class='ocrx_word' id='word_1_563' title='bbox 2484 4200 2812 4253; x_wconf 89' lang='lat' dir='ltr'><strong>immutandi</strong></span> <span class='ocrx_word' id='word_1_564' title='bbox 2865 4207 3024 4255; x_wconf 90' lang='lat' dir='ltr'><strong>notas</strong></span> <span class='ocrx_word' id='word_1_565' title='bbox 3066 4208 3280 4252; x_wconf 83' lang='lat' dir='ltr'><strong>veteres</strong></span> <span class='ocrx_word' id='word_1_566' title='bbox 3314 4213 3480 4251; x_wconf 77' lang='lat' dir='ltr'><strong>:uam</strong></span> 
     </span>
    </p>
   </div>
   <div class='ocr_carea' id='block_1_82' title="bbox 1914 4290 3481 4367">
    <p class='ocr_par' dir='ltr' id='par_1_82' title="bbox 1914 4290 3481 4367">
     <span class='ocr_line' id='line_1_82' title="bbox 1914 4290 3481 4367; baseline -0.006 -17"><span class='ocrx_word' id='word_1_567' title='bbox 1914 4311 2013 4367; x_wconf 87' lang='lat' dir='ltr'><strong>pro</strong></span> <span class='ocrx_word' id='word_1_568' title='bbox 2062 4304 2222 4349; x_wconf 86' lang='lat' dir='ltr'><strong>antea</strong></span> <span class='ocrx_word' id='word_1_569' title='bbox 2262 4293 2483 4347; x_wconf 83' lang='lat' dir='ltr'><strong>usitatis</strong></span> <span class='ocrx_word' id='word_1_570' title='bbox 2514 4292 2683 4361; x_wconf 83' lang='lat' dir='ltr'><strong>signis</strong></span> <span class='ocrx_word' id='word_1_571' title='bbox 2714 4292 2903 4346; x_wconf 90' lang='lat' dir='ltr'><strong>urbem</strong></span> <span class='ocrx_word' id='word_1_572' title='bbox 2949 4290 3481 4359; x_wconf 86' lang='lat' dir='ltr'><strong>Constantinopolim</strong></span> 
     </span>
    </p>
   </div>
   <div class='ocr_carea' id='block_1_83' title="bbox 1914 4371 3481 4455">
    <p class='ocr_par' dir='ltr' id='par_1_83' title="bbox 1914 4371 3481 4455">
     <span class='ocr_line' id='line_1_83' title="bbox 1914 4371 3481 4455; baseline -0.005 -13"><span class='ocrx_word' id='word_1_573' title='bbox 1914 4389 1970 4442; x_wconf 93' lang='lat' dir='ltr'><strong>in</strong></span> <span class='ocrx_word' id='word_1_574' title='bbox 2012 4388 2221 4455; x_wconf 82' lang='lat' dir='ltr'><strong>postica</strong></span> <span class='ocrx_word' id='word_1_575' title='bbox 2257 4371 2464 4440; x_wconf 71' lang='lat' dir='ltr'><strong>numini</strong></span> <span class='ocrx_word' id='word_1_576' title='bbox 2495 4385 2636 4439; x_wconf 86' lang='lat' dir='ltr'><strong>facie</strong></span> <span class='ocrx_word' id='word_1_577' title='bbox 2667 4385 2839 4437; x_wconf 84' lang='lat' dir='ltr'><strong>voluit</strong></span> <span class='ocrx_word' id='word_1_578' title='bbox 2867 4396 3107 4438; x_wconf 76' lang='lat' dir='ltr'><strong>exstare.</strong></span> <span class='ocrx_word' id='word_1_579' title='bbox 3144 4383 3343 4437; x_wconf 84' lang='lat' dir='ltr'><strong>Verum</strong></span> <span class='ocrx_word' id='word_1_580' title='bbox 3379 4383 3481 4436; x_wconf 77' lang='lat' dir='ltr'><strong>ista</strong></span> 
     </span>
    </p>
   </div>
   <div class='ocr_carea' id='block_1_84' title="bbox 1915 4474 3485 4541">
    <p class='ocr_par' dir='ltr' id='par_1_84' title="bbox 1915 4474 3485 4541">
     <span class='ocr_line' id='line_1_84' title="bbox 1915 4474 3485 4541; baseline -0.005 -10"><span class='ocrx_word' id='word_1_581' title='bbox 1915 4477 2201 4531; x_wconf 86' lang='lat' dir='ltr'><strong>occasione</strong></span> <span class='ocrx_word' id='word_1_582' title='bbox 2232 4475 2454 4530; x_wconf 85' lang='lat' dir='ltr'><strong>dctrivit</strong></span> <span class='ocrx_word' id='word_1_583' title='bbox 2498 4474 2701 4526; x_wconf 88' lang='lat' dir='ltr'><strong>metalli</strong></span> <span class='ocrx_word' id='word_1_584' title='bbox 2739 4474 3061 4541; x_wconf 88' lang='lat' dir='ltr'><strong>probitatem</strong></span> <span class='ocrx_word' id='word_1_585' title='bbox 3110 4488 3176 4527; x_wconf 90' lang='lat' dir='ltr'><strong>eo</strong></span> <span class='ocrx_word' id='word_1_586' title='bbox 3208 4487 3379 4540; x_wconf 88' lang='lat' dir='ltr'><strong>usque</strong></span> <span class='ocrx_word' id='word_1_587' title='bbox 3425 4480 3485 4524; x_wconf 94' lang='lat' dir='ltr'><strong>ut</strong></span> 
     </span>
    </p>
   </div>
   <div class='ocr_carea' id='block_1_85' title="bbox 236 4552 3484 4647">
    <p class='ocr_par' dir='ltr' id='par_1_85' title="bbox 236 4552 3484 4647">
     <span class='ocr_line' id='line_1_85' title="bbox 236 4552 3484 4647; baseline -0.005 -15"><span class='ocrx_word' id='word_1_588' title='bbox 236 4580 378 4632; x_wconf 88' lang='lat' dir='ltr'><strong>alios</strong></span> <span class='ocrx_word' id='word_1_589' title='bbox 414 4577 854 4631; x_wconf 86' lang='lat' dir='ltr'><strong>necessariorum</strong></span> <span class='ocrx_word' id='word_1_590' title='bbox 888 4586 1220 4645; x_wconf 87' lang='lat' dir='ltr'><strong>sumptmun.</strong></span> <span class='ocrx_word' id='word_1_591' title='bbox 1250 4552 1392 4647; x_wconf 78' lang='lat' dir='ltr'><strong>Ergo</strong></span> <span class='ocrx_word' id='word_1_592' title='bbox 1419 4577 1584 4632; x_wconf 87' lang='lat' dir='ltr'><strong>edicit</strong></span> <span class='ocrx_word' id='word_1_593' title='bbox 1611 4587 1667 4630; x_wconf 91' lang='lat' dir='ltr'><strong>ut</strong></span> <span class='ocrx_word' id='word_1_594' title='bbox 1696 4578 1813 4633; x_wconf 90' lang='lat' dir='ltr'><strong>siu-</strong></span> <span class='ocrx_word' id='word_1_595' title='bbox 1846 4552 1888 4608; x_wconf 71' lang='grc' dir='ltr'>θ</span> <span class='ocrx_word' id='word_1_596' title='bbox 1917 4587 1947 4624; x_wconf 86' lang='lat' dir='ltr'><strong>e</strong></span> <span class='ocrx_word' id='word_1_597' title='bbox 1981 4569 2171 4637; x_wconf 72' lang='lat' dir='ltr'><strong>viginti</strong></span> <span class='ocrx_word' id='word_1_598' title='bbox 2222 4579 2459 4637; x_wconf 89' lang='lat' dir='ltr'><strong>quatuor</strong></span> <span class='ocrx_word' id='word_1_599' title='bbox 2510 4567 2760 4633; x_wconf 87' lang='lat' dir='ltr'><strong>partibus</strong></span> <span class='ocrx_word' id='word_1_600' title='bbox 2814 4567 2962 4619; x_wconf 89' lang='lat' dir='ltr'><strong>aurei</strong></span> <span class='ocrx_word' id='word_1_601' title='bbox 2995 4565 3155 4619; x_wconf 89' lang='lat' dir='ltr'><strong>solidi</strong></span> <span class='ocrx_word' id='word_1_602' title='bbox 3192 4565 3313 4619; x_wconf 84' lang='lat' dir='ltr'><strong>auri</strong></span> <span class='ocrx_word' id='word_1_603' title='bbox 3343 4564 3484 4617; x_wconf 88' lang='lat' dir='ltr'><strong>dun-</strong></span> 
     </span>
    </p>
   </div>
   <div class='ocr_carea' id='block_1_86' title="bbox 237 4669 1810 4739">
    <p class='ocr_par' dir='ltr' id='par_1_86' title="bbox 237 4669 1810 4739">
     <span class='ocr_line' id='line_1_86' title="bbox 237 4669 1810 4739; baseline -0.003 -15"><span class='ocrx_word' id='word_1_604' title='bbox 237 4672 349 4737; x_wconf 83' lang='lat' dir='ltr'><strong>guii</strong></span> <span class='ocrx_word' id='word_1_605' title='bbox 384 4669 645 4739; x_wconf 69' lang='lat' dir='ltr'><strong>agricola:</strong></span> <span class='ocrx_word' id='word_1_606' title='bbox 674 4684 986 4723; x_wconf 86' lang='lat' dir='ltr'><strong>mensuram</strong></span> <span class='ocrx_word' id='word_1_607' title='bbox 1011 4684 1041 4722; x_wconf 92' lang='lat' dir='ltr'><strong>e</strong></span> <span class='ocrx_word' id='word_1_608' title='bbox 1065 4684 1160 4723; x_wconf 85' lang='lat' dir='ltr'><strong>sua</strong></span> <span class='ocrx_word' id='word_1_609' title='bbox 1194 4685 1369 4723; x_wconf 84' lang='lat' dir='ltr'><strong>messe</strong></span> <span class='ocrx_word' id='word_1_610' title='bbox 1404 4684 1508 4723; x_wconf 89' lang='lat' dir='ltr'><strong>non</strong></span> <span class='ocrx_word' id='word_1_611' title='bbox 1538 4684 1810 4736; x_wconf 82' lang='lat' dir='ltr'><strong>magnam,</strong></span> 
     </span>
    </p>
   </div>
   <div class='ocr_carea' id='block_1_87' title="bbox 238 4757 1812 4825">
    <p class='ocr_par' dir='ltr' id='par_1_87' title="bbox 238 4757 1812 4825">
     <span class='ocr_line' id='line_1_87' title="bbox 238 4757 1812 4825; baseline 0.001 -15"><span class='ocrx_word' id='word_1_612' title='bbox 238 4758 471 4811; x_wconf 89' lang='lat' dir='ltr'><strong>minime</strong></span> <span class='ocrx_word' id='word_1_613' title='bbox 522 4757 675 4824; x_wconf 84' lang='lat' dir='ltr'><strong>gravi</strong></span> <span class='ocrx_word' id='word_1_614' title='bbox 733 4757 786 4809; x_wconf 91' lang='lat' dir='ltr'><strong>in</strong></span> <span class='ocrx_word' id='word_1_615' title='bbox 849 4764 1000 4810; x_wconf 87' lang='lat' dir='ltr'><strong>tanta</strong></span> <span class='ocrx_word' id='word_1_616' title='bbox 1050 4758 1206 4825; x_wconf 84' lang='lat' dir='ltr'><strong>copia</strong></span> <span class='ocrx_word' id='word_1_617' title='bbox 1265 4758 1582 4821; x_wconf 90' lang='lat' dir='ltr'><strong>collatione,</strong></span> <span class='ocrx_word' id='word_1_618' title='bbox 1620 4759 1812 4811; x_wconf 90' lang='lat' dir='ltr'><strong>darent</strong></span> 
     </span>
    </p>
   </div>
   <div class='ocr_carea' id='block_1_88' title="bbox 235 4849 1809 4917">
    <p class='ocr_par' dir='ltr' id='par_1_88' title="bbox 235 4849 1809 4917">
     <span class='ocr_line' id='line_1_88' title="bbox 235 4849 1809 4917; baseline -0.001 -14"><span class='ocrx_word' id='word_1_619' title='bbox 235 4849 581 4917; x_wconf 65' lang='lat' dir='ltr'><strong>reipublicae,</strong></span> <span class='ocrx_word' id='word_1_620' title='bbox 628 4863 805 4917; x_wconf 89' lang='lat' dir='ltr'><strong>eoque</strong></span> <span class='ocrx_word' id='word_1_621' title='bbox 867 4849 1082 4903; x_wconf 87' lang='lat' dir='ltr'><strong>modico</strong></span> <span class='ocrx_word' id='word_1_622' title='bbox 1140 4850 1315 4917; x_wconf 90' lang='lat' dir='ltr'><strong>pretio</strong></span> <span class='ocrx_word' id='word_1_623' title='bbox 1377 4849 1809 4904; x_wconf 84' lang='lat' dir='ltr'><strong>lucrosissimam</strong></span> 
     </span>
    </p>
   </div>
   <div class='ocr_carea' id='block_1_89' title="bbox 237 4938 1811 5006">
    <p class='ocr_par' dir='ltr' id='par_1_89' title="bbox 237 4938 1811 5006">
     <span class='ocr_line' id='line_1_89' title="bbox 237 4938 1811 5006; baseline -0.001 -13"><span class='ocrx_word' id='word_1_624' title='bbox 237 4940 344 4994; x_wconf 86' lang='lat' dir='ltr'><strong>sibi</strong></span> <span class='ocrx_word' id='word_1_625' title='bbox 380 4938 701 4992; x_wconf 75' lang='lat' dir='ltr'><strong>facilitatem</strong></span> <span class='ocrx_word' id='word_1_626' title='bbox 740 4948 991 4992; x_wconf 89' lang='lat' dir='ltr'><strong>emerent</strong></span> <span class='ocrx_word' id='word_1_627' title='bbox 1018 4938 1274 4991; x_wconf 91' lang='lat' dir='ltr'><strong>frumenti</strong></span> <span class='ocrx_word' id='word_1_628' title='bbox 1308 4940 1392 4991; x_wconf 92' lang='lat' dir='ltr'><strong>sui</strong></span> <span class='ocrx_word' id='word_1_629' title='bbox 1418 4946 1587 5006; x_wconf 90' lang='lat' dir='ltr'><strong>atque</strong></span> <span class='ocrx_word' id='word_1_630' title='bbox 1619 4938 1811 4992; x_wconf 88' lang='lat' dir='ltr'><strong>hordei</strong></span> 
     </span>
    </p>
   </div>
   <div class='ocr_carea' id='block_1_90' title="bbox 237 5025 1813 5101">
    <p class='ocr_par' dir='ltr' id='par_1_90' title="bbox 237 5025 1813 5101">
     <span class='ocr_line' id='line_1_90' title="bbox 237 5025 1813 5101; baseline -0.002 -15"><span class='ocrx_word' id='word_1_631' title='bbox 237 5033 507 5101; x_wconf 78' lang='lat' dir='ltr'><strong>plaustris</strong></span> <span class='ocrx_word' id='word_1_632' title='bbox 534 5032 806 5099; x_wconf 86' lang='lat' dir='ltr'><strong>bigisque,</strong></span> <span class='ocrx_word' id='word_1_633' title='bbox 850 5045 1071 5099; x_wconf 91' lang='lat' dir='ltr'><strong>quoquo</strong></span> <span class='ocrx_word' id='word_1_634' title='bbox 1106 5031 1329 5093; x_wconf 80' lang='lat' dir='ltr'><strong>vellent,</strong></span> <span class='ocrx_word' id='word_1_635' title='bbox 1360 5025 1641 5084; x_wconf 83' lang='lat' dir='ltr'><strong>venditu&#39;m</strong></span> <span class='ocrx_word' id='word_1_636' title='bbox 1690 5030 1813 5083; x_wconf 90' lang='lat' dir='ltr'><strong>mit-</strong></span> 
     </span>
    </p>
   </div>
   <div class='ocr_carea' id='block_1_91' title="bbox 237 5122 1809 5193">
    <p class='ocr_par' dir='ltr' id='par_1_91' title="bbox 237 5122 1809 5193">
     <span class='ocr_line' id='line_1_91' title="bbox 237 5122 1809 5193; baseline -0.002 -17"><span class='ocrx_word' id='word_1_637' title='bbox 237 5123 413 5176; x_wconf 86' lang='lat' dir='ltr'><strong>tendi.</strong></span> <span class='ocrx_word' id='word_1_638' title='bbox 469 5124 549 5175; x_wconf 79' lang='lat' dir='ltr'><strong>Ad</strong></span> <span class='ocrx_word' id='word_1_639' title='bbox 592 5124 695 5175; x_wconf 82' lang='lat' dir='ltr'><strong>hoc</strong></span> <span class='ocrx_word' id='word_1_640' title='bbox 726 5123 1019 5193; x_wconf 88' lang='lat' dir='ltr'><strong>unicuique</strong></span> <span class='ocrx_word' id='word_1_641' title='bbox 1068 5123 1233 5177; x_wconf 89' lang='lat' dir='ltr'><strong>modii</strong></span> <span class='ocrx_word' id='word_1_642' title='bbox 1272 5138 1365 5177; x_wconf 78' lang='lat' dir='ltr'><strong>sex</strong></span> <span class='ocrx_word' id='word_1_643' title='bbox 1398 5123 1590 5185; x_wconf 89' lang='lat' dir='ltr'><strong>tritici,</strong></span> <span class='ocrx_word' id='word_1_644' title='bbox 1624 5122 1809 5176; x_wconf 84' lang='lat' dir='ltr'><strong>hordei</strong></span> 
     </span>
    </p>
   </div>
   <div class='ocr_carea' id='block_1_92' title="bbox 236 5214 1809 5284">
    <p class='ocr_par' dir='ltr' id='par_1_92' title="bbox 236 5214 1809 5284">
     <span class='ocr_line' id='line_1_92' title="bbox 236 5214 1809 5284; baseline 0.001 -19"><span class='ocrx_word' id='word_1_645' title='bbox 236 5224 499 5283; x_wconf 80' lang='lat' dir='ltr'><strong>quatuor,</strong></span> <span class='ocrx_word' id='word_1_646' title='bbox 538 5229 635 5283; x_wconf 90' lang='lat' dir='ltr'><strong>per</strong></span> <span class='ocrx_word' id='word_1_647' title='bbox 660 5215 777 5269; x_wconf 83' lang='lat' dir='ltr'><strong>loca</strong></span> <span class='ocrx_word' id='word_1_648' title='bbox 815 5216 1027 5284; x_wconf 76' lang='lat' dir='ltr'><strong>singula</strong></span> <span class='ocrx_word' id='word_1_649' title='bbox 1061 5215 1330 5283; x_wconf 88' lang='lat' dir='ltr'><strong>pendendi</strong></span> <span class='ocrx_word' id='word_1_650' title='bbox 1377 5222 1504 5267; x_wconf 89' lang='lat' dir='ltr'><strong>sunt</strong></span> <span class='ocrx_word' id='word_1_651' title='bbox 1536 5214 1809 5282; x_wconf 83' lang='lat' dir='ltr'><strong>imperati.</strong></span> 
     </span>
    </p>
   </div>
   <div class='ocr_carea' id='block_1_93' title="bbox 237 5306 1809 5375">
    <p class='ocr_par' dir='ltr' id='par_1_93' title="bbox 237 5306 1809 5375">
     <span class='ocr_line' id='line_1_93' title="bbox 237 5306 1809 5375; baseline 0 -16"><span class='ocrx_word' id='word_1_652' title='bbox 237 5307 316 5359; x_wconf 74' lang='lat' dir='ltr'><strong>Ex</strong></span> <span class='ocrx_word' id='word_1_653' title='bbox 353 5307 458 5360; x_wconf 87' lang='lat' dir='ltr'><strong>hac</strong></span> <span class='ocrx_word' id='word_1_654' title='bbox 492 5307 787 5360; x_wconf 82' lang='lat' dir='ltr'><strong>collectitia</strong></span> <span class='ocrx_word' id='word_1_655' title='bbox 817 5322 1033 5360; x_wconf 85' lang='lat' dir='ltr'><strong>annona</strong></span> <span class='ocrx_word' id='word_1_656' title='bbox 1069 5322 1265 5375; x_wconf 81' lang='lat' dir='ltr'><strong>magno</strong></span> <span class='ocrx_word' id='word_1_657' title='bbox 1296 5306 1476 5359; x_wconf 85' lang='lat' dir='ltr'><strong>statim</strong></span> <span class='ocrx_word' id='word_1_658' title='bbox 1511 5306 1809 5372; x_wconf 87' lang='lat' dir='ltr'><strong>divendita,</strong></span> 
     </span>
    </p>
   </div>
   <div class='ocr_carea' id='block_1_94' title="bbox 239 5397 1809 5468">
    <p class='ocr_par' dir='ltr' id='par_1_94' title="bbox 239 5397 1809 5468">
     <span class='ocr_line' id='line_1_94' title="bbox 239 5397 1809 5468; baseline -0.001 -16"><span class='ocrx_word' id='word_1_659' title='bbox 239 5400 358 5452; x_wconf 87' lang='lat' dir='ltr'><strong>auri</strong></span> <span class='ocrx_word' id='word_1_660' title='bbox 418 5399 745 5468; x_wconf 86' lang='lat' dir='ltr'><strong>argentique</strong></span> <span class='ocrx_word' id='word_1_661' title='bbox 803 5413 1047 5453; x_wconf 80' lang='lat' dir='ltr'><strong>summas</strong></span> <span class='ocrx_word' id='word_1_662' title='bbox 1096 5399 1346 5467; x_wconf 82' lang='lat' dir='ltr'><strong>ingentes</strong></span> <span class='ocrx_word' id='word_1_663' title='bbox 1401 5397 1551 5451; x_wconf 79' lang='lat' dir='ltr'><strong>reddi</strong></span> <span class='ocrx_word' id='word_1_664' title='bbox 1611 5412 1809 5461; x_wconf 80' lang='lat' dir='ltr'><strong>magno</strong></span> 
     </span>
    </p>
   </div>
   <div class='ocr_carea' id='block_1_95' title="bbox 237 5490 1807 5560">
    <p class='ocr_par' dir='ltr' id='par_1_95' title="bbox 237 5490 1807 5560">
     <span class='ocr_line' id='line_1_95' title="bbox 237 5490 1807 5560; baseline -0.003 -16"><span class='ocrx_word' id='word_1_665' title='bbox 237 5491 364 5545; x_wconf 81' lang='lat' dir='ltr'><strong>duci</strong></span> <span class='ocrx_word' id='word_1_666' title='bbox 390 5490 597 5560; x_wconf 86' lang='lat' dir='ltr'><strong>jussit;</strong></span> <span class='ocrx_word' id='word_1_667' title='bbox 639 5492 853 5560; x_wconf 82' lang='lat' dir='ltr'><strong>istoque</strong></span> <span class='ocrx_word' id='word_1_668' title='bbox 887 5492 966 5546; x_wconf 91' lang='lat' dir='ltr'><strong>sic</strong></span> <span class='ocrx_word' id='word_1_669' title='bbox 996 5492 1214 5554; x_wconf 85' lang='lat' dir='ltr'><strong>satiat‘o,</strong></span> <span class='ocrx_word' id='word_1_670' title='bbox 1247 5490 1467 5559; x_wconf 88' lang='lat' dir='ltr'><strong>quietus</strong></span> <span class='ocrx_word' id='word_1_671' title='bbox 1492 5490 1604 5558; x_wconf 90' lang='lat' dir='ltr'><strong>jam</strong></span> <span class='ocrx_word' id='word_1_672' title='bbox 1650 5490 1717 5542; x_wconf 90' lang='lat' dir='ltr'><strong>ab</strong></span> <span class='ocrx_word' id='word_1_673' title='bbox 1746 5504 1807 5542; x_wconf 88' lang='lat' dir='ltr'><strong>ea</strong></span> 
     </span>
    </p>
   </div>
   <div class='ocr_carea' id='block_1_96' title="bbox 239 5580 1811 5653">
    <p class='ocr_par' dir='ltr' id='par_1_96' title="bbox 239 5580 1811 5653">
     <span class='ocr_line' id='line_1_96' title="bbox 239 5580 1811 5653; baseline -0.003 -17"><span class='ocrx_word' id='word_1_674' title='bbox 239 5594 397 5651; x_wconf 76' lang='lat' dir='ltr'><strong>parte</strong></span> <span class='ocrx_word' id='word_1_675' title='bbox 445 5584 747 5651; x_wconf 84' lang='lat' dir='ltr'><strong>imperator</strong></span> <span class='ocrx_word' id='word_1_676' title='bbox 805 5582 1111 5653; x_wconf 77' lang='lat' dir='ltr'><strong>Mpyrigerii</strong></span> <span class='ocrx_word' id='word_1_677' title='bbox 1156 5597 1376 5651; x_wconf 91' lang='lat' dir='ltr'><strong>quoque</strong></span> <span class='ocrx_word' id='word_1_678' title='bbox 1418 5596 1515 5649; x_wconf 89' lang='lat' dir='ltr'><strong>pro</strong></span> <span class='ocrx_word' id='word_1_679' title='bbox 1542 5580 1661 5649; x_wconf 84' lang='lat' dir='ltr'><strong>ejus</strong></span> <span class='ocrx_word' id='word_1_680' title='bbox 1686 5588 1811 5634; x_wconf 87' lang='lat' dir='ltr'><strong>voto</strong></span> 
     </span>
    </p>
   </div>
   <div class='ocr_carea' id='block_1_97' title="bbox 241 5672 1814 5742">
    <p class='ocr_par' dir='ltr' id='par_1_97' title="bbox 241 5672 1814 5742">
     <span class='ocr_line' id='line_1_97' title="bbox 241 5672 1814 5742; baseline -0.002 -14"><span class='ocrx_word' id='word_1_681' title='bbox 241 5673 571 5728; x_wconf 85' lang='lat' dir='ltr'><strong>munerandi</strong></span> <span class='ocrx_word' id='word_1_682' title='bbox 607 5673 995 5742; x_wconf 80' lang='lat' dir='ltr'><strong>cogitationem</strong></span> <span class='ocrx_word' id='word_1_683' title='bbox 1023 5673 1304 5739; x_wconf 85' lang='lat' dir='ltr'><strong>ingressus</strong></span> <span class='ocrx_word' id='word_1_684' title='bbox 1327 5680 1430 5731; x_wconf 88' lang='lat' dir='ltr'><strong>est,</strong></span> <span class='ocrx_word' id='word_1_685' title='bbox 1464 5672 1814 5738; x_wconf 78' lang='lat' dir='ltr'><strong>decrevitque</strong></span> 
     </span>
    </p>
   </div>
   <div class='ocr_carea' id='block_1_98' title="bbox 245 5764 1812 5833">
    <p class='ocr_par' dir='ltr' id='par_1_98' title="bbox 245 5764 1812 5833">
     <span class='ocr_line' id='line_1_98' title="bbox 245 5764 1812 5833; baseline -0.003 -15"><span class='ocrx_word' id='word_1_686' title='bbox 245 5767 418 5833; x_wconf 84' lang='lat' dir='ltr'><strong>ipsum</strong></span> <span class='ocrx_word' id='word_1_687' title='bbox 445 5765 514 5817; x_wconf 85' lang='lat' dir='ltr'><strong>ad</strong></span> <span class='ocrx_word' id='word_1_688' title='bbox 553 5780 613 5819; x_wconf 83' lang='lat' dir='ltr'><strong>se</strong></span> <span class='ocrx_word' id='word_1_689' title='bbox 641 5765 942 5818; x_wconf 78' lang='lat' dir='ltr'><strong>venientem</strong></span> <span class='ocrx_word' id='word_1_690' title='bbox 977 5764 1267 5816; x_wconf 89' lang='lat' dir='ltr'><strong>admittere</strong></span> <span class='ocrx_word' id='word_1_691' title='bbox 1303 5779 1362 5817; x_wconf 88' lang='lat' dir='ltr'><strong>ea</strong></span> <span class='ocrx_word' id='word_1_692' title='bbox 1390 5777 1551 5829; x_wconf 80' lang='lat' dir='ltr'><strong>quam</strong></span> <span class='ocrx_word' id='word_1_693' title='bbox 1590 5778 1812 5831; x_wconf 81' lang='lat' dir='ltr'><strong>sperare</strong></span> 
     </span>
    </p>
   </div>
   <div class='ocr_carea' id='block_1_99' title="bbox 249 5854 1807 5918">
    <p class='ocr_par' dir='ltr' id='par_1_99' title="bbox 249 5854 1807 5918">
     <span class='ocr_line' id='line_1_99' title="bbox 249 5854 1807 5918; baseline -0.002 -8"><span class='ocrx_word' id='word_1_694' title='bbox 249 5860 398 5912; x_wconf 87' lang='lat' dir='ltr'><strong>illum</strong></span> <span class='ocrx_word' id='word_1_695' title='bbox 431 5865 613 5917; x_wconf 72' lang='lat' dir='ltr'><strong>norat,</strong></span> <span class='ocrx_word' id='word_1_696' title='bbox 670 5855 1103 5911; x_wconf 81' lang='lat' dir='ltr'><strong>honoriﬁcentia.</strong></span> <span class='ocrx_word' id='word_1_697' title='bbox 1146 5854 1201 5909; x_wconf 90' lang='lat' dir='ltr'><strong>ld</strong></span> <span class='ocrx_word' id='word_1_698' title='bbox 1241 5867 1294 5909; x_wconf 90' lang='lat' dir='ltr'><strong>ut</strong></span> <span class='ocrx_word' id='word_1_699' title='bbox 1343 5855 1576 5918; x_wconf 79' lang='lat' dir='ltr'><strong>faceret,</strong></span> <span class='ocrx_word' id='word_1_700' title='bbox 1613 5870 1807 5907; x_wconf 77' lang='lat' dir='ltr'><strong>manus</strong></span> 
     </span>
    </p>
   </div>
   <div class='ocr_carea' id='block_1_100' title="bbox 1918 4657 3484 4731">
    <p class='ocr_par' dir='ltr' id='par_1_100' title="bbox 1918 4657 3484 4731">
     <span class='ocr_line' id='line_1_100' title="bbox 1918 4657 3484 4731; baseline -0.004 -15"><span class='ocrx_word' id='word_1_701' title='bbox 1918 4671 2065 4716; x_wconf 62' lang='lat' dir='ltr'><strong>taxat</strong></span> <span class='ocrx_word' id='word_1_702' title='bbox 2108 4662 2228 4731; x_wconf 91' lang='lat' dir='ltr'><strong>puri</strong></span> <span class='ocrx_word' id='word_1_703' title='bbox 2268 4675 2459 4714; x_wconf 85' lang='lat' dir='ltr'><strong>novem</strong></span> <span class='ocrx_word' id='word_1_704' title='bbox 2511 4666 2719 4720; x_wconf 89' lang='lat' dir='ltr'><strong>essent,</strong></span> <span class='ocrx_word' id='word_1_705' title='bbox 2750 4657 3064 4726; x_wconf 83' lang='lat' dir='ltr'><strong>quindecim</strong></span> <span class='ocrx_word' id='word_1_706' title='bbox 3120 4658 3367 4711; x_wconf 80' lang='lat' dir='ltr'><strong>mistura:</strong></span> <span class='ocrx_word' id='word_1_707' title='bbox 3395 4671 3484 4710; x_wconf 84' lang='lat' dir='ltr'><strong>se-</strong></span> 
     </span>
    </p>
   </div>
   <div class='ocr_carea' id='block_1_101' title="bbox 1915 4751 3499 4822">
    <p class='ocr_par' dir='ltr' id='par_1_101' title="bbox 1915 4751 3499 4822">
     <span class='ocr_line' id='line_1_101' title="bbox 1915 4751 3499 4822; baseline -0.001 -17"><span class='ocrx_word' id='word_1_708' title='bbox 1915 4754 2145 4822; x_wconf 91' lang='lat' dir='ltr'><strong>quioris.</strong></span> <span class='ocrx_word' id='word_1_709' title='bbox 2190 4754 2321 4806; x_wconf 80' lang='lat' dir='ltr'><strong>Post</strong></span> <span class='ocrx_word' id='word_1_710' title='bbox 2373 4751 2659 4805; x_wconf 82' lang='lat' dir='ltr'><strong>Michaelis</strong></span> <span class='ocrx_word' id='word_1_711' title='bbox 2694 4760 2928 4805; x_wconf 90' lang='lat' dir='ltr'><strong>mortem</strong></span> <span class='ocrx_word' id='word_1_712' title='bbox 2959 4751 3156 4818; x_wconf 80' lang='lat' dir='ltr'><strong>exigua</strong></span> <span class='ocrx_word' id='word_1_713' title='bbox 3187 4758 3272 4802; x_wconf 85' lang='lat' dir='ltr'><strong>est</strong></span> <span class='ocrx_word' id='word_1_714' title='bbox 3296 4765 3499 4815; x_wconf 10' lang='lat' dir='ltr'><strong>emen-V</strong></span> 
     </span>
    </p>
   </div>
   <div class='ocr_carea' id='block_1_102' title="bbox 1916 4842 3481 4910">
    <p class='ocr_par' dir='ltr' id='par_1_102' title="bbox 1916 4842 3481 4910">
     <span class='ocr_line' id='line_1_102' title="bbox 1916 4842 3481 4910; baseline -0.005 -11"><span class='ocrx_word' id='word_1_715' title='bbox 1916 4845 2068 4899; x_wconf 81' lang='lat' dir='ltr'><strong>datio</strong></span> <span class='ocrx_word' id='word_1_716' title='bbox 2105 4855 2316 4907; x_wconf 83' lang='lat' dir='ltr'><strong>secuta,</strong></span> <span class='ocrx_word' id='word_1_717' title='bbox 2361 4843 2552 4897; x_wconf 91' lang='lat' dir='ltr'><strong>decem</strong></span> <span class='ocrx_word' id='word_1_718' title='bbox 2602 4844 2797 4898; x_wconf 87' lang='lat' dir='ltr'><strong>saltem</strong></span> <span class='ocrx_word' id='word_1_719' title='bbox 2838 4842 3087 4910; x_wconf 83' lang='lat' dir='ltr'><strong>portibus</strong></span> <span class='ocrx_word' id='word_1_720' title='bbox 3114 4842 3235 4895; x_wconf 87' lang='lat' dir='ltr'><strong>auri</strong></span> <span class='ocrx_word' id='word_1_721' title='bbox 3268 4842 3481 4910; x_wconf 80' lang='lat' dir='ltr'><strong>purgati</strong></span> 
     </span>
    </p>
   </div>
   <div class='ocr_carea' id='block_1_103' title="bbox 1913 4931 3484 5005">
    <p class='ocr_par' dir='ltr' id='par_1_103' title="bbox 1913 4931 3484 5005">
     <span class='ocr_line' id='line_1_103' title="bbox 1913 4931 3484 5005; baseline -0.006 -13"><span class='ocrx_word' id='word_1_722' title='bbox 1913 4938 1979 4992; x_wconf 89' lang='lat' dir='ltr'><strong>ad</strong></span> <span class='ocrx_word' id='word_1_723' title='bbox 2028 4937 2254 4991; x_wconf 80' lang='lat' dir='ltr'><strong>vitiosas</strong></span> <span class='ocrx_word' id='word_1_724' title='bbox 2311 4934 2734 5005; x_wconf 85' lang='lat' dir='ltr'><strong>quatuordecim</strong></span> <span class='ocrx_word' id='word_1_725' title='bbox 2792 4933 3043 4998; x_wconf 88' lang='lat' dir='ltr'><strong>adjectis.</strong></span> <span class='ocrx_word' id='word_1_726' title='bbox 3100 4936 3169 4987; x_wconf 81' lang='lat' dir='ltr'><strong>At</strong></span> <span class='ocrx_word' id='word_1_727' title='bbox 3201 4947 3346 4985; x_wconf 89' lang='lat' dir='ltr'><strong>nunc</strong></span> <span class='ocrx_word' id='word_1_728' title='bbox 3394 4931 3484 4984; x_wconf 70' lang='lat' dir='ltr'><strong>isti</strong></span> 
     </span>
    </p>
   </div>
   <div class='ocr_carea' id='block_1_104' title="bbox 1914 5025 3483 5098">
    <p class='ocr_par' dir='ltr' id='par_1_104' title="bbox 1914 5025 3483 5098">
     <span class='ocr_line' id='line_1_104' title="bbox 1914 5025 3483 5098; baseline -0.007 -14"><span class='ocrx_word' id='word_1_729' title='bbox 1914 5030 2020 5098; x_wconf 88' lang='lat' dir='ltr'><strong>ipsi</strong></span> <span class='ocrx_word' id='word_1_730' title='bbox 2070 5028 2226 5094; x_wconf 89' lang='lat' dir='ltr'><strong>probi</strong></span> <span class='ocrx_word' id='word_1_731' title='bbox 2278 5028 2481 5081; x_wconf 86' lang='lat' dir='ltr'><strong>metalli</strong></span> <span class='ocrx_word' id='word_1_732' title='bbox 2532 5026 2817 5094; x_wconf 68' lang='lat' dir='ltr'><strong>particulae</strong></span> <span class='ocrx_word' id='word_1_733' title='bbox 2850 5025 3138 5079; x_wconf 90' lang='lat' dir='ltr'><strong>dimidium</strong></span> <span class='ocrx_word' id='word_1_734' title='bbox 3171 5025 3483 5077; x_wconf 88' lang='lat' dir='ltr'><strong>detractum</strong></span> 
     </span>
    </p>
   </div>
   <div class='ocr_carea' id='block_1_105' title="bbox 1914 5112 3484 5185">
    <p class='ocr_par' dir='ltr' id='par_1_105' title="bbox 1914 5112 3484 5185">
     <span class='ocr_line' id='line_1_105' title="bbox 1914 5112 3484 5185; baseline -0.006 -12"><span class='ocrx_word' id='word_1_735' title='bbox 1914 5121 2089 5174; x_wconf 84' lang='lat' dir='ltr'><strong>scoria</strong></span> <span class='ocrx_word' id='word_1_736' title='bbox 2121 5129 2172 5173; x_wconf 89' lang='lat' dir='ltr'><strong>et</strong></span> <span class='ocrx_word' id='word_1_737' title='bbox 2202 5118 2520 5171; x_wconf 86' lang='lat' dir='ltr'><strong>retrimento</strong></span> <span class='ocrx_word' id='word_1_738' title='bbox 2565 5117 2874 5185; x_wconf 86' lang='lat' dir='ltr'><strong>suppletum</strong></span> <span class='ocrx_word' id='word_1_739' title='bbox 2906 5125 3012 5179; x_wconf 91' lang='lat' dir='ltr'><strong>est,</strong></span> <span class='ocrx_word' id='word_1_740' title='bbox 3061 5114 3205 5169; x_wconf 88' lang='lat' dir='ltr'><strong>unde</strong></span> <span class='ocrx_word' id='word_1_741' title='bbox 3244 5112 3484 5166; x_wconf 72' lang='lat' dir='ltr'><strong>securim</strong></span> 
     </span>
    </p>
   </div>
   <div class='ocr_carea' id='block_1_106' title="bbox 1916 5203 3484 5280">
    <p class='ocr_par' dir='ltr' id='par_1_106' title="bbox 1916 5203 3484 5280">
     <span class='ocr_line' id='line_1_106' title="bbox 1916 5203 3484 5280; baseline -0.006 -17"><span class='ocrx_word' id='word_1_742' title='bbox 1916 5211 2088 5280; x_wconf 84' lang='lat' dir='ltr'><strong>inﬂigi</strong></span> <span class='ocrx_word' id='word_1_743' title='bbox 2113 5223 2363 5276; x_wconf 83' lang='lat' dir='ltr'><strong>magnam</strong></span> <span class='ocrx_word' id='word_1_744' title='bbox 2392 5208 2518 5261; x_wconf 83' lang='lat' dir='ltr'><strong>ﬁdei</strong></span> <span class='ocrx_word' id='word_1_745' title='bbox 2553 5208 3055 5262; x_wconf 87' lang='lat' dir='ltr'><strong>commutationum</strong></span> <span class='ocrx_word' id='word_1_746' title='bbox 3082 5214 3137 5258; x_wconf 90' lang='lat' dir='ltr'><strong>et</strong></span> <span class='ocrx_word' id='word_1_747' title='bbox 3171 5203 3484 5258; x_wconf 85' lang='lat' dir='ltr'><strong>necessario</strong></span> 
     </span>
    </p>
   </div>
   <div class='ocr_carea' id='block_1_107' title="bbox 1918 5297 3485 5365">
    <p class='ocr_par' dir='ltr' id='par_1_107' title="bbox 1918 5297 3485 5365">
     <span class='ocr_line' id='line_1_107' title="bbox 1918 5297 3485 5365; baseline -0.004 -12"><span class='ocrx_word' id='word_1_748' title='bbox 1918 5316 2100 5354; x_wconf 85' lang='lat' dir='ltr'><strong>rerum</strong></span> <span class='ocrx_word' id='word_1_749' title='bbox 2168 5298 2334 5352; x_wconf 85' lang='lat' dir='ltr'><strong>victui</strong></span> <span class='ocrx_word' id='word_1_750' title='bbox 2406 5306 2655 5365; x_wconf 77' lang='lat' dir='ltr'><strong>aptarunt</strong></span> <span class='ocrx_word' id='word_1_751' title='bbox 2698 5297 3031 5350; x_wconf 87' lang='lat' dir='ltr'><strong>commercio</strong></span> <span class='ocrx_word' id='word_1_752' title='bbox 3082 5297 3334 5364; x_wconf 84' lang='lat' dir='ltr'><strong>contigit,</strong></span> <span class='ocrx_word' id='word_1_753' title='bbox 3383 5308 3485 5346; x_wconf 87' lang='lat' dir='ltr'><strong>nec</strong></span> 
     </span>
    </p>
   </div>
   <div class='ocr_carea' id='block_1_108' title="bbox 1918 5390 3486 5457">
    <p class='ocr_par' dir='ltr' id='par_1_108' title="bbox 1918 5390 3486 5457">
     <span class='ocr_line' id='line_1_108' title="bbox 1918 5390 3486 5457; baseline -0.004 -10"><span class='ocrx_word' id='word_1_754' title='bbox 1918 5394 2123 5447; x_wconf 79' lang='lat' dir='ltr'><strong>exteris</strong></span> <span class='ocrx_word' id='word_1_755' title='bbox 2154 5390 2314 5445; x_wconf 89' lang='lat' dir='ltr'><strong>facile</strong></span> <span class='ocrx_word' id='word_1_756' title='bbox 2351 5390 2773 5457; x_wconf 86' lang='lat' dir='ltr'><strong>importantibus</strong></span> <span class='ocrx_word' id='word_1_757' title='bbox 2828 5390 2895 5442; x_wconf 79' lang='lat' dir='ltr'><strong>ad</strong></span> <span class='ocrx_word' id='word_1_758' title='bbox 2951 5403 3052 5442; x_wconf 90' lang='lat' dir='ltr'><strong>nos</strong></span> <span class='ocrx_word' id='word_1_759' title='bbox 3096 5403 3215 5447; x_wconf 84' lang='lat' dir='ltr'><strong>sua.</strong></span> <span class='ocrx_word' id='word_1_760' title='bbox 3255 5402 3353 5441; x_wconf 91' lang='lat' dir='ltr'><strong>nec</strong></span> <span class='ocrx_word' id='word_1_761' title='bbox 3388 5403 3486 5441; x_wconf 81' lang='lat' dir='ltr'><strong>uo-</strong></span> 
     </span>
    </p>
   </div>
   <div class='ocr_carea' id='block_1_109' title="bbox 1918 5476 3483 5539">
    <p class='ocr_par' dir='ltr' id='par_1_109' title="bbox 1918 5476 3483 5539">
     <span class='ocr_line' id='line_1_109' title="bbox 1918 5476 3483 5539; baseline -0.006 0"><span class='ocrx_word' id='word_1_762' title='bbox 1918 5486 2048 5539; x_wconf 90' lang='lat' dir='ltr'><strong>stris</strong></span> <span class='ocrx_word' id='word_1_763' title='bbox 2109 5483 2513 5536; x_wconf 83' lang='lat' dir='ltr'><strong>invenientibus</strong></span> <span class='ocrx_word' id='word_1_764' title='bbox 2574 5482 2661 5534; x_wconf 92' lang='lat' dir='ltr'><strong>cui</strong></span> <span class='ocrx_word' id='word_1_765' title='bbox 2727 5481 2842 5534; x_wconf 91' lang='lat' dir='ltr'><strong>suis</strong></span> <span class='ocrx_word' id='word_1_766' title='bbox 2893 5480 3083 5534; x_wconf 78' lang='lat' dir='ltr'><strong>usibus</strong></span> <span class='ocrx_word' id='word_1_767' title='bbox 3119 5476 3483 5532; x_wconf 80' lang='lat' dir='ltr'><strong>redundantia</strong></span> 
     </span>
    </p>
   </div>
   <div class='ocr_carea' id='block_1_110' title="bbox 1920 5568 3480 5642">
    <p class='ocr_par' dir='ltr' id='par_1_110' title="bbox 1920 5568 3480 5642">
     <span class='ocr_line' id='line_1_110' title="bbox 1920 5568 3480 5642; baseline -0.004 -15"><span class='ocrx_word' id='word_1_768' title='bbox 1920 5577 2241 5639; x_wconf 82' lang='lat' dir='ltr'><strong>venderent,</strong></span> <span class='ocrx_word' id='word_1_769' title='bbox 2300 5574 2489 5642; x_wconf 90' lang='lat' dir='ltr'><strong>utique</strong></span> <span class='ocrx_word' id='word_1_770' title='bbox 2544 5572 2651 5625; x_wconf 81' lang='lat' dir='ltr'><strong>illis</strong></span> <span class='ocrx_word' id='word_1_771' title='bbox 2718 5571 2862 5625; x_wconf 85' lang='lat' dir='ltr'><strong>haud</strong></span> <span class='ocrx_word' id='word_1_772' title='bbox 2923 5570 3057 5625; x_wconf 90' lang='lat' dir='ltr'><strong>satis</strong></span> <span class='ocrx_word' id='word_1_773' title='bbox 3085 5568 3480 5635; x_wconf 86' lang='lat' dir='ltr'><strong>accipientibus</strong></span> 
     </span>
    </p>
   </div>
   <div class='ocr_carea' id='block_1_111' title="bbox 1921 5664 3483 5737">
    <p class='ocr_par' dir='ltr' id='par_1_111' title="bbox 1921 5664 3483 5737">
     <span class='ocr_line' id='line_1_111' title="bbox 1921 5664 3483 5737; baseline -0.005 -16"><span class='ocrx_word' id='word_1_774' title='bbox 1921 5684 2019 5737; x_wconf 88' lang='lat' dir='ltr'><strong>pro</strong></span> <span class='ocrx_word' id='word_1_775' title='bbox 2057 5681 2238 5720; x_wconf 91' lang='lat' dir='ltr'><strong>merce</strong></span> <span class='ocrx_word' id='word_1_776' title='bbox 2276 5668 2443 5733; x_wconf 84' lang='lat' dir='ltr'><strong>proba</strong></span> <span class='ocrx_word' id='word_1_777' title='bbox 2497 5664 2729 5731; x_wconf 82' lang='lat' dir='ltr'><strong>pretium</strong></span> <span class='ocrx_word' id='word_1_778' title='bbox 2791 5664 3179 5720; x_wconf 84' lang='lat' dir='ltr'><strong>adulteratnm.</strong></span> <span class='ocrx_word' id='word_1_779' title='bbox 3237 5674 3288 5715; x_wconf 89' lang='lat' dir='ltr'><strong>et</strong></span> <span class='ocrx_word' id='word_1_780' title='bbox 3328 5676 3483 5715; x_wconf 89' lang='lat' dir='ltr'><strong>suam</strong></span> 
     </span>
    </p>
   </div>
   <div class='ocr_carea' id='block_1_112' title="bbox 1920 5755 3485 5822">
    <p class='ocr_par' dir='ltr' id='par_1_112' title="bbox 1920 5755 3485 5822">
     <span class='ocr_line' id='line_1_112' title="bbox 1920 5755 3485 5822; baseline -0.006 -9"><span class='ocrx_word' id='word_1_781' title='bbox 1920 5759 2163 5813; x_wconf 82' lang='lat' dir='ltr'><strong>melioris</strong></span> <span class='ocrx_word' id='word_1_782' title='bbox 2210 5767 2349 5809; x_wconf 68' lang='lat' dir='ltr'><strong>notae</strong></span> <span class='ocrx_word' id='word_1_783' title='bbox 2382 5766 2656 5809; x_wconf 79' lang='lat' dir='ltr'><strong>monetam</strong></span> <span class='ocrx_word' id='word_1_784' title='bbox 2694 5756 2808 5822; x_wconf 84' lang='lat' dir='ltr'><strong>pari</strong></span> <span class='ocrx_word' id='word_1_785' title='bbox 2837 5770 2961 5808; x_wconf 92' lang='lat' dir='ltr'><strong>cum</strong></span> <span class='ocrx_word' id='word_1_786' title='bbox 3016 5766 3204 5807; x_wconf 84' lang='lat' dir='ltr'><strong>nostra</strong></span> <span class='ocrx_word' id='word_1_787' title='bbox 3243 5755 3323 5805; x_wconf 88' lang='lat' dir='ltr'><strong>sic</strong></span> <span class='ocrx_word' id='word_1_788' title='bbox 3356 5768 3485 5804; x_wconf 84' lang='lat' dir='ltr'><strong>eor-</strong></span> 
     </span>
    </p>
   </div>
   <div class='ocr_carea' id='block_1_113' title="bbox 1912 5842 3485 5921">
    <p class='ocr_par' dir='ltr' id='par_1_113' title="bbox 1912 5842 3485 5921">
     <span class='ocr_line' id='line_1_113' title="bbox 1912 5842 3485 5921; baseline -0.006 -14"><span class='ocrx_word' id='word_1_789' title='bbox 1912 5861 2066 5921; x_wconf 84' lang='lat' dir='ltr'><strong>rupta</strong></span> <span class='ocrx_word' id='word_1_790' title='bbox 2138 5850 2489 5905; x_wconf 67' lang='lat' dir='ltr'><strong>&#39;a&#39;stitnatione</strong></span> <span class='ocrx_word' id='word_1_791' title='bbox 2562 5850 2848 5919; x_wconf 73' lang='lat' dir='ltr'><strong>proﬂigare</strong></span> <span class='ocrx_word' id='word_1_792' title='bbox 2926 5846 3335 5901; x_wconf 71' lang='lat' dir='ltr'><strong>recusantibus.</strong></span> <span class='ocrx_word' id='word_1_793' title='bbox 3406 5842 3485 5897; x_wconf 61' lang='lat' dir='ltr'><strong>Et</strong></span> 
     </span>
    </p>
   </div>
  </div>
