4190 6438
188 412 299 471 ΓΑὸ

1138 415 1234 475 DE
1272 414 1721 475 ANDRONICO
1751 414 2219 479 PALEOLOGO
2270 423 2419 484 LIB.
2461 427 2560 489 Vl.

3359 439 3464 502 546

185 542 310 593 σης,
336 527 428 577 καὶ
461 526 883 593 καταφλέγουσι,
934 528 1043 579 τῶν
1078 529 1123 581 δ’
1166 532 1223 582 ἐν
1284 532 1423 600 αὐτῇ
1486 529 1579 591 οὓς
1627 530 1765 582 ἑλεῖν
1796 532 1837 587 Α
1872 532 2036 599 τιμῆς
2103 537 2510 609 προσηκούσης,
2578 543 2938 612 πεμφθέντων
2992 548 3086 601 καὶ
3140 548 3458 620 ὀχημάτων,

183 617 366 686 εσχον,
396 618 621 683 ἀπηνῶς
656 621 1117 685 κατασφάττουσι.

182 729 273 783 ια’.
336 730 724 797 Μετὰκλησις
782 734 941 799 παρὰ
1000 734 1313 801 ,ϐασιλέως
1364 737 1766 803 Μπινριγερτίκι·

863 804 1099 864 Τέντζα.

249 892 521 955 Βασιλεὺς
550 893 605 947 δὲ
643 896 760 948 ὀλο(
786 896 918 962 πρὸς
953 898 1012 949 τὸ
1038 899 1127 949 τὸν
1150 899 1525 970 Μπυριγέριον
1561 902 1767 961 Τέντζα

176 984 547 1048 ὑποδέξασθαι
597 989 873 1055 γεγονὼς,
933 992 1159 1059 συχνοὺς
1223 993 1570 1046 ἀποστέλλων
1633 997 1769 1063 πρὸς

174 1072 587 1131 Καλλιούπολιν
646 1082 778 1134 ὅπου
829 1099 892 1150 γε
947 1084 1193 1153 κατάρας
1233 1085 1483 1154 ἠκούετο,
1518 1088 1768 1157 λιπαρῶς

174 1169 272 1219 καὶ
311 1171 435 1237 μετ’
497 1172 774 1235 ἀξιώσεως
831 1174 1235 1243 μετεστέλλετο.
1271 1178 1388 1230 Ἰνα
1410 1179 1463 1232 δὲ
1503 1179 1594 1231 καὶ
1635 1180 1766 1250 θαρ-

174 1264 291 1328 ῥεῖν
351 1266 399 1316 οἱ
461 1266 710 1334 παρέχοι,
765 1267 1239 1335 χρυσοῦονλλείους
1292 1268 1506 1335 [πεμπε
1557 1272 1763 1339 λόγους,

174 1355 270 1406 καὶ
337 1356 553 1418 πίστεις
606 1358 675 1409 δι’
709 1358 889 1427 ὅρκων
917 1359 1024 1411 τῶν
1068 1361 1557 1430 παλαμναιοτάτων
1596 1365 1766 1417 ἐδίδου

172 1442 207 1513 ἦ
252 1448 365 1515 μὴν
422 1450 695 1517 παρεόντα
728 1452 828 1518 μὲν
879 1451 1055 1517 φιλεῖν
1102 1453 1178 1521 τῷ
1227 1455 1471 1522 εὐμενῶς
1506 1455 1766 1525 ὑποδέχε-

175 1540 305 1592 σθαι
345 1544 437 1593 καὶ
468 1544 852 1611 προσηκόντως
898 1546 1087 1614 τιμᾷν,
1122 1549 1195 1617 μὴ
1245 1547 1465 1600 Θέ).οντα
1508 1548 1552 1600 δ’
1609 1546 1762 1612 abiit,

173 1633 425 1702 εὐμενῶς
459 1637 549 1687 καὶ
578 1636 714 1702 μετὰ
734 1639 1098 1707 χρηστότητος
1122 1640 1494 1708 ἀποπέμπειν.
1559 1642 1764 1710 Συχνά-

174 1743 261 1786 κις
300 1725 398 1777 οὖν
426 1728 552 1788 τοὺς
575 1728 810 1791 οἰκείους
844 1730 1192 1782 ἀποστέλλων
1239 1734 1614 1799 μετεκαλεῖτο,
1670 1734 1762 1786 καὶ

172 1817 333 1884 δῆλος
364 1814 433 1888 ἦν
462 1820 527 1871 τὰ
569 1821 777 1887 μεγάλα
810 1822 1085 1888 πραξείων
1135 1826 1339 1875 ἐκεῖνον
1384 1827 1432 1876 εί
1478 1826 1756 1898 ἐπισταίη.

183 1910 245 1964 Ὀ
278 1913 337 1962 δὲ
364 1916 463 1972 τὰς
498 1912 711 1975 πίστεις
744 1915 844 1965 ἀνὰ
868 1917 1052 1983 χείρνγς
1084 1914 1246 1985 ἔχων,
1270 1918 1439 1986 μηδὲν
1458 1919 1754 1988 μελλήσας,

172 2004 286 2071 ἅμα
315 2005 474 2057 δυσὶν
508 2007 662 2067 ίδίαις
693 2010 849 2059 ναυσὶ
887 2009 986 2075 την
1018 2009 1428 2062 Κωνσταντίνου
1472 2010 1755 2078 καταλαμ-

171 2098 348 2149 ϐάνει.
381 2098 525 2166 Πλὴν
559 2099 658 2150 οὐκ
691 2098 851 2161 εὐθὺς
882 2098 1050 2150 ἐλθὼν
1098 2099 1198 2167 τῆς
1255 2100 1389 2161 νεὼς
1447 2102 1753 2164 ἀποϐαίνει,

176 2192 257 2262 δι).
284 2190 414 2260 ⁸546]
445 2191 577 2242 ἀλλὰ
604 2191 739 2258 προς
769 2190 996 2259 βασιλέα
1033 2191 1131 2258 μὲν
1159 2192 1478 2245 ἀποστέλλει
1525 2195 1619 2245 καὶ
1658 2196 1758 2263 τὴν

176 2283 363 2350 ignita
395 2281 569 2351 δήλην
624 2282 935 2351 καθίστησι,
991 2284 1466 2354 μετακαλούμενος
1517 2286 1572 2338 δὲ
1619 2286 1756 2356 μετά

175 2490 316 2552 psit;
362 2498 723 2557 repertosque
759 2488 810 2542 in
843 2503 908 2542 ea
958 2503 1098 2557 quos
1130 2488 1182 2541 in
1229 2497 1560 2559 potestatem
1606 2491 1756 2544 redi-

175 2598 296 2649 gere
334 2593 583 2651 potuere,
615 2581 923 2636 crudeliter
963 2584 1337 2637 trucidarunt.
1376 2585 1559 2639 Altera
1595 2587 1754 2642 navis

176 2675 405 2729 Andreas
435 2675 565 2746 luga
606 2686 817 2729 matura
849 2677 1145 2731 incolumis
1195 2677 1396 2732 evasit.

274 2815 300 2866 1
321 2814 367 2865 ι.
391 2811 695 2881 Imperator
720 2812 1100 2883 Mpyrigerium
1122 2813 1373 2867 Tentzam
1397 2819 1643 2870 accersit.

238 2949 377 3004 Inde
428 2951 724 3018 imperator
776 2958 920 3003 totus
969 2950 1296 3006 incumbens
1327 2953 1379 3005 in
1414 2955 1751 3021 propositum

173 3041 495 3112 Mpyrigerii
548 3038 770 3095 Tentzaa
800 3044 1131 3111 excipiendi,
1166 3045 1353 3112 plures
1381 3045 1530 3099 misit
1555 3046 1754 3100 Callio-

172 3137 382 3203 polim,
436 3148 548 3201 quo
586 3136 630 3186 is
667 3134 897 3187 classem
953 3136 1229 3204 appulisse
1284 3136 1599 3199 ferebatur,
1658 3139 1749 3204 qui

1875 623 1971 691 οὐχ
2011 625 2255 695 ὑπήνουε
2289 630 2347 681 τὸ
2397 647 2682 701 παρλπαν,
2731 637 2845 688 ἀλλ’
2904 641 3075 709 ἀπρὶξ
3132 642 3309 713 εἴχετο
3349 646 3461 697 τῶν

1875 715 2041 781 νηῶν,
2076 718 2151 779 ὡς
2194 713 2353 773 αὗται
2390 724 2497 775 τῶν
2528 726 2786 795 ἀγκυρῶν
2812 730 2870 780 ἐν
2900 733 3019 792 ταῖς
3053 731 3265 796 ζάλαις.
3290 735 3459 798 Τέλος

1872 808 2230 877 ἐνεχυρασίαν
2256 813 2355 883 τὴν
2387 816 2805 888 ἀσφαλεστάτην
2859 824 3237 892 εἰσέπραττεν,
3264 828 3383 880 οἵαν
3408 819 3459 879 τ’

1871 902 2140 970 ἐσομένην
2169 907 2433 975 παρέχειν
2458 910 2524 961 τὰ
2561 912 2731 964 πιστά
2759 914 2806 964 οἱ
2841 916 3213 984 κατεχομένην
3236 918 3294 970 ὲν
3332 922 3455 980 ταῖς

1871 996 2047 1057 ναυσὶ,
2098 999 2192 1049 καὶ
2248 999 2339 1052 τὸν
2391 1001 2484 1053 τοῦ
2555 1002 2820 1071 βασιλέως
2876 1006 3011 1069 υἱὸν,
3043 1008 3135 1059 τὸν
3184 1007 3454 1078 δεσπότην

1883 1086 2156 1158 Ἰωάννην,
2195 1091 2404 1161 ὅμηρον
2430 1093 2614 1162 ιζήτει
2636 1094 2822 1147 λαόεἰν
2844 1097 2983 1167 ὑπὲρ
3016 1098 3213 1153 ἑαυτοῦ
3243 1100 3454 1164 καὶτῆς

1872 1176 2037 1229 αὐτοῦ
2090 1180 2242 1249 παρὰ
2310 1181 2535 1251 βασιλέα
2586 1184 2843 1251 ἀφίξεως.
2899 1186 3161 1250 Βασιλεὺς
3211 1189 3267 1242 δὲ
3316 1190 3454 1258 πρὸς

1868 1267 2023 1319 ταῦθ’
2060 1270 2430 1338 ὑ6ριιπαοὦν,
2473 1275 2518 1324 εἰ
2557 1274 2727 1345 τόσην
2780 1276 3171 1347 ἀναμετρήσας
3214 1284 3279 1334 ἐκ
3324 1283 3454 1333 πολε

1870 1358 1961 1410 λοῦ
2002 1360 2278 1414 Θάλασσαν
2308 1363 2613 1432 αὐτόματος
2644 1368 2743 1434 τῆς
2775 1370 2854 1429 εἰς
2885 1369 3050 1421 αὑτὸν
3099 1371 3262 1441 χάριν
3322 1373 3449 1441 ἀφί-

1871 1452 2007 1516 ξεως
2034 1455 2222 1517 πιστὸς
2263 1459 2383 1518 ταῖς
2417 1458 2508 1508 τοῦ
2537 1457 2805 1524 βασιλέως
2858 1461 3135 1531 εὐθύτησι,
3186 1466 3305 1518 τότε
3356 1469 3452 1521 καὶ

1868 1546 2061 1614 ὅρκους
2090 1546 2268 1599 λαὸὼν
2302 1548 2401 1599 οὐκ
2431 1549 2675 1618 ἐθάρρει,
2727 1552 2843 1602 ἀλλ’
2875 1554 2959 1620 ἐφ’
2988 1556 3216 1624 ὁμήροις
3258 1557 3453 1628 ἤθελεν

1871 1635 2366 1703 ἕμφανίζεσθαι,ὲν
2402 1638 2647 1707 διωρῑαις
2677 1641 2841 1692 ἐτίθει
2900 1643 2966 1696 τὰ
3026 1646 3148 1697 κατ’
3214 1648 3446 1712 ἐκεῖνον,

1858 1724 1959 1775 ’καὶ
1987 1724 2330 1795 ἐφ’ὴμέραις
2376 1728 2524 1796 ἠφίει
2569 1728 2880 1792 αὐλίζεσθαι
2936 1735 3074 1786 κατὰ
3137 1735 3441 1794 θάλασσαν.

1866 1818 2050 1882 Τέλος,
2112 1821 2235 1871 ἐπεὶ
2284 1820 2393 1872 τῶν
2450 1820 2543 1873 τοῦ
2600 1823 2836 1892 Χριστοῦ
2892 1827 3241 1899 γενεθλίωνὴ
3280 1831 3443 1901 ἑορτὴ

1863 1912 2207 1980 προσήλαυνε
2258 1914 2426 1981 (περὶ
2480 1912 2548 1966 τὰ
2623 1915 2765 1983 μέσα
2827 1917 2936 1987 γὰρ
3009 1920 3444 1993 Σκιροφοριῶνος

1861 2006 2103 2075 ἀφῖκτο).
2135 2006 2344 2076 πίμπει
2374 2024 2433 2074 γε
2478 2010 2570 2059 καὶ
2600 2008 2763 2072 αὖθις
2793 2014 2885 2063 καὶ
2917 2012 3078 2076 ἀξιοῖ,
3106 2015 3167 2066 τὸ
3212 2017 3320 2069 τῶν
3347 2018 3441 2083 ὁρ-

1860 2115 1974 2149 κων
2004 2098 2244 2165 ὑπόγυον
2268 2099 2342 2160 ὡς
2368 2100 2513 2163 είκὸς
2544 2102 2843 2168 προτείνων
2873 2102 2965 2155 καὶ
2997 2104 3219 2176 Θαρῤεἰν
3241 2109 3309 2160 τὰ
3346 2109 3445 2175 μέ-

1858 2206 2020 2258 γιστα
2064 2192 2522 2261 προτρεπόμενος.
2554 2192 2660 2243 Καὶ
2694 2192 2751 2251 ὃς
2781 2194 2871 2245 ἐπὶ
2908 2194 3041 2247 πολὺ
3089 2200 3443 2268 γνωσιμαχήο

1861 2300 1956 2345 σας
1989 2283 2181 2336 ἔπειτα
2223 2284 2492 2348 πείθεται,
2526 2284 2620 2337 καὶ
2642 2284 2718 2353 τῷ
2748 2282 2960 2351 βασιλεῖ
2993 2289 3437 2358 παραγενόμενος

1852 2486 1965 2555 jam
2016 2487 2171 2541 datas
2224 2488 2406 2549 vellet,
2462 2488 2743 2552 respondit
2797 2499 2911 2544 tum
2962 2505 3022 2545 se
3060 2491 3164 2546 sibi
3211 2503 3434 2547 cautum

1858 2579 2054 2634 idonee
2102 2579 2465 2641 crediturmn,
2520 2579 2566 2631 si
2623 2578 2766 2633 ﬁlius
2816 2580 3163 2646 imperatoris
3190 2580 3436 2637 Joannes

1858 2671 2083 2739 despota
2134 2672 2187 2723 in
2245 2684 2400 2724 suam
2450 2673 2598 2734 prior
2645 2678 2969 2738 potestatem
3029 2675 3256 2726 veniens
3317 2675 3434 2729 suis

1861 2765 2092 2817 navibus
2134 2764 2495 2825 detineretur,
2536 2763 2663 2815 dum
2703 2762 2817 2831 ipse
2854 2764 2921 2816 iis
2957 2765 3162 2817 relictis
3197 2768 3437 2833 impera-

1860 2857 1965 2910 tori
2011 2870 2069 2909 se
2105 2855 2325 2908 sisteret
2360 2872 2374 2908 :
2412 2854 2570 2906 aliter
2602 2869 2764 2922 quam
2803 2856 2894 2907 tali
2941 2856 3137 2908 obside
3167 2871 3434 2925 przcsnm-

1860 2957 1975 3017 pto,
2012 2963 2070 3001 se
2103 2947 2185 3000 sui
2222 2948 2433 3014 copiam
2462 2946 2713 3011 Augusto
2745 2946 2928 3001 tacere
2960 2964 3068 3001 non
3104 2964 3283 3017 posse.
3335 2949 3374 3002 ΙΙ
3405 2966 3431 3004 s

1859 3041 2065 3095 auditis
2111 3040 2356 3093 offensus
2412 3039 2729 3107 imperator,
2783 3047 2835 3094 et
2877 3041 2942 3093 ad
2997 3042 3294 3095 ludibrium
3342 3045 3432 3098 sui

1861 3136 2131 3205 pertinere
2181 3136 2534 3202 indigninter
2579 3143 2843 3203 reputans
2891 3137 3036 3204 quod
3085 3137 3282 3199 homo,
3334 3138 3429 3206 qui

171 3242 293 3280 eum
334 3242 447 3279 non
488 3226 785 3278 invitarent
830 3226 1030 3289 solum,
1057 3228 1150 3281 sed
1208 3228 1534 3297 suppliciter
1584 3231 1747 3283 etiam
1781 3225 1823 3281 (Ξ
1858 3236 1967 3279 tam
2002 3235 2153 3279 vasta
2190 3225 2356 3278 maris
2391 3227 2567 3291 spatia
2597 3227 2814 3279 nemine
2844 3236 3076 3279 vocante
3106 3228 3251 3281 ultro
3280 3237 3431 3282 esset

172 3328 338 3386 atque
365 3319 636 3371 instanter
664 3327 909 3380 orarent,
936 3319 999 3370 ad
1025 3334 1083 3371 se
1108 3335 1206 3373 ven
1234 3336 1291 3372 re
1318 3338 1384 3374 ne
1412 3333 1750 3389 gravaretur.

172 3412 342 3477 quue
393 3418 454 3462 ut
504 3410 656 3462 omni
711 3419 854 3463 metu
904 3409 1154 3478 deposito
1202 3412 1458 3465 ﬁdentius
1512 3412 1753 3473 faceret,

173 3504 514 3573 amplissima
541 3503 809 3570 promissa
834 3502 1223 3570 diplomatibus
1248 3504 1559 3573 conscripta
1586 3506 1755 3574 impe-

174 3598 400 3649 rialibus
478 3602 533 3647 et
588 3594 751 3648 bullis
801 3596 985 3646 aureis
1041 3594 1246 3647 munita
1300 3595 1621 3663 perferenda
1677 3597 1750 3649 illi

170 3688 351 3749 dedit,
386 3685 620 3753 adjectis
666 3685 798 3753 quin
835 3686 998 3738 etiam
1031 3684 1362 3754 jurantcntis
1394 3697 1444 3739 et
1481 3686 1752 3754 impreca-

171 3782 410 3833 tionibus
461 3778 773 3843 horrendis,
819 3781 976 3847 queis
1018 3788 1183 3846 caput
1228 3776 1535 3832 devovebat
1569 3795 1750 3848 suum,

172 3877 221 3927 ni
274 3889 400 3927 eum
462 3881 787 3940 praesentem
851 3872 998 3924 oumi
1055 3869 1285 3924 aﬂectus
1345 3872 1749 3940 signiﬁcatione

168 3968 619 4037 amplecteretur,
672 3972 725 4016 et
778 3971 939 4032 prout
996 3963 1112 4032 ejus
1162 3964 1421 4031 poscebat
1469 3965 1575 4017 sibi
1624 3975 1744 4016 nota

169 4061 426 4128 dignitas,
458 4057 777 4110 bonoraret.
826 4057 905 4108 Ac
935 4056 979 4111 si
1014 4055 1231 4124 quidem
1259 4057 1398 4124 apud
1436 4071 1493 4109 se
1528 4071 1746 4110 manere

169 4150 348 4209 vellet,
401 4146 858 4198 contionaturum
907 4144 952 4194 ei
1000 4143 1248 4197 benevoli
1292 4146 1462 4196 oﬂicia
1502 4145 1745 4211 hospitii,

168 4239 247 4291 sin
296 4240 456 4291 abire
510 4236 717 4300 mallet,
760 4236 838 4287 uti
874 4234 1105 4288 arbitrio
1131 4250 1229 4288 suo
1257 4251 1573 4304 passurum,
1607 4248 1659 4291 et
1690 4245 1745 4289 ut

167 4331 517 4385 diser-dentis
577 4330 785 4380 amicos
843 4326 925 4379 fas
982 4335 1086 4391 est,
1136 4328 1298 4381 donis
1355 4329 1745 4397 propempticis

168 4423 508 4477 cumulatum
581 4418 965 4473 dimissurum.
1025 4417 1149 4471 l‘la‘c
1205 4433 1300 4486 per
1348 4419 1573 4473 intimos
1639 4420 1743 4474 sibi

166 4515 327 4567 alium
386 4528 557 4581 super
609 4512 774 4562 alium
826 4511 1026 4564 missos
1081 4513 1361 4579 Augustus
1416 4509 1744 4580 Mpyrigerio

166 4606 470 4668 inculcatis,
508 4603 746 4672 denique
792 4602 867 4654 illi
919 4602 1078 4655 iidem
1115 4600 1242 4654 fecit
1272 4600 1417 4653 baud
1449 4603 1551 4656 Sibi
1586 4602 1743 4655 defu-

166 4711 366 4760 turam,
410 4699 459 4750 si
509 4711 618 4764 ψιο
657 4695 959 4749 vocabatur
1010 4705 1347 4758 occurreret,
1398 4695 1740 4760 splendidam

164 4799 324 4859 atque
370 4789 644 4841 illustrem
697 4785 1113 4838 admissionetn.
1158 4785 1346 4853 Itaque
1390 4786 1588 4855 pignus
1624 4786 1744 4838 ido-

164 4896 320 4932 neum
356 4885 528 4930 tanta:
570 4877 683 4945 spei
730 4876 1026 4944 diplomata
1061 4890 1184 4944 qua:
1223 4876 1334 4929 dixi
1368 4891 1503 4928 auro
1538 4877 1744 4929 bultata

165 4980 353 5023 tenens
394 4969 677 5031 manibus,
711 4968 848 5020 nihil
879 4974 1172 5020 cunctatus
1213 4966 1587 5027 cuInLduabus
1628 4969 1744 5022 suis

164 5066 390 5118 naribus
420 5061 900 5129 Constantinopoli
936 5075 994 5115 se
1027 5061 1298 5115 admovet.
1327 5059 1600 5114 Caeterum
1630 5077 1738 5114 non

163 5159 342 5212 statim
380 5171 445 5209 ac
483 5155 690 5223 appulit
735 5155 860 5207 navi
902 5155 1212 5216 essccndit,
1250 5154 1341 5207 sed
1375 5154 1606 5220 primum
1648 5169 1740 5221 per

164 5253 367 5319 aliquot
381 5264 412 5303 e
429 5250 549 5302 suis
572 5248 957 5315 imperatorem
982 5247 1047 5299 de
1069 5261 1169 5300 suo
1188 5246 1425 5298 adventu
1446 5250 1737 5297 certiorem

164 5340 305 5394 facit.
368 5340 447 5405 At;
496 5353 621 5391 cum
678 5353 803 5391 eum
849 5335 1012 5407 497
1048 5337 1232 5391 subito
1278 5335 1559 5405 Angustus
1613 5351 1739 5388 cum

163 5430 525 5483 conveniente
557 5428 980 5480 honoriﬁcentia
1016 5428 1295 5490 invitaret,
1331 5428 1517 5483 missis
1544 5431 1734 5492 etiam,

162 5524 358 5591 quibus
393 5521 461 5572 ad
499 5520 599 5571 hoc
644 5528 916 5575 uteretur,
950 5517 1134 5572 rhedis
1163 5534 1227 5573 ac
1260 5519 1537 5585 curribus,
1576 5535 1738 5574 recu-

163 5617 294 5667 savit
341 5617 433 5665 ille
486 5610 767 5663 itiﬂeubtli
819 5612 1151 5674 constantia,
1205 5612 1341 5665 nihil
1380 5613 1561 5665 minus
1596 5614 1737 5667 littus

166 5708 211 5757 in
244 5707 536 5773 proposito
573 5706 716 5756 intra
748 5718 878 5757 suas
914 5705 1187 5770 perStandi
1223 5720 1391 5759 naves
1432 5721 1596 5774 quam
1632 5707 1735 5760 illae

165 5802 331 5850 κίκι-ι
384 5800 550 5851 dente
599 5811 926 5848 ancorarum
963 5794 1132 5848 fundo
1163 5798 1425 5850 devincta:
1455 5798 1734 5852 mordicus

168 5896 447 5947 iuuerunt.
479 5889 719 5945 'i'..udeni
756 5898 981 5961 rogatus
1012 5906 1174 5960 quam
1209 5893 1561 5946 securitatem
1594 5892 1735 5947 ultra

1858 3331 2121 3371 emensus
2163 3319 2277 3369 sola
2314 3316 2511 3377 hctus,
2550 3325 2603 3367 ut
2635 3317 2833 3375 aiebat,
2869 3317 3058 3387 procul
3102 3332 3198 3385 per
3229 3318 3428 3372 famam

1856 3409 2071 3477 cognita
2128 3409 2473 3477 imperatoris
2528 3423 2673 3461 reeta
2718 3410 2969 3477 comique
3018 3419 3219 3468 tuente.
3277 3424 3425 3463 nunc

1854 3508 1968 3553 tam
1997 3500 2200 3553 dudum
2239 3500 2292 3552 iu
2336 3500 2582 3552 intimam
2621 3509 2912 3565 provectus
2958 3500 3215 3554 viciniam
3264 3510 3429 3569 atque

1856 3595 1992 3648 adeo
2037 3604 2252 3663 portum
2302 3601 2492 3645 tenens
2550 3593 2703 3645 urbis
2753 3593 2937 3658 regiae,
2987 3608 3096 3646 non
3137 3601 3431 3647 contentus

1855 3685 2246 3754 diplomatibus
2301 3683 2665 3754 jurejurando
2695 3684 3057 3747 conﬁrmatis,
3085 3686 3251 3739 etiam
3278 3685 3430 3739 obsi-

1854 3780 1951 3835 dcs
2011 3790 2065 3832 et
2113 3780 2251 3832 tales
2308 3778 2529 3832 obsides
2586 3776 2785 3845 pacisci
2832 3792 3049 3846 aequum
3098 3778 3327 3831 duceret
3361 3793 3427 3831 ac

1855 3873 2014 3925 nobis
2069 3878 2225 3923 tanto
2271 3869 2555 3922 emendant
2589 3868 2672 3919 sui
2708 3868 3058 3935 praesentiam
3094 3868 3425 3931 l.citaretnr,

1853 3964 2074 4033 superbi
2093 3964 2455 4032 arrogantiam
2479 3962 2713 4030 hospitis
2734 3969 3047 4029 contemptu
3073 3962 3425 4028 premendam

1846 4057 2124 4127 judicans,
2161 4058 2278 4108 sine
2314 4068 2596 4121 responso,
2632 4067 2695 4105 ac
2723 4053 2880 4118 quasi
2920 4068 2977 4106 re
3016 4054 3258 4107 indecisa
3287 4055 3426 4107 deli-

1854 4146 2245 4208 berabundus,
2300 4145 2489 4197 multis
2534 4160 2659 4197 eum
2713 4144 2907 4198 diebus
2960 4144 3013 4197 in
3063 4146 3179 4198 salo
3224 4144 3423 4213 jactari

1849 4241 1996 4304 sivit,
2030 4239 2208 4308 quoad
2256 4236 2476 4289 tandem
2531 4236 2774 4290 instante
2817 4236 3167 4289 solemnitate
3214 4236 3424 4289 Natalis

1850 4331 2056 4387 Christi
2083 4332 2232 4398 (nam
2261 4330 2530 4382 adventus
2554 4327 2861 4396 Mpyrigerii
2884 4329 3420 4395 Constantinopolim

1850 4422 1904 4476 in
1943 4421 2180 4474 medium
2231 4418 2401 4470 ferme
2454 4418 2801 4469 Decembrem
2844 4416 3135 4479 inciderat)
3169 4426 3424 4471 convenzt

1850 4515 2029 4567 denuo
2098 4527 2190 4581 per
2254 4512 2454 4563 missos
2512 4509 2823 4568 hominem,
2889 4523 3090 4576 rogans
3150 4518 3208 4561 ut
3257 4525 3417 4562 suum

1844 4602 2237 4675 jusjurandum
2291 4602 2427 4655 satis
2486 4599 2743 4660 baheret,
2793 4598 2913 4651 aliis
2960 4598 3182 4667 insuper
3236 4602 3421 4653 multis

1843 4696 2183 4766 argumentis
2216 4709 2416 4762 urgens
2469 4701 2525 4745 ut
2568 4707 2635 4745 tte
2676 4691 2953 4743 dubitaret
2990 4690 3092 4744 sibi
3134 4690 3319 4745 ﬁdere.
3360 4692 3419 4745 In

1844 4790 1959 4843 haec
1993 4788 2164 4841 multa
2196 4786 2283 4839 ille
2317 4794 2509 4839 contra
2543 4792 2803 4837 causatus
2835 4784 2920 4837 vix
2958 4783 3192 4852 denique
3222 4800 3421 4839 manus

1843 4881 1991 4935 dedit
2037 4878 2367 4938 assentiens,
2423 4892 2860 4946 progressusque
2907 4878 2958 4927 in
3002 4877 3231 4943 Augusti
3286 4892 3420 4930 Con-

1846 4980 2093 5041 spectum
2125 4967 2467 5037 magniﬁcam
2490 4968 2876 5019 admissionem
2908 4975 2993 5019 est
3020 4975 3239 5028 nat-tus,
3258 4964 3421 5033 idque

1842 5063 2122 5116 continuis
2178 5062 2386 5128 aliquot
2435 5058 2630 5111 diebus
2681 5067 2831 5111 certa
2880 5056 3012 5109 hora
3064 5057 3419 5125 frequentans

1844 5157 2048 5217 aulam,
2079 5168 2311 5221 moxque
2346 5157 2397 5203 in
2443 5150 2547 5204 sibi
2582 5149 2892 5203 adamatum
2938 5150 3156 5202 navium
3190 5165 3416 5203 suarum

1842 5249 2136 5318 ligatarnm
2169 5246 2383 5298 ancoris
2421 5242 2784 5296 diversorium
2819 5258 2877 5295 se
2910 5242 3203 5308 recipiens.
3242 5240 3318 5294 Eo
3349 5246 3413 5292 ad

1847 5342 2000 5392 illum
2048 5338 2352 5404 imperator
2383 5336 2633 5405 quotidie
2674 5334 2981 5387 missilabat
3013 5334 3287 5401 ingentem
3321 5350 3414 5387 co.

1840 5430 1984 5501 piam
2018 5427 2186 5499 5,93
2212 5427 2473 5485 edulium,
2508 5442 2630 5494 qua:
2659 5424 2760 5492 ipsi
2793 5425 3069 5493 sociisque
3096 5422 3415 5491 saginaudis

1838 5524 2139 5579 sufficeret.
2173 5520 2346 5585 Quam
2386 5520 2439 5574 in
2478 5535 2589 5573 rem
2628 5519 2770 5571 haml
2808 5516 3035 5571 modicae
3066 5530 3416 5569 nummorum

1839 5632 2067 5671 summa:
2100 5616 2585 5683 impendebantur.
2608 5611 2821 5678 Quibus
2852 5612 2967 5671 illo,
3001 5619 3059 5663 nt
3093 5611 3414 5679 apparebat,

1831 5714 1943 5782 jam
1998 5712 2336 5778 aliquantum
2384 5708 2617 5760 delimto
2643 5716 2693 5757 et
2723 5707 2791 5758 de
2821 5706 3070 5774 pr'iStinis
3103 5706 3416 5759 remittente

1846 5804 2103 5864 lastidiis,
2161 5803 2305 5869 quod
2362 5802 2644 5853 liberiores
2697 5800 2818 5867 ejus
2864 5799 3259 5866 hilarioresque
3311 5796 3414 5849 fre-

1844 5906 2116 5966 q'tt,‘tlia‘tt‘
2186 5894 2537 5962 imperatoris
2610 5907 2793 5945 curam
2860 5895 2990 5945 addi
3062 5893 3416 5945 salutationes
