4190 6438
188 441 288 506 5'33
634 508 639 516 I
1106 435 1202 495 DE
1234 431 1676 493 ANDRUNICU
1725 429 2179 486 i‘.\l..i‘.t)l.tll.ti
2223 429 2363 485 Litt,
2412 430 2506 483 tt.
3334 425 3436 479 εἴη

188 552 324 619 ὑπὲρ
363 549 567 620 μηδένα
601 548 661 600 τὸ
710 547 860 614 γένος
897 547 1190 614 γεγονότας
1226 545 1519 612 δεξάμενος
1554 541 1749 594 τοσού-
1785 546 1824 601 Α
1857 556 2059 604 πεμπε.
2089 539 2196 590 Καὶ
2229 539 2344 588 τότε
2368 539 2526 605 δῆλος
2559 530 2625 602 ἦν
2653 536 2719 587 τὰ
2746 535 2839 586 τοῦ
2873 533 3134 602 βασιλεως
3158 535 3430 601 ἀποστρα-

187 661 297 705 τοις
329 641 559 711 ἧγαλλε,
586 639 746 691 τοῦτο
780 639 879 706 μὲν
913 638 1077 698 ἑκὼν,
1128 636 1286 688 τοῦτο
1319 636 1362 687 δ’
1385 637 1554 698 άκων,
1591 633 1754 694 αὐτὸς
1862 634 1981 698 φεὶς
2017 630 2110 681 καί
2151 647 2213 696 γε
2253 629 2629 698 μεμνημένος.
2665 629 2712 678 εξ
2759 630 2852 679 καὶ
2889 626 2962 696 μὴ
2985 627 3094 679 τῶν
3125 627 3286 684 οἴκοι,
3324 627 3439 678 ἀλλ’

188 734 243 785 δὲ
269 731 511 794 τοιοῦτος
542 728 618 781 ὢν
659 729 750 781 καὶ
795 728 1068 789 τοιούτους
1102 727 1254 794 ἄγων
1288 727 1363 796 μὴ
1397 728 1480 778 ὃτι
1535 741 1599 791 γε
1635 724 1757 792 μηδ’
1861 719 1957 776 οὖν
1994 721 2090 787 τῆς
2121 721 2255 790 πρὸς
2298 723 2388 772 τὸν
2423 721 2579 786 φίλον
2611 719 2982 787 ὑποστροφῆς.
3032 718 3304 778 Κάκεῖνος
3343 717 3446 783 μὲν

191 826 354 890 ἐγγὺς
408 826 630 882 τουτων,
678 822 812 891 μηδὲ
842 820 903 871 τδ
930 819 1226 872 πολλοστὸν
1262 821 1412 887 σχεῖν
1442 817 1664 886 ἠλπίκει
1701 815 1760 878 ἐξ
1862 814 2035 867 ταῦτα
2083 815 2319 880 ἡμέραις
2353 814 2505 876 ὅλαις
2532 813 2682 881 τρισὶ
2729 811 2822 863 καὶ
2878 811 3026 876 νυξὶν
3061 813 3228 872 ἴσαις,
3265 827 3447 879 παρυ-

188 913 269 970 div
295 918 515 986 ἡκουεν.
551 915 714 967 Ὅθεν
740 915 832 966 καὶ
854 911 1183 965 άπεντεῦθεν
1215 908 1638 980 ὲρρᾳστωνεὺθη
1666 910 1760 961 καὶ
1865 904 2191 956 ποκλέπτων
2241 904 2342 970 τὴν
2397 903 2717 967 ἐκπλευσιν,
2777 903 3216 966 ἀνταποστείλας
3250 902 3451 954 καὶ-τὰ

191 1010 324 1076 πρὸς
359 1008 456 1068 τὰς
492 1007 622 1068 ναῦς
661 1004 878 1070 ἔϐλεψε.
915 1005 1024 1057 Καὶ
1074 1002 1150 1065 ὣς
1180 1004 1230 1054 0i
1260 1004 1327 1056 τὰ
1350 1002 1450 1071 μὲν
1479 1001 1576 1053 τοὺ
1604 1000 1760 1068 βασι·
1867 997 2205 1066 ἐκπώματα·
2235 998 2345 1048 τῶν
2377 997 2524 1059 τινὲς
2550 998 2604 1048 δὲ
2629 996 3120 1067 Μονεμσασιωτῶν
3149 995 3447 1064 βασιλικῶν

192 1103 322 1165 λέως
349 1103 557 1169 ὕστερα
589 1099 744 1152 πάντ’
774 1095 911 1167 ἦσαν
940 1098 1048 1149 τῶν
1084 1096 1470 1164 βουλευμάτων
1497 1088 1574 1147 ὧν
1600 1094 1763 1158 αὑτὸς
1868 1091 2011 1142 κατὰ
2059 1090 2329 1142 θάλατταν
2358 1090 2687 1154 δουλευτῶν,
2744 1092 2869 1143 ἐπεὶ
2924 1091 3022 1142 καὶ
3057 1090 3209 1156 σφῶν
3242 1089 3446 1158 τριήρη

193 1191 330 1264 εἶχε,
380 1191 720 1260 κρούσασοαι
750 1191 836 1260 δὴ,
867 1191 929 1242 τὸ
985 1189 1081 1241 τοῦ
1132 1189 1292 1255 λόγου
1315 1229 1329 1250 ,
1379 1188 1640 1258 πρύμναν
1670 1189 1765 1239 καὶ
1871 1183 2275 1250 παρακατεῖχεν
2303 1182 2509 1244 ἐκεῖνος
2537 1180 2844 1250 μισθώσας,
2873 1181 3080 1252 ὥρμων
3101 1182 3454 1232 ὲττεισπεσείν

195 1287 560 1354 ὑποστρέφειν
594 1284 850 1349 ἔγνωστο.
909 1285 1175 1340 Κάκεῖνος
1216 1283 1316 1348 μὲν
1378 1282 1599 1350 ἀπάρας
1655 1280 1766 1331 τῶν
1872 1273 2130 1342 ἐξαίφνης
2191 1275 2285 1326 καὶ
2337 1273 2495 1326 τοῦτο
2551 1275 2650 1343 μὲν
2683 1275 2893 1326 ἐκεῖνον
2920 1275 3020 1343 τῆς
3050 1273 3190 1341 πρὸς
3225 1271 3457 1339 βασιλέα.

195 1378 337 1430 κατὰ.
369 1377 467 1436 τὰς
501 1375 806 1442 Βλαχέρνας
843 1375 1030 1439 ὅρμων
1060 1375 1152 1424 ἐπὶ
1182 1375 1279 1440 τῆς
1309 1371 1485 1440 πύλης
1522 1371 1623 1438 τῆς
1672 1370 1768 1439 βα,-
1875 1365 2069 1433 χλεύης
2101 1364 2439 1433 ἀμύνασθαι,
2471 1365 2632 1418 τοῦτο
2654 1365 2711 1418 δὲ
2741 1367 2838 1418 καὶ
2878 1366 3092 1427 ἑαυτοῖς
3148 1365 3304 1432 σφίσι
3354 1363 3454 1430 τὴν

198 1465 418 1534 σιλικῆς
467 1464 819 1522 ἐπεπλεύκει,
870 1462 1054 1513 ἀλύων
1099 1459 1209 1513 οἷον
1266 1462 1358 1512 καὶ
1389 1460 1465 1528 τῷ
1489 1477 1774 1528 γνωσιμα-
1875 1458 2007 1509 ναῦν
2050 1456 2458 1509 ἀνασώσασθαι.
2512 1457 2777 1520 Βασιλεὺς
2825 1458 2905 1516 δὲ.
2941 1458 3050 1510 εἴτε
3087 1458 3176 1510 διὰ
3209 1458 3337 1518 τοὺς
3368 1457 3462 1524 ὅρ-

196 1559 380 1628 χοῦντι
409 1557 740 1626 παρεοικὼς,
777 1555 1173 1624 παρακατέχων
1199 1553 1299 1620 μὲν
1318 1553 1383 1603 τὰ
1413 1553 1504 1604 τοὺ
1527 1549 1772 1618 άξιὼμα-
1877 1567 2023 1611 κους,
2062 1550 2154 1600 καὶ
2186 1549 2264 1600 ἔτι
2301 1549 2540 1610 ἐλπίζων
2580 1550 2678 1619 τὴν
2710 1551 2926 1602 ἐκείνου
2979 1548 3308 1618 μεταϐολὴν,
3348 1550 3460 1601 εἴτε

197 1667 288 1711 τος
344 1647 617 1716 σύμϐολα,
655 1645 1056 1714 παρακατέχων
1089 1645 1142 1695 δὲ
1178 1647 1270 1695 καὶ
1305 1642 1561 1709 βασιλικὰ
1595 1643 1772 1709 χρυσᾶ
1878 1642 1971 1693 καί
2002 1658 2054 1691 τι
2094 1642 2202 1690 τῶν
2235 1642 2551 1710 ἀνηκέστων
2596 1643 2842 1694 ὑπονοῶν
2880 1642 3292 1712 συμϐήσεσθαι,
3347 1642 3462 1694 εἴτε

197 1761 256 1795 τε
294 1744 387 1795 καὶ
436 1741 656 1809 ἀργυρᾶ
691 1738 998 1806 ἐκπώματα
1043 1736 1173 1804 περί
1211 1753 1310 1789 που
1336 1738 1657 1805 τριάκοντα,
1693 1729 1774 1798 οἷς
1882 1732 1990 1800 μὴν
2012 1732 2105 1782 καὶ
2135 1735 2253 1783 κατ’
2288 1734 2618 1794 ἐπιείκειαν,
2651 1735 2752 1785 οὑκ
2784 1734 2948 1798 ἐφίει.
2993 1733 3202 1785 Ἐδόκει
3235 1734 3278 1784 δ’
3307 1734 3462 1800 ὅμως

199 1833 264 1903 δὴ
291 1836 355 1900 τῇ
391 1830 695 1899 προτεραίᾳ
725 1828 982 1897 βασιλεὺς
1007 1828 1277 1896 ἐδέσματα
1302 1827 1772 1895 πέμπωνὲγέραι-
1813 1901 1820 1903 _
1880 1823 1941 1872 τὸ
1973 1822 2223 1875 πλεῖστον
2253 1824 2328 1891 μὴ
2357 1827 2570 1889 ἐφιέναι
2601 1828 2744 1878 κατὰ
2768 1827 2826 1877 τὸ
2858 1827 3102 1889 ἐπιεικές
3131 1843 3187 1877 τε
3209 1827 3302 1877 καὶ
3335 1825 3465 1889 σύγ-

206 1901 286 1994 ρε.
313 1925 578 1985 Βασιλεὶς
609 1924 663 1974 δὲ
690 1925 788 1974 οὑκ
822 1922 984 1976 εὐθὺς
1011 1922 1338 1982 πιστεύσας,
1361 1921 1512 1989 ὅμως
1544 1921 1773 1988 συχνοὺς
1803 1901 1851 1961 Β
1881 1931 2099 1982 γνωμον
2119 1916 2214 1968 τοῦ
2245 1917 2291 1966 τ’
2323 1915 2474 1969 ἐλέου
2507 1918 2598 1968 καὶ
2629 1918 2892 1986 ἀκριϐοῦς
2921 1935 2973 1970 τι
3007 1918 3160 1987 παρὰ
3189 1917 3345 1985 δίκην
3363 1918 3464 1985 τὴν

200 2017 556 2070 ἀποστέλλων
580 2018 670 2067 ἐπὶ
699 2015 797 2084 τὴν
832 2015 1023 2084 ἑορτὴν
1053 2014 1374 2066 τῶνΦώτων
1403 2013 1614 2075 ἐκάλει,
1635 2014 1775 2082 μετὰ
1885 2008 2052 2076 ὀρθὴν
2099 2009 2471 2079 παραθραὺων
2496 2025 2507 2038 ·
2545 2011 2572 2062 ὃ
2627 2011 2693 2080 δὴ
2717 2014 2844 2072 ’τοῖς
2899 2011 3156 2082 καθαρῶς
3195 2013 3464 2081 ὑπηκόοις

202 2111 315 2162 τῶν
346 2110 593 2175 συνήθων
622 2108 970 2176 παρασήμων
993 2109 1057 2175 τῇ
1088 2105 1351 2176 γερουσίᾳ
1383 2107 1776 2174 συνεορτὰσον-
1891 2101 1983 2151 καὶ
2026 2101 2228 2169 μᾶλλον
2279 2101 2479 2170 χρεὼν,
2523 2106 2548 2155 ὸ
2574 2103 2628 2156 δὲ
2680 2104 2774 2156 καὶ
2814 2106 2927 2166 τοῖς
2954 2103 3203 2173 ἀκριϐῶς
3234 2104 3468 2155 ἀντιπάη

202 2219 291 2253 τα.
325 2201 435 2252 Καὶ
457 2201 507 2252 οἱ
534 2201 632 2268 μὲν
662 2199 911 2260 ἐκάλουν,
937 2202 964 2250 ὁ
988 2199 1044 2249 δὲ
1075 2198 1270 2264 συχνὸν
1303 2196 1560 2266 μυκτῆρα
1595 2197 1780 2262 σφίσιν
1888 2189 1998 2251 λοις
2024 2190 2320 2260 ἀπονέμειν
2349 2191 2612 2260 οῠμενονν
2642 2194 2703 2244 οὐ
2743 2192 3038 2257 κατώκνει,
3082 2193 3158 2256 ὡς
3197 2193 3263 2247 ἂν
3291 2189 3382 2245 οὖν
3410 2194 3468 2256 ἐξ

200 2293 511 2361 ἐμφαίνων,
561 2291 645 2363 [Ρ.
681 2289 808 2361 351]
855 2292 932 2352 ὡς
960 2291 1055 2342 καὶ
1104 2284 1218 2341 οἷον
1251 2290 1428 2359 κάδδῳ
1460 2291 1537 2358 τῷ
1570 2305 1778 2357 σκαριι-
1888 2280 2083 2333 ἑαυτοῦ
2117 2283 2550 2352 ἀποτριῦὁμενος
2584 2286 2641 2335 τι
2678 2287 2969 2355 ἐπίμωμον
3007 2288 3100 2340 ἐπὶ
3135 2291 3249 2350 τοῖς
3283 2287 3463 2339 10:05-

203 2385 429 2450 μαγκίῳ
462 2384 602 2434 κατὰ
634 2382 909 2446 θαλάσσης
944 2382 1036 2433 ἐπὶ
1076 2381 1271 2447 γέλωτι
1320 2378 1584 2448 χρῆσθαι,
1640 2377 1776 2429 ἁπέ-
1888 2391 2018 2436 τἰις.
2077 2373 2136 2428 Ὀ
2167 2375 2226 2427 δὲ
2260 2377 2442 2439 πάσας
2497 2379 2713 2447 ἡμέρας
2771 2382 2988 2446 ὲκείνας
3047 2381 3471 2449 θαλασσαυλῶν,

203 2576 467 2631 maguum
499 2560 694 2613 ducem
729 2556 933 2612 auditis
967 2557 1018 2610 in
1056 2556 1172 2616 illo,
1209 2569 1278 2609 oe
1327 2569 1436 2623 quo
1471 2554 1605 2617 dixi,
1646 2568 1780 2606 con-
1893 2570 2080 2609 secum
2117 2556 2507 2612 celebrandum
2531 2563 2838 2629 exspectari
2871 2578 2899 2615 a
2933 2578 3133 2618 secum
3163 2565 3473 2632 insignibus

207 2657 344 2706 cilio
377 2653 547 2706 fuisse
591 2650 983 2704 incredibiliter
1015 2647 1319 2701 eﬂeratum.
1356 2644 1558 2715 Nempe
1591 2649 1782 2700 intime
1893 2664 2006 2701 sua:
2034 2649 2339 2717 dignitatis,
2364 2663 2630 2707 consueto
2661 2655 2800 2707 inter
2831 2665 3115 2711 senatores
3142 2657 3264 2712 loco
3295 2673 3475 2711 sessu-

207 2748 436 2814 riugens
474 2745 803 2798 muSsitabat
852 2743 996 2811 apud
1034 2758 1114 2805 se,
1137 2751 1190 2796 et
1221 2742 1275 2795 in
1312 2742 1447 2796 ﬁdas
1483 2756 1782 2795 occurrcu-
1897 2758 2042 2803 rum,
2075 2741 2315 2796 oﬂiciose
2352 2744 2678 2799 indicarent.
2709 2746 2911 2802 Verum
2947 2749 3047 2804 hos
3076 2753 3153 2803 sic
3179 2750 3244 2803 ad
3278 2749 3474 2804 festum

207 2843 352 2892 tiuiu
398 2842 512 2893 hzec
557 2853 719 2893 aures
761 2837 1071 2892 eﬂundebat
1105 2856 1116 2890 :
1155 2838 1232 2890 En
1258 2838 1558 2905 imperator
1594 2838 1645 2889 in
1684 2837 1785 2890 hos
1895 2834 2192 2887 invitantes
2225 2834 2314 2888 ille
2352 2834 2586 2890 irridens
2632 2837 2909 2900 eludebat,
2933 2856 3096 2909 quam
3125 2842 3278 2894 nihili
3310 2843 3477 2894 duce-

208 2931 466 2983 hmniues
497 2930 678 2993 nihili,
709 2931 836 2984 vilis
875 2938 928 2984 et
957 2929 1183 2998 plebeiae
1223 2930 1436 2997 stirpis,
1471 2929 1538 2981 ad
1574 2943 1632 2981 se
1662 2944 1786 2997 pro-
1894 2934 1977 2978 ret
2007 2925 2245 2993 insignia
2271 2942 2394 2994 quae
2427 2941 2789 2984 memorarem
2813 2933 3097 3001 dignitatis
3129 2936 3198 2988 ab
3230 2935 3478 3004 Augusto

209 3024 388 3076 lectos
435 3032 515 3074 tot
561 3023 878 3076 centenaria
935 3023 1166 3074 millium
1203 3038 1550 3075 nummorum
1591 3023 1783 3090 partim
1899 3017 2049 3078 data,
2089 3025 2349 3084 proterve
2373 3028 2680 3085 ostentans,
2710 3025 2985 3078 ahutendo
3007 3041 3189 3080 coram
3216 3027 3351 3095 ipsis
3381 3042 3477 3096 per

209 3117 406 3168 volens
449 3115 644 3183 partim
695 3122 840 3167 metu
904 3114 1130 3166 adactus
1174 3112 1381 3166 eli‘udit.
1441 3113 1550 3182 Ego
1605 3124 1784 3166 attli'ttt
1896 3108 2134 3160 derisum
2191 3113 2571 3178 scaramaugio
2635 3124 2689 3165 ut
2721 3114 2856 3168 cado
2910 3117 2976 3169 ad
3018 3132 3215 3186 aquam
3254 3135 3284 3172 e
3335 3123 3471 3170 tnari

209 3215 398 3258 tantus
429 3219 628 3273 genere
656 3218 718 3255 ac
745 3204 1028 3271 dignitate,
1063 3212 1140 3255 tot
1170 3218 1233 3255 ac
1254 3204 1388 3255 tales
1417 3203 1644 3263 ducens.
1679 3219 1784 3256 non
1821 3269 1858 3283 η
1901 3200 2277 3254 hauriendam.
2314 3200 2433 3266 Quo
2464 3203 2549 3256 sui
2585 3214 2933 3275 contemptus
2981 3208 3033 3262 in
3065 3224 3152 3262 res
3181 3212 3473 3278 imperato-

211 3298 376 3351 modo
406 3296 542 3349 nihil
576 3297 754 3348 adhuc
788 3297 974 3363 accepi
1006 3294 1152 3364 quod
1209 3296 1290 3348 vel
1348 3295 1508 3363 longe
1561 3298 1789 3350 accedat
1819 3269 1859 3318 C
1897 3292 1972 3346 ris
2012 3293 2186 3361 palam
2214 3293 2463 3348 exhibito
2495 3299 2817 3364 speciminc.
2854 3302 3050 3356 missos
3081 3304 3199 3369 ejus
3223 3305 3341 3356 sine
3365 3303 3474 3354 alio

209 3392 276 3444 ad
311 3389 682 3458 requalitatem
723 3390 840 3456 ejus
891 3401 1142 3446 summae,
1194 3387 1287 3440 sed
1313 3394 1366 3441 et
1399 3387 1489 3440 uhi
1516 3402 1785 3440 summam
1897 3399 2163 3452 reaponso
2188 3402 2216 3438 a
2241 3402 2298 3439 se
2329 3389 2556 3442 dimisit.
2585 3389 2741 3444 Tu'nc
2773 3393 2874 3446 fuit
2907 3397 3254 3449 manifestum
3285 3411 3478 3449 aversi.

210 3487 325 3553 Spei
363 3483 496 3534 mihi
551 3491 847 3550 propositae
903 3497 968 3533 ex
1015 3480 1472 3548 promissionibus
1507 3497 1568 3534 ac
1616 3482 1789 3547 signis
1892 3491 2016 3530 esse
2043 3478 2193 3529 illum
2222 3478 2289 3531 ab
2322 3479 2567 3550 Augusto
2592 3485 2798 3547 animo,
2827 3487 3181 3556 cogitareqnc
3215 3490 3472 3556 planevcl

211 3577 426 3630 eazteris
461 3576 564 3627 rite
605 3573 865 3637 subduxi,
914 3582 1066 3627 certo
1122 3574 1363 3638 intelligo
1401 3589 1521 3627 eam
1567 3575 1786 3628 demum
1899 3569 2134 3624 reditmn
2162 3572 2386 3626 domum
2419 3578 2584 3629 velad
2611 3593 2770 3631 suum
2796 3579 3236 3634 Theuderichum
3265 3622 3280 3644 ,
3319 3582 3479 3648 cujus

211 3682 431 3722 omnem
465 3666 519 3718 in
553 3678 763 3734 partem
803 3665 887 3718 vix
923 3665 1289 3718 multesimam
1325 3665 1666 3719 mcrcedisiu
1689 3665 1791 3718 Ca.
1895 3671 2017 3715 erat
2070 3664 2369 3718 amicitiam
2410 3677 2519 3720 tam
2561 3670 2847 3738 splendide
2885 3673 3186 3739 professus,
3221 3674 3323 3726 sibi
3351 3689 3478 3726 cer-

215 3765 430 3817 lelanos
461 3763 726 3830 impensae
759 3761 950 3830 redigi.
994 3759 1113 3812 Tali
1153 3760 1371 3828 penitus
1411 3760 1791 3826 indignatione
1896 3753 2170 3807 tissimum
2223 3771 2529 3812 accessum.
2579 3761 2849 3815 Caeterum
2913 3763 3058 3816 idem
3096 3765 3148 3816 in
3213 3775 3476 3832 apparatu

213 3865 462 3908 πειιιεηιε
489 3856 659 3921 ςαξρίι
691 3853 926 3920 primum
961 3852 1218 3905 omittere
1239 3851 1416 3904 ofﬁcia
1438 3853 1611 3904 aulica
1651 3868 1792 3919 quo-
1899 3844 2260 3898 tumultuario
2323 3850 2490 3902 eundi
2549 3860 2660 3904 tres
2729 3852 2848 3906 dies
2896 3863 2950 3907 et
3001 3867 3190 3907 noctes
3251 3857 3477 3907 totidem
3562 3886 3570 3893 -

217 3949 548 4000 tidianarum
578 3946 969 3998 salutationum
993 3943 1411 4011 Augusti.domi
1436 3945 1791 4012 contemptint
1896 3937 2277 4006 Cﬂnsumpsil.
2308 3955 2420 4006 quo
2471 3942 2650 4008 spatio
2709 3945 2922 3996 remisit
2977 3945 3043 3997 ad
3094 3947 3478 4012 imperatorem

216 4041 504 4101 desidens,
542 4053 645 4090 nec
671 4037 909 4089 obscure
938 4035 1121 4090 ferens
1158 4045 1471 4104 respectare
1511 4052 1792 4091 secessum
1897 4044 2096 4084 aureas
2142 4045 2272 4083 suas
2312 4044 2709 4103 argenteasque
2757 4036 2963 4091 lances.
3005 4036 3082 4089 Eo
3118 4041 3300 4090 triduo
3362 4037 3477 4088 Mo-

215 4135 265 4188 in
300 4147 472 4186 naves
513 4145 682 4193 suas,
736 4129 881 4196 quod
933 4128 1044 4196 jam
1101 4130 1289 4196 utique
1346 4130 1556 4197 liquido
1589 4130 1796 4184 videret
1900 4121 2257 4174 nembasiotaa
2288 4125 2512 4189 quidam
2548 4141 2577 4179 e
2605 4129 2874 4179 ministris
2914 4130 3209 4182 maritimis
3245 4130 3481 4195 impera-

215 4240 378 4292 quam
413 4224 584 4290 longe
614 4220 753 4274 infra
798 4210 1201 4274 destinati‘ones
1248 4221 1609 4274 consiliorum
1665 4236 1795 4274 suo.
1899 4210 2038 4264 toris
2065 4250 2081 4275 ,
2126 4214 2348 4266 solliciti
2404 4218 2547 4282 quod
2591 4220 2866 4272 triremem
2923 4222 3213 4288 quamdam
3250 4221 3400 4287 prius
3449 4236 3479 4272 ιι

215 4332 336 4370 mm
371 4326 426 4370 ei,
457 4298 926 4381 exspectationes,
957 4325 1079 4379 quam,
1104 4310 1254 4363 illum
1289 4312 1356 4364 ad
1408 4311 1793 4377 imperatorem
1903 4303 2233 4373 Mpyrigerio
2273 4309 2523 4361 mercede.
2555 4311 2880 4366 conductam
2911 4313 2957 4366 is
2976 4314 3117 4381 apud
3148 4329 3207 4366 se
3231 4315 3479 4377 haberet,

215 4417 530 4466 traxerant,
568 4419 864 4458 successus
894 4404 1110 4455 demum
1139 4403 1252 4469 ipse
1276 4417 1340 4455 ac
1365 4417 1603 4470 praesens
1633 4419 1798 4470 cxpe-
1900 4399 1976 4448 uti
2032 4399 2365 4464 apparebat,
2397 4402 2755 4466 abducturus,
2796 4405 3091 4472 consilium
3122 4416 3387 4470 ceperunt
3423 4405 3477 4456 iu

211 4501 409 4554 rientia
458 4497 755 4550 recideret.
818 4494 986 4562 Ergo,
1019 4496 1165 4561 quod
1207 4497 1383 4556 aiunt,
1419 4495 1668 4547 inhibere
1714 4510 1797 4547 re-
1898 4503 2024 4538 eum
2064 4490 2368 4556 improviso
2391 4493 2801 4564 irruendi;qu0
2829 4497 2994 4548 simul
3038 4497 3345 4549 irrisionem
3374 4498 3479 4548 ian-

213 4594 442 4662 migium
483 4604 547 4641 ac
577 4598 748 4647 retro.
804 4588 947 4640 unde
988 4596 1232 4649 venerat,
1264 4602 1487 4639 cursum
1521 4585 1798 4639 reﬂectere
1831 4601 1878 4656 υ
1906 4583 2180 4646 peratoris
2223 4582 2640 4647 ulciscerentur,
2684 4585 2846 4640 simul
2872 4600 3262 4654 recuperarent
3297 4587 3477 4638 navim

213 4684 485 4736 decrevit.
519 4681 756 4746 Moxque
784 4693 907 4731 cum
935 4679 1054 4731 suis
1075 4677 1512 4732 navihusversus
1542 4677 1800 4731 Blaclier-
1910 4673 2210 4740 propriam.
2247 4672 2448 4728 Verum
2483 4690 2580 4728 eos
2613 4676 2666 4730 id
2695 4691 2856 4745 agere
2891 4678 3032 4730 haud
3084 4694 3277 4747 passus
3311 4680 3483 4746 impe-

216 4787 314 4824 nas
348 4770 606 4826 tendens,
641 4768 786 4830 ipsas
817 4767 1049 4835 Augusti
1103 4765 1290 4833 palatii
1324 4767 1798 4834 prmternavigavit
1909 4773 2058 4815 rator
2107 4772 2220 4826 est,
2287 4766 2368 4816 vel
2413 4765 2593 4818 adhuc
2653 4769 3009 4834 pertinaciter
3059 4785 3290 4837 sperans
3335 4773 3517 4822 illius

217 4862 388 4923 fores,
415 4857 862 4911 incertitndinem
887 4866 1066 4909 tamen
1091 4860 1258 4911 animi
1294 4858 1592 4926 praeferens
1611 4874 1801 4927 quam-
1907 4858 2408 4910 reconciliationem
2450 4875 2663 4924 secum,
2709 4862 2790 4914 vel
2819 4863 3028 4915 cladem
3059 4864 3322 4930 majorem
3379 4865 3484 4914 ali-

213 4955 336 5003 dam
359 4951 891 5017 ambiguitatenujue
920 4949 1226 5010 sententia),
1257 4948 1387 5002 dum
1422 4951 1549 5002 hinc
1576 4950 1794 5017 quidem
1905 4963 2068 5014 quam
2101 4957 2372 5011 metuens,
2404 4952 2484 5014 vel
2514 4951 2749 5017 denique
2786 4951 3077 5021 indulgens
3133 4954 3330 5007 innata:
3379 4953 3481 5006 sibi

212 5044 378 5112 quasi
431 5044 648 5093 Ita’rcns
708 5042 886 5093 adhuc
943 5040 1116 5107 pactis
1167 5042 1448 5094 conventis
1505 5042 1794 5111 dignitatis
1906 5040 2216 5105 inolitaeque
2274 5024 2500 5094 lenitati.
2553 5041 2617 5093 Et
2672 5044 2774 5096 hac
2823 5044 3041 5112 quidem
3077 5045 3268 5097 ultima
3315 5046 3483 5097 trium

215 5135 466 5204 symbols
501 5135 572 5183 ah
605 5133 932 5199 imperatore
954 5142 1178 5202 accepta
1209 5131 1369 5202 504
1401 5134 1631 5196 retinet;
1663 5134 1794 5201 quin
1904 5145 2192 5183 causarum
2252 5134 2408 5186 unice
2464 5149 2521 5185 se
2580 5143 2786 5188 motum
2837 5135 2994 5204 505
3029 5137 3080 5188 in
3141 5136 3481 5204 prohibenda

214 5239 264 5281 et
294 5228 562 5293 palatina:
603 5226 964 5291 supellectilis
1004 5241 1130 5280 vasa
1169 5230 1363 5293 partim
1401 5240 1566 5278 aurea
1599 5228 1792 5292 partim
1904 5224 2259 5288 aggressione
2310 5224 2620 5293 Mpyrigerii
2652 5229 2799 5280 credi
2855 5231 3026 5282 voluit
3062 5228 3360 5297 Augustus,
3399 5231 3481 5278 al-

214 5329 475 5387 argentea
511 5316 736 5368 circiter
767 5318 1012 5385 triginta,
1042 5317 1094 5370 in
1135 5319 1338 5384 quibus
1367 5315 1434 5368 ad
1464 5331 1587 5369 eum
1613 5317 1796 5379 Augu-
1908 5315 2115 5367 fectant:
2168 5332 2381 5384 semper
2437 5318 2634 5370 famam
2694 5321 3129 5373 mansuetudinis
3170 5323 3402 5373 innoxia!
3429 5331 3483 5372 et

216 5425 334 5464 suis
371 5410 551 5476 pridie
589 5410 816 5460 honoris
839 5423 1004 5462 causa
1032 5424 1061 5460 e
1091 5425 1273 5461 mensa
1306 5423 1403 5461 sua
1425 5409 1605 5461 edulia
1632 5410 1796 5459 mise-
1908 5405 2084 5458 facilis
2136 5407 2199 5458 ad
2230 5408 2619 5475 ignoscendum
2655 5411 2993 5478 gravissimis
3024 5413 3186 5464 etiam
3217 5409 3436 5477 injuriis
3463 5446 3480 5468 .

215 5512 318 5562 ut,
379 5501 626 5553 nondum
683 5501 910 5554 remissa
967 5503 1183 5552 tenebat
1219 5501 1362 5568 apud
1435 5515 1576 5554 sese.
1625 5498 1795 5551 Porro
1905 5507 1960 5550 et
2013 5502 2391 5562 I.um:intt:itis,
2428 5516 2534 5570 qua
2579 5503 2685 5553 vim
2734 5519 2979 5556 sevrram
3021 5504 3153 5555 rccti
3197 5503 3387 5568 jntlicii
3420 5516 3484 5555 ac

217 5595 523 5662 imperator
572 5593 803 5646 audiens
840 5594 954 5646 vcla
1000 5592 1182 5647 facere
1219 5594 1607 5663 Mpyrigerium
1653 5593 1801 5646 iusn-
1903 5595 2130 5662 jttslil-la!
2168 5595 2379 5658 ultricis
2416 5596 3118 5664 laudabiliterinfringeret.
3151 5598 3299 5662 Quas
3325 5597 3485 5665 equi-

217 5685 398 5737 lutato
427 5698 485 5736 se
514 5725 529 5746 ,
562 5697 797 5752 prnnum
849 5694 907 5738 ut
949 5686 1024 5738 rei
1078 5688 1238 5754 plane
1302 5685 1604 5739 incredibili
1643 5684 1802 5737 ﬁdem
1910 5691 2031 5740 dem
2065 5691 2296 5740 virtutes
2329 5688 2504 5741 lateor
2541 5700 2730 5742 rt'clca
2768 5693 3009 5758 principe
3043 5691 3279 5758 impendi
3309 5689 3483 5756 culpis

220 5776 530 5844 abnegabat
560 5791 575 5838 ;
613 5791 674 5828 ac
708 5778 797 5829 lilii
833 5778 1088 5842 credidit,
1124 5780 1481 5832 dissimulans
1509 5778 1808 5846 destinavit
1913 5780 2246 5832 cxcusaudis
2271 5796 2397 5833 vere
2418 5782 2757 5848 ﬁdeliterque
2789 5783 3153 5834 snlulitornm.
3182 5782 3273 5832 Ille
3302 5789 3484 5831 autem

221 5871 422 5922 multos
458 5870 553 5936 qui
579 5886 703 5922 eum
734 5872 797 5922 ad
826 5869 1022 5923 festum
1049 5872 1339 5931 luminum.
1368 5872 1509 5942 quod
1540 5871 1807 5931 instabat,
1920 5872 2019 5924 has
2045 5871 2306 5925 adhibere
2344 5889 2448 5924 non
2480 5874 2811 5940 gravabatur
2855 5875 3100 5924 formulis
3128 5870 3487 5940 tegendisque

458 5965 728 6026 Paraoe.
763 5969 876 6026 Gn.
918 5968 1176 6032 CXLIV.
3040 5973 3110 6026 ie“
