  <div class='ocr_page' id='page_1' title='image "/cluster/home/n/w/nwhite01/storage/ocr_20150623/144/nnc1.0046980792/301.png"; bbox 0 0 4190 6438; ppageno 0'>
   <div class='ocr_carea' id='block_1_1' title="bbox 774 406 880 467">
    <p class='ocr_par' dir='ltr' id='par_1_1' title="bbox 774 406 880 467">
     <span class='ocr_line' id='line_1_1' title="bbox 774 406 880 467; baseline 0 -1"><span class='ocrx_word' id='word_1_1' title='bbox 774 406 880 467; x_wconf 76' lang='grc'><strong>567</strong></span> 
     </span>
    </p>
   </div>
   <div class='ocr_carea' id='block_1_2' title="bbox 1984 404 2824 465">
    <p class='ocr_par' dir='ltr' id='par_1_2' title="bbox 1984 404 2824 465">
     <span class='ocr_line' id='line_1_2' title="bbox 1984 404 2824 465; baseline -0.001 0"><span class='ocrx_word' id='word_1_2' title='bbox 1984 406 2306 465; x_wconf 71' lang='lat' dir='ltr'><strong>GEORGII</strong></span> <span class='ocrx_word' id='word_1_3' title='bbox 2343 404 2824 465; x_wconf 57' lang='lat' dir='ltr'><strong>PACIIYMEILE</strong></span> 
     </span>
    </p>
   </div>
   <div class='ocr_carea' id='block_1_3' title="bbox 3916 398 4028 459">
    <p class='ocr_par' dir='ltr' id='par_1_3' title="bbox 3916 398 4028 459">
     <span class='ocr_line' id='line_1_3' title="bbox 3916 398 4028 459; baseline -0.036 0"><span class='ocrx_word' id='word_1_4' title='bbox 3916 398 4028 459; x_wconf 78' lang='grc'><strong>568</strong></span> 
     </span>
    </p>
   </div>
   <div class='ocr_carea' id='block_1_4' title="bbox 772 506 4030 585">
    <p class='ocr_par' dir='ltr' id='par_1_4' title="bbox 772 506 4030 585">
     <span class='ocr_line' id='line_1_4' title="bbox 772 506 4030 585; baseline -0.004 -14"><span class='ocrx_word' id='word_1_5' title='bbox 772 514 983 571; x_wconf 83' lang='grc' dir='ltr'>νεῖσθαι</span> <span class='ocrx_word' id='word_1_6' title='bbox 1033 514 1404 584; x_wconf 71' lang='grc' dir='ltr'>ἀλιτηριὼδεις</span> <span class='ocrx_word' id='word_1_7' title='bbox 1460 516 1818 585; x_wconf 73' lang='grc' dir='ltr'><strong>φαινομένους</strong></span> <span class='ocrx_word' id='word_1_8' title='bbox 1866 516 1983 568; x_wconf 67' lang='grc' dir='ltr'>ἀντὶ</span> <span class='ocrx_word' id='word_1_9' title='bbox 2016 516 2341 584; x_wconf 81' lang='grc' dir='ltr'>συμμάχων.</span> <span class='ocrx_word' id='word_1_10' title='bbox 2370 514 2418 572; x_wconf 81' lang='grc' dir='ltr'>Α</span> <span class='ocrx_word' id='word_1_11' title='bbox 2453 514 2550 581; x_wconf 79' lang='grc' dir='ltr'><strong>μὲν</strong></span> <span class='ocrx_word' id='word_1_12' title='bbox 2588 516 2649 567; x_wconf 78' lang='grc' dir='ltr'>τὸ</span> <span class='ocrx_word' id='word_1_13' title='bbox 2682 518 2835 582; x_wconf 81' lang='grc' dir='ltr'>σφίσι</span> <span class='ocrx_word' id='word_1_14' title='bbox 2882 518 3129 569; x_wconf 75' lang='grc' dir='ltr'><strong>συνοῖσον</strong></span> <span class='ocrx_word' id='word_1_15' title='bbox 3152 516 3331 584; x_wconf 77' lang='grc' dir='ltr'>ἀφῆκε</span> <span class='ocrx_word' id='word_1_16' title='bbox 3372 512 3741 584; x_wconf 77' lang='grc' dir='ltr'>βουλεύεσθαι,</span> <span class='ocrx_word' id='word_1_17' title='bbox 3778 508 3936 568; x_wconf 64' lang='grc' dir='ltr'>αὑτὸς</span> <span class='ocrx_word' id='word_1_18' title='bbox 3971 506 4030 558; x_wconf 80' lang='grc' dir='ltr'>δὲ</span> 
     </span>
    </p>
   </div>
   <div class='ocr_carea' id='block_1_5' title="bbox 773 607 2346 680">
    <p class='ocr_par' dir='ltr' id='par_1_5' title="bbox 773 607 2346 680">
     <span class='ocr_line' id='line_1_5' title="bbox 773 607 2346 680; baseline -0.001 -19"><span class='ocrx_word' id='word_1_19' title='bbox 773 612 825 662; x_wconf 75' lang='lat' dir='ltr'><strong>s!</strong></span> <span class='ocrx_word' id='word_1_20' title='bbox 872 625 972 660; x_wconf 75' lang='lat' dir='ltr'><strong>mu</strong></span> <span class='ocrx_word' id='word_1_21' title='bbox 1018 611 1128 670; x_wconf 84' lang='grc' dir='ltr'>τοῖς</span> <span class='ocrx_word' id='word_1_22' title='bbox 1189 607 1493 661; x_wconf 80' lang='grc' dir='ltr'><strong>καθεστῶσι</strong></span> <span class='ocrx_word' id='word_1_23' title='bbox 1550 612 1988 680; x_wconf 85' lang='grc' dir='ltr'>παρεγχειροῖεν.</span> <span class='ocrx_word' id='word_1_24' title='bbox 2050 610 2200 678; x_wconf 70' lang='grc' dir='ltr'><strong>Μηδὲ.</strong></span> <span class='ocrx_word' id='word_1_25' title='bbox 2239 610 2346 674; x_wconf 75' lang='grc' dir='ltr'><strong>γὰρ</strong></span> 
     </span>
    </p>
   </div>
   <div class='ocr_carea' id='block_1_6' title="bbox 770 702 2349 772">
    <p class='ocr_par' dir='ltr' id='par_1_6' title="bbox 770 702 2349 772">
     <span class='ocr_line' id='line_1_6' title="bbox 770 702 2349 772; baseline -0.004 -16"><span class='ocrx_word' id='word_1_26' title='bbox 770 703 987 771; x_wconf 76' lang='grc' dir='ltr'><strong>ἀγνοεῖν</strong></span> <span class='ocrx_word' id='word_1_27' title='bbox 1033 702 1171 765; x_wconf 84' lang='grc' dir='ltr'>ὅλως</span> <span class='ocrx_word' id='word_1_28' title='bbox 1200 703 1420 765; x_wconf 78' lang='grc' dir='ltr'>ὁπόσοις</span> <span class='ocrx_word' id='word_1_29' title='bbox 1452 705 1515 755; x_wconf 82' lang='grc' dir='ltr'><strong>ἐκ</strong></span> <span class='ocrx_word' id='word_1_30' title='bbox 1545 704 1653 755; x_wconf 83' lang='grc' dir='ltr'><strong>τῶν</strong></span> <span class='ocrx_word' id='word_1_31' title='bbox 1698 704 1986 772; x_wconf 87' lang='grc' dir='ltr'>Ῥωμαίων</span> <span class='ocrx_word' id='word_1_32' title='bbox 2011 702 2196 768; x_wconf 84' lang='grc' dir='ltr'>ὀλίγου</span> <span class='ocrx_word' id='word_1_33' title='bbox 2242 703 2349 752; x_wconf 83' lang='grc' dir='ltr'>ἐνι-</span> 
     </span>
    </p>
   </div>
   <div class='ocr_carea' id='block_1_7' title="bbox 772 791 2348 864">
    <p class='ocr_par' dir='ltr' id='par_1_7' title="bbox 772 791 2348 864">
     <span class='ocr_line' id='line_1_7' title="bbox 772 791 2348 864; baseline -0.003 -17"><span class='ocrx_word' id='word_1_34' title='bbox 772 793 1095 858; x_wconf 74' lang='grc' dir='ltr'>κανώθησαν</span> <span class='ocrx_word' id='word_1_35' title='bbox 1123 795 1340 863; x_wconf 78' lang='grc' dir='ltr'>χρόνου,</span> <span class='ocrx_word' id='word_1_36' title='bbox 1376 796 1472 848; x_wconf 80' lang='grc' dir='ltr'><strong>καὶ</strong></span> <span class='ocrx_word' id='word_1_37' title='bbox 1495 795 1650 847; x_wconf 75' lang='grc' dir='ltr'>ταῦτ’</span> <span class='ocrx_word' id='word_1_38' title='bbox 1675 798 1757 864; x_wconf 70' lang='grc' dir='ltr'><strong>ἐφ’</strong></span> <span class='ocrx_word' id='word_1_39' title='bbox 1789 795 1974 848; x_wconf 71' lang='grc' dir='ltr'>ίκανὸν</span> <span class='ocrx_word' id='word_1_40' title='bbox 2016 795 2073 854; x_wconf 79' lang='grc' dir='ltr'><strong>ἐς</strong></span> <span class='ocrx_word' id='word_1_41' title='bbox 2092 791 2348 859; x_wconf 85' lang='grc' dir='ltr'>Θευδερί-</span> 
     </span>
    </p>
   </div>
   <div class='ocr_carea' id='block_1_8' title="bbox 771 884 2348 956">
    <p class='ocr_par' dir='ltr' id='par_1_8' title="bbox 771 884 2348 956">
     <span class='ocr_line' id='line_1_8' title="bbox 771 884 2348 956; baseline -0.001 -20"><span class='ocrx_word' id='word_1_42' title='bbox 771 902 869 955; x_wconf 89' lang='grc' dir='ltr'><strong>χου</strong></span> <span class='ocrx_word' id='word_1_43' title='bbox 904 884 1163 955; x_wconf 80' lang='grc' dir='ltr'>πολέμοις</span> <span class='ocrx_word' id='word_1_44' title='bbox 1196 888 1440 955; x_wconf 83' lang='grc' dir='ltr'>συνεχέσι</span> <span class='ocrx_word' id='word_1_45' title='bbox 1478 887 2006 956; x_wconf 62' lang='grc' dir='ltr'>ταλαιπωρούμενοι,</span> <span class='ocrx_word' id='word_1_46' title='bbox 2037 885 2131 939; x_wconf 77' lang='grc' dir='ltr'>καὶ</span> <span class='ocrx_word' id='word_1_47' title='bbox 2183 884 2348 955; x_wconf 79' lang='grc' dir='ltr'>μηδὲν</span> 
     </span>
    </p>
   </div>
   <div class='ocr_carea' id='block_1_9' title="bbox 771 972 2347 1044">
    <p class='ocr_par' dir='ltr' id='par_1_9' title="bbox 771 972 2347 1044">
     <span class='ocr_line' id='line_1_9' title="bbox 771 972 2347 1044; baseline -0.001 -18"><span class='ocrx_word' id='word_1_48' title='bbox 771 974 1104 1044; x_wconf 86' lang='grc' dir='ltr'>ἀπονάμενοι</span> <span class='ocrx_word' id='word_1_49' title='bbox 1138 975 1246 1026; x_wconf 82' lang='grc' dir='ltr'><strong>τῶν</strong></span> <span class='ocrx_word' id='word_1_50' title='bbox 1277 975 1378 1027; x_wconf 84' lang='grc' dir='ltr'>ὅσα</span> <span class='ocrx_word' id='word_1_51' title='bbox 1417 976 1691 1029; x_wconf 81' lang='grc' dir='ltr'>δεικνῦσιν</span> <span class='ocrx_word' id='word_1_52' title='bbox 1722 975 1972 1044; x_wconf 77' lang='grc' dir='ltr'>εὔπορον.</span> <span class='ocrx_word' id='word_1_53' title='bbox 2030 977 2263 1043; x_wconf 86' lang='grc' dir='ltr'>Σημείον</span> <span class='ocrx_word' id='word_1_54' title='bbox 2302 972 2347 1025; x_wconf 76' lang='grc' dir='ltr'>δ’</span> 
     </span>
    </p>
   </div>
   <div class='ocr_carea' id='block_1_10' title="bbox 771 1065 2352 1137">
    <p class='ocr_par' dir='ltr' id='par_1_10' title="bbox 771 1065 2352 1137">
     <span class='ocr_line' id='line_1_10' title="bbox 771 1065 2352 1137; baseline -0.002 -19"><span class='ocrx_word' id='word_1_55' title='bbox 771 1065 912 1119; x_wconf 75' lang='grc' dir='ltr'>εἶναι</span> <span class='ocrx_word' id='word_1_56' title='bbox 946 1069 1007 1120; x_wconf 82' lang='grc' dir='ltr'><strong>τὸ</strong></span> <span class='ocrx_word' id='word_1_57' title='bbox 1031 1068 1239 1120; x_wconf 82' lang='grc' dir='ltr'>ἐκεῖθεν</span> <span class='ocrx_word' id='word_1_58' title='bbox 1278 1068 1722 1129; x_wconf 70' lang='grc' dir='ltr'>ἀπαλλάττοντας</span> <span class='ocrx_word' id='word_1_59' title='bbox 1761 1069 1926 1137; x_wconf 79' lang='grc' dir='ltr'>μηδὲν</span> <span class='ocrx_word' id='word_1_60' title='bbox 1950 1070 2008 1130; x_wconf 82' lang='grc' dir='ltr'><strong>ἐς</strong></span> <span class='ocrx_word' id='word_1_61' title='bbox 2036 1068 2209 1119; x_wconf 85' lang='grc' dir='ltr'>νέωτα</span> <span class='ocrx_word' id='word_1_62' title='bbox 2236 1069 2352 1118; x_wconf 85' lang='grc' dir='ltr'>ἐπι-</span> 
     </span>
    </p>
   </div>
   <div class='ocr_carea' id='block_1_11' title="bbox 773 1152 2352 1228">
    <p class='ocr_par' dir='ltr' id='par_1_11' title="bbox 773 1152 2352 1228">
     <span class='ocr_line' id='line_1_11' title="bbox 773 1152 2352 1228; baseline 0.001 -20"><span class='ocrx_word' id='word_1_63' title='bbox 773 1156 1059 1226; x_wconf 82' lang='grc' dir='ltr'>φέρεσθαι,</span> <span class='ocrx_word' id='word_1_64' title='bbox 1093 1157 1206 1209; x_wconf 87' lang='grc' dir='ltr'>ἀλλ’</span> <span class='ocrx_word' id='word_1_65' title='bbox 1236 1158 1425 1228; x_wconf 84' lang='grc' dir='ltr'>ὥσπερ</span> <span class='ocrx_word' id='word_1_66' title='bbox 1462 1159 1519 1209; x_wconf 86' lang='grc' dir='ltr'><strong>ἐν</strong></span> <span class='ocrx_word' id='word_1_67' title='bbox 1553 1159 1785 1227; x_wconf 79' lang='grc' dir='ltr'>ἐρήμοις</span> <span class='ocrx_word' id='word_1_68' title='bbox 1819 1157 2127 1223; x_wconf 83' lang='grc' dir='ltr'>διάγοντας,</span> <span class='ocrx_word' id='word_1_69' title='bbox 2178 1152 2352 1209; x_wconf 69' lang='grc' dir='ltr'>οὕτως</span> 
     </span>
    </p>
   </div>
   <div class='ocr_carea' id='block_1_12' title="bbox 775 1244 2353 1317">
    <p class='ocr_par' dir='ltr' id='par_1_12' title="bbox 775 1244 2353 1317">
     <span class='ocr_line' id='line_1_12' title="bbox 775 1244 2353 1317; baseline -0.002 -16"><span class='ocrx_word' id='word_1_70' title='bbox 775 1249 983 1302; x_wconf 80' lang='grc' dir='ltr'>ἐκεῖθεν</span> <span class='ocrx_word' id='word_1_71' title='bbox 1012 1250 1245 1317; x_wconf 79' lang='grc' dir='ltr'>φανῆναι</span> <span class='ocrx_word' id='word_1_72' title='bbox 1270 1250 1510 1317; x_wconf 86' lang='grc' dir='ltr'>γυμνούς</span> <span class='ocrx_word' id='word_1_73' title='bbox 1542 1264 1695 1310; x_wconf 87' lang='grc' dir='ltr'>τινας</span> <span class='ocrx_word' id='word_1_74' title='bbox 1712 1249 1806 1301; x_wconf 74' lang='grc' dir='ltr'><strong>καὶ</strong></span> <span class='ocrx_word' id='word_1_75' title='bbox 1835 1246 2097 1307; x_wconf 74' lang='grc' dir='ltr'>ἀνόπλους</span> <span class='ocrx_word' id='word_1_76' title='bbox 2125 1244 2353 1315; x_wconf 75' lang='lat' dir='ltr'><strong>[P.359]</strong></span> 
     </span>
    </p>
   </div>
   <div class='ocr_carea' id='block_1_13' title="bbox 776 1335 2350 1407">
    <p class='ocr_par' dir='ltr' id='par_1_13' title="bbox 776 1335 2350 1407">
     <span class='ocr_line' id='line_1_13' title="bbox 776 1335 2350 1407; baseline -0.003 -17"><span class='ocrx_word' id='word_1_77' title='bbox 776 1339 871 1390; x_wconf 73' lang='grc' dir='ltr'><strong>καὶ</strong></span> <span class='ocrx_word' id='word_1_78' title='bbox 899 1338 1034 1405; x_wconf 73' lang='grc' dir='ltr'>μηδὲ</span> <span class='ocrx_word' id='word_1_79' title='bbox 1078 1338 1183 1388; x_wconf 81' lang='grc' dir='ltr'>τῶν</span> <span class='ocrx_word' id='word_1_80' title='bbox 1220 1338 1339 1390; x_wconf 82' lang='grc' dir='ltr'>καθ’</span> <span class='ocrx_word' id='word_1_81' title='bbox 1375 1339 1590 1407; x_wconf 80' lang='grc' dir='ltr'>ἡμέραν</span> <span class='ocrx_word' id='word_1_82' title='bbox 1622 1340 1679 1400; x_wconf 83' lang='grc' dir='ltr'><strong>ἐς</strong></span> <span class='ocrx_word' id='word_1_83' title='bbox 1724 1338 1929 1407; x_wconf 66' lang='grc' dir='ltr'>τροφὴν</span> <span class='ocrx_word' id='word_1_84' title='bbox 1960 1335 2350 1405; x_wconf 75' lang='grc' dir='ltr'>εὐποροῦντας.</span> 
     </span>
    </p>
   </div>
   <div class='ocr_carea' id='block_1_14' title="bbox 778 1428 2357 1499">
    <p class='ocr_par' dir='ltr' id='par_1_14' title="bbox 778 1428 2357 1499">
     <span class='ocr_line' id='line_1_14' title="bbox 778 1428 2357 1499; baseline -0.001 -20"><span class='ocrx_word' id='word_1_85' title='bbox 778 1429 895 1480; x_wconf 76' lang='grc' dir='ltr'><strong>Νῦν</strong></span> <span class='ocrx_word' id='word_1_86' title='bbox 944 1428 991 1479; x_wconf 78' lang='grc' dir='ltr'>δ’</span> <span class='ocrx_word' id='word_1_87' title='bbox 1024 1430 1139 1481; x_wconf 83' lang='grc' dir='ltr'>ἀλλ’</span> <span class='ocrx_word' id='word_1_88' title='bbox 1172 1431 1335 1499; x_wconf 76' lang='grc' dir='ltr'>ἀργοὶ</span> <span class='ocrx_word' id='word_1_89' title='bbox 1370 1430 1636 1498; x_wconf 77' lang='grc' dir='ltr'>κάθηνται</span> <span class='ocrx_word' id='word_1_90' title='bbox 1695 1429 1788 1481; x_wconf 76' lang='grc' dir='ltr'><strong>καὶ</strong></span> <span class='ocrx_word' id='word_1_91' title='bbox 1827 1428 2211 1496; x_wconf 71' lang='grc' dir='ltr'>ὑπερηφάνους</span> <span class='ocrx_word' id='word_1_92' title='bbox 2257 1432 2357 1487; x_wconf 72' lang='grc' dir='ltr'><strong>τὰς</strong></span> 
     </span>
    </p>
   </div>
   <div class='ocr_carea' id='block_1_15' title="bbox 781 1518 2357 1590">
    <p class='ocr_par' dir='ltr' id='par_1_15' title="bbox 781 1518 2357 1590">
     <span class='ocr_line' id='line_1_15' title="bbox 781 1518 2357 1590; baseline -0.001 -20"><span class='ocrx_word' id='word_1_93' title='bbox 781 1520 1140 1590; x_wconf 60' lang='grc' dir='ltr'>μισθοφορίας</span> <span class='ocrx_word' id='word_1_94' title='bbox 1194 1521 1505 1584; x_wconf 79' lang='grc' dir='ltr'>ἀπαιτοῦσι,</span> <span class='ocrx_word' id='word_1_95' title='bbox 1567 1521 1618 1572; x_wconf 90' lang='grc' dir='ltr'><strong>τί</strong></span> <span class='ocrx_word' id='word_1_96' title='bbox 1670 1522 1764 1574; x_wconf 79' lang='grc' dir='ltr'><strong>καὶ</strong></span> <span class='ocrx_word' id='word_1_97' title='bbox 1816 1520 2120 1589; x_wconf 80' lang='grc' dir='ltr'>πράξαντες</span> <span class='ocrx_word' id='word_1_98' title='bbox 2150 1518 2357 1586; x_wconf 77' lang='grc' dir='ltr'>ἀγαθὸν</span> 
     </span>
    </p>
   </div>
   <div class='ocr_carea' id='block_1_16' title="bbox 779 1612 2359 1686">
    <p class='ocr_par' dir='ltr' id='par_1_16' title="bbox 779 1612 2359 1686">
     <span class='ocr_line' id='line_1_16' title="bbox 779 1612 2359 1686; baseline -0.001 -19"><span class='ocrx_word' id='word_1_99' title='bbox 779 1616 875 1667; x_wconf 74' lang='grc' dir='ltr'><strong>καὶ</strong></span> <span class='ocrx_word' id='word_1_100' title='bbox 933 1612 1194 1686; x_wconf 64' lang='grc' dir='ltr'>μαχήτῶν</span> <span class='ocrx_word' id='word_1_101' title='bbox 1242 1617 1402 1686; x_wconf 82' lang='grc' dir='ltr'>ἔργον</span> <span class='ocrx_word' id='word_1_102' title='bbox 1458 1617 1755 1685; x_wconf 77' lang='grc' dir='ltr'>γενναίων,</span> <span class='ocrx_word' id='word_1_103' title='bbox 1804 1617 1931 1680; x_wconf 77' lang='grc' dir='ltr'>τοὺς</span> <span class='ocrx_word' id='word_1_104' title='bbox 1978 1614 2209 1686; x_wconf 80' lang='grc' dir='ltr'>ἐχθροὺς</span> <span class='ocrx_word' id='word_1_105' title='bbox 2262 1614 2359 1666; x_wconf 75' lang='grc' dir='ltr'><strong>καὶ</strong></span> 
     </span>
    </p>
   </div>
   <div class='ocr_carea' id='block_1_17' title="bbox 778 1703 2361 1778">
    <p class='ocr_par' dir='ltr' id='par_1_17' title="bbox 778 1703 2361 1778">
     <span class='ocr_line' id='line_1_17' title="bbox 778 1703 2361 1778; baseline -0.002 -19"><span class='ocrx_word' id='word_1_106' title='bbox 778 1708 949 1760; x_wconf 86' lang='grc' dir='ltr'>ταῦτα</span> <span class='ocrx_word' id='word_1_107' title='bbox 1001 1710 1165 1776; x_wconf 77' lang='grc' dir='ltr'>ἐγγὺς</span> <span class='ocrx_word' id='word_1_108' title='bbox 1213 1709 1468 1778; x_wconf 77' lang='grc' dir='ltr'>ὁρῶντες.</span> <span class='ocrx_word' id='word_1_109' title='bbox 1521 1710 1777 1778; x_wconf 86' lang='grc' dir='ltr'>πολέμοις</span> <span class='ocrx_word' id='word_1_110' title='bbox 1822 1707 2220 1776; x_wconf 83' lang='grc' dir='ltr'>συντραφέντες</span> <span class='ocrx_word' id='word_1_111' title='bbox 2267 1703 2361 1757; x_wconf 77' lang='grc' dir='ltr'>καὶ</span> 
     </span>
    </p>
   </div>
   <div class='ocr_carea' id='block_1_18' title="bbox 782 1793 2356 1871">
    <p class='ocr_par' dir='ltr' id='par_1_18' title="bbox 782 1793 2356 1871">
     <span class='ocr_line' id='line_1_18' title="bbox 782 1793 2356 1871; baseline -0.01 -9"><span class='ocrx_word' id='word_1_112' title='bbox 782 1800 1007 1868; x_wconf 77' lang='grc' dir='ltr'>μάχαις,</span> <span class='ocrx_word' id='word_1_113' title='bbox 1036 1800 1410 1869; x_wconf 82' lang='grc' dir='ltr'>ὠςλέγουσιν.</span> <span class='ocrx_word' id='word_1_114' title='bbox 1430 1794 1528 1853; x_wconf 76' lang='grc' dir='ltr'>Ὧν</span> <span class='ocrx_word' id='word_1_115' title='bbox 1557 1801 1717 1871; x_wconf 83' lang='grc' dir='ltr'>χάριν</span> <span class='ocrx_word' id='word_1_116' title='bbox 1741 1793 2184 1868; x_wconf 82' lang='grc' dir='ltr'>ἐγκαλύπτεσθαι</span> <span class='ocrx_word' id='word_1_117' title='bbox 2217 1795 2356 1859; x_wconf 81' lang='grc' dir='ltr'>δέον,</span> 
     </span>
    </p>
   </div>
   <div class='ocr_carea' id='block_1_19' title="bbox 780 1888 2364 1961">
    <p class='ocr_par' dir='ltr' id='par_1_19' title="bbox 780 1888 2364 1961">
     <span class='ocr_line' id='line_1_19' title="bbox 780 1888 2364 1961; baseline -0.004 -16"><span class='ocrx_word' id='word_1_118' title='bbox 780 1896 827 1945; x_wconf 87' lang='grc' dir='ltr'>οἱ</span> <span class='ocrx_word' id='word_1_119' title='bbox 868 1893 923 1945; x_wconf 77' lang='grc' dir='ltr'>δὲ</span> <span class='ocrx_word' id='word_1_120' title='bbox 955 1894 1049 1946; x_wconf 80' lang='grc' dir='ltr'>καὶ</span> <span class='ocrx_word' id='word_1_121' title='bbox 1097 1892 1385 1947; x_wconf 77' lang='grc' dir='ltr'>ἀπειλοῦσι</span> <span class='ocrx_word' id='word_1_122' title='bbox 1416 1893 1778 1961; x_wconf 83' lang='grc' dir='ltr'>κατατρέχειν</span> <span class='ocrx_word' id='word_1_123' title='bbox 1810 1892 1906 1961; x_wconf 78' lang='grc' dir='ltr'>τὴν</span> <span class='ocrx_word' id='word_1_124' title='bbox 1939 1892 2145 1961; x_wconf 79' lang='grc' dir='ltr'>χώραν,</span> <span class='ocrx_word' id='word_1_125' title='bbox 2176 1888 2364 1956; x_wconf 80' lang='grc' dir='ltr'>ὥσπερ</span> 
     </span>
    </p>
   </div>
   <div class='ocr_carea' id='block_1_20' title="bbox 782 1978 2368 2057">
    <p class='ocr_par' dir='ltr' id='par_1_20' title="bbox 782 1978 2368 2057">
     <span class='ocr_line' id='line_1_20' title="bbox 782 1978 2368 2057; baseline -0.006 -18"><span class='ocrx_word' id='word_1_126' title='bbox 782 1988 848 2039; x_wconf 84' lang='grc' dir='ltr'><strong>ἂν</strong></span> <span class='ocrx_word' id='word_1_127' title='bbox 872 1985 1082 2056; x_wconf 74' lang='grc' dir='ltr'>ἕρημος</span> <span class='ocrx_word' id='word_1_128' title='bbox 1113 1985 1413 2057; x_wconf 74' lang='grc' dir='ltr'>προῦκειτο</span> <span class='ocrx_word' id='word_1_129' title='bbox 1440 1985 1535 2038; x_wconf 80' lang='grc' dir='ltr'><strong>τοῦ</strong></span> <span class='ocrx_word' id='word_1_130' title='bbox 1568 1983 2002 2053; x_wconf 71' lang='grc' dir='ltr'>πολυοιροῦντος,</span> <span class='ocrx_word' id='word_1_131' title='bbox 2042 1981 2135 2033; x_wconf 66' lang='grc' dir='ltr'>καὶ</span> <span class='ocrx_word' id='word_1_132' title='bbox 2161 1982 2236 2041; x_wconf 84' lang='grc' dir='ltr'><strong>ὡς</strong></span> <span class='ocrx_word' id='word_1_133' title='bbox 2266 1978 2368 2032; x_wconf 78' lang='grc' dir='ltr'><strong>οὐκ</strong></span> 
     </span>
    </p>
   </div>
   <div class='ocr_carea' id='block_1_21' title="bbox 779 2070 2363 2144">
    <p class='ocr_par' dir='ltr' id='par_1_21' title="bbox 779 2070 2363 2144">
     <span class='ocr_line' id='line_1_21' title="bbox 779 2070 2363 2144; baseline -0.005 -15"><span class='ocrx_word' id='word_1_134' title='bbox 779 2079 987 2132; x_wconf 72' lang='grc' dir='ltr'>οἴδασιν</span> <span class='ocrx_word' id='word_1_135' title='bbox 1027 2079 1102 2140; x_wconf 84' lang='grc' dir='ltr'>ὡς</span> <span class='ocrx_word' id='word_1_136' title='bbox 1146 2080 1291 2131; x_wconf 86' lang='grc' dir='ltr'><strong>κατά</strong></span> <span class='ocrx_word' id='word_1_137' title='bbox 1340 2077 1513 2131; x_wconf 84' lang='grc' dir='ltr'>νώτου</span> <span class='ocrx_word' id='word_1_138' title='bbox 1567 2077 1779 2138; x_wconf 75' lang='grc' dir='ltr'>τούτοις</span> <span class='ocrx_word' id='word_1_139' title='bbox 1833 2077 1860 2127; x_wconf 75' lang='grc' dir='ltr'>ὁ</span> <span class='ocrx_word' id='word_1_140' title='bbox 1891 2073 2144 2144; x_wconf 75' lang='grc' dir='ltr'>βασιλεὺς</span> <span class='ocrx_word' id='word_1_141' title='bbox 2184 2073 2277 2123; x_wconf 69' lang='grc' dir='ltr'>καὶ</span> <span class='ocrx_word' id='word_1_142' title='bbox 2306 2070 2363 2121; x_wconf 89' lang='grc' dir='ltr'>αἱ</span> 
     </span>
    </p>
   </div>
   <div class='ocr_carea' id='block_1_22' title="bbox 783 2162 2366 2245">
    <p class='ocr_par' dir='ltr' id='par_1_22' title="bbox 783 2162 2366 2245">
     <span class='ocr_line' id='line_1_22' title="bbox 783 2162 2366 2245; baseline 0.004 -23"><span class='ocrx_word' id='word_1_143' title='bbox 783 2171 914 2239; x_wconf 71' lang='grc' dir='ltr'>περὶ</span> <span class='ocrx_word' id='word_1_144' title='bbox 953 2170 1117 2223; x_wconf 78' lang='grc' dir='ltr'>αὑτὸν</span> <span class='ocrx_word' id='word_1_145' title='bbox 1167 2170 1462 2239; x_wconf 89' lang='grc' dir='ltr'>δυνάμεις,</span> <span class='ocrx_word' id='word_1_146' title='bbox 1504 2162 1579 2221; x_wconf 81' lang='grc' dir='ltr'>ὧν</span> <span class='ocrx_word' id='word_1_147' title='bbox 1627 2169 1702 2236; x_wconf 83' lang='grc' dir='ltr'>μὴ</span> <span class='ocrx_word' id='word_1_148' title='bbox 1748 2169 1831 2220; x_wconf 84' lang='grc' dir='ltr'><strong>ὅτι</strong></span> <span class='ocrx_word' id='word_1_149' title='bbox 1882 2184 1944 2233; x_wconf 81' lang='grc' dir='ltr'>γε</span> <span class='ocrx_word' id='word_1_150' title='bbox 1978 2166 2078 2235; x_wconf 81' lang='grc' dir='ltr'><strong>τὴν</strong></span> <span class='ocrx_word' id='word_1_151' title='bbox 2128 2163 2366 2245; x_wconf 63' lang='grc' dir='ltr'>προσίξο-</span> 
     </span>
    </p>
   </div>
   <div class='ocr_carea' id='block_1_23' title="bbox 783 2254 2367 2329">
    <p class='ocr_par' dir='ltr' id='par_1_23' title="bbox 783 2254 2367 2329">
     <span class='ocr_line' id='line_1_23' title="bbox 783 2254 2367 2329; baseline -0.004 -18"><span class='ocrx_word' id='word_1_152' title='bbox 783 2260 879 2329; x_wconf 78' lang='grc' dir='ltr'>λὴν</span> <span class='ocrx_word' id='word_1_153' title='bbox 908 2300 922 2321; x_wconf 94' lang='grc'><strong>,</strong></span> <span class='ocrx_word' id='word_1_154' title='bbox 984 2260 1103 2315; x_wconf 80' lang='grc' dir='ltr'>ἀλλ’</span> <span class='ocrx_word' id='word_1_155' title='bbox 1139 2261 1260 2313; x_wconf 80' lang='grc' dir='ltr'><strong>ούδέ</strong></span> <span class='ocrx_word' id='word_1_156' title='bbox 1301 2260 1401 2315; x_wconf 76' lang='grc' dir='ltr'>τὴν</span> <span class='ocrx_word' id='word_1_157' title='bbox 1452 2260 1643 2329; x_wconf 83' lang='grc' dir='ltr'>φήμην</span> <span class='ocrx_word' id='word_1_158' title='bbox 1672 2256 2165 2328; x_wconf 75' lang='grc' dir='ltr'>προσπελαζόντων</span> <span class='ocrx_word' id='word_1_159' title='bbox 2213 2254 2367 2322; x_wconf 78' lang='grc' dir='ltr'>ἐνέγ-</span> 
     </span>
    </p>
   </div>
   <div class='ocr_carea' id='block_1_24' title="bbox 785 2368 968 2406">
    <p class='ocr_par' dir='ltr' id='par_1_24' title="bbox 785 2368 968 2406">
     <span class='ocr_line' id='line_1_24' title="bbox 785 2368 968 2406; baseline -0.022 -2"><span class='ocrx_word' id='word_1_160' title='bbox 785 2368 968 2406; x_wconf 78' lang='grc' dir='ltr'>καιεν.</span> 
     </span>
    </p>
   </div>
   <div class='ocr_carea' id='block_1_25' title="bbox 783 2439 2366 2511">
    <p class='ocr_par' dir='ltr' id='par_1_25' title="bbox 783 2439 2366 2511">
     <span class='ocr_line' id='line_1_25' title="bbox 783 2439 2366 2511; baseline -0.005 -14"><span class='ocrx_word' id='word_1_161' title='bbox 783 2460 854 2497; x_wconf 80' lang='grc' dir='ltr'><strong>κ’.</strong></span> <span class='ocrx_word' id='word_1_162' title='bbox 889 2444 1268 2508; x_wconf 76' lang='grc' dir='ltr'>ιιίιτὰστασις</span> <span class='ocrx_word' id='word_1_163' title='bbox 1300 2443 1404 2497; x_wconf 85' lang='grc' dir='ltr'>τοῦ</span> <span class='ocrx_word' id='word_1_164' title='bbox 1436 2440 2087 2511; x_wconf 73' lang='grc' dir='ltr'>πανυπερσεΰαστικοῦ</span> <span class='ocrx_word' id='word_1_165' title='bbox 2112 2439 2366 2507; x_wconf 71' lang='grc' dir='ltr'>ἀξιώμαο</span> 
     </span>
    </p>
   </div>
   <div class='ocr_carea' id='block_1_26' title="bbox 948 2513 2204 2584">
    <p class='ocr_par' dir='ltr' id='par_1_26' title="bbox 948 2513 2204 2584">
     <span class='ocr_line' id='line_1_26' title="bbox 948 2513 2204 2584; baseline -0.003 -16"><span class='ocrx_word' id='word_1_166' title='bbox 948 2532 1051 2579; x_wconf 80' lang='grc' dir='ltr'><strong>τος</strong></span> <span class='ocrx_word' id='word_1_167' title='bbox 1078 2517 1175 2568; x_wconf 80' lang='grc' dir='ltr'>ἐπὶ</span> <span class='ocrx_word' id='word_1_168' title='bbox 1207 2513 1286 2580; x_wconf 84' lang='grc' dir='ltr'>τῷ</span> <span class='ocrx_word' id='word_1_169' title='bbox 1319 2514 1428 2579; x_wconf 71' lang='grc' dir='ltr'><strong>υἱῷ</strong></span> <span class='ocrx_word' id='word_1_170' title='bbox 1467 2514 1572 2568; x_wconf 85' lang='grc' dir='ltr'>τοῦ</span> <span class='ocrx_word' id='word_1_171' title='bbox 1613 2513 2204 2584; x_wconf 68' lang='grc' dir='ltr'>πορφυρογεννήτου.</span> 
     </span>
    </p>
   </div>
   <div class='ocr_carea' id='block_1_27' title="bbox 861 2628 2368 2699">
    <p class='ocr_par' dir='ltr' id='par_1_27' title="bbox 861 2628 2368 2699">
     <span class='ocr_line' id='line_1_27' title="bbox 861 2628 2368 2699; baseline -0.004 -14"><span class='ocrx_word' id='word_1_172' title='bbox 861 2630 1048 2686; x_wconf 80' lang='grc' dir='ltr'>Ταῦτα</span> <span class='ocrx_word' id='word_1_173' title='bbox 1095 2636 1190 2685; x_wconf 71' lang='grc' dir='ltr'>καὶ</span> <span class='ocrx_word' id='word_1_174' title='bbox 1240 2631 1461 2684; x_wconf 78' lang='grc' dir='ltr'>πλείονα</span> <span class='ocrx_word' id='word_1_175' title='bbox 1494 2631 1703 2684; x_wconf 85' lang='grc' dir='ltr'>τούτων</span> <span class='ocrx_word' id='word_1_176' title='bbox 1738 2631 2071 2699; x_wconf 83' lang='grc' dir='ltr'>διαλαλήσας</span> <span class='ocrx_word' id='word_1_177' title='bbox 2134 2628 2368 2688; x_wconf 87' lang='grc' dir='ltr'>ἐκείνοις</span> 
     </span>
    </p>
   </div>
   <div class='ocr_carea' id='block_1_28' title="bbox 787 2809 2371 2882">
    <p class='ocr_par' dir='ltr' id='par_1_28' title="bbox 787 2809 2371 2882">
     <span class='ocr_line' id='line_1_28' title="bbox 787 2809 2371 2882; baseline -0.002 -14"><span class='ocrx_word' id='word_1_178' title='bbox 787 2821 901 2879; x_wconf 85' lang='lat' dir='ltr'><strong>rat,</strong></span> <span class='ocrx_word' id='word_1_179' title='bbox 963 2811 1073 2867; x_wconf 89' lang='lat' dir='ltr'><strong>uisi</strong></span> <span class='ocrx_word' id='word_1_180' title='bbox 1126 2812 1373 2867; x_wconf 90' lang='lat' dir='ltr'><strong>omnium</strong></span> <span class='ocrx_word' id='word_1_181' title='bbox 1430 2812 1625 2882; x_wconf 86' lang='lat' dir='ltr'><strong>inopes</strong></span> <span class='ocrx_word' id='word_1_182' title='bbox 1660 2828 1691 2867; x_wconf 91' lang='lat' dir='ltr'><strong>e</strong></span> <span class='ocrx_word' id='word_1_183' title='bbox 1746 2810 2114 2867; x_wconf 89' lang='lat' dir='ltr'><strong>Theuderichi</strong></span> <span class='ocrx_word' id='word_1_184' title='bbox 2171 2809 2371 2865; x_wconf 76' lang='lat' dir='ltr'><strong>castris</strong></span> 
     </span>
    </p>
   </div>
   <div class='ocr_carea' id='block_1_29' title="bbox 790 2902 2371 2975">
    <p class='ocr_par' dir='ltr' id='par_1_29' title="bbox 790 2902 2371 2975">
     <span class='ocr_line' id='line_1_29' title="bbox 790 2902 2371 2975; baseline -0.001 -18"><span class='ocrx_word' id='word_1_185' title='bbox 790 2904 1099 2959; x_wconf 77' lang='lat' dir='ltr'><strong>Romanum</strong></span> <span class='ocrx_word' id='word_1_186' title='bbox 1148 2904 1438 2975; x_wconf 87' lang='lat' dir='ltr'><strong>imperium</strong></span> <span class='ocrx_word' id='word_1_187' title='bbox 1483 2902 1745 2959; x_wconf 86' lang='lat' dir='ltr'><strong>fomentis</strong></span> <span class='ocrx_word' id='word_1_188' title='bbox 1778 2912 2057 2958; x_wconf 88' lang='lat' dir='ltr'><strong>recreatos</strong></span> <span class='ocrx_word' id='word_1_189' title='bbox 2103 2913 2371 2972; x_wconf 88' lang='lat' dir='ltr'><strong>opportu-</strong></span> 
     </span>
    </p>
   </div>
   <div class='ocr_carea' id='block_1_30' title="bbox 789 2995 2370 3067">
    <p class='ocr_par' dir='ltr' id='par_1_30' title="bbox 789 2995 2370 3067">
     <span class='ocr_line' id='line_1_30' title="bbox 789 2995 2370 3067; baseline -0.001 -16"><span class='ocrx_word' id='word_1_190' title='bbox 789 2997 903 3059; x_wconf 88' lang='lat' dir='ltr'><strong>nis,</strong></span> <span class='ocrx_word' id='word_1_191' title='bbox 932 2996 1239 3051; x_wconf 86' lang='lat' dir='ltr'><strong>incolumes</strong></span> <span class='ocrx_word' id='word_1_192' title='bbox 1280 2996 1347 3051; x_wconf 88' lang='lat' dir='ltr'><strong>ad</strong></span> <span class='ocrx_word' id='word_1_193' title='bbox 1383 2996 1487 3051; x_wconf 89' lang='lat' dir='ltr'><strong>hoc</strong></span> <span class='ocrx_word' id='word_1_194' title='bbox 1526 3006 1745 3067; x_wconf 77' lang='lat' dir='ltr'><strong>tempus</strong></span> <span class='ocrx_word' id='word_1_195' title='bbox 1790 2997 2164 3067; x_wconf 80' lang='lat' dir='ltr'><strong>perduxisset.</strong></span> <span class='ocrx_word' id='word_1_196' title='bbox 2200 2995 2370 3051; x_wconf 77' lang='lat' dir='ltr'><strong>Palli-</strong></span> 
     </span>
    </p>
   </div>
   <div class='ocr_carea' id='block_1_31' title="bbox 792 3090 2371 3160">
    <p class='ocr_par' dir='ltr' id='par_1_31' title="bbox 792 3090 2371 3160">
     <span class='ocr_line' id='line_1_31' title="bbox 792 3090 2371 3160; baseline -0.001 -15"><span class='ocrx_word' id='word_1_197' title='bbox 792 3090 917 3153; x_wconf 87' lang='lat' dir='ltr'><strong>dos,</strong></span> <span class='ocrx_word' id='word_1_198' title='bbox 943 3105 1275 3159; x_wconf 77' lang='lat' dir='ltr'><strong>exsangues,</strong></span> <span class='ocrx_word' id='word_1_199' title='bbox 1314 3091 1549 3145; x_wconf 89' lang='lat' dir='ltr'><strong>miseras</strong></span> <span class='ocrx_word' id='word_1_200' title='bbox 1594 3091 1861 3160; x_wconf 83' lang='lat' dir='ltr'><strong>reliquias</strong></span> <span class='ocrx_word' id='word_1_201' title='bbox 1893 3090 2019 3143; x_wconf 85' lang='lat' dir='ltr'><strong>belli</strong></span> <span class='ocrx_word' id='word_1_202' title='bbox 2045 3090 2236 3151; x_wconf 83' lang='lat' dir='ltr'><strong>Siculi,</strong></span> <span class='ocrx_word' id='word_1_203' title='bbox 2272 3105 2371 3143; x_wconf 88' lang='lat' dir='ltr'><strong>nu-</strong></span> 
     </span>
    </p>
   </div>
   <div class='ocr_carea' id='block_1_32' title="bbox 2456 599 4032 673">
    <p class='ocr_par' dir='ltr' id='par_1_32' title="bbox 2456 599 4032 673">
     <span class='ocr_line' id='line_1_32' title="bbox 2456 599 4032 673; baseline -0.008 -14"><span class='ocrx_word' id='word_1_204' title='bbox 2456 610 2547 659; x_wconf 78' lang='grc' dir='ltr'><strong>τδν</strong></span> <span class='ocrx_word' id='word_1_205' title='bbox 2585 608 2680 659; x_wconf 74' lang='grc' dir='ltr'><strong>τοῦ</strong></span> <span class='ocrx_word' id='word_1_206' title='bbox 2730 609 2931 660; x_wconf 72' lang='grc' dir='ltr'>οίγείου</span> <span class='ocrx_word' id='word_1_207' title='bbox 2991 606 3327 673; x_wconf 76' lang='grc' dir='ltr'>αὐταδέλιρου</span> <span class='ocrx_word' id='word_1_208' title='bbox 3382 603 3474 656; x_wconf 75' lang='grc' dir='ltr'>τοῦ</span> <span class='ocrx_word' id='word_1_209' title='bbox 3512 599 4032 670; x_wconf 74' lang='grc' dir='ltr'>πορφυρογεννήτου</span> 
     </span>
    </p>
   </div>
   <div class='ocr_carea' id='block_1_33' title="bbox 2459 688 4033 767">
    <p class='ocr_par' dir='ltr' id='par_1_33' title="bbox 2459 688 4033 767">
     <span class='ocr_line' id='line_1_33' title="bbox 2459 688 4033 767; baseline -0.009 -13"><span class='ocrx_word' id='word_1_210' title='bbox 2459 701 2877 754; x_wconf 83' lang='grc' dir='ltr'>Κωνσταντίνου</span> <span class='ocrx_word' id='word_1_211' title='bbox 2928 693 3043 752; x_wconf 78' lang='grc' dir='ltr'>υἶδν</span> <span class='ocrx_word' id='word_1_212' title='bbox 3077 698 3344 767; x_wconf 75' lang='grc' dir='ltr'>άναδοχῆς</span> <span class='ocrx_word' id='word_1_213' title='bbox 3399 695 3639 758; x_wconf 77' lang='grc' dir='ltr'>ἀξιώσας</span> <span class='ocrx_word' id='word_1_214' title='bbox 3702 693 3949 760; x_wconf 80' lang='grc' dir='ltr'>μείζονος</span> <span class='ocrx_word' id='word_1_215' title='bbox 3995 688 4033 756; x_wconf 77' lang='grc' dir='ltr'>ἢ</span> 
     </span>
    </p>
   </div>
   <div class='ocr_carea' id='block_1_34' title="bbox 2461 779 4083 858">
    <p class='ocr_par' dir='ltr' id='par_1_34' title="bbox 2461 779 4083 858">
     <span class='ocr_line' id='line_1_34' title="bbox 2461 779 4083 858; baseline -0.008 -12"><span class='ocrx_word' id='word_1_216' title='bbox 2461 795 2581 847; x_wconf 84' lang='grc' dir='ltr'>κατ’</span> <span class='ocrx_word' id='word_1_217' title='bbox 2618 791 3012 857; x_wconf 76' lang='grc' dir='ltr'>ἁδελφόπαιδα,</span> <span class='ocrx_word' id='word_1_218' title='bbox 3061 790 3175 858; x_wconf 74' lang='grc' dir='ltr'><strong>ἅμα</strong></span> <span class='ocrx_word' id='word_1_219' title='bbox 3206 788 3382 856; x_wconf 78' lang='grc' dir='ltr'>δηλῶν</span> <span class='ocrx_word' id='word_1_220' title='bbox 3415 787 3489 849; x_wconf 87' lang='grc' dir='ltr'><strong>ὡς</strong></span> <span class='ocrx_word' id='word_1_221' title='bbox 3522 786 3662 853; x_wconf 83' lang='grc' dir='ltr'>τάχα</span> <span class='ocrx_word' id='word_1_222' title='bbox 3711 785 3776 836; x_wconf 85' lang='grc' dir='ltr'><strong>ἀν</strong></span> <span class='ocrx_word' id='word_1_223' title='bbox 3810 783 3902 834; x_wconf 78' lang='grc' dir='ltr'><strong>καὶ</strong></span> <span class='ocrx_word' id='word_1_224' title='bbox 3955 779 4038 846; x_wconf 81' lang='grc' dir='ltr'>τῷ</span> <span class='ocrx_word' id='word_1_225' title='bbox 4077 828 4083 833; x_wconf 95' lang='grc'>.</span> 
     </span>
    </p>
   </div>
   <div class='ocr_carea' id='block_1_35' title="bbox 2460 875 4037 954">
    <p class='ocr_par' dir='ltr' id='par_1_35' title="bbox 2460 875 4037 954">
     <span class='ocr_line' id='line_1_35' title="bbox 2460 875 4037 954; baseline -0.008 -16"><span class='ocrx_word' id='word_1_226' title='bbox 2460 888 2629 954; x_wconf 71' lang='grc' dir='ltr'>πατρὶ</span> <span class='ocrx_word' id='word_1_227' title='bbox 2660 885 2852 937; x_wconf 88' lang='grc' dir='ltr'>τούτου</span> <span class='ocrx_word' id='word_1_228' title='bbox 2886 882 3068 945; x_wconf 83' lang='grc' dir='ltr'>καλῶς</span> <span class='ocrx_word' id='word_1_229' title='bbox 3110 885 3166 944; x_wconf 87' lang='grc' dir='ltr'><strong>ἐς</strong></span> <span class='ocrx_word' id='word_1_230' title='bbox 3201 884 3348 935; x_wconf 77' lang='grc' dir='ltr'>ἆπαν</span> <span class='ocrx_word' id='word_1_231' title='bbox 3374 880 3574 950; x_wconf 79' lang='grc' dir='ltr'>ἐχρῆτο</span> <span class='ocrx_word' id='word_1_232' title='bbox 3602 880 3696 931; x_wconf 69' lang='grc' dir='ltr'><strong>καὶ</strong></span> <span class='ocrx_word' id='word_1_233' title='bbox 3726 877 3816 929; x_wconf 68' lang='grc' dir='ltr'>διὰ</span> <span class='ocrx_word' id='word_1_234' title='bbox 3849 875 4037 934; x_wconf 74' lang='grc' dir='ltr'>τέλους</span> 
     </span>
    </p>
   </div>
   <div class='ocr_carea' id='block_1_36' title="bbox 2461 963 4037 1045">
    <p class='ocr_par' dir='ltr' id='par_1_36' title="bbox 2461 963 4037 1045">
     <span class='ocr_line' id='line_1_36' title="bbox 2461 963 4037 1045; baseline -0.009 -16"><span class='ocrx_word' id='word_1_235' title='bbox 2461 977 2718 1045; x_wconf 76' lang='grc' dir='ltr'>ἡγαλλεν,</span> <span class='ocrx_word' id='word_1_236' title='bbox 2768 978 2817 1027; x_wconf 88' lang='grc' dir='ltr'><strong>εί</strong></span> <span class='ocrx_word' id='word_1_237' title='bbox 2869 977 2943 1044; x_wconf 81' lang='grc' dir='ltr'>μή</span> <span class='ocrx_word' id='word_1_238' title='bbox 2975 977 3026 1042; x_wconf 86' lang='grc' dir='ltr'>γ’</span> <span class='ocrx_word' id='word_1_239' title='bbox 3054 975 3260 1033; x_wconf 83' lang='grc' dir='ltr'>ἐκεῖνος</span> <span class='ocrx_word' id='word_1_240' title='bbox 3293 971 3362 1023; x_wconf 84' lang='grc' dir='ltr'><strong>τά</strong></span> <span class='ocrx_word' id='word_1_241' title='bbox 3392 972 3527 1039; x_wconf 76' lang='grc' dir='ltr'>πρὸς</span> <span class='ocrx_word' id='word_1_242' title='bbox 3573 968 3738 1021; x_wconf 68' lang='grc' dir='ltr'>αὑτὸν</span> <span class='ocrx_word' id='word_1_243' title='bbox 3774 963 4037 1031; x_wconf 76' lang='grc' dir='ltr'>ἐφωράθη</span> 
     </span>
    </p>
   </div>
   <div class='ocr_carea' id='block_1_37' title="bbox 2460 1053 4041 1138">
    <p class='ocr_par' dir='ltr' id='par_1_37' title="bbox 2460 1053 4041 1138">
     <span class='ocr_line' id='line_1_37' title="bbox 2460 1053 4041 1138; baseline -0.008 -17"><span class='ocrx_word' id='word_1_244' title='bbox 2460 1070 2723 1134; x_wconf 87' lang='grc' dir='ltr'>δύσνους,</span> <span class='ocrx_word' id='word_1_245' title='bbox 2779 1070 2912 1138; x_wconf 81' lang='grc' dir='ltr'>τιμᾷ</span> <span class='ocrx_word' id='word_1_246' title='bbox 2965 1066 3121 1120; x_wconf 78' lang='grc' dir='ltr'>οθπω</span> <span class='ocrx_word' id='word_1_247' title='bbox 3172 1066 3373 1127; x_wconf 80' lang='grc' dir='ltr'>τελέως</span> <span class='ocrx_word' id='word_1_248' title='bbox 3423 1062 3517 1115; x_wconf 82' lang='grc' dir='ltr'>τοῦ</span> <span class='ocrx_word' id='word_1_249' title='bbox 3567 1053 4041 1114; x_wconf 67' lang='grc' dir='ltr'>ἑπτακαιδεκάτου</span> 
     </span>
    </p>
   </div>
   <div class='ocr_carea' id='block_1_38' title="bbox 2464 1150 4043 1230">
    <p class='ocr_par' dir='ltr' id='par_1_38' title="bbox 2464 1150 4043 1230">
     <span class='ocr_line' id='line_1_38' title="bbox 2464 1150 4043 1230; baseline -0.009 -15"><span class='ocrx_word' id='word_1_250' title='bbox 2464 1162 2729 1217; x_wconf 78' lang='grc' dir='ltr'>ἐπιϐάντα</span> <span class='ocrx_word' id='word_1_251' title='bbox 2753 1162 2907 1224; x_wconf 74' lang='grc' dir='ltr'>ἔτους</span> <span class='ocrx_word' id='word_1_252' title='bbox 2941 1160 3020 1230; x_wconf 79' lang='grc' dir='ltr'><strong>τῷ</strong></span> <span class='ocrx_word' id='word_1_253' title='bbox 3050 1157 3146 1212; x_wconf 81' lang='grc' dir='ltr'>τοῦ</span> <span class='ocrx_word' id='word_1_254' title='bbox 3179 1155 3707 1224; x_wconf 77' lang='grc' dir='ltr'>πανυπερσεὸἀστου</span> <span class='ocrx_word' id='word_1_255' title='bbox 3740 1150 4043 1218; x_wconf 78' lang='grc' dir='ltr'>ἀξιώματι,</span> 
     </span>
    </p>
   </div>
   <div class='ocr_carea' id='block_1_39' title="bbox 2466 1243 4041 1325">
    <p class='ocr_par' dir='ltr' id='par_1_39' title="bbox 2466 1243 4041 1325">
     <span class='ocr_line' id='line_1_39' title="bbox 2466 1243 4041 1325; baseline -0.001 -18"><span class='ocrx_word' id='word_1_256' title='bbox 2466 1256 2605 1325; x_wconf 80' lang='grc' dir='ltr'>πλὴν</span> <span class='ocrx_word' id='word_1_257' title='bbox 2639 1258 2700 1309; x_wconf 81' lang='grc' dir='ltr'><strong>ού</strong></span> <span class='ocrx_word' id='word_1_258' title='bbox 2735 1256 2873 1309; x_wconf 79' lang='grc' dir='ltr'><strong>κατά</strong></span> <span class='ocrx_word' id='word_1_259' title='bbox 2904 1256 2968 1307; x_wconf 78' lang='grc' dir='ltr'>τὸ</span> <span class='ocrx_word' id='word_1_260' title='bbox 3000 1253 3242 1325; x_wconf 80' lang='grc' dir='ltr'>ἀρχῆθεν</span> <span class='ocrx_word' id='word_1_261' title='bbox 3263 1252 3361 1320; x_wconf 79' lang='grc' dir='ltr'><strong>τῆς</strong></span> <span class='ocrx_word' id='word_1_262' title='bbox 3388 1250 3545 1316; x_wconf 76' lang='grc' dir='ltr'>ἀξίας</span> <span class='ocrx_word' id='word_1_263' title='bbox 3571 1246 3804 1314; x_wconf 70' lang='grc' dir='ltr'>ταυτησὶ</span> <span class='ocrx_word' id='word_1_264' title='bbox 3829 1243 4041 1314; x_wconf 66' lang='grc' dir='ltr'>σχῆμα,</span> 
     </span>
    </p>
   </div>
   <div class='ocr_carea' id='block_1_40' title="bbox 2464 1334 4045 1415">
    <p class='ocr_par' dir='ltr' id='par_1_40' title="bbox 2464 1334 4045 1415">
     <span class='ocr_line' id='line_1_40' title="bbox 2464 1334 4045 1415; baseline -0.011 -13"><span class='ocrx_word' id='word_1_265' title='bbox 2464 1348 2603 1402; x_wconf 77' lang='grc' dir='ltr'>ἀλλὰ</span> <span class='ocrx_word' id='word_1_266' title='bbox 2630 1349 2725 1400; x_wconf 66' lang='grc' dir='ltr'>καὶ</span> <span class='ocrx_word' id='word_1_267' title='bbox 2752 1349 2862 1410; x_wconf 84' lang='grc' dir='ltr'>τοῖς</span> <span class='ocrx_word' id='word_1_268' title='bbox 2891 1349 2955 1397; x_wconf 86' lang='grc' dir='ltr'><strong>ἐκ</strong></span> <span class='ocrx_word' id='word_1_269' title='bbox 2976 1346 3084 1397; x_wconf 80' lang='grc' dir='ltr'><strong>τῶν</strong></span> <span class='ocrx_word' id='word_1_270' title='bbox 3114 1344 3324 1415; x_wconf 68' lang='grc' dir='ltr'>κιρρῶν</span> <span class='ocrx_word' id='word_1_271' title='bbox 3358 1341 3715 1409; x_wconf 79' lang='grc' dir='ltr'>παρασήμοις</span> <span class='ocrx_word' id='word_1_272' title='bbox 3758 1334 4045 1406; x_wconf 82' lang='grc' dir='ltr'>σεμνύνει,</span> 
     </span>
    </p>
   </div>
   <div class='ocr_carea' id='block_1_41' title="bbox 2465 1422 4046 1507">
    <p class='ocr_par' dir='ltr' id='par_1_41' title="bbox 2465 1422 4046 1507">
     <span class='ocr_line' id='line_1_41' title="bbox 2465 1422 4046 1507; baseline -0.011 -15"><span class='ocrx_word' id='word_1_273' title='bbox 2465 1439 2499 1492; x_wconf 78' lang='grc' dir='ltr'><strong>ὃ.</strong></span> <span class='ocrx_word' id='word_1_274' title='bbox 2519 1438 2583 1505; x_wconf 82' lang='grc' dir='ltr'>δὴ</span> <span class='ocrx_word' id='word_1_275' title='bbox 2614 1440 2711 1505; x_wconf 80' lang='grc' dir='ltr'><strong>τῆς</strong></span> <span class='ocrx_word' id='word_1_276' title='bbox 2744 1438 3010 1506; x_wconf 81' lang='grc' dir='ltr'>ἐπαρχίας</span> <span class='ocrx_word' id='word_1_277' title='bbox 3040 1437 3305 1504; x_wconf 86' lang='grc' dir='ltr'>πρότερον</span> <span class='ocrx_word' id='word_1_278' title='bbox 3329 1435 3414 1507; x_wconf 87' lang='grc' dir='ltr'><strong>[Ρ.</strong></span> <span class='ocrx_word' id='word_1_279' title='bbox 3447 1431 3574 1503; x_wconf 75' lang='grc'><strong>560]</strong></span> <span class='ocrx_word' id='word_1_280' title='bbox 3604 1428 3850 1500; x_wconf 76' lang='grc' dir='ltr'>σύμϐολα</span> <span class='ocrx_word' id='word_1_281' title='bbox 3878 1422 4046 1496; x_wconf 83' lang='grc' dir='ltr'>ἦσαν,</span> 
     </span>
    </p>
   </div>
   <div class='ocr_carea' id='block_1_42' title="bbox 2465 1522 4045 1599">
    <p class='ocr_par' dir='ltr' id='par_1_42' title="bbox 2465 1522 4045 1599">
     <span class='ocr_line' id='line_1_42' title="bbox 2465 1522 4045 1599; baseline -0.012 -13"><span class='ocrx_word' id='word_1_282' title='bbox 2465 1531 2772 1599; x_wconf 77' lang='grc' dir='ltr'>ἀξύμϐολον</span> <span class='ocrx_word' id='word_1_283' title='bbox 2806 1532 2931 1582; x_wconf 78' lang='grc' dir='ltr'>ὅσον</span> <span class='ocrx_word' id='word_1_284' title='bbox 2958 1532 3047 1581; x_wconf 83' lang='grc' dir='ltr'>ἐπὶ</span> <span class='ocrx_word' id='word_1_285' title='bbox 3082 1529 3294 1589; x_wconf 81' lang='grc' dir='ltr'>τούτοις</span> <span class='ocrx_word' id='word_1_286' title='bbox 3326 1525 3649 1579; x_wconf 78' lang='grc' dir='ltr'>τούντεῦθεν</span> <span class='ocrx_word' id='word_1_287' title='bbox 3676 1523 3771 1575; x_wconf 80' lang='grc' dir='ltr'><strong>τὸν</strong></span> <span class='ocrx_word' id='word_1_288' title='bbox 3800 1522 4045 1587; x_wconf 78' lang='grc' dir='ltr'>ἔπαρχον</span> 
     </span>
    </p>
   </div>
   <div class='ocr_carea' id='block_1_43' title="bbox 2469 1613 4048 1691">
    <p class='ocr_par' dir='ltr' id='par_1_43' title="bbox 2469 1613 4048 1691">
     <span class='ocr_line' id='line_1_43' title="bbox 2469 1613 4048 1691; baseline -0.01 -15"><span class='ocrx_word' id='word_1_289' title='bbox 2469 1623 2841 1691; x_wconf 69' lang='grc' dir='ltr'>καταστήσας.</span> <span class='ocrx_word' id='word_1_290' title='bbox 2866 1622 3019 1675; x_wconf 72' lang='grc' dir='ltr'>Οὕτω</span> <span class='ocrx_word' id='word_1_291' title='bbox 3036 1623 3145 1691; x_wconf 69' lang='grc' dir='ltr'>γὰρ</span> <span class='ocrx_word' id='word_1_292' title='bbox 3170 1622 3437 1690; x_wconf 85' lang='grc' dir='ltr'>πρότερον</span> <span class='ocrx_word' id='word_1_293' title='bbox 3461 1619 3561 1670; x_wconf 82' lang='grc' dir='ltr'><strong>κάν</strong></span> <span class='ocrx_word' id='word_1_294' title='bbox 3576 1617 3731 1670; x_wconf 79' lang='grc' dir='ltr'>δυσὶν</span> <span class='ocrx_word' id='word_1_295' title='bbox 3756 1613 4048 1680; x_wconf 80' lang='grc' dir='ltr'>ἐπάρχοις,</span> 
     </span>
    </p>
   </div>
   <div class='ocr_carea' id='block_1_44' title="bbox 2469 1706 4049 1785">
    <p class='ocr_par' dir='ltr' id='par_1_44' title="bbox 2469 1706 4049 1785">
     <span class='ocr_line' id='line_1_44' title="bbox 2469 1706 4049 1785; baseline -0.011 -16"><span class='ocrx_word' id='word_1_296' title='bbox 2469 1717 2548 1785; x_wconf 79' lang='grc' dir='ltr'>τῷ</span> <span class='ocrx_word' id='word_1_297' title='bbox 2571 1734 2630 1769; x_wconf 92' lang='grc' dir='ltr'><strong>τε</strong></span> <span class='ocrx_word' id='word_1_298' title='bbox 2677 1715 2998 1783; x_wconf 80' lang='grc' dir='ltr'>’Υπερτίμῳ</span> <span class='ocrx_word' id='word_1_299' title='bbox 3030 1717 3126 1765; x_wconf 76' lang='grc' dir='ltr'><strong>καὶ</strong></span> <span class='ocrx_word' id='word_1_300' title='bbox 3157 1714 3235 1780; x_wconf 81' lang='grc' dir='ltr'>τῷ</span> <span class='ocrx_word' id='word_1_301' title='bbox 3260 1709 3682 1777; x_wconf 84' lang='grc' dir='ltr'>Χαλκεοπούλῳ,</span> <span class='ocrx_word' id='word_1_302' title='bbox 3718 1706 4049 1775; x_wconf 78' lang='grc' dir='ltr'>πεποίηκεν,</span> 
     </span>
    </p>
   </div>
   <div class='ocr_carea' id='block_1_45' title="bbox 2471 1799 4052 1878">
    <p class='ocr_par' dir='ltr' id='par_1_45' title="bbox 2471 1799 4052 1878">
     <span class='ocr_line' id='line_1_45' title="bbox 2471 1799 4052 1878; baseline -0.008 -16"><span class='ocrx_word' id='word_1_303' title='bbox 2471 1808 2811 1878; x_wconf 76' lang='grc' dir='ltr'>άξυμὸὁλους</span> <span class='ocrx_word' id='word_1_304' title='bbox 2865 1809 3218 1876; x_wconf 80' lang='grc' dir='ltr'>καταστήσας</span> <span class='ocrx_word' id='word_1_305' title='bbox 3254 1807 3417 1872; x_wconf 70' lang='grc' dir='ltr'>σφᾶς,</span> <span class='ocrx_word' id='word_1_306' title='bbox 3458 1805 3531 1867; x_wconf 86' lang='grc' dir='ltr'>ὼς</span> <span class='ocrx_word' id='word_1_307' title='bbox 3569 1801 3716 1865; x_wconf 80' lang='grc' dir='ltr'>άξιον</span> <span class='ocrx_word' id='word_1_308' title='bbox 3740 1799 3799 1852; x_wconf 76' lang='grc' dir='ltr'>ὃν</span> <span class='ocrx_word' id='word_1_309' title='bbox 3827 1800 3919 1851; x_wconf 70' lang='grc' dir='ltr'>τὸν</span> <span class='ocrx_word' id='word_1_310' title='bbox 3954 1801 4052 1864; x_wconf 61' lang='grc' dir='ltr'>ἐγω</span> 
     </span>
    </p>
   </div>
   <div class='ocr_carea' id='block_1_46' title="bbox 2470 1892 4050 1971">
    <p class='ocr_par' dir='ltr' id='par_1_46' title="bbox 2470 1892 4050 1971">
     <span class='ocr_line' id='line_1_46' title="bbox 2470 1892 4050 1971; baseline -0.008 -18"><span class='ocrx_word' id='word_1_311' title='bbox 2470 1902 2571 1969; x_wconf 74' lang='grc' dir='ltr'><strong>γὺς</strong></span> <span class='ocrx_word' id='word_1_312' title='bbox 2606 1900 2872 1971; x_wconf 76' lang='grc' dir='ltr'>βασιλέως</span> <span class='ocrx_word' id='word_1_313' title='bbox 2902 1900 3036 1951; x_wconf 72' lang='grc' dir='ltr'>ὄντα</span> <span class='ocrx_word' id='word_1_314' title='bbox 3087 1899 3182 1952; x_wconf 80' lang='grc' dir='ltr'>καί</span> <span class='ocrx_word' id='word_1_315' title='bbox 3230 1915 3294 1965; x_wconf 89' lang='grc' dir='ltr'>γε</span> <span class='ocrx_word' id='word_1_316' title='bbox 3349 1899 3487 1966; x_wconf 68' lang='grc' dir='ltr'>προς</span> <span class='ocrx_word' id='word_1_317' title='bbox 3539 1896 3801 1961; x_wconf 77' lang='grc' dir='ltr'>αἵματος,</span> <span class='ocrx_word' id='word_1_318' title='bbox 3832 1892 4050 1957; x_wconf 80' lang='grc' dir='ltr'>λέγων,</span> 
     </span>
    </p>
   </div>
   <div class='ocr_carea' id='block_1_47' title="bbox 2469 1984 4053 2063">
    <p class='ocr_par' dir='ltr' id='par_1_47' title="bbox 2469 1984 4053 2063">
     <span class='ocr_line' id='line_1_47' title="bbox 2469 1984 4053 2063; baseline -0.008 -18"><span class='ocrx_word' id='word_1_319' title='bbox 2469 1994 2823 2063; x_wconf 73' lang='grc' dir='ltr'>παρασήμοις</span> <span class='ocrx_word' id='word_1_320' title='bbox 2850 1991 3113 2053; x_wconf 85' lang='grc' dir='ltr'>τοιούτοις</span> <span class='ocrx_word' id='word_1_321' title='bbox 3143 1988 3525 2057; x_wconf 84' lang='grc' dir='ltr'>σεμνύνεσθαι.</span> <span class='ocrx_word' id='word_1_322' title='bbox 3551 1987 3685 2049; x_wconf 81' lang='grc' dir='ltr'>Ταῖς</span> <span class='ocrx_word' id='word_1_323' title='bbox 3716 1988 3769 2038; x_wconf 69' lang='grc' dir='ltr'>δὲ</span> <span class='ocrx_word' id='word_1_324' title='bbox 3804 1986 3933 2052; x_wconf 80' lang='grc' dir='ltr'>περὶ</span> <span class='ocrx_word' id='word_1_325' title='bbox 3959 1984 4053 2034; x_wconf 79' lang='grc' dir='ltr'><strong>τὸν</strong></span> 
     </span>
    </p>
   </div>
   <div class='ocr_carea' id='block_1_48' title="bbox 2468 2077 4053 2151">
    <p class='ocr_par' dir='ltr' id='par_1_48' title="bbox 2468 2077 4053 2151">
     <span class='ocr_line' id='line_1_48' title="bbox 2468 2077 4053 2151; baseline -0.008 -12"><span class='ocrx_word' id='word_1_326' title='bbox 2468 2086 2581 2139; x_wconf 71' lang='grc' dir='ltr'>υἱον</span> <span class='ocrx_word' id='word_1_327' title='bbox 2610 2086 2702 2136; x_wconf 70' lang='grc' dir='ltr'><strong>καὶ</strong></span> <span class='ocrx_word' id='word_1_328' title='bbox 2737 2084 2964 2151; x_wconf 79' lang='grc' dir='ltr'>βασιλέα</span> <span class='ocrx_word' id='word_1_329' title='bbox 2993 2083 3257 2151; x_wconf 79' lang='grc' dir='ltr'>δυνάμεσι</span> <span class='ocrx_word' id='word_1_330' title='bbox 3287 2082 3505 2149; x_wconf 75' lang='grc' dir='ltr'>πέμψας</span> <span class='ocrx_word' id='word_1_331' title='bbox 3540 2080 3891 2148; x_wconf 84' lang='grc' dir='ltr'>προστάττει,</span> <span class='ocrx_word' id='word_1_332' title='bbox 3925 2077 4053 2128; x_wconf 82' lang='grc' dir='ltr'>ἐπεὶ</span> 
     </span>
    </p>
   </div>
   <div class='ocr_carea' id='block_1_49' title="bbox 2470 2168 4053 2241">
    <p class='ocr_par' dir='ltr' id='par_1_49' title="bbox 2470 2168 4053 2241">
     <span class='ocr_line' id='line_1_49' title="bbox 2470 2168 4053 2241; baseline -0.006 -15"><span class='ocrx_word' id='word_1_333' title='bbox 2470 2176 2713 2236; x_wconf 79' lang='grc' dir='ltr'>ἐκείνους</span> <span class='ocrx_word' id='word_1_334' title='bbox 2767 2174 2938 2236; x_wconf 66' lang='grc' dir='ltr'>οὕτως</span> <span class='ocrx_word' id='word_1_335' title='bbox 2980 2174 3301 2241; x_wconf 82' lang='grc' dir='ltr'>ἀπέπεμπε,</span> <span class='ocrx_word' id='word_1_336' title='bbox 3357 2170 3719 2240; x_wconf 83' lang='grc' dir='ltr'>συναχθείσας</span> <span class='ocrx_word' id='word_1_337' title='bbox 3776 2168 3903 2236; x_wconf 85' lang='grc' dir='ltr'>περί</span> <span class='ocrx_word' id='word_1_338' title='bbox 3946 2184 4053 2218; x_wconf 78' lang='grc' dir='ltr'><strong>που</strong></span> 
     </span>
    </p>
   </div>
   <div class='ocr_carea' id='block_1_50' title="bbox 2467 2260 4053 2336">
    <p class='ocr_par' dir='ltr' id='par_1_50' title="bbox 2467 2260 4053 2336">
     <span class='ocr_line' id='line_1_50' title="bbox 2467 2260 4053 2336; baseline -0.003 -18"><span class='ocrx_word' id='word_1_339' title='bbox 2467 2268 2567 2336; x_wconf 83' lang='grc' dir='ltr'><strong>τὴν</strong></span> <span class='ocrx_word' id='word_1_340' title='bbox 2602 2268 2799 2336; x_wconf 78' lang='grc' dir='ltr'>Ἀπρω</span> <span class='ocrx_word' id='word_1_341' title='bbox 2822 2265 3378 2335; x_wconf 81' lang='grc' dir='ltr'>στρατοπεδεύεσθαι,</span> <span class='ocrx_word' id='word_1_342' title='bbox 3403 2266 3506 2317; x_wconf 69' lang='grc' dir='ltr'>κᾶν</span> <span class='ocrx_word' id='word_1_343' title='bbox 3533 2282 3635 2316; x_wconf 78' lang='grc' dir='ltr'><strong>που</strong></span> <span class='ocrx_word' id='word_1_344' title='bbox 3665 2260 4053 2329; x_wconf 79' lang='grc' dir='ltr'>συνεξορμῴεν</span> 
     </span>
    </p>
   </div>
   <div class='ocr_carea' id='block_1_51' title="bbox 2474 2354 4057 2429">
    <p class='ocr_par' dir='ltr' id='par_1_51' title="bbox 2474 2354 4057 2429">
     <span class='ocr_line' id='line_1_51' title="bbox 2474 2354 4057 2429; baseline -0.004 -18"><span class='ocrx_word' id='word_1_345' title='bbox 2474 2362 2571 2412; x_wconf 67' lang='grc' dir='ltr'>σζ-ν</span> <span class='ocrx_word' id='word_1_346' title='bbox 2598 2360 3008 2429; x_wconf 77' lang='grc' dir='ltr'>Ἀμογαὸάροις</span> <span class='ocrx_word' id='word_1_347' title='bbox 3042 2360 3366 2421; x_wconf 79' lang='grc' dir='ltr'>Κατελάνοι,</span> <span class='ocrx_word' id='word_1_348' title='bbox 3400 2358 3595 2427; x_wconf 77' lang='grc' dir='ltr'>πειρᾷν</span> <span class='ocrx_word' id='word_1_349' title='bbox 3642 2356 3863 2424; x_wconf 80' lang='grc' dir='ltr'>ἐπέχειν</span> <span class='ocrx_word' id='word_1_350' title='bbox 3891 2354 4057 2405; x_wconf 82' lang='grc' dir='ltr'>πολέ-</span> 
     </span>
    </p>
   </div>
   <div class='ocr_carea' id='block_1_52' title="bbox 2473 2448 4057 2522">
    <p class='ocr_par' dir='ltr' id='par_1_52' title="bbox 2473 2448 4057 2522">
     <span class='ocr_line' id='line_1_52' title="bbox 2473 2448 4057 2522; baseline -0.004 -18"><span class='ocrx_word' id='word_1_351' title='bbox 2473 2472 2579 2521; x_wconf 77' lang='grc' dir='ltr'><strong>μῳ.</strong></span> <span class='ocrx_word' id='word_1_352' title='bbox 2639 2456 2748 2507; x_wconf 77' lang='grc' dir='ltr'><strong>Καὶ</strong></span> <span class='ocrx_word' id='word_1_353' title='bbox 2805 2454 2979 2505; x_wconf 79' lang='grc' dir='ltr'>ταῦτα</span> <span class='ocrx_word' id='word_1_354' title='bbox 3016 2453 3116 2521; x_wconf 83' lang='grc' dir='ltr'><strong>μέν</strong></span> <span class='ocrx_word' id='word_1_355' title='bbox 3165 2452 3403 2522; x_wconf 79' lang='grc' dir='ltr'>ἔπραττε</span> <span class='ocrx_word' id='word_1_356' title='bbox 3464 2451 3753 2520; x_wconf 73' lang='grc' dir='ltr'>βασιλεὺς,</span> <span class='ocrx_word' id='word_1_357' title='bbox 3792 2449 3916 2500; x_wconf 78' lang='grc' dir='ltr'><strong>οὐδέ</strong></span> <span class='ocrx_word' id='word_1_358' title='bbox 3963 2448 4057 2499; x_wconf 69' lang='grc' dir='ltr'><strong>τὸν</strong></span> 
     </span>
    </p>
   </div>
   <div class='ocr_carea' id='block_1_53' title="bbox 2469 2538 4057 2617">
    <p class='ocr_par' dir='ltr' id='par_1_53' title="bbox 2469 2538 4057 2617">
     <span class='ocr_line' id='line_1_53' title="bbox 2469 2538 4057 2617; baseline -0.007 -18"><span class='ocrx_word' id='word_1_359' title='bbox 2469 2548 2721 2617; x_wconf 64' lang='grc' dir='ltr'>γαμϐρδν</span> <span class='ocrx_word' id='word_1_360' title='bbox 2754 2548 2938 2615; x_wconf 62' lang='grc' dir='ltr'>ἀφιεῖς</span> <span class='ocrx_word' id='word_1_361' title='bbox 2966 2545 3103 2607; x_wconf 76' lang='grc' dir='ltr'>ὅλως</span> <span class='ocrx_word' id='word_1_362' title='bbox 3132 2545 3229 2612; x_wconf 75' lang='grc' dir='ltr'>τῆς</span> <span class='ocrx_word' id='word_1_363' title='bbox 3261 2542 3636 2613; x_wconf 84' lang='grc' dir='ltr'>προσπαθείας</span> <span class='ocrx_word' id='word_1_364' title='bbox 3665 2543 3759 2594; x_wconf 70' lang='grc' dir='ltr'><strong>καὶ</strong></span> <span class='ocrx_word' id='word_1_365' title='bbox 3786 2538 4057 2607; x_wconf 77' lang='grc' dir='ltr'>ἀπαρτῶν</span> 
     </span>
    </p>
   </div>
   <div class='ocr_carea' id='block_1_54' title="bbox 2470 2632 4057 2708">
    <p class='ocr_par' dir='ltr' id='par_1_54' title="bbox 2470 2632 4057 2708">
     <span class='ocr_line' id='line_1_54' title="bbox 2470 2632 4057 2708; baseline -0.008 -16"><span class='ocrx_word' id='word_1_366' title='bbox 2470 2641 2569 2707; x_wconf 80' lang='grc' dir='ltr'>τῆς</span> <span class='ocrx_word' id='word_1_367' title='bbox 2602 2636 2955 2708; x_wconf 80' lang='grc' dir='ltr'>κηδεμονίας,</span> <span class='ocrx_word' id='word_1_368' title='bbox 2989 2636 3127 2690; x_wconf 78' lang='grc' dir='ltr'>ἀλλὰ</span> <span class='ocrx_word' id='word_1_369' title='bbox 3156 2635 3430 2697; x_wconf 85' lang='grc' dir='ltr'>παντοίως</span> <span class='ocrx_word' id='word_1_370' title='bbox 3461 2632 3934 2705; x_wconf 84' lang='grc' dir='ltr'>προσποιούμενος</span> <span class='ocrx_word' id='word_1_371' title='bbox 3958 2632 4057 2683; x_wconf 73' lang='grc' dir='ltr'><strong>καὶ</strong></span> 
     </span>
    </p>
   </div>
   <div class='ocr_carea' id='block_1_55' title="bbox 2468 2808 4061 2937">
    <p class='ocr_par' dir='ltr' id='par_1_55' title="bbox 2468 2808 4061 2937">
     <span class='ocr_line' id='line_1_55' title="bbox 2468 2808 4061 2937; baseline -0.008 -65"><span class='ocrx_word' id='word_1_372' title='bbox 2468 2816 2558 2872; x_wconf 74' lang='lat'><strong>20.</strong></span> <span class='ocrx_word' id='word_1_373' title='bbox 2590 2815 2769 2870; x_wconf 78' lang='lat' dir='ltr'><strong>Filius</strong></span> <span class='ocrx_word' id='word_1_374' title='bbox 2792 2815 3232 2886; x_wconf 76' lang='lat' dir='ltr'><strong>Porphyrogeniti</strong></span> <span class='ocrx_word' id='word_1_375' title='bbox 3309 2810 3779 2937; x_wconf 54' lang='lat' dir='ltr'><strong>iianhypersebasti</strong></span> <span class='ocrx_word' id='word_1_376' title='bbox 3796 2808 4061 2879; x_wconf 79' lang='lat' dir='ltr'><strong>dignitate</strong></span> 
     </span>
     <span class='ocr_line' id='line_1_56' title="bbox 3088 2899 3431 2937; baseline 0 0"><span class='ocrx_word' id='word_1_377' title='bbox 3088 2899 3258 2937; x_wconf 79' lang='lat' dir='ltr'><strong>constt</strong></span> <span class='ocrx_word' id='word_1_378' title='bbox 3285 2902 3321 2937; x_wconf 64' lang='grc' dir='ltr'><em>Π</em></span> <span class='ocrx_word' id='word_1_379' title='bbox 3350 2902 3431 2937; x_wconf 78' lang='lat' dir='ltr'><strong>us.</strong></span> 
     </span>
    </p>
   </div>
   <div class='ocr_carea' id='block_1_56' title="bbox 3088 2899 3431 2939">
    <p class='ocr_par' dir='ltr' id='par_1_56' title="bbox 3088 2899 3431 2939">
     <span class='ocr_line' id='line_1_57' title="bbox 3088 2899 3431 2939; baseline 0 0"><span class='ocrx_word' id='word_1_380' title='bbox 3088 2899 3431 2939; x_wconf 77' lang='lat' dir='ltr'><strong>constitutus.</strong></span> 
     </span>
    </p>
   </div>
   <div class='ocr_carea' id='block_1_57' title="bbox 2545 2996 4060 3068">
    <p class='ocr_par' dir='ltr' id='par_1_57' title="bbox 2545 2996 4060 3068">
     <span class='ocr_line' id='line_1_58' title="bbox 2545 2996 4060 3068; baseline -0.005 -15"><span class='ocrx_word' id='word_1_381' title='bbox 2545 2999 2671 3054; x_wconf 72' lang='lat' dir='ltr'><strong>Hme</strong></span> <span class='ocrx_word' id='word_1_382' title='bbox 2758 3008 2812 3053; x_wconf 86' lang='lat' dir='ltr'><strong>et</strong></span> <span class='ocrx_word' id='word_1_383' title='bbox 2901 3000 3055 3068; x_wconf 88' lang='lat' dir='ltr'><strong>plura</strong></span> <span class='ocrx_word' id='word_1_384' title='bbox 3145 3001 3339 3052; x_wconf 89' lang='lat' dir='ltr'><strong>horum</strong></span> <span class='ocrx_word' id='word_1_385' title='bbox 3410 3000 3734 3068; x_wconf 75' lang='lat' dir='ltr'><strong>prolocutus</strong></span> <span class='ocrx_word' id='word_1_386' title='bbox 3814 2996 4060 3064; x_wconf 84' lang='lat' dir='ltr'><strong>impera-</strong></span> 
     </span>
    </p>
   </div>
   <div class='ocr_carea' id='block_1_58' title="bbox 2472 3087 4064 3165">
    <p class='ocr_par' dir='ltr' id='par_1_58' title="bbox 2472 3087 4064 3165">
     <span class='ocr_line' id='line_1_59' title="bbox 2472 3087 4064 3165; baseline -0.003 -21"><span class='ocrx_word' id='word_1_387' title='bbox 2472 3101 2564 3145; x_wconf 87' lang='lat' dir='ltr'><strong>tor</strong></span> <span class='ocrx_word' id='word_1_388' title='bbox 2609 3090 2925 3152; x_wconf 88' lang='lat' dir='ltr'><strong>Catelanos,</strong></span> <span class='ocrx_word' id='word_1_389' title='bbox 2974 3101 3033 3144; x_wconf 94' lang='lat' dir='ltr'><strong>ut</strong></span> <span class='ocrx_word' id='word_1_390' title='bbox 3069 3090 3138 3143; x_wconf 91' lang='lat' dir='ltr'><strong>de</strong></span> <span class='ocrx_word' id='word_1_391' title='bbox 3187 3090 3352 3144; x_wconf 80' lang='lat' dir='ltr'><strong>rebus</strong></span> <span class='ocrx_word' id='word_1_392' title='bbox 3399 3090 3516 3143; x_wconf 88' lang='lat' dir='ltr'><strong>suis</strong></span> <span class='ocrx_word' id='word_1_393' title='bbox 3565 3103 3751 3143; x_wconf 85' lang='lat' dir='ltr'><strong>secum</strong></span> <span class='ocrx_word' id='word_1_394' title='bbox 3791 3087 4064 3165; x_wconf 68' lang='lat' dir='ltr'><strong>delibera-</strong></span> 
     </span>
    </p>
   </div>
   <div class='ocr_carea' id='block_1_59' title="bbox 796 3171 4055 3262">
    <p class='ocr_par' dir='ltr' id='par_1_59' title="bbox 796 3171 4055 3262">
     <span class='ocr_line' id='line_1_60' title="bbox 796 3171 4055 3262; baseline 0.001 -32"><span class='ocrx_word' id='word_1_395' title='bbox 796 3179 899 3234; x_wconf 88' lang='lat' dir='ltr'><strong>dos</strong></span> <span class='ocrx_word' id='word_1_396' title='bbox 944 3194 1040 3235; x_wconf 87' lang='lat' dir='ltr'><strong>vos</strong></span> <span class='ocrx_word' id='word_1_397' title='bbox 1070 3188 1233 3249; x_wconf 90' lang='lat' dir='ltr'><strong>atque</strong></span> <span class='ocrx_word' id='word_1_398' title='bbox 1272 3180 1511 3235; x_wconf 87' lang='lat' dir='ltr'><strong>inermes</strong></span> <span class='ocrx_word' id='word_1_399' title='bbox 1555 3183 1896 3250; x_wconf 79' lang='lat' dir='ltr'><strong>excepimus,</strong></span> <span class='ocrx_word' id='word_1_400' title='bbox 1935 3181 2193 3234; x_wconf 88' lang='lat' dir='ltr'><strong>omnibus</strong></span> <span class='ocrx_word' id='word_1_401' title='bbox 2228 3181 2370 3233; x_wconf 88' lang='lat' dir='ltr'><strong>iudi-</strong></span> <span class='ocrx_word' id='word_1_402' title='bbox 2399 3204 2443 3262; x_wconf 72' lang='grc' dir='ltr'>ο</span> <span class='ocrx_word' id='word_1_403' title='bbox 2481 3192 2622 3249; x_wconf 87' lang='lat' dir='ltr'><strong>rent,</strong></span> <span class='ocrx_word' id='word_1_404' title='bbox 2665 3183 2893 3236; x_wconf 89' lang='lat' dir='ltr'><strong>dimisit.</strong></span> <span class='ocrx_word' id='word_1_405' title='bbox 2954 3182 3075 3251; x_wconf 89' lang='lat' dir='ltr'><strong>Ipse</strong></span> <span class='ocrx_word' id='word_1_406' title='bbox 3117 3193 3300 3235; x_wconf 89' lang='lat' dir='ltr'><strong>autem</strong></span> <span class='ocrx_word' id='word_1_407' title='bbox 3353 3180 3565 3250; x_wconf 85' lang='lat' dir='ltr'><strong>proprii</strong></span> <span class='ocrx_word' id='word_1_408' title='bbox 3618 3171 3862 3248; x_wconf 80' lang='lat' dir='ltr'><strong>germani</strong></span> <span class='ocrx_word' id='word_1_409' title='bbox 3905 3179 4055 3233; x_wconf 90' lang='lat' dir='ltr'><strong>Con-</strong></span> 
     </span>
    </p>
   </div>
   <div class='ocr_carea' id='block_1_60' title="bbox 796 3274 2373 3344">
    <p class='ocr_par' dir='ltr' id='par_1_60' title="bbox 796 3274 2373 3344">
     <span class='ocr_line' id='line_1_61' title="bbox 796 3274 2373 3344; baseline 0.002 -18"><span class='ocrx_word' id='word_1_410' title='bbox 796 3274 901 3327; x_wconf 89' lang='lat' dir='ltr'><strong>ciis</strong></span> <span class='ocrx_word' id='word_1_411' title='bbox 936 3282 1309 3329; x_wconf 73' lang='lat' dir='ltr'><strong>monstrantes</strong></span> <span class='ocrx_word' id='word_1_412' title='bbox 1337 3290 1498 3344; x_wconf 89' lang='lat' dir='ltr'><strong>quam</strong></span> <span class='ocrx_word' id='word_1_413' title='bbox 1529 3277 1772 3329; x_wconf 89' lang='lat' dir='ltr'><strong>sterilem</strong></span> <span class='ocrx_word' id='word_1_414' title='bbox 1797 3291 1860 3328; x_wconf 91' lang='lat' dir='ltr'><strong>ac</strong></span> <span class='ocrx_word' id='word_1_415' title='bbox 1890 3276 2212 3329; x_wconf 75' lang='lat' dir='ltr'><strong>damnosam</strong></span> <span class='ocrx_word' id='word_1_416' title='bbox 2243 3275 2373 3329; x_wconf 85' lang='lat' dir='ltr'><strong>alibi</strong></span> 
     </span>
    </p>
   </div>
   <div class='ocr_carea' id='block_1_61' title="bbox 797 3367 2376 3438">
    <p class='ocr_par' dir='ltr' id='par_1_61' title="bbox 797 3367 2376 3438">
     <span class='ocr_line' id='line_1_62' title="bbox 797 3367 2376 3438; baseline 0.001 -20"><span class='ocrx_word' id='word_1_417' title='bbox 797 3367 1052 3420; x_wconf 83' lang='lat' dir='ltr'><strong>militiam</strong></span> <span class='ocrx_word' id='word_1_418' title='bbox 1092 3368 1501 3423; x_wconf 78' lang='lat' dir='ltr'><strong>militaveritis:</strong></span> <span class='ocrx_word' id='word_1_419' title='bbox 1537 3384 1600 3423; x_wconf 80' lang='lat' dir='ltr'><strong>ex</strong></span> <span class='ocrx_word' id='word_1_420' title='bbox 1639 3384 1744 3438; x_wconf 91' lang='lat' dir='ltr'><strong>qua</strong></span> <span class='ocrx_word' id='word_1_421' title='bbox 1780 3372 1971 3436; x_wconf 84' lang='lat' dir='ltr'><strong>utique</strong></span> <span class='ocrx_word' id='word_1_422' title='bbox 2002 3369 2181 3431; x_wconf 85' lang='lat' dir='ltr'><strong>vobis,</strong></span> <span class='ocrx_word' id='word_1_423' title='bbox 2209 3382 2376 3436; x_wconf 89' lang='lat' dir='ltr'><strong>quau-</strong></span> 
     </span>
    </p>
   </div>
   <div class='ocr_carea' id='block_1_62' title="bbox 796 3460 2374 3531">
    <p class='ocr_par' dir='ltr' id='par_1_62' title="bbox 796 3460 2374 3531">
     <span class='ocr_line' id='line_1_63' title="bbox 796 3460 2374 3531; baseline 0 -19"><span class='ocrx_word' id='word_1_424' title='bbox 796 3470 913 3513; x_wconf 89' lang='lat' dir='ltr'><strong>tum</strong></span> <span class='ocrx_word' id='word_1_425' title='bbox 946 3460 1268 3529; x_wconf 83' lang='lat' dir='ltr'><strong>apparebat,</strong></span> <span class='ocrx_word' id='word_1_426' title='bbox 1307 3476 1376 3515; x_wconf 92' lang='lat' dir='ltr'><strong>ne</strong></span> <span class='ocrx_word' id='word_1_427' title='bbox 1402 3462 1546 3515; x_wconf 90' lang='lat' dir='ltr'><strong>unde</strong></span> <span class='ocrx_word' id='word_1_428' title='bbox 1570 3462 1790 3531; x_wconf 86' lang='lat' dir='ltr'><strong>quidem</strong></span> <span class='ocrx_word' id='word_1_429' title='bbox 1828 3463 1881 3515; x_wconf 90' lang='lat' dir='ltr'><strong>iu</strong></span> <span class='ocrx_word' id='word_1_430' title='bbox 1912 3462 2053 3515; x_wconf 90' lang='lat' dir='ltr'><strong>diem</strong></span> <span class='ocrx_word' id='word_1_431' title='bbox 2093 3471 2374 3529; x_wconf 77' lang='lat' dir='ltr'><strong>posterum</strong></span> 
     </span>
    </p>
   </div>
   <div class='ocr_carea' id='block_1_63' title="bbox 796 3553 2379 3621">
    <p class='ocr_par' dir='ltr' id='par_1_63' title="bbox 796 3553 2379 3621">
     <span class='ocr_line' id='line_1_64' title="bbox 796 3553 2379 3621; baseline 0.003 -18"><span class='ocrx_word' id='word_1_432' title='bbox 796 3554 885 3607; x_wconf 88' lang='lat' dir='ltr'><strong>vel</strong></span> <span class='ocrx_word' id='word_1_433' title='bbox 930 3554 1130 3608; x_wconf 86' lang='lat' dir='ltr'><strong>misere</strong></span> <span class='ocrx_word' id='word_1_434' title='bbox 1164 3555 1529 3608; x_wconf 85' lang='lat' dir='ltr'><strong>vesceremini</strong></span> <span class='ocrx_word' id='word_1_435' title='bbox 1581 3565 1892 3621; x_wconf 88' lang='lat' dir='ltr'><strong>supererat.</strong></span> <span class='ocrx_word' id='word_1_436' title='bbox 1937 3553 2072 3606; x_wconf 84' lang='lat' dir='ltr'><strong>Nam</strong></span> <span class='ocrx_word' id='word_1_437' title='bbox 2123 3556 2201 3607; x_wconf 90' lang='lat' dir='ltr'><strong>ita</strong></span> <span class='ocrx_word' id='word_1_438' title='bbox 2239 3553 2379 3607; x_wconf 87' lang='lat' dir='ltr'><strong>facie</strong></span> 
     </span>
    </p>
   </div>
   <div class='ocr_carea' id='block_1_64' title="bbox 797 3644 2376 3717">
    <p class='ocr_par' dir='ltr' id='par_1_64' title="bbox 797 3644 2376 3717">
     <span class='ocr_line' id='line_1_65' title="bbox 797 3644 2376 3717; baseline 0.001 -20"><span class='ocrx_word' id='word_1_439' title='bbox 797 3645 989 3710; x_wconf 78' lang='lat' dir='ltr'><strong>luridi,</strong></span> <span class='ocrx_word' id='word_1_440' title='bbox 1024 3644 1098 3697; x_wconf 91' lang='lat' dir='ltr'><strong>ita</strong></span> <span class='ocrx_word' id='word_1_441' title='bbox 1145 3646 1395 3701; x_wconf 84' lang='lat' dir='ltr'><strong>vestibus</strong></span> <span class='ocrx_word' id='word_1_442' title='bbox 1440 3647 1633 3710; x_wconf 82' lang='lat' dir='ltr'><strong>laceri,</strong></span> <span class='ocrx_word' id='word_1_443' title='bbox 1685 3648 1759 3699; x_wconf 92' lang='lat' dir='ltr'><strong>ita</strong></span> <span class='ocrx_word' id='word_1_444' title='bbox 1812 3646 2179 3717; x_wconf 85' lang='lat' dir='ltr'><strong>professionis</strong></span> <span class='ocrx_word' id='word_1_445' title='bbox 2211 3648 2376 3701; x_wconf 80' lang='lat' dir='ltr'><strong>etiam</strong></span> 
     </span>
    </p>
   </div>
   <div class='ocr_carea' id='block_1_65' title="bbox 799 3735 2376 3806">
    <p class='ocr_par' dir='ltr' id='par_1_65' title="bbox 799 3735 2376 3806">
     <span class='ocr_line' id='line_1_66' title="bbox 799 3735 2376 3806; baseline 0 -19"><span class='ocrx_word' id='word_1_446' title='bbox 799 3735 1186 3790; x_wconf 85' lang='lat' dir='ltr'><strong>instrumentis</strong></span> <span class='ocrx_word' id='word_1_447' title='bbox 1236 3744 1457 3800; x_wconf 67' lang='lat' dir='ltr'><strong>vestrae,</strong></span> <span class='ocrx_word' id='word_1_448' title='bbox 1512 3737 1706 3799; x_wconf 87' lang='lat' dir='ltr'><strong>armis,</strong></span> <span class='ocrx_word' id='word_1_449' title='bbox 1742 3736 1991 3806; x_wconf 89' lang='lat' dir='ltr'><strong>inquam,</strong></span> <span class='ocrx_word' id='word_1_450' title='bbox 2026 3736 2274 3791; x_wconf 88' lang='lat' dir='ltr'><strong>destituti</strong></span> <span class='ocrx_word' id='word_1_451' title='bbox 2323 3735 2376 3787; x_wconf 90' lang='lat' dir='ltr'><strong>in</strong></span> 
     </span>
    </p>
   </div>
   <div class='ocr_carea' id='block_1_66' title="bbox 801 3828 2380 3898">
    <p class='ocr_par' dir='ltr' id='par_1_66' title="bbox 801 3828 2380 3898">
     <span class='ocr_line' id='line_1_67' title="bbox 801 3828 2380 3898; baseline 0.001 -18"><span class='ocrx_word' id='word_1_452' title='bbox 801 3828 955 3881; x_wconf 81' lang='lat' dir='ltr'><strong>littus</strong></span> <span class='ocrx_word' id='word_1_453' title='bbox 984 3828 1120 3882; x_wconf 91' lang='lat' dir='ltr'><strong>estis</strong></span> <span class='ocrx_word' id='word_1_454' title='bbox 1149 3838 1399 3883; x_wconf 85' lang='lat' dir='ltr'><strong>nostrum</strong></span> <span class='ocrx_word' id='word_1_455' title='bbox 1432 3830 1691 3897; x_wconf 83' lang='lat' dir='ltr'><strong>expositi,</strong></span> <span class='ocrx_word' id='word_1_456' title='bbox 1734 3829 1894 3897; x_wconf 88' lang='lat' dir='ltr'><strong>quasi</strong></span> <span class='ocrx_word' id='word_1_457' title='bbox 1929 3845 1960 3885; x_wconf 88' lang='lat' dir='ltr'><strong>e</strong></span> <span class='ocrx_word' id='word_1_458' title='bbox 1993 3830 2212 3884; x_wconf 83' lang='lat' dir='ltr'><strong>deserto</strong></span> <span class='ocrx_word' id='word_1_459' title='bbox 2243 3843 2380 3898; x_wconf 87' lang='lat' dir='ltr'><strong>quo-</strong></span> 
     </span>
    </p>
   </div>
   <div class='ocr_carea' id='block_1_67' title="bbox 800 3920 2379 3976">
    <p class='ocr_par' dir='ltr' id='par_1_67' title="bbox 800 3920 2379 3976">
     <span class='ocr_line' id='line_1_68' title="bbox 800 3920 2379 3976; baseline 0.001 -4"><span class='ocrx_word' id='word_1_460' title='bbox 800 3920 925 3972; x_wconf 88' lang='lat' dir='ltr'><strong>dam</strong></span> <span class='ocrx_word' id='word_1_461' title='bbox 982 3928 1036 3974; x_wconf 89' lang='lat' dir='ltr'><strong>ct</strong></span> <span class='ocrx_word' id='word_1_462' title='bbox 1070 3929 1225 3973; x_wconf 89' lang='lat' dir='ltr'><strong>vasta</strong></span> <span class='ocrx_word' id='word_1_463' title='bbox 1268 3920 1568 3975; x_wconf 88' lang='lat' dir='ltr'><strong>solitudine</strong></span> <span class='ocrx_word' id='word_1_464' title='bbox 1616 3921 1671 3975; x_wconf 92' lang='lat' dir='ltr'><strong>in</strong></span> <span class='ocrx_word' id='word_1_465' title='bbox 1708 3931 1884 3976; x_wconf 90' lang='lat' dir='ltr'><strong>terras</strong></span> <span class='ocrx_word' id='word_1_466' title='bbox 1937 3922 2159 3975; x_wconf 90' lang='lat' dir='ltr'><strong>demum</strong></span> <span class='ocrx_word' id='word_1_467' title='bbox 2200 3921 2379 3974; x_wconf 87' lang='lat' dir='ltr'><strong>cultas</strong></span> 
     </span>
    </p>
   </div>
   <div class='ocr_carea' id='block_1_68' title="bbox 803 4011 2381 4083">
    <p class='ocr_par' dir='ltr' id='par_1_68' title="bbox 803 4011 2381 4083">
     <span class='ocr_line' id='line_1_69' title="bbox 803 4011 2381 4083; baseline 0.001 -20"><span class='ocrx_word' id='word_1_468' title='bbox 803 4014 1139 4067; x_wconf 79' lang='lat' dir='ltr'><strong>transirctis.</strong></span> <span class='ocrx_word' id='word_1_469' title='bbox 1197 4012 1358 4083; x_wconf 59' lang='lat' dir='ltr'><strong>Numa</strong></span> <span class='ocrx_word' id='word_1_470' title='bbox 1402 4030 1533 4066; x_wconf 85' lang='lat' dir='ltr'><strong>vero</strong></span> <span class='ocrx_word' id='word_1_471' title='bbox 1588 4013 1912 4081; x_wconf 82' lang='lat' dir='ltr'><strong>impinguati</strong></span> <span class='ocrx_word' id='word_1_472' title='bbox 1966 4014 2172 4065; x_wconf 78' lang='lat' dir='ltr'><strong>nostris</strong></span> <span class='ocrx_word' id='word_1_473' title='bbox 2203 4011 2381 4079; x_wconf 82' lang='lat' dir='ltr'><strong>cepiis</strong></span> 
     </span>
    </p>
   </div>
   <div class='ocr_carea' id='block_1_69' title="bbox 802 4103 2421 4176">
    <p class='ocr_par' dir='ltr' id='par_1_69' title="bbox 802 4103 2421 4176">
     <span class='ocr_line' id='line_1_70' title="bbox 802 4103 2421 4176; baseline -0.002 -17"><span class='ocrx_word' id='word_1_474' title='bbox 802 4108 967 4161; x_wconf 79' lang='lat' dir='ltr'><strong>otiosi</strong></span> <span class='ocrx_word' id='word_1_475' title='bbox 1005 4107 1256 4161; x_wconf 80' lang='lat' dir='ltr'><strong>videlicet</strong></span> <span class='ocrx_word' id='word_1_476' title='bbox 1306 4106 1559 4160; x_wconf 90' lang='lat' dir='ltr'><strong>desident</strong></span> <span class='ocrx_word' id='word_1_477' title='bbox 1596 4123 1610 4159; x_wconf 86' lang='lat'><strong>:</strong></span> <span class='ocrx_word' id='word_1_478' title='bbox 1645 4107 1776 4175; x_wconf 89' lang='lat' dir='ltr'><strong>quin</strong></span> <span class='ocrx_word' id='word_1_479' title='bbox 1810 4112 1863 4157; x_wconf 88' lang='lat' dir='ltr'><strong>et</strong></span> <span class='ocrx_word' id='word_1_480' title='bbox 1904 4103 2116 4158; x_wconf 77' lang='lat' dir='ltr'><strong>feroces</strong></span> <span class='ocrx_word' id='word_1_481' title='bbox 2163 4105 2379 4157; x_wconf 75' lang='lat' dir='ltr'><strong>tumidi-</strong></span> <span class='ocrx_word' id='word_1_482' title='bbox 2404 4157 2421 4176; x_wconf 44' lang='grc' dir='ltr'><em>δ</em></span> 
     </span>
    </p>
   </div>
   <div class='ocr_carea' id='block_1_70' title="bbox 802 4196 2380 4274">
    <p class='ocr_par' dir='ltr' id='par_1_70' title="bbox 802 4196 2380 4274">
     <span class='ocr_line' id='line_1_71' title="bbox 802 4196 2380 4274; baseline -0.006 -19"><span class='ocrx_word' id='word_1_483' title='bbox 802 4218 910 4274; x_wconf 83' lang='lat' dir='ltr'><strong>que</strong></span> <span class='ocrx_word' id='word_1_484' title='bbox 950 4202 1223 4264; x_wconf 88' lang='lat' dir='ltr'><strong>laborum,</strong></span> <span class='ocrx_word' id='word_1_485' title='bbox 1255 4215 1394 4269; x_wconf 90' lang='lat' dir='ltr'><strong>quos</strong></span> <span class='ocrx_word' id='word_1_486' title='bbox 1440 4200 1633 4268; x_wconf 89' lang='lat' dir='ltr'><strong>ignave</strong></span> <span class='ocrx_word' id='word_1_487' title='bbox 1662 4198 1925 4260; x_wconf 87' lang='lat' dir='ltr'><strong>vitarunt,</strong></span> <span class='ocrx_word' id='word_1_488' title='bbox 1960 4199 2244 4250; x_wconf 82' lang='lat' dir='ltr'><strong>mercedes</strong></span> <span class='ocrx_word' id='word_1_489' title='bbox 2282 4196 2380 4248; x_wconf 87' lang='lat' dir='ltr'><strong>lla-</strong></span> 
     </span>
    </p>
   </div>
   <div class='ocr_carea' id='block_1_71' title="bbox 804 4291 2379 4366">
    <p class='ocr_par' dir='ltr' id='par_1_71' title="bbox 804 4291 2379 4366">
     <span class='ocr_line' id='line_1_72' title="bbox 804 4291 2379 4366; baseline -0.004 -16"><span class='ocrx_word' id='word_1_490' title='bbox 804 4297 1001 4366; x_wconf 84' lang='lat' dir='ltr'><strong>gitant.</strong></span> <span class='ocrx_word' id='word_1_491' title='bbox 1047 4295 1298 4360; x_wconf 85' lang='lat' dir='ltr'><strong>Quanam</strong></span> <span class='ocrx_word' id='word_1_492' title='bbox 1344 4308 1474 4348; x_wconf 90' lang='lat' dir='ltr'><strong>vero</strong></span> <span class='ocrx_word' id='word_1_493' title='bbox 1514 4307 1609 4348; x_wconf 87' lang='lat' dir='ltr'><strong>eas</strong></span> <span class='ocrx_word' id='word_1_494' title='bbox 1646 4291 1898 4345; x_wconf 88' lang='lat' dir='ltr'><strong>navanda</strong></span> <span class='ocrx_word' id='word_1_495' title='bbox 1947 4306 2115 4359; x_wconf 88' lang='lat' dir='ltr'><strong>opera</strong></span> <span class='ocrx_word' id='word_1_496' title='bbox 2160 4304 2379 4365; x_wconf 71' lang='lat' dir='ltr'><strong>prome-</strong></span> 
     </span>
    </p>
   </div>
   <div class='ocr_carea' id='block_1_72' title="bbox 805 4383 2383 4459">
    <p class='ocr_par' dir='ltr' id='par_1_72' title="bbox 805 4383 2383 4459">
     <span class='ocr_line' id='line_1_73' title="bbox 805 4383 2383 4459; baseline -0.004 -14"><span class='ocrx_word' id='word_1_497' title='bbox 805 4392 937 4446; x_wconf 89' lang='lat' dir='ltr'><strong>riti?</strong></span> <span class='ocrx_word' id='word_1_498' title='bbox 971 4392 1151 4459; x_wconf 86' lang='lat' dir='ltr'><strong>Agite,</strong></span> <span class='ocrx_word' id='word_1_499' title='bbox 1186 4391 1319 4459; x_wconf 87' lang='lat' dir='ltr'><strong>quid</strong></span> <span class='ocrx_word' id='word_1_500' title='bbox 1368 4387 1727 4442; x_wconf 86' lang='lat' dir='ltr'><strong>memorabile</strong></span> <span class='ocrx_word' id='word_1_501' title='bbox 1772 4386 2067 4457; x_wconf 71' lang='lat' dir='ltr'><strong>gessistis?</strong></span> <span class='ocrx_word' id='word_1_502' title='bbox 2095 4401 2205 4455; x_wconf 92' lang='lat' dir='ltr'><strong>quo</strong></span> <span class='ocrx_word' id='word_1_503' title='bbox 2254 4383 2383 4439; x_wconf 88' lang='lat' dir='ltr'><strong>forti</strong></span> 
     </span>
    </p>
   </div>
   <div class='ocr_carea' id='block_1_73' title="bbox 804 4475 2382 4549">
    <p class='ocr_par' dir='ltr' id='par_1_73' title="bbox 804 4475 2382 4549">
     <span class='ocr_line' id='line_1_74' title="bbox 804 4475 2382 4549; baseline -0.005 -14"><span class='ocrx_word' id='word_1_504' title='bbox 804 4499 902 4539; x_wconf 88' lang='lat' dir='ltr'><strong>vos</strong></span> <span class='ocrx_word' id='word_1_505' title='bbox 957 4483 1203 4537; x_wconf 79' lang='lat' dir='ltr'><strong>facinore</strong></span> <span class='ocrx_word' id='word_1_506' title='bbox 1240 4496 1404 4543; x_wconf 87' lang='lat' dir='ltr'><strong>manu</strong></span> <span class='ocrx_word' id='word_1_507' title='bbox 1454 4496 1570 4533; x_wconf 87' lang='lat' dir='ltr'><strong>rem</strong></span> <span class='ocrx_word' id='word_1_508' title='bbox 1622 4481 1864 4549; x_wconf 79' lang='lat' dir='ltr'><strong>gerendo</strong></span> <span class='ocrx_word' id='word_1_509' title='bbox 1911 4475 2382 4533; x_wconf 86' lang='lat' dir='ltr'><strong>commendastis?</strong></span> 
     </span>
    </p>
   </div>
   <div class='ocr_carea' id='block_1_74' title="bbox 2488 3268 4063 3345">
    <p class='ocr_par' dir='ltr' id='par_1_74' title="bbox 2488 3268 4063 3345">
     <span class='ocr_line' id='line_1_75' title="bbox 2488 3268 4063 3345; baseline -0.003 -18"><span class='ocrx_word' id='word_1_510' title='bbox 2488 3268 2714 3333; x_wconf 56' lang='lat' dir='ltr'><strong>stantini</strong></span> <span class='ocrx_word' id='word_1_511' title='bbox 2750 3274 2909 3344; x_wconf 78' lang='lat'><strong>517</strong></span> <span class='ocrx_word' id='word_1_512' title='bbox 2945 3273 3404 3345; x_wconf 79' lang='lat' dir='ltr'><strong>Porphyrogeniti</strong></span> <span class='ocrx_word' id='word_1_513' title='bbox 3458 3273 3628 3326; x_wconf 79' lang='lat' dir='ltr'><strong>filium</strong></span> <span class='ocrx_word' id='word_1_514' title='bbox 3689 3272 3742 3325; x_wconf 93' lang='lat' dir='ltr'><strong>in</strong></span> <span class='ocrx_word' id='word_1_515' title='bbox 3791 3272 4063 3340; x_wconf 81' lang='lat' dir='ltr'><strong>majorem</strong></span> 
     </span>
    </p>
   </div>
   <div class='ocr_carea' id='block_1_75' title="bbox 2488 3364 4065 3437">
    <p class='ocr_par' dir='ltr' id='par_1_75' title="bbox 2488 3364 4065 3437">
     <span class='ocr_line' id='line_1_76' title="bbox 2488 3364 4065 3437; baseline -0.005 -15"><span class='ocrx_word' id='word_1_516' title='bbox 2488 3370 2750 3432; x_wconf 77' lang='lat' dir='ltr'><strong>liquorem</strong></span> <span class='ocrx_word' id='word_1_517' title='bbox 2780 3368 3091 3437; x_wconf 83' lang='lat' dir='ltr'><strong>provehens</strong></span> <span class='ocrx_word' id='word_1_518' title='bbox 3135 3382 3298 3436; x_wconf 88' lang='lat' dir='ltr'><strong>quam</strong></span> <span class='ocrx_word' id='word_1_519' title='bbox 3332 3380 3554 3436; x_wconf 89' lang='lat' dir='ltr'><strong>sperare</strong></span> <span class='ocrx_word' id='word_1_520' title='bbox 3584 3378 3613 3417; x_wconf 91' lang='lat' dir='ltr'><strong>a</strong></span> <span class='ocrx_word' id='word_1_521' title='bbox 3644 3373 3837 3433; x_wconf 89' lang='lat' dir='ltr'><strong>patruo</strong></span> <span class='ocrx_word' id='word_1_522' title='bbox 3865 3364 4065 3416; x_wconf 83' lang='lat' dir='ltr'><strong>verisi-</strong></span> 
     </span>
    </p>
   </div>
   <div class='ocr_carea' id='block_1_76' title="bbox 2488 3459 4065 3532">
    <p class='ocr_par' dir='ltr' id='par_1_76' title="bbox 2488 3459 4065 3532">
     <span class='ocr_line' id='line_1_77' title="bbox 2488 3459 4065 3532; baseline -0.004 -15"><span class='ocrx_word' id='word_1_523' title='bbox 2488 3466 2693 3517; x_wconf 80' lang='lat' dir='ltr'><strong>mihter</strong></span> <span class='ocrx_word' id='word_1_524' title='bbox 2725 3472 2983 3531; x_wconf 84' lang='lat' dir='ltr'><strong>potuerat</strong></span> <span class='ocrx_word' id='word_1_525' title='bbox 3021 3462 3207 3515; x_wconf 82' lang='lat' dir='ltr'><strong>fratris</strong></span> <span class='ocrx_word' id='word_1_526' title='bbox 3244 3463 3388 3516; x_wconf 83' lang='lat' dir='ltr'><strong>filius</strong></span> <span class='ocrx_word' id='word_1_527' title='bbox 3417 3461 3755 3532; x_wconf 83' lang='lat' dir='ltr'><strong>(signiticare</strong></span> <span class='ocrx_word' id='word_1_528' title='bbox 3778 3459 4065 3522; x_wconf 74' lang='lat' dir='ltr'><strong>videlicet,</strong></span> 
     </span>
    </p>
   </div>
   <div class='ocr_carea' id='block_1_77' title="bbox 2486 3551 4067 3624">
    <p class='ocr_par' dir='ltr' id='par_1_77' title="bbox 2486 3551 4067 3624">
     <span class='ocr_line' id='line_1_78' title="bbox 2486 3551 4067 3624; baseline -0.004 -15"><span class='ocrx_word' id='word_1_529' title='bbox 2486 3557 2709 3624; x_wconf 86' lang='lat' dir='ltr'><strong>opinor,</strong></span> <span class='ocrx_word' id='word_1_530' title='bbox 2742 3554 2971 3619; x_wconf 77' lang='lat' dir='ltr'><strong>volens,</strong></span> <span class='ocrx_word' id='word_1_531' title='bbox 3016 3569 3076 3607; x_wconf 79' lang='lat' dir='ltr'><strong>Sc</strong></span> <span class='ocrx_word' id='word_1_532' title='bbox 3115 3554 3251 3622; x_wconf 85' lang='lat' dir='ltr'><strong>patri</strong></span> <span class='ocrx_word' id='word_1_533' title='bbox 3306 3551 3469 3620; x_wconf 90' lang='lat' dir='ltr'><strong>hujus</strong></span> <span class='ocrx_word' id='word_1_534' title='bbox 3507 3551 3877 3608; x_wconf 83' lang='lat' dir='ltr'><strong>adolescentis</strong></span> <span class='ocrx_word' id='word_1_535' title='bbox 3912 3566 4067 3603; x_wconf 83' lang='lat' dir='ltr'><strong>mor-</strong></span> 
     </span>
    </p>
   </div>
   <div class='ocr_carea' id='block_1_78' title="bbox 2490 3644 4066 3709">
    <p class='ocr_par' dir='ltr' id='par_1_78' title="bbox 2490 3644 4066 3709">
     <span class='ocr_line' id='line_1_79' title="bbox 2490 3644 4066 3709; baseline -0.003 -8"><span class='ocrx_word' id='word_1_536' title='bbox 2490 3661 2583 3702; x_wconf 91' lang='lat' dir='ltr'><strong>tuo</strong></span> <span class='ocrx_word' id='word_1_537' title='bbox 2635 3657 2902 3703; x_wconf 86' lang='lat' dir='ltr'><strong>constans</strong></span> <span class='ocrx_word' id='word_1_538' title='bbox 2965 3647 3342 3703; x_wconf 76' lang='lat' dir='ltr'><strong>cxhibiturum</strong></span> <span class='ocrx_word' id='word_1_539' title='bbox 3402 3644 3596 3709; x_wconf 84' lang='lat' dir='ltr'><strong>fuisse,</strong></span> <span class='ocrx_word' id='word_1_540' title='bbox 3645 3645 3775 3699; x_wconf 92' lang='lat' dir='ltr'><strong>dum</strong></span> <span class='ocrx_word' id='word_1_541' title='bbox 3829 3645 4066 3705; x_wconf 83' lang='lat' dir='ltr'><strong>viveret.</strong></span> 
     </span>
    </p>
   </div>
   <div class='ocr_carea' id='block_1_79' title="bbox 2487 3729 4062 3811">
    <p class='ocr_par' dir='ltr' id='par_1_79' title="bbox 2487 3729 4062 3811">
     <span class='ocr_line' id='line_1_80' title="bbox 2487 3729 4062 3811; baseline -0.004 -16"><span class='ocrx_word' id='word_1_542' title='bbox 2487 3741 2731 3796; x_wconf 81' lang='lat' dir='ltr'><strong>officium</strong></span> <span class='ocrx_word' id='word_1_543' title='bbox 2789 3740 3193 3794; x_wconf 70' lang='lat' dir='ltr'><strong>benevolentia:</strong></span> <span class='ocrx_word' id='word_1_544' title='bbox 3244 3729 3521 3811; x_wconf 55' lang='lat' dir='ltr'><strong>fraternae,</strong></span> <span class='ocrx_word' id='word_1_545' title='bbox 3569 3738 3673 3792; x_wconf 89' lang='lat' dir='ltr'><strong>nisi</strong></span> <span class='ocrx_word' id='word_1_546' title='bbox 3711 3737 3803 3791; x_wconf 92' lang='lat' dir='ltr'><strong>ille</strong></span> <span class='ocrx_word' id='word_1_547' title='bbox 3844 3753 3903 3793; x_wconf 86' lang='lat' dir='ltr'><strong>se</strong></span> <span class='ocrx_word' id='word_1_548' title='bbox 3951 3738 4062 3791; x_wconf 89' lang='lat' dir='ltr'><strong>sibi</strong></span> 
     </span>
    </p>
   </div>
   <div class='ocr_carea' id='block_1_80' title="bbox 2488 3833 4064 3895">
    <p class='ocr_par' dir='ltr' id='par_1_80' title="bbox 2488 3833 4064 3895">
     <span class='ocr_line' id='line_1_81' title="bbox 2488 3833 4064 3895; baseline -0.003 -5"><span class='ocrx_word' id='word_1_549' title='bbox 2488 3836 2766 3890; x_wconf 81' lang='lat' dir='ltr'><strong>infensum</strong></span> <span class='ocrx_word' id='word_1_550' title='bbox 2793 3834 3099 3889; x_wconf 84' lang='lat' dir='ltr'><strong>manifestis</strong></span> <span class='ocrx_word' id='word_1_551' title='bbox 3133 3833 3355 3886; x_wconf 89' lang='lat' dir='ltr'><strong>indiciis</strong></span> <span class='ocrx_word' id='word_1_552' title='bbox 3396 3833 3806 3895; x_wconf 87' lang='lat' dir='ltr'><strong>monstrasset),</strong></span> <span class='ocrx_word' id='word_1_553' title='bbox 3838 3835 4064 3885; x_wconf 83' lang='lat' dir='ltr'><strong>ornavit</strong></span> 
     </span>
    </p>
   </div>
   <div class='ocr_carea' id='block_1_81' title="bbox 2487 3923 4069 3993">
    <p class='ocr_par' dir='ltr' id='par_1_81' title="bbox 2487 3923 4069 3993">
     <span class='ocr_line' id='line_1_82' title="bbox 2487 3923 4069 3993; baseline -0.003 -13"><span class='ocrx_word' id='word_1_554' title='bbox 2487 3942 2638 3991; x_wconf 83' lang='lat' dir='ltr'><strong>eum,</strong></span> <span class='ocrx_word' id='word_1_555' title='bbox 2674 3925 2919 3980; x_wconf 90' lang='lat' dir='ltr'><strong>nondum</strong></span> <span class='ocrx_word' id='word_1_556' title='bbox 2952 3940 3099 3977; x_wconf 90' lang='lat' dir='ltr'><strong>anno</strong></span> <span class='ocrx_word' id='word_1_557' title='bbox 3143 3925 3320 3978; x_wconf 66' lang='lat' dir='ltr'><strong>mtatis</strong></span> <span class='ocrx_word' id='word_1_558' title='bbox 3363 3925 3600 3993; x_wconf 90' lang='lat' dir='ltr'><strong>septimo</strong></span> <span class='ocrx_word' id='word_1_559' title='bbox 3629 3923 3847 3977; x_wconf 88' lang='lat' dir='ltr'><strong>decimo</strong></span> <span class='ocrx_word' id='word_1_560' title='bbox 3876 3938 4069 3992; x_wconf 81' lang='lat' dir='ltr'><strong>egres-</strong></span> 
     </span>
    </p>
   </div>
   <div class='ocr_carea' id='block_1_82' title="bbox 2489 4015 4066 4088">
    <p class='ocr_par' dir='ltr' id='par_1_82' title="bbox 2489 4015 4066 4088">
     <span class='ocr_line' id='line_1_83' title="bbox 2489 4015 4066 4088; baseline -0.004 -14"><span class='ocrx_word' id='word_1_561' title='bbox 2489 4036 2648 4079; x_wconf 88' lang='lat' dir='ltr'><strong>sum.</strong></span> <span class='ocrx_word' id='word_1_562' title='bbox 2722 4018 3211 4088; x_wconf 77' lang='lat' dir='ltr'><strong>pauhypersebasti</strong></span> <span class='ocrx_word' id='word_1_563' title='bbox 3270 4016 3559 4084; x_wconf 81' lang='lat' dir='ltr'><strong>dignitate,</strong></span> <span class='ocrx_word' id='word_1_564' title='bbox 3627 4030 3942 4083; x_wconf 86' lang='lat' dir='ltr'><strong>quanquam</strong></span> <span class='ocrx_word' id='word_1_565' title='bbox 4014 4015 4066 4067; x_wconf 83' lang='lat' dir='ltr'><strong>ri</strong></span> 
     </span>
    </p>
   </div>
   <div class='ocr_carea' id='block_1_83' title="bbox 2491 4108 4070 4179">
    <p class='ocr_par' dir='ltr' id='par_1_83' title="bbox 2491 4108 4070 4179">
     <span class='ocr_line' id='line_1_84' title="bbox 2491 4108 4070 4179; baseline -0.004 -14"><span class='ocrx_word' id='word_1_566' title='bbox 2491 4128 2598 4166; x_wconf 93' lang='lat' dir='ltr'><strong>non</strong></span> <span class='ocrx_word' id='word_1_567' title='bbox 2628 4114 2910 4166; x_wconf 84' lang='lat' dir='ltr'><strong>concessit</strong></span> <span class='ocrx_word' id='word_1_568' title='bbox 2946 4126 2974 4163; x_wconf 92' lang='lat' dir='ltr'><strong>a</strong></span> <span class='ocrx_word' id='word_1_569' title='bbox 3008 4109 3279 4179; x_wconf 90' lang='lat' dir='ltr'><strong>principio</strong></span> <span class='ocrx_word' id='word_1_570' title='bbox 3311 4108 3556 4163; x_wconf 88' lang='lat' dir='ltr'><strong>habitum</strong></span> <span class='ocrx_word' id='word_1_571' title='bbox 3593 4111 3718 4175; x_wconf 88' lang='lat' dir='ltr'><strong>ejus</strong></span> <span class='ocrx_word' id='word_1_572' title='bbox 3767 4108 3905 4160; x_wconf 87' lang='lat' dir='ltr'><strong>tituli</strong></span> <span class='ocrx_word' id='word_1_573' title='bbox 3940 4124 4070 4177; x_wconf 85' lang='lat' dir='ltr'><strong>pro-</strong></span> 
     </span>
    </p>
   </div>
   <div class='ocr_carea' id='block_1_84' title="bbox 2490 4201 4070 4273">
    <p class='ocr_par' dir='ltr' id='par_1_84' title="bbox 2490 4201 4070 4273">
     <span class='ocr_line' id='line_1_85' title="bbox 2490 4201 4070 4273; baseline -0.003 -14"><span class='ocrx_word' id='word_1_574' title='bbox 2490 4207 2692 4273; x_wconf 91' lang='lat' dir='ltr'><strong>prium,</strong></span> <span class='ocrx_word' id='word_1_575' title='bbox 2728 4206 2823 4259; x_wconf 88' lang='lat' dir='ltr'><strong>sed</strong></span> <span class='ocrx_word' id='word_1_576' title='bbox 2864 4204 3024 4273; x_wconf 83' lang='lat' dir='ltr'><strong>gilvis</strong></span> <span class='ocrx_word' id='word_1_577' title='bbox 3056 4218 3181 4256; x_wconf 88' lang='lat' dir='ltr'><strong>cum</strong></span> <span class='ocrx_word' id='word_1_578' title='bbox 3216 4201 3528 4271; x_wconf 86' lang='lat' dir='ltr'><strong>insignibus</strong></span> <span class='ocrx_word' id='word_1_579' title='bbox 3578 4202 3908 4262; x_wconf 73' lang='lat' dir='ltr'><strong>honoravit;</strong></span> <span class='ocrx_word' id='word_1_580' title='bbox 3943 4216 4070 4267; x_wconf 75' lang='lat' dir='ltr'><strong>qua:</strong></span> 
     </span>
    </p>
   </div>
   <div class='ocr_carea' id='block_1_85' title="bbox 2490 4292 4071 4369">
    <p class='ocr_par' dir='ltr' id='par_1_85' title="bbox 2490 4292 4071 4369">
     <span class='ocr_line' id='line_1_86' title="bbox 2490 4292 4071 4369; baseline -0.006 -18"><span class='ocrx_word' id='word_1_581' title='bbox 2490 4298 2763 4369; x_wconf 62' lang='lat' dir='ltr'><strong>pra-toria:</strong></span> <span class='ocrx_word' id='word_1_582' title='bbox 2810 4297 2965 4363; x_wconf 82' lang='lat' dir='ltr'><strong>prius</strong></span> <span class='ocrx_word' id='word_1_583' title='bbox 3019 4302 3180 4348; x_wconf 83' lang='lat' dir='ltr'><strong>erant</strong></span> <span class='ocrx_word' id='word_1_584' title='bbox 3232 4293 3482 4364; x_wconf 80' lang='lat' dir='ltr'><strong>synibola</strong></span> <span class='ocrx_word' id='word_1_585' title='bbox 3537 4292 3845 4361; x_wconf 84' lang='lat' dir='ltr'><strong>potestatis,</strong></span> <span class='ocrx_word' id='word_1_586' title='bbox 3888 4292 3963 4342; x_wconf 72' lang='lat' dir='ltr'><strong>ita</strong></span> <span class='ocrx_word' id='word_1_587' title='bbox 4010 4300 4071 4342; x_wconf 83' lang='lat' dir='ltr'><strong>ut</strong></span> 
     </span>
    </p>
   </div>
   <div class='ocr_carea' id='block_1_86' title="bbox 2491 4384 4069 4460">
    <p class='ocr_par' dir='ltr' id='par_1_86' title="bbox 2491 4384 4069 4460">
     <span class='ocr_line' id='line_1_87' title="bbox 2491 4384 4069 4460; baseline -0.006 -15"><span class='ocrx_word' id='word_1_588' title='bbox 2491 4393 2755 4460; x_wconf 81' lang='lat' dir='ltr'><strong>deinceps</strong></span> <span class='ocrx_word' id='word_1_589' title='bbox 2805 4399 3007 4460; x_wconf 69' lang='lat' dir='ltr'><strong>praetor</strong></span> <span class='ocrx_word' id='word_1_590' title='bbox 3064 4399 3320 4441; x_wconf 90' lang='lat' dir='ltr'><strong>ornatum</strong></span> <span class='ocrx_word' id='word_1_591' title='bbox 3389 4403 3495 4440; x_wconf 90' lang='lat' dir='ltr'><strong>non</strong></span> <span class='ocrx_word' id='word_1_592' title='bbox 3558 4388 3783 4438; x_wconf 87' lang='lat' dir='ltr'><strong>haberet</strong></span> <span class='ocrx_word' id='word_1_593' title='bbox 3827 4388 3920 4451; x_wconf 89' lang='lat' dir='ltr'><strong>qui</strong></span> <span class='ocrx_word' id='word_1_594' title='bbox 3973 4384 4069 4435; x_wconf 80' lang='lat' dir='ltr'><strong>uni</strong></span> 
     </span>
    </p>
   </div>
   <div class='ocr_carea' id='block_1_87' title="bbox 2492 4476 4070 4550">
    <p class='ocr_par' dir='ltr' id='par_1_87' title="bbox 2492 4476 4070 4550">
     <span class='ocr_line' id='line_1_88' title="bbox 2492 4476 4070 4550; baseline -0.005 -14"><span class='ocrx_word' id='word_1_595' title='bbox 2492 4484 2595 4550; x_wconf 86' lang='lat' dir='ltr'><strong>ipsi</strong></span> <span class='ocrx_word' id='word_1_596' title='bbox 2622 4482 2945 4537; x_wconf 90' lang='lat' dir='ltr'><strong>conveniret</strong></span> <span class='ocrx_word' id='word_1_597' title='bbox 2994 4481 3235 4550; x_wconf 86' lang='lat' dir='ltr'><strong>proprie.</strong></span> <span class='ocrx_word' id='word_1_598' title='bbox 3267 4479 3357 4533; x_wconf 86' lang='lat' dir='ltr'><strong>Sic</strong></span> <span class='ocrx_word' id='word_1_599' title='bbox 3398 4480 3546 4533; x_wconf 90' lang='lat' dir='ltr'><strong>enim</strong></span> <span class='ocrx_word' id='word_1_600' title='bbox 3581 4487 3634 4531; x_wconf 90' lang='lat' dir='ltr'><strong>et</strong></span> <span class='ocrx_word' id='word_1_601' title='bbox 3669 4478 3820 4545; x_wconf 85' lang='lat' dir='ltr'><strong>prius</strong></span> <span class='ocrx_word' id='word_1_602' title='bbox 3851 4476 4070 4527; x_wconf 72' lang='lat' dir='ltr'><strong>duobus</strong></span> 
     </span>
    </p>
   </div>
   <div class='ocr_carea' id='block_1_88' title="bbox 804 4560 4069 4645">
    <p class='ocr_par' dir='ltr' id='par_1_88' title="bbox 804 4560 4069 4645">
     <span class='ocr_line' id='line_1_89' title="bbox 804 4560 4069 4645; baseline -0.003 -15"><span class='ocrx_word' id='word_1_603' title='bbox 804 4578 959 4644; x_wconf 86' lang='lat' dir='ltr'><strong>atqui</strong></span> <span class='ocrx_word' id='word_1_604' title='bbox 994 4577 1185 4629; x_wconf 84' lang='lat' dir='ltr'><strong>hostes</strong></span> <span class='ocrx_word' id='word_1_605' title='bbox 1231 4589 1340 4626; x_wconf 90' lang='lat' dir='ltr'><strong>non</strong></span> <span class='ocrx_word' id='word_1_606' title='bbox 1371 4574 1622 4633; x_wconf 86' lang='lat' dir='ltr'><strong>deerant,</strong></span> <span class='ocrx_word' id='word_1_607' title='bbox 1649 4585 1790 4639; x_wconf 89' lang='lat' dir='ltr'><strong>quos</strong></span> <span class='ocrx_word' id='word_1_608' title='bbox 1825 4579 1951 4625; x_wconf 86' lang='lat' dir='ltr'><strong>ante</strong></span> <span class='ocrx_word' id='word_1_609' title='bbox 1983 4569 2178 4623; x_wconf 88' lang='lat' dir='ltr'><strong>oculos</strong></span> <span class='ocrx_word' id='word_1_610' title='bbox 2226 4568 2387 4621; x_wconf 85' lang='lat' dir='ltr'><strong>habe-</strong></span> <span class='ocrx_word' id='word_1_611' title='bbox 2421 4560 2459 4611; x_wconf 76' lang='grc' dir='ltr'><strong>θ</strong></span> <span class='ocrx_word' id='word_1_612' title='bbox 2493 4575 2822 4645; x_wconf 62' lang='lat' dir='ltr'><strong>praetoribus</strong></span> <span class='ocrx_word' id='word_1_613' title='bbox 2896 4572 3217 4643; x_wconf 86' lang='lat' dir='ltr'><strong>Hypertimo</strong></span> <span class='ocrx_word' id='word_1_614' title='bbox 3271 4581 3326 4625; x_wconf 91' lang='lat' dir='ltr'><strong>et</strong></span> <span class='ocrx_word' id='word_1_615' title='bbox 3382 4570 3759 4638; x_wconf 76' lang='lat' dir='ltr'><strong>ChaICeopulo</strong></span> <span class='ocrx_word' id='word_1_616' title='bbox 3838 4568 4069 4632; x_wconf 69' lang='lat' dir='ltr'><strong>fect-rat,</strong></span> 
     </span>
    </p>
   </div>
   <div class='ocr_carea' id='block_1_89' title="bbox 805 4661 2388 4731">
    <p class='ocr_par' dir='ltr' id='par_1_89' title="bbox 805 4661 2388 4731">
     <span class='ocr_line' id='line_1_90' title="bbox 805 4661 2388 4731; baseline -0.008 -8"><span class='ocrx_word' id='word_1_617' title='bbox 805 4669 971 4731; x_wconf 89' lang='lat' dir='ltr'><strong>batis,</strong></span> <span class='ocrx_word' id='word_1_618' title='bbox 998 4681 1213 4722; x_wconf 86' lang='lat' dir='ltr'><strong>summo</strong></span> <span class='ocrx_word' id='word_1_619' title='bbox 1240 4665 1408 4718; x_wconf 82' lang='lat' dir='ltr'><strong>vestri</strong></span> <span class='ocrx_word' id='word_1_620' title='bbox 1437 4671 1756 4730; x_wconf 90' lang='lat' dir='ltr'><strong>contemptu</strong></span> <span class='ocrx_word' id='word_1_621' title='bbox 1789 4661 2027 4714; x_wconf 86' lang='lat' dir='ltr'><strong>ferentes</strong></span> <span class='ocrx_word' id='word_1_622' title='bbox 2052 4668 2388 4728; x_wconf 80' lang='lat' dir='ltr'><strong>agentesque</strong></span> 
     </span>
    </p>
   </div>
   <div class='ocr_carea' id='block_1_90' title="bbox 807 4748 2391 4815">
    <p class='ocr_par' dir='ltr' id='par_1_90' title="bbox 807 4748 2391 4815">
     <span class='ocr_line' id='line_1_91' title="bbox 807 4748 2391 4815; baseline -0.008 -2"><span class='ocrx_word' id='word_1_623' title='bbox 807 4761 921 4815; x_wconf 84' lang='lat' dir='ltr'><strong>late</strong></span> <span class='ocrx_word' id='word_1_624' title='bbox 956 4771 1174 4814; x_wconf 90' lang='lat' dir='ltr'><strong>cuncta.</strong></span> <span class='ocrx_word' id='word_1_625' title='bbox 1224 4755 1478 4809; x_wconf 68' lang='lat' dir='ltr'><strong>llaerciue</strong></span> <span class='ocrx_word' id='word_1_626' title='bbox 1529 4755 1732 4805; x_wconf 79' lang='lat' dir='ltr'><strong>decora</strong></span> <span class='ocrx_word' id='word_1_627' title='bbox 1780 4760 1961 4806; x_wconf 87' lang='lat' dir='ltr'><strong>vestra</strong></span> <span class='ocrx_word' id='word_1_628' title='bbox 2010 4763 2159 4812; x_wconf 88' lang='lat' dir='ltr'><strong>sunt,</strong></span> <span class='ocrx_word' id='word_1_629' title='bbox 2211 4748 2391 4803; x_wconf 81' lang='lat' dir='ltr'><strong>hemi-</strong></span> 
     </span>
    </p>
   </div>
   <div class='ocr_carea' id='block_1_91' title="bbox 810 4842 2389 4921">
    <p class='ocr_par' dir='ltr' id='par_1_91' title="bbox 810 4842 2389 4921">
     <span class='ocr_line' id='line_1_92' title="bbox 810 4842 2389 4921; baseline -0.007 -14"><span class='ocrx_word' id='word_1_630' title='bbox 810 4870 964 4913; x_wconf 80' lang='lat' dir='ltr'><strong>nunt,</strong></span> <span class='ocrx_word' id='word_1_631' title='bbox 1005 4854 1051 4907; x_wconf 85' lang='lat' dir='ltr'><strong>si</strong></span> <span class='ocrx_word' id='word_1_632' title='bbox 1093 4851 1227 4921; x_wconf 77' lang='lat' dir='ltr'><strong>ipsis</strong></span> <span class='ocrx_word' id='word_1_633' title='bbox 1254 4850 1321 4902; x_wconf 84' lang='lat' dir='ltr'><strong>de</strong></span> <span class='ocrx_word' id='word_1_634' title='bbox 1365 4864 1424 4901; x_wconf 87' lang='lat' dir='ltr'><strong>se</strong></span> <span class='ocrx_word' id='word_1_635' title='bbox 1469 4845 1899 4913; x_wconf 62' lang='lat' dir='ltr'><strong>przlrdicantibus</strong></span> <span class='ocrx_word' id='word_1_636' title='bbox 1931 4844 2199 4907; x_wconf 86' lang='lat' dir='ltr'><strong>creditur,</strong></span> <span class='ocrx_word' id='word_1_637' title='bbox 2230 4842 2389 4896; x_wconf 85' lang='lat' dir='ltr'><strong>bellis</strong></span> 
     </span>
    </p>
   </div>
   <div class='ocr_carea' id='block_1_92' title="bbox 814 4938 2385 5009">
    <p class='ocr_par' dir='ltr' id='par_1_92' title="bbox 814 4938 2385 5009">
     <span class='ocr_line' id='line_1_93' title="bbox 814 4938 2385 5009; baseline -0.008 -10"><span class='ocrx_word' id='word_1_638' title='bbox 814 4948 1207 5001; x_wconf 79' lang='lat' dir='ltr'><strong>innutritorum</strong></span> <span class='ocrx_word' id='word_1_639' title='bbox 1263 4958 1327 4996; x_wconf 91' lang='lat' dir='ltr'><strong>ac</strong></span> <span class='ocrx_word' id='word_1_640' title='bbox 1359 4940 1595 5009; x_wconf 70' lang='lat' dir='ltr'><strong>prteliis?</strong></span> <span class='ocrx_word' id='word_1_641' title='bbox 1629 4940 1721 5007; x_wconf 89' lang='lat' dir='ltr'><strong>qui</strong></span> <span class='ocrx_word' id='word_1_642' title='bbox 1773 4938 1820 4991; x_wconf 86' lang='lat' dir='ltr'><strong>si</strong></span> <span class='ocrx_word' id='word_1_643' title='bbox 1868 4952 1995 4990; x_wconf 87' lang='lat' dir='ltr'><strong>vera</strong></span> <span class='ocrx_word' id='word_1_644' title='bbox 2048 4943 2385 4995; x_wconf 88' lang='lat' dir='ltr'><strong>memorant,</strong></span> 
     </span>
    </p>
   </div>
   <div class='ocr_carea' id='block_1_93' title="bbox 815 5028 2389 5108">
    <p class='ocr_par' dir='ltr' id='par_1_93' title="bbox 815 5028 2389 5108">
     <span class='ocr_line' id='line_1_94' title="bbox 815 5028 2389 5108; baseline -0.004 -21"><span class='ocrx_word' id='word_1_645' title='bbox 815 5042 1018 5108; x_wconf 79' lang='lat' dir='ltr'><strong>pudere</strong></span> <span class='ocrx_word' id='word_1_646' title='bbox 1044 5036 1216 5104; x_wconf 88' lang='lat' dir='ltr'><strong>ipsos,</strong></span> <span class='ocrx_word' id='word_1_647' title='bbox 1249 5034 1395 5102; x_wconf 90' lang='lat' dir='ltr'><strong>quod</strong></span> <span class='ocrx_word' id='word_1_648' title='bbox 1424 5046 1454 5084; x_wconf 89' lang='lat' dir='ltr'><strong>a</strong></span> <span class='ocrx_word' id='word_1_649' title='bbox 1489 5031 1720 5100; x_wconf 86' lang='lat' dir='ltr'><strong>pristina</strong></span> <span class='ocrx_word' id='word_1_650' title='bbox 1748 5030 1950 5083; x_wconf 85' lang='lat' dir='ltr'><strong>virtute</strong></span> <span class='ocrx_word' id='word_1_651' title='bbox 1983 5039 2090 5081; x_wconf 90' lang='lat' dir='ltr'><strong>tam</strong></span> <span class='ocrx_word' id='word_1_652' title='bbox 2127 5028 2389 5096; x_wconf 89' lang='lat' dir='ltr'><strong>probrose</strong></span> 
     </span>
    </p>
   </div>
   <div class='ocr_carea' id='block_1_94' title="bbox 814 5120 2390 5198">
    <p class='ocr_par' dir='ltr' id='par_1_94' title="bbox 814 5120 2390 5198">
     <span class='ocr_line' id='line_1_95' title="bbox 814 5120 2390 5198; baseline -0.009 -13"><span class='ocrx_word' id='word_1_653' title='bbox 814 5127 1288 5198; x_wconf 82' lang='lat' dir='ltr'><strong>degeneraveriut,</strong></span> <span class='ocrx_word' id='word_1_654' title='bbox 1321 5124 1539 5188; x_wconf 88' lang='lat' dir='ltr'><strong>deceat,</strong></span> <span class='ocrx_word' id='word_1_655' title='bbox 1578 5129 1632 5176; x_wconf 90' lang='lat' dir='ltr'><strong>et</strong></span> <span class='ocrx_word' id='word_1_656' title='bbox 1665 5121 1905 5177; x_wconf 85' lang='lat' dir='ltr'><strong>latebras</strong></span> <span class='ocrx_word' id='word_1_657' title='bbox 1940 5120 2251 5191; x_wconf 65' lang='lat' dir='ltr'><strong>ignominiae</strong></span> <span class='ocrx_word' id='word_1_658' title='bbox 2280 5135 2390 5172; x_wconf 79' lang='lat' dir='ltr'><strong>sua:</strong></span> 
     </span>
    </p>
   </div>
   <div class='ocr_carea' id='block_1_95' title="bbox 815 5211 2387 5291">
    <p class='ocr_par' dir='ltr' id='par_1_95' title="bbox 815 5211 2387 5291">
     <span class='ocr_line' id='line_1_96' title="bbox 815 5211 2387 5291; baseline -0.006 -18"><span class='ocrx_word' id='word_1_659' title='bbox 815 5234 1083 5291; x_wconf 66' lang='lat' dir='ltr'><strong>quaarere.</strong></span> <span class='ocrx_word' id='word_1_660' title='bbox 1133 5221 1312 5287; x_wconf 80' lang='lat' dir='ltr'><strong>Atque</strong></span> <span class='ocrx_word' id='word_1_661' title='bbox 1344 5216 1400 5268; x_wconf 94' lang='lat' dir='ltr'><strong>hi</strong></span> <span class='ocrx_word' id='word_1_662' title='bbox 1438 5226 1622 5268; x_wconf 88' lang='lat' dir='ltr'><strong>tamen</strong></span> <span class='ocrx_word' id='word_1_663' title='bbox 1656 5222 1786 5269; x_wconf 89' lang='lat' dir='ltr'><strong>sunt</strong></span> <span class='ocrx_word' id='word_1_664' title='bbox 1808 5228 1951 5282; x_wconf 91' lang='lat' dir='ltr'><strong>quos</strong></span> <span class='ocrx_word' id='word_1_665' title='bbox 1983 5212 2151 5267; x_wconf 90' lang='lat' dir='ltr'><strong>audio</strong></span> <span class='ocrx_word' id='word_1_666' title='bbox 2192 5211 2387 5264; x_wconf 85' lang='lat' dir='ltr'><strong>minari</strong></span> 
     </span>
    </p>
   </div>
   <div class='ocr_carea' id='block_1_96' title="bbox 819 5303 2390 5369">
    <p class='ocr_par' dir='ltr' id='par_1_96' title="bbox 819 5303 2390 5369">
     <span class='ocr_line' id='line_1_97' title="bbox 819 5303 2390 5369; baseline -0.009 -1"><span class='ocrx_word' id='word_1_667' title='bbox 819 5314 1093 5369; x_wconf 86' lang='lat' dir='ltr'><strong>hostiliter</strong></span> <span class='ocrx_word' id='word_1_668' title='bbox 1126 5311 1449 5365; x_wconf 71' lang='lat' dir='ltr'><strong>incursuros</strong></span> <span class='ocrx_word' id='word_1_669' title='bbox 1493 5315 1672 5360; x_wconf 91' lang='lat' dir='ltr'><strong>terras</strong></span> <span class='ocrx_word' id='word_1_670' title='bbox 1724 5317 1927 5361; x_wconf 63' lang='lat' dir='ltr'><strong>nostra:</strong></span> <span class='ocrx_word' id='word_1_671' title='bbox 1976 5303 2221 5365; x_wconf 88' lang='lat' dir='ltr'><strong>ditionis,</strong></span> <span class='ocrx_word' id='word_1_672' title='bbox 2266 5314 2390 5355; x_wconf 80' lang='lat' dir='ltr'><strong>tau-</strong></span> 
     </span>
    </p>
   </div>
   <div class='ocr_carea' id='block_1_97' title="bbox 818 5394 2391 5477">
    <p class='ocr_par' dir='ltr' id='par_1_97' title="bbox 818 5394 2391 5477">
     <span class='ocr_line' id='line_1_98' title="bbox 818 5394 2391 5477; baseline -0.008 -16"><span class='ocrx_word' id='word_1_673' title='bbox 818 5422 985 5477; x_wconf 91' lang='lat' dir='ltr'><strong>quam</strong></span> <span class='ocrx_word' id='word_1_674' title='bbox 1035 5404 1285 5473; x_wconf 86' lang='lat' dir='ltr'><strong>regiones</strong></span> <span class='ocrx_word' id='word_1_675' title='bbox 1317 5410 1509 5455; x_wconf 90' lang='lat' dir='ltr'><strong>nostro</strong></span> <span class='ocrx_word' id='word_1_676' title='bbox 1547 5398 1809 5467; x_wconf 66' lang='lat' dir='ltr'><strong>subjecta:</strong></span> <span class='ocrx_word' id='word_1_677' title='bbox 1856 5397 2083 5465; x_wconf 88' lang='lat' dir='ltr'><strong>imperio</strong></span> <span class='ocrx_word' id='word_1_678' title='bbox 2118 5394 2391 5464; x_wconf 70' lang='lat' dir='ltr'><strong>praesidiis</strong></span> 
     </span>
    </p>
   </div>
   <div class='ocr_carea' id='block_1_98' title="bbox 822 5481 2391 5563">
    <p class='ocr_par' dir='ltr' id='par_1_98' title="bbox 822 5481 2391 5563">
     <span class='ocr_line' id='line_1_99' title="bbox 822 5481 2391 5563; baseline -0.008 -10"><span class='ocrx_word' id='word_1_679' title='bbox 822 5499 1005 5553; x_wconf 70' lang='lat' dir='ltr'><strong>tutela:</strong></span> <span class='ocrx_word' id='word_1_680' title='bbox 1034 5481 1725 5563; x_wconf 53' lang='lat' dir='ltr'><strong>ipsarum&#39;iuvlgilantibus</strong></span> <span class='ocrx_word' id='word_1_681' title='bbox 1773 5500 2020 5545; x_wconf 55' lang='lat' dir='ltr'><strong>careant.</strong></span> <span class='ocrx_word' id='word_1_682' title='bbox 2060 5486 2251 5557; x_wconf 84' lang='lat' dir='ltr'><strong>Neque</strong></span> <span class='ocrx_word' id='word_1_683' title='bbox 2292 5502 2391 5541; x_wconf 89' lang='lat' dir='ltr'><strong>co-</strong></span> 
     </span>
    </p>
   </div>
   <div class='ocr_carea' id='block_1_99' title="bbox 820 5580 2389 5657">
    <p class='ocr_par' dir='ltr' id='par_1_99' title="bbox 820 5580 2389 5657">
     <span class='ocr_line' id='line_1_100' title="bbox 820 5580 2389 5657; baseline -0.006 -15"><span class='ocrx_word' id='word_1_684' title='bbox 820 5589 999 5657; x_wconf 87' lang='lat' dir='ltr'><strong>gitant</strong></span> <span class='ocrx_word' id='word_1_685' title='bbox 1040 5587 1328 5640; x_wconf 88' lang='lat' dir='ltr'><strong>imminere</strong></span> <span class='ocrx_word' id='word_1_686' title='bbox 1372 5585 1508 5653; x_wconf 89' lang='lat' dir='ltr'><strong>ipsis</strong></span> <span class='ocrx_word' id='word_1_687' title='bbox 1536 5598 1566 5637; x_wconf 94' lang='lat' dir='ltr'><strong>a</strong></span> <span class='ocrx_word' id='word_1_688' title='bbox 1621 5593 1775 5652; x_wconf 85' lang='lat' dir='ltr'><strong>tergo</strong></span> <span class='ocrx_word' id='word_1_689' title='bbox 1803 5584 2107 5649; x_wconf 80' lang='lat' dir='ltr'><strong>Augustum</strong></span> <span class='ocrx_word' id='word_1_690' title='bbox 2151 5580 2389 5635; x_wconf 80' lang='lat' dir='ltr'><strong>Michae-</strong></span> 
     </span>
    </p>
   </div>
   <div class='ocr_carea' id='block_1_100' title="bbox 823 5673 2393 5745">
    <p class='ocr_par' dir='ltr' id='par_1_100' title="bbox 823 5673 2393 5745">
     <span class='ocr_line' id='line_1_101' title="bbox 823 5673 2393 5745; baseline -0.005 -10"><span class='ocrx_word' id='word_1_691' title='bbox 823 5686 951 5745; x_wconf 88' lang='lat' dir='ltr'><strong>lcm,</strong></span> <span class='ocrx_word' id='word_1_692' title='bbox 994 5687 1075 5734; x_wconf 92' lang='lat' dir='ltr'><strong>tot</strong></span> <span class='ocrx_word' id='word_1_693' title='bbox 1112 5692 1176 5732; x_wconf 92' lang='lat' dir='ltr'><strong>ac</strong></span> <span class='ocrx_word' id='word_1_694' title='bbox 1224 5676 1428 5731; x_wconf 87' lang='lat' dir='ltr'><strong>talibus</strong></span> <span class='ocrx_word' id='word_1_695' title='bbox 1463 5674 1795 5729; x_wconf 90' lang='lat' dir='ltr'><strong>instructum</strong></span> <span class='ocrx_word' id='word_1_696' title='bbox 1823 5673 2017 5741; x_wconf 88' lang='lat' dir='ltr'><strong>copiis,</strong></span> <span class='ocrx_word' id='word_1_697' title='bbox 2052 5687 2286 5742; x_wconf 91' lang='lat' dir='ltr'><strong>quarum</strong></span> <span class='ocrx_word' id='word_1_698' title='bbox 2328 5687 2393 5727; x_wconf 92' lang='lat' dir='ltr'><strong>ne</strong></span> 
     </span>
    </p>
   </div>
   <div class='ocr_carea' id='block_1_101' title="bbox 824 5765 2394 5841">
    <p class='ocr_par' dir='ltr' id='par_1_101' title="bbox 824 5765 2394 5841">
     <span class='ocr_line' id='line_1_102' title="bbox 824 5765 2394 5841; baseline -0.006 -12"><span class='ocrx_word' id='word_1_699' title='bbox 824 5774 1025 5830; x_wconf 87' lang='lat' dir='ltr'><strong>famam</strong></span> <span class='ocrx_word' id='word_1_700' title='bbox 1051 5772 1274 5841; x_wconf 88' lang='lat' dir='ltr'><strong>quidem</strong></span> <span class='ocrx_word' id='word_1_701' title='bbox 1319 5767 1753 5831; x_wconf 81' lang='lat' dir='ltr'><strong>adventantium,</strong></span> <span class='ocrx_word' id='word_1_702' title='bbox 1797 5769 1996 5819; x_wconf 86' lang='lat' dir='ltr'><strong>nedum</strong></span> <span class='ocrx_word' id='word_1_703' title='bbox 2030 5765 2294 5835; x_wconf 86' lang='lat' dir='ltr'><strong>impetum</strong></span> <span class='ocrx_word' id='word_1_704' title='bbox 2330 5781 2394 5820; x_wconf 91' lang='lat' dir='ltr'><strong>ac</strong></span> 
     </span>
    </p>
   </div>
   <div class='ocr_carea' id='block_1_102' title="bbox 828 5859 1845 5935">
    <p class='ocr_par' dir='ltr' id='par_1_102' title="bbox 828 5859 1845 5935">
     <span class='ocr_line' id='line_1_103' title="bbox 828 5859 1845 5935; baseline -0.014 -11"><span class='ocrx_word' id='word_1_705' title='bbox 828 5868 932 5924; x_wconf 78' lang='lat' dir='ltr'><strong>vim</strong></span> <span class='ocrx_word' id='word_1_706' title='bbox 954 5867 1287 5923; x_wconf 87' lang='lat' dir='ltr'><strong>irruentium</strong></span> <span class='ocrx_word' id='word_1_707' title='bbox 1314 5870 1518 5935; x_wconf 79' lang='lat' dir='ltr'><strong>queant</strong></span> <span class='ocrx_word' id='word_1_708' title='bbox 1553 5859 1845 5917; x_wconf 84' lang='lat' dir='ltr'><strong>sustinere.</strong></span> 
     </span>
    </p>
   </div>
   <div class='ocr_carea' id='block_1_103' title="bbox 2497 4663 4067 4737">
    <p class='ocr_par' dir='ltr' id='par_1_103' title="bbox 2497 4663 4067 4737">
     <span class='ocr_line' id='line_1_104' title="bbox 2497 4663 4067 4737; baseline -0.006 -16"><span class='ocrx_word' id='word_1_709' title='bbox 2497 4667 2734 4737; x_wconf 88' lang='lat' dir='ltr'><strong>propriis</strong></span> <span class='ocrx_word' id='word_1_710' title='bbox 2770 4681 2866 4721; x_wconf 89' lang='lat' dir='ltr'><strong>eos</strong></span> <span class='ocrx_word' id='word_1_711' title='bbox 2896 4667 3116 4732; x_wconf 87' lang='lat' dir='ltr'><strong>privans</strong></span> <span class='ocrx_word' id='word_1_712' title='bbox 3147 4664 3481 4732; x_wconf 79' lang='lat' dir='ltr'><strong>insignibus,</strong></span> <span class='ocrx_word' id='word_1_713' title='bbox 3507 4663 3635 4715; x_wconf 91' lang='lat' dir='ltr'><strong>dum</strong></span> <span class='ocrx_word' id='word_1_714' title='bbox 3673 4664 3868 4713; x_wconf 86' lang='lat' dir='ltr'><strong>horum</strong></span> <span class='ocrx_word' id='word_1_715' title='bbox 3902 4677 4067 4713; x_wconf 88' lang='lat' dir='ltr'><strong>usum</strong></span> 
     </span>
    </p>
   </div>
   <div class='ocr_carea' id='block_1_104' title="bbox 2492 4751 4071 4813">
    <p class='ocr_par' dir='ltr' id='par_1_104' title="bbox 2492 4751 4071 4813">
     <span class='ocr_line' id='line_1_105' title="bbox 2492 4751 4071 4813; baseline -0.005 -1"><span class='ocrx_word' id='word_1_716' title='bbox 2492 4760 2866 4813; x_wconf 89' lang='lat' dir='ltr'><strong>communicat</strong></span> <span class='ocrx_word' id='word_1_717' title='bbox 2906 4758 3050 4811; x_wconf 86' lang='lat' dir='ltr'><strong>aliis.</strong></span> <span class='ocrx_word' id='word_1_718' title='bbox 3078 4757 3275 4810; x_wconf 84' lang='lat' dir='ltr'><strong>Aiebat</strong></span> <span class='ocrx_word' id='word_1_719' title='bbox 3302 4765 3483 4807; x_wconf 87' lang='lat' dir='ltr'><strong>autem</strong></span> <span class='ocrx_word' id='word_1_720' title='bbox 3528 4755 3794 4807; x_wconf 74' lang='lat' dir='ltr'><strong>rationem</strong></span> <span class='ocrx_word' id='word_1_721' title='bbox 3828 4751 4071 4804; x_wconf 84' lang='lat' dir='ltr'><strong>reddens</strong></span> 
     </span>
    </p>
   </div>
   <div class='ocr_carea' id='block_1_105' title="bbox 2497 4846 4067 4919">
    <p class='ocr_par' dir='ltr' id='par_1_105' title="bbox 2497 4846 4067 4919">
     <span class='ocr_line' id='line_1_106' title="bbox 2497 4846 4067 4919; baseline -0.005 -16"><span class='ocrx_word' id='word_1_722' title='bbox 2497 4853 2620 4905; x_wconf 82' lang='lat' dir='ltr'><strong>facti</strong></span> <span class='ocrx_word' id='word_1_723' title='bbox 2655 4852 2817 4918; x_wconf 86' lang='lat' dir='ltr'><strong>hujus</strong></span> <span class='ocrx_word' id='word_1_724' title='bbox 2847 4852 3145 4919; x_wconf 80' lang='lat' dir='ltr'><strong>imperator</strong></span> <span class='ocrx_word' id='word_1_725' title='bbox 3168 4848 3338 4901; x_wconf 91' lang='lat' dir='ltr'><strong>videri</strong></span> <span class='ocrx_word' id='word_1_726' title='bbox 3366 4848 3471 4901; x_wconf 87' lang='lat' dir='ltr'><strong>sibi</strong></span> <span class='ocrx_word' id='word_1_727' title='bbox 3500 4846 3853 4916; x_wconf 88' lang='lat' dir='ltr'><strong>peculiariter</strong></span> <span class='ocrx_word' id='word_1_728' title='bbox 3878 4854 4067 4912; x_wconf 86' lang='lat' dir='ltr'><strong>aptum</strong></span> 
     </span>
    </p>
   </div>
   <div class='ocr_carea' id='block_1_106' title="bbox 2494 4938 4072 5012">
    <p class='ocr_par' dir='ltr' id='par_1_106' title="bbox 2494 4938 4072 5012">
     <span class='ocr_line' id='line_1_107' title="bbox 2494 4938 4072 5012; baseline -0.004 -19"><span class='ocrx_word' id='word_1_729' title='bbox 2494 4946 2732 4996; x_wconf 72' lang='lat' dir='ltr'><strong>colorem</strong></span> <span class='ocrx_word' id='word_1_730' title='bbox 2764 4944 2969 5012; x_wconf 85' lang='lat' dir='ltr'><strong>gilvqu</strong></span> <span class='ocrx_word' id='word_1_731' title='bbox 3001 4940 3372 5011; x_wconf 87' lang='lat' dir='ltr'><strong>insigniendis</strong></span> <span class='ocrx_word' id='word_1_732' title='bbox 3394 4938 3487 5005; x_wconf 82' lang='lat' dir='ltr'><strong>qui</strong></span> <span class='ocrx_word' id='word_1_733' title='bbox 3527 4938 3699 5008; x_wconf 88' lang='lat' dir='ltr'><strong>gradu</strong></span> <span class='ocrx_word' id='word_1_734' title='bbox 3734 4952 3799 4990; x_wconf 87' lang='lat' dir='ltr'><strong>ac</strong></span> <span class='ocrx_word' id='word_1_735' title='bbox 3828 4951 4072 4990; x_wconf 79' lang='lat' dir='ltr'><strong>consan—</strong></span> 
     </span>
    </p>
   </div>
   <div class='ocr_carea' id='block_1_107' title="bbox 2494 5024 4070 5102">
    <p class='ocr_par' dir='ltr' id='par_1_107' title="bbox 2494 5024 4070 5102">
     <span class='ocr_line' id='line_1_108' title="bbox 2494 5024 4070 5102; baseline -0.008 -14"><span class='ocrx_word' id='word_1_736' title='bbox 2494 5035 2768 5102; x_wconf 71' lang='lat' dir='ltr'><strong>guinitate</strong></span> <span class='ocrx_word' id='word_1_737' title='bbox 2816 5034 3065 5101; x_wconf 83' lang='lat' dir='ltr'><strong>proxime</strong></span> <span class='ocrx_word' id='word_1_738' title='bbox 3123 5030 3417 5099; x_wconf 88' lang='lat' dir='ltr'><strong>imperanti</strong></span> <span class='ocrx_word' id='word_1_739' title='bbox 3474 5039 3600 5081; x_wconf 84' lang='lat' dir='ltr'><strong>sunt</strong></span> <span class='ocrx_word' id='word_1_740' title='bbox 3656 5027 3884 5080; x_wconf 88' lang='lat' dir='ltr'><strong>admoti.</strong></span> <span class='ocrx_word' id='word_1_741' title='bbox 3946 5024 4070 5079; x_wconf 84' lang='lat' dir='ltr'><strong>Jam</strong></span> 
     </span>
    </p>
   </div>
   <div class='ocr_carea' id='block_1_108' title="bbox 2494 5119 4068 5197">
    <p class='ocr_par' dir='ltr' id='par_1_108' title="bbox 2494 5119 4068 5197">
     <span class='ocr_line' id='line_1_109' title="bbox 2494 5119 4068 5197; baseline -0.008 -17"><span class='ocrx_word' id='word_1_742' title='bbox 2494 5129 2756 5197; x_wconf 84' lang='lat' dir='ltr'><strong>quoniam</strong></span> <span class='ocrx_word' id='word_1_743' title='bbox 2803 5124 3129 5194; x_wconf 63' lang='lat' dir='ltr'><strong>providebu</strong></span> <span class='ocrx_word' id='word_1_744' title='bbox 3174 5137 3203 5176; x_wconf 86' lang='lat' dir='ltr'><strong>a</strong></span> <span class='ocrx_word' id='word_1_745' title='bbox 3236 5122 3536 5180; x_wconf 80' lang='lat' dir='ltr'><strong>Catelanis,</strong></span> <span class='ocrx_word' id='word_1_746' title='bbox 3572 5136 3736 5187; x_wconf 90' lang='lat' dir='ltr'><strong>super</strong></span> <span class='ocrx_word' id='word_1_747' title='bbox 3784 5119 4068 5185; x_wconf 82' lang='lat' dir='ltr'><strong>repulsam</strong></span> 
     </span>
    </p>
   </div>
   <div class='ocr_carea' id='block_1_109' title="bbox 2496 5206 4067 5285">
    <p class='ocr_par' dir='ltr' id='par_1_109' title="bbox 2496 5206 4067 5285">
     <span class='ocr_line' id='line_1_110' title="bbox 2496 5206 4067 5285; baseline -0.012 -11"><span class='ocrx_word' id='word_1_748' title='bbox 2496 5222 2662 5274; x_wconf 86' lang='lat' dir='ltr'><strong>etiam</strong></span> <span class='ocrx_word' id='word_1_749' title='bbox 2694 5218 3074 5285; x_wconf 80' lang='lat' dir='ltr'><strong>objurgatione</strong></span> <span class='ocrx_word' id='word_1_750' title='bbox 3105 5229 3133 5266; x_wconf 90' lang='lat' dir='ltr'><strong>a</strong></span> <span class='ocrx_word' id='word_1_751' title='bbox 3172 5228 3229 5268; x_wconf 89' lang='lat' dir='ltr'><strong>se</strong></span> <span class='ocrx_word' id='word_1_752' title='bbox 3266 5211 3496 5265; x_wconf 86' lang='lat' dir='ltr'><strong>irritatis</strong></span> <span class='ocrx_word' id='word_1_753' title='bbox 3551 5223 3769 5276; x_wconf 86' lang='lat' dir='ltr'><strong>aspera,</strong></span> <span class='ocrx_word' id='word_1_754' title='bbox 3798 5206 4067 5260; x_wconf 87' lang='lat' dir='ltr'><strong>insultum</strong></span> 
     </span>
    </p>
   </div>
   <div class='ocr_carea' id='block_1_110' title="bbox 2491 5298 4070 5379">
    <p class='ocr_par' dir='ltr' id='par_1_110' title="bbox 2491 5298 4070 5379">
     <span class='ocr_line' id='line_1_111' title="bbox 2491 5298 4070 5379; baseline -0.011 -17"><span class='ocrx_word' id='word_1_755' title='bbox 2491 5309 2617 5379; x_wconf 63' lang='lat' dir='ltr'><strong>iure</strong></span> <span class='ocrx_word' id='word_1_756' title='bbox 2652 5309 2892 5375; x_wconf 88' lang='lat' dir='ltr'><strong>aliquem</strong></span> <span class='ocrx_word' id='word_1_757' title='bbox 2947 5304 3124 5357; x_wconf 85' lang='lat' dir='ltr'><strong>timeri</strong></span> <span class='ocrx_word' id='word_1_758' title='bbox 3179 5316 3362 5370; x_wconf 82' lang='lat' dir='ltr'><strong>posse,</strong></span> <span class='ocrx_word' id='word_1_759' title='bbox 3400 5298 3721 5352; x_wconf 74' lang='lat' dir='ltr'><strong>Michaelem</strong></span> <span class='ocrx_word' id='word_1_760' title='bbox 3757 5300 4070 5363; x_wconf 84' lang='lat' dir='ltr'><strong>Augustum</strong></span> 
     </span>
    </p>
   </div>
   <div class='ocr_carea' id='block_1_111' title="bbox 2490 5387 4069 5472">
    <p class='ocr_par' dir='ltr' id='par_1_111' title="bbox 2490 5387 4069 5472">
     <span class='ocr_line' id='line_1_112' title="bbox 2490 5387 4069 5472; baseline -0.012 -17"><span class='ocrx_word' id='word_1_761' title='bbox 2490 5402 2692 5472; x_wconf 86' lang='lat' dir='ltr'><strong>jussit,</strong></span> <span class='ocrx_word' id='word_1_762' title='bbox 2763 5396 3009 5453; x_wconf 88' lang='lat' dir='ltr'><strong>collectis</strong></span> <span class='ocrx_word' id='word_1_763' title='bbox 3070 5396 3289 5449; x_wconf 84' lang='lat' dir='ltr'><strong>cunctis</strong></span> <span class='ocrx_word' id='word_1_764' title='bbox 3348 5395 3403 5447; x_wconf 92' lang='lat' dir='ltr'><strong>in</strong></span> <span class='ocrx_word' id='word_1_765' title='bbox 3468 5406 3637 5442; x_wconf 87' lang='lat' dir='ltr'><strong>unum</strong></span> <span class='ocrx_word' id='word_1_766' title='bbox 3691 5387 3869 5456; x_wconf 90' lang='lat' dir='ltr'><strong>copiis</strong></span> <span class='ocrx_word' id='word_1_767' title='bbox 3917 5387 4069 5439; x_wconf 87' lang='lat' dir='ltr'><strong>circa</strong></span> 
     </span>
    </p>
   </div>
   <div class='ocr_carea' id='block_1_112' title="bbox 2497 5480 4071 5557">
    <p class='ocr_par' dir='ltr' id='par_1_112' title="bbox 2497 5480 4071 5557">
     <span class='ocr_line' id='line_1_113' title="bbox 2497 5480 4071 5557; baseline -0.011 -11"><span class='ocrx_word' id='word_1_768' title='bbox 2497 5507 2678 5546; x_wconf 86' lang='lat' dir='ltr'><strong>arcem</strong></span> <span class='ocrx_word' id='word_1_769' title='bbox 2718 5491 2863 5557; x_wconf 82' lang='lat' dir='ltr'><strong>Apro</strong></span> <span class='ocrx_word' id='word_1_770' title='bbox 2892 5489 3093 5543; x_wconf 89' lang='lat' dir='ltr'><strong>dictam</strong></span> <span class='ocrx_word' id='word_1_771' title='bbox 3125 5496 3306 5540; x_wconf 88' lang='lat' dir='ltr'><strong>castra</strong></span> <span class='ocrx_word' id='word_1_772' title='bbox 3340 5483 3558 5541; x_wconf 88' lang='lat' dir='ltr'><strong>metari,</strong></span> <span class='ocrx_word' id='word_1_773' title='bbox 3584 5495 3645 5534; x_wconf 93' lang='lat' dir='ltr'><strong>ac</strong></span> <span class='ocrx_word' id='word_1_774' title='bbox 3670 5480 3711 5531; x_wconf 92' lang='lat' dir='ltr'><strong>si</strong></span> <span class='ocrx_word' id='word_1_775' title='bbox 3745 5493 3852 5547; x_wconf 84' lang='lat' dir='ltr'><strong>qua</strong></span> <span class='ocrx_word' id='word_1_776' title='bbox 3878 5493 4039 5532; x_wconf 88' lang='lat' dir='ltr'><strong>erum</strong></span> <span class='ocrx_word' id='word_1_777' title='bbox 4059 5505 4071 5513; x_wconf 89' lang='lat'><strong>-</strong></span> 
     </span>
    </p>
   </div>
   <div class='ocr_carea' id='block_1_113' title="bbox 2498 5570 4073 5655">
    <p class='ocr_par' dir='ltr' id='par_1_113' title="bbox 2498 5570 4073 5655">
     <span class='ocr_line' id='line_1_114' title="bbox 2498 5570 4073 5655; baseline -0.012 -14"><span class='ocrx_word' id='word_1_778' title='bbox 2498 5601 2627 5655; x_wconf 89' lang='lat' dir='ltr'><strong>pere</strong></span> <span class='ocrx_word' id='word_1_779' title='bbox 2667 5599 2791 5637; x_wconf 90' lang='lat' dir='ltr'><strong>cum</strong></span> <span class='ocrx_word' id='word_1_780' title='bbox 2823 5580 3184 5648; x_wconf 77' lang='lat' dir='ltr'><strong>Amogabaris</strong></span> <span class='ocrx_word' id='word_1_781' title='bbox 3216 5574 3456 5630; x_wconf 78' lang='lat' dir='ltr'><strong>Catelani</strong></span> <span class='ocrx_word' id='word_1_782' title='bbox 3504 5581 3861 5635; x_wconf 86' lang='lat' dir='ltr'><strong>conarentur,</strong></span> <span class='ocrx_word' id='word_1_783' title='bbox 3890 5570 3940 5621; x_wconf 89' lang='lat' dir='ltr'><strong>vi</strong></span> <span class='ocrx_word' id='word_1_784' title='bbox 3972 5583 4073 5623; x_wconf 81' lang='lat' dir='ltr'><strong>eos</strong></span> 
     </span>
    </p>
   </div>
   <div class='ocr_carea' id='block_1_114' title="bbox 2500 5662 4073 5746">
    <p class='ocr_par' dir='ltr' id='par_1_114' title="bbox 2500 5662 4073 5746">
     <span class='ocr_line' id='line_1_115' title="bbox 2500 5662 4073 5746; baseline -0.011 -17"><span class='ocrx_word' id='word_1_785' title='bbox 2500 5689 2794 5746; x_wconf 84' lang='lat' dir='ltr'><strong>pugnaque</strong></span> <span class='ocrx_word' id='word_1_786' title='bbox 2840 5672 3121 5726; x_wconf 87' lang='lat' dir='ltr'><strong>cohibere.</strong></span> <span class='ocrx_word' id='word_1_787' title='bbox 3151 5669 3329 5735; x_wconf 81' lang='lat' dir='ltr'><strong>Atque</strong></span> <span class='ocrx_word' id='word_1_788' title='bbox 3373 5667 3486 5719; x_wconf 68' lang='lat' dir='ltr'><strong>haec</strong></span> <span class='ocrx_word' id='word_1_789' title='bbox 3521 5665 3601 5717; x_wconf 90' lang='lat' dir='ltr'><strong>sic</strong></span> <span class='ocrx_word' id='word_1_790' title='bbox 3634 5677 3801 5732; x_wconf 83' lang='lat' dir='ltr'><strong>agens</strong></span> <span class='ocrx_word' id='word_1_791' title='bbox 3830 5662 4073 5729; x_wconf 81' lang='lat' dir='ltr'><strong>impera-</strong></span> 
     </span>
    </p>
   </div>
   <div class='ocr_carea' id='block_1_115' title="bbox 2500 5752 4073 5833">
    <p class='ocr_par' dir='ltr' id='par_1_115' title="bbox 2500 5752 4073 5833">
     <span class='ocr_line' id='line_1_116' title="bbox 2500 5752 4073 5833; baseline -0.012 -10"><span class='ocrx_word' id='word_1_792' title='bbox 2500 5780 2586 5823; x_wconf 88' lang='lat' dir='ltr'><strong>tor</strong></span> <span class='ocrx_word' id='word_1_793' title='bbox 2619 5764 3047 5833; x_wconf 89' lang='lat' dir='ltr'><strong>haudquaquam</strong></span> <span class='ocrx_word' id='word_1_794' title='bbox 3077 5761 3296 5814; x_wconf 76' lang='lat' dir='ltr'><strong>afﬁncm</strong></span> <span class='ocrx_word' id='word_1_795' title='bbox 3325 5770 3482 5810; x_wconf 90' lang='lat' dir='ltr'><strong>suum</strong></span> <span class='ocrx_word' id='word_1_796' title='bbox 3530 5755 3784 5807; x_wconf 89' lang='lat' dir='ltr'><strong>intimum</strong></span> <span class='ocrx_word' id='word_1_797' title='bbox 3825 5762 3881 5806; x_wconf 91' lang='lat' dir='ltr'><strong>et</strong></span> <span class='ocrx_word' id='word_1_798' title='bbox 3907 5752 4073 5819; x_wconf 70' lang='lat' dir='ltr'><strong>quasi</strong></span> 
     </span>
    </p>
   </div>
   <div class='ocr_carea' id='block_1_116' title="bbox 2502 5840 4073 5926">
    <p class='ocr_par' dir='ltr' id='par_1_116' title="bbox 2502 5840 4073 5926">
     <span class='ocr_line' id='line_1_117' title="bbox 2502 5840 4073 5926; baseline -0.016 -6"><span class='ocrx_word' id='word_1_799' title='bbox 2502 5874 2762 5926; x_wconf 72' lang='lat' dir='ltr'><strong>generum</strong></span> <span class='ocrx_word' id='word_1_800' title='bbox 2797 5840 3153 5913; x_wconf 67' lang='lat' dir='ltr'><strong>liontzcriuut</strong></span> <span class='ocrx_word' id='word_1_801' title='bbox 3192 5851 3350 5920; x_wconf 86' lang='lat' dir='ltr'><strong>plane</strong></span> <span class='ocrx_word' id='word_1_802' title='bbox 3403 5846 3715 5909; x_wconf 85' lang='lat' dir='ltr'><strong>abdicabat,</strong></span> <span class='ocrx_word' id='word_1_803' title='bbox 3764 5852 3854 5898; x_wconf 88' lang='lat' dir='ltr'><strong>aut</strong></span> <span class='ocrx_word' id='word_1_804' title='bbox 3906 5843 4073 5896; x_wconf 78' lang='lat' dir='ltr'><strong>bene-</strong></span> 
     </span>
    </p>
   </div>
  </div>
