4190 6438
217 402 319 462 50)

1176 407 1271 465 DE
1306 407 1613 466 ANDRON
1654 408 1746 465 Cu
1794 410 2252 469 l’.‘.|..ii|ll.()i}ll
2290 413 2424 471 Llli.
2460 417 2550 476 Vl.

3360 412 3468 477 570

204 520 464 586 Καίσαρα
516 519 617 586 ἤδη
658 518 1031 586 φημιζὸμενον
1059 558 1073 579 ,
1132 520 1253 570 ἐπεὶ
1311 522 1405 572 καὶ
1464 522 1495 588 ή
1557 520 1788 582 σύζυγος
1821 530 1859 580 A
1896 527 2056 587 6?,03v
2098 532 2176 590 εἰς
2213 530 2307 590 τὰς
2357 531 2648 596 λαχούσας,
2686 530 2813 593 τοὺς
2848 531 2904 582 δὲ
2940 532 3047 587 και
3078 527 3225 596 παρᾶ
3265 526 3468 594 φαῦλον

204 613 419 663 ἐκεξνου
454 613 526 663 τὰ
565 613 878 682 Καισαρικὰ
911 612 1028 679 ἅμα
1059 613 1330 681 δεξαμένη
1364 614 1780 682 περιεϐέϐλητο.

205 706 313 757 Καὶ
334 704 492 756 ταῦτ’
524 705 757 772 ἔπραττε
790 706 897 756 τῶν
926 705 1134 759 πολλῶν
1165 707 1376 775 διιστᾷν
1404 708 1613 759 ἐκεῖνον
1659 724 1782 758 πει-

206 795 475 863 ρώμενος,
515 796 636 846 ἐπεὶ
672 796 765 847 καὶ
806 797 969 858 αὐτὸς
1007 796 1235 850 τοιαῦτα
1262 799 1493 862 πέμπων
1523 797 1655 866 πρὸς
1691 798 1781 866 βα-

204 888 355 943 σιλέα
387 887 727 957 διεμηνύετο.

202 1009 306 1053 κατ’.
340 1002 485 1063 Περὶ
521 1002 627 1054 τοῦ
652 1004 991 1070 ρίιμούσου,
1028 1005 1123 1055 καὶ
1148 1005 1253 1057 τοῦ
1280 1006 1673 1067 τελεσθέντος
1696 1007 1781 1068 εἰς

246 1073 357 1123 τὸν
396 1071 707 1139 Ἀρμένιον
734 1089 747 1103 ο
776 1074 873 1126 καὶ
907 1074 1243 1142 δημηγορία
1275 1076 1381 1128 τοῦ
1413 1075 1740 1139 βασιλέως.

277 1164 340 1213 '0
363 1163 419 1214 δέ
441 1180 506 1229 γε
540 1166 963 1233 πατριαρχεύων
1002 1166 1321 1228 Ἀοανάσιος
1349 1167 1414 1219 τὰ
1437 1166 1609 1217 πολλὰ
1636 1166 1785 1235 παρὰ

199 1255 289 1306 τοῦ
316 1254 586 1323 βασιλέως
610 1256 1103 1325 συγκροτούμενος,
1127 1258 1247 1311 οὐδὲ
1275 1259 1459 1323 αὐτὸς,
1478 1258 1554 1319 ὡς
1585 1257 1783 1321 ἐδόκει,
1816 1274 1823 1283 δ

200 1347 457 1415 καθυφίει
487 1349 587 1417 τῆς
638 1348 773 1417 πρὸς
829 1350 1037 1402 ἐκεῖνον
1080 1351 1401 1420 θεραπείας,
1450 1350 1783 1418 καὶμᾶλλον

197 1443 279 1493 δτι
312 1458 380 1507 γε
420 1441 518 1492 καὶ
552 1440 764 1493 πολλῶν
790 1441 901 1494 τῶν
943 1444 1260 1512 δυναμένων
1292 1442 1505 1513 βασιλεῖ
1545 1446 1784 1496 συνεῖναι

198 1536 290 1590 καὶ
344 1534 630 1603 ξυνεργεῖν
691 1538 769 1597 εἰς
818 1536 1057 1602 τάγαθὸν
1108 1536 1319 1606 ἔρημον
1357 1535 1551 1588 τοῦτον
1610 1538 1785 1589 ποιεῖν

199 1626 505 1690 συνέὅαινε,
536 1626 694 1678 τοῦτο
728 1626 826 1695 μὲν
865 1628 1265 1695 ἀποφυγόντων
1316 1628 1580 1689 ἑκουσίως
1606 1628 1664 1689 ἐς
1691 1627 1787 1679 πό-

196 1719 307 1779 λεις
338 1720 555 1787 ἐτέρας.
587 1719 746 1771 τοῦτο
770 1718 826 1770 δὲ
858 1721 951 1771 καὶ
984 1720 1167 1773 αὐτῶν
1193 1720 1398 1780 αἰτίαις
1426 1718 1796 1793 περιϋαλλόνη

194 1830 305 1864 των
335 1812 581 1873 ἐκείνους
625 1804 699 1863 ὧν
746 1811 908 1863 ἕνεκα
955 1812 1050 1864 καὶ
1077 1811 1462 1880 ἀπηρτημένοι
1507 1811 1777 1877 βασιλέως

1893 618 2195 685 τιθέμενος,
2235 622 2329 679 τὰς
2363 620 2805 687 ἀμφισϐητήσεις
2834 620 2930 672 τοῦ
2962 619 3200 687 πλήθους
3230 618 3470 671 διαλύειν

1890 712 2253 778 πειρώμενος.
2280 713 2383 765 κᾶν
2410 713 2586 776 ἄλλως
2615 714 2798 775 κακῶς
2830 708 2945 782 εἶχε
2986 714 3047 763 τὸ
3095 712 3195 779 τῆς
3237 710 3469 778 Ἐκκλη-

1891 802 2009 854 σίας
2040 804 2334 871 πλήρωμα,
2365 805 2473 856 τῶν
2497 806 2817 875 περιφανῶν
2846 806 2904 856 ὲν
2937 804 3115 873 ἐνδείᾳ
3148 804 3241 855 καὶ
3269 804 3467 871 ἀτιμίᾳ

1887 895 2264 951 διαὸιούντων.
2306 898 2381 948 Οὐ
2431 898 2537 966 γὰρ
2593 897 2895 967 ἐξήλλακτο
2936 896 3014 963 τῷ
3068 896 3225 963 ἀνδρὶ⁵
3268 896 3337 948 τὰ
3371 894 3466 948 τοῦ

1887 985 2052 1054 ἤθους
2082 987 2191 1039 οὐδ’
2222 989 2277 1043 ὲς
2303 986 2476 1056 βραχὺ
2509 990 2902 1047 καταστάσεως
2925 988 3025 1055 τῆς
3054 985 3319 1055 ἀρχῆθεν.
3344 985 3469 1038 καί-

1885 1092 1967 1127 τοι
2006 1093 2068 1143 γε
2099 1076 2194 1128 τοῦ
2228 1076 2493 1144 βασιλέως
2530 1078 3027 1147 πληροφοροῦντος,
3062 1080 3142 1131 ὅτ’
3173 1079 3337 1131 αὐτὸν
3371 1076 3468 1130 ἐπὶ

1885 1168 1995 1221 τῶν
2044 1170 2523 1236 ὲκκλησιαστικῶν
2569 1171 2663 1224 καὶ
2696 1171 2856 1224 πάλιν
2893 1171 3238 1239 πραγμάτων
3266 1171 3465 1232 ἐποίει,

1886 1260 1960 1321 ὡς
1998 1261 2057 1313 τὸ
2084 1258 2215 1330 ἦθος
2247 1261 2595 1329 ἐνήλλακται.
2629 1262 2809 1325 ⁸ολως
2848 1263 2904 1315 δὲ
2932 1262 3251 1322 ἁοὼπευτος
3274 1256 3341 1329 ἦν
3366 1260 3466 1313 καὶ

1888 1353 2174 1420 ἄτεγκτος,
2199 1354 2294 1407 καὶ
2322 1355 2387 1405 ἵν’
2414 1355 2586 1416 οὕτως
2606 1355 2768 1417 εἴπω,
2789 1355 2931 1406 κατὰ
2951 1356 3077 1413 τοὺς
3099 1352 3469 1423 κερασϐόλους

1887 1445 2134 1513 κυάμους
2161 1444 2501 1513 ἁμάλακτος.
2535 1445 2707 1513 βαρὺς
2742 1446 2842 1513 μὲν
2891 1447 3167 1512 μοναχοϊς,
3209 1442 3468 1506 ἐξαλλάτ-

1885 1554 1992 1588 των
2022 1537 2117 1588 καὶ
2152 1537 2291 1589 αύτᾶ
2310 1541 2378 1588 τὰ
2407 1536 2517 1589 τῶν
2548 1536 2727 1605 μονῶν
2760 1537 2965 1589 τυπικὰ
2994 1536 3091 1588 καὶ
3121 1534 3467 1603 μονοφαγίαν

1884 1626 1951 1679 δι’
1980 1626 2136 1690 ἔτους
2166 1627 2655 1697 ἑξακριὸούμενος,
2673 1628 2748 1690 ῶς
2774 1630 2868 1680 καὶ
2896 1626 3194 1688 ὲννατίζειν
3223 1627 3331 1685 ἀεὶ,
3358 1627 3466 1679 κᾶν

1886 1717 2157 1786 ὲφιστῷτο
2203 1718 2532 1780 δεσπόσυνος
2590 1715 2753 1786 ἑορτὴ
2806 1717 2901 1767 καὶ
2955 1716 3065 1767 τῶν
3097 1712 3461 1781 πασχαλεων,

1889 1809 2057 1878 βαρὺς
2086 1810 2143 1861 δὲ
2176 1812 2269 1861 καὶ
2317 1812 2621 1879 κληρικοῖς,
2662 1809 2833 1879 βαρὺς
2860 1810 2916 1861 δὲ
2968 1810 3061 1861 καὶ
3095 1808 3327 1868 λαῖκοῖς,
3364 1810 3464 1858 καὶ

196 1900 359 1973 ἦσαν.
398 1906 508 1957 Καὶ
535 1872 621 1957 διὰ
661 1904 832 1957 ταῦτα
866 1872 1427 1971 ὑποποιούμενος-τὸν
1462 1872 1655 1972 καιρὸν
1686 1897 1778 1955 οὗ·
1808 1872 1853 1931 Β
1881 1872 1973 1951 τὰ.
1997 1900 2155 1953 πάντ’
2189 1900 2337 1967 ἄγων
2367 1872 2459 1953 κέι
2502 1872 2689 1971 φέρων
2716 1872 2796 1963 si;
2824 1901 2945 1954 θεῖα
2976 1900 3348 1965 δικαιώματα,
3381 1891 3463 1959 οἷς

194 2015 286 2057 τος
316 1998 597 2067 συνεχέσιν
617 1997 949 2066 ἀγρυπνίαις
973 1996 1069 2048 καὶ
1091 1994 1389 2058 λιτανείαις
1411 1995 1775 2063 περιεσπᾶτο,

196 2090 386 2154 στῖφος
418 2087 666 2157 μοναχῶν
706 2086 991 2154 συγκαλῶν
1016 2087 1112 2138 καὶ
1144 2087 1477 2155 ἱερωμένους
1502 2086 1598 2139 καὶ
1636 2086 1777 2155 πλῆ-

195 2178 283 2238 θος
316 2178 469 2241 ἄλλο,
505 2179 599 2230 καὶ
619 2179 801 2230 πολλὰ
829 2178 1169 2245 ὕπερπαθῶν
1197 2177 1278 2247 τῷ
1320 2177 1502 2230 δοκεῖν
1534 2177 1778 2237 συνόδοις

194 2269 318 2337 olor,
330 2268 522 2338 μὲροις
559 2271 718 2347 μόνος
744 2270 1063 2351 ἀρχιερέων,
1105 2270 1265 2337 μόνος
1290 2268 1400 2321 τῶν
1426 2268 1778 2339 προύχόντων

195 2359 292 2427 τῆς
340 2359 700 2429 Ἐκκλησξας,
734 2360 859 2423 τοὺς
890 2359 980 2436 [Ρ.
1004 2357 1133 2433 561]
1166 2358 1267 2429 μὲν
1298 2358 1687 2429 παραπέμπων
1704 2358 1777 2420 ὡς

196 2538 456 2592 volentia.
513 2553 791 2607 curaeque,
845 2552 987 2609 quas
1020 2539 1147 2593 talis
1186 2539 1539 2596 necessitudo
1583 2554 1777 2610 posce-

199 2637 305 2691 ret,
363 2629 596 2683 omnino
629 2641 910 2699 expertem
963 2630 1331 2701 relinquebat,
1368 2631 1463 2687 sed
1499 2647 1530 2687 e
1554 2643 1775 2686 contra-

197 2723 278 2775 rio
330 2736 541 2791 genere
578 2724 730 2776 omni
793 2720 1189 2777 blanditiarum
1241 2723 1610 2785 demulcebat,
1660 2724 1774 2792 jam

199 2815 387 2882 utique
417 2829 557 2884 pene
593 2814 933 2869 declaratum
962 2813 1233 2869 Caesarem
1258 2832 1272 2868 :
1296 2814 1538 2869 Caasarea
1572 2816 1775 2885 quippe

198 2905 437 2973 insignia
487 2918 627 2956 uxor
675 2903 798 2972 ejus
823 2904 891 2957 ab
922 2906 1172 2974 Augusto
1208 2914 1431 2973 accepta
1488 2906 1773 2959 induerat.

199 2992 504 3059 Satagebat
540 2990 705 3061 518
744 2990 1000 3046 videlicet
1040 2992 1142 3047 hac
1174 3003 1291 3046 arte
1322 3008 1350 3045 a
1391 2994 1774 3048 communibus

202 3087 380 3155 gentis
427 3099 543 3139 sua
573 3085 835 3139 consiliis
866 3083 1225 3139 Rontzerium
1272 3084 1569 3148 abducere,
1612 3100 1769 3139 occa-

1880 1992 1989 2045 ούδ⁹
2014 1992 2153 2056 δλως
2175 1992 2284 2045 οὐδ’
2316 1994 2364 2045 oi
2392 1993 2843 2061 ὁμολογουμένως
2875 1992 3008 2060 περὶ
3041 1991 3109 2044 τὰ
3143 1992 3264 2043 θεῖα
3295 1991 3461 2057 ἠκρι-

1882 2085 2117 2150 ϐωμένοι
2165 2088 2605 2155 κατεχρήσαντο.
2658 2087 2768 2139 Καὶ
2809 2085 3109 2151 ἐπορεύετο
3158 2083 3460 2153 κραταιού-

1883 2193 2042 2245 μενος
2091 2178 2185 2229 επὶ
2223 2176 2431 2239 τούτοις
2494 2177 2762 2245 βασιλέως
2815 2178 3299 2246 συγκροτησμοῖς,
3351 2176 3458 2229 κᾶν

1879 2269 2103 2330 πάντες,
2137 2268 2230 2321 καὶ
2270 2268 2474 2337 μᾶλλον
2506 2270 2615 2321 τῶν
2648 2268 2942 2338 ἑπιδὴλων,
2997 2266 3281 2338 δυσχερῶς
3311 2264 3457 2337 εἶχον

1878 2361 1992 2421 τοῖς
2044 2359 2175 2427 παρ’
2227 2360 2439 2431 ἐκείνου
2488 2360 2910 2431 πραττομένοις.
2967 2361 3050 2413 Τὰ
3096 2359 3207 2429 γὰρ
3240 2360 3452 2413 ἐκείνου

1880 2539 2231 2605 siasticorum
2274 2554 2592 2608 procerum,
2645 2539 2852 2609 quippe
2888 2554 3014 2594 cum
3062 2538 3305 2609 reliquos
3340 2539 3457 2610 ipse

1879 2629 1949 2682 ab
1991 2630 2125 2683 urbe
2150 2628 2501 2685 amandasset
2537 2643 2750 2694 omnes,
2785 2629 2927 2685 alios
2956 2629 3181 2698 quidem
3223 2629 3290 2683 ad
3324 2644 3456 2684 suas

1880 2722 2162 2777 Ecclesias
2194 2723 2451 2792 praesenti
2485 2736 2618 2776 cura
2654 2722 2923 2791 regendas
2961 2723 3041 2776 ire
3066 2722 3289 2791 jubens,
3317 2721 3457 2775 alios

1878 2813 2253 2869 delationibus
2274 2815 2419 2884 vulgi
2446 2815 2514 2869 ad
2541 2829 2700 2869 suum
2725 2815 2965 2869 tribunal
2986 2825 3232 2878 vocatos,
3261 2829 3458 2868 secun-

1877 2905 2006 2956 dum
2058 2906 2435 2959 accusantium
2482 2914 2605 2957 vota
2656 2903 2771 2958 fere
2810 2904 3108 2973 judicans,
3154 2905 3456 2974 ignominia

1855 2982 2219 3051 ‘del'ormatos
2248 3010 2452 3066 cogens
2486 2996 2766 3051 declinare
2804 3003 3166 3065 conspectum
3200 2996 3455 3049 multitu-

1879 3085 2028 3141 dinis
2087 3094 2143 3140 et
2204 3100 2315 3153 pra:
2363 3084 2574 3154 pudore
2641 3086 2928 3140 dedecoris
2980 3087 3149 3141 inusti
3211 3087 3456 3139 latebras

198 3180 413 3232 sionem
472 3177 593 3245 ejus
629 3177 744 3244 Spei
781 3194 810 3229 e
849 3178 1033 3230 missis
1086 3178 1153 3231 ah
1202 3179 1304 3230 hoc
1349 3192 1550 3231 arcano
1602 3176 1669 3232 ad
1718 3193 1779 3233 se
1805 3203 1849 3261 ο
1883 3192 2111 3246 peregre
2135 3192 2405 3246 qnazrere.
2460 3175 2753 3245 Reliquum
2790 3192 2921 3231 vero
2944 3178 3445 3232 ecclesiastieornm

199 3271 413 3323 nuntiis
450 3285 700 3330 sumens,
730 3270 932 3337 quibus
965 3268 1208 3323 studiose
1239 3269 1574 3336 persuadere
1606 3284 1776 3323 cona-

201 3360 364 3415 batur
392 3376 455 3414 se
491 3361 692 3413 devoto
725 3368 970 3427 perstare
1019 3360 1071 3411 in
1105 3361 1409 3429 Augustum
1446 3362 1651 3424 animo,
1681 3361 1777 3415 sed

200 3456 476 3521 quandam
535 3451 731 3520 agendi
779 3450 1145 3519 loquendique
1180 3454 1442 3505 adversus
1479 3452 1777 3519 imperato-

201 3560 311 3597 rem
356 3542 773 3596 simulationem
810 3540 1127 3607 extorqueri
1176 3538 1281 3592 sibi
1317 3548 1464 3592 metu
1519 3554 1581 3592 ac
1613 3540 1778 3594 minis

202 3646 471 3695 suorum,
521 3644 755 3698 quorum
810 3628 1216 3681 contumaciam
1271 3629 1476 3681 tacitus
1538 3629 1778 3682 detesta-

203 3734 368 3779 retur.

201 3839 288 3894 2|.
322 3838 402 3890 De
429 3836 608 3889 libello
663 3836 888 3903 famoso,
920 3838 1082 3902 deque
1131 3852 1189 3888 eo
1230 3842 1369 3904 quod
1409 3838 1538 3890 mire
1580 3837 1772 3889 accidit

341 3916 617 3969 Armeno;
651 3921 905 3975 superque
937 3906 1029 3958 illo
1061 3907 1240 3957 concio
1283 3906 1639 3973 imperatoris.

272 3999 596 4053 Patriarcha
646 4012 814 4065 porro
849 3998 1185 4048 Athanasius
1221 4007 1278 4048 ut
1312 3995 1519 4061 ingenti
1566 4012 1784 4064 semper

207 4093 393 4144 favore
446 4098 613 4156 atque
662 4088 928 4154 applausu
977 4087 1331 4155 imperatoris
1375 4086 1781 4146 honorabatur,

206 4184 275 4235 ita
328 4198 436 4235 nec
492 4181 611 4248 ipse
651 4179 820 4233 videri
871 4169 1087 4232 volebat
1144 4180 1251 4231 ulla
1311 4178 1556 4233 vicissim
1617 4180 1671 4231 in
1724 4194 1784 4233 rc

206 4291 427 4331 cessare
458 4287 583 4341 quae
624 4272 688 4322 ad
734 4272 783 4325 ei
829 4271 1254 4340 gratiﬁcaudum
1291 4270 1777 4340 obsequendumve

208 4369 527 4432 pertineret.
556 4364 634 4417 Ad
680 4364 826 4431 quod
875 4364 1027 4416 illum
1062 4363 1384 4416 stimulabat
1418 4363 1656 4415 maxime
1688 4378 1778 4415 so-

206 4459 379 4512 litudo
416 4457 769 4525 imperatoris
796 4465 850 4509 et
882 4456 1167 4509 destitutio
1200 4471 1229 4508 a
1257 4456 1442 4510 multis
1475 4470 1574 4509 sua
1611 4470 1778 4510 causa

1885 3282 2084 3337 corpus
2112 3269 2352 3335 graviter
2400 3268 2721 3322 universum
2760 3270 3071 3332 laborabat,
3124 3271 3455 3323 illustriori-

1888 3361 1989 3417 bus
2032 3359 2347 3429 quibusque
2391 3360 2589 3414 horum
2637 3362 2834 3430 partim
2873 3362 3057 3429 inopia
3104 3359 3459 3423 eonﬂictatis,

1888 3451 2089 3522 partim
2146 3452 2355 3506 honore
2413 3452 2703 3505 imminuto
2761 3453 2829 3504 de
2887 3452 3057 3517 gradu
3142 3451 3454 3520 splendoris

1888 3543 2110 3612 pristini
2143 3524 2414 3611 'dejectis.
2457 3540 2575 3596 Non
2632 3543 2776 3596 enim
2822 3539 2987 3612 5'19
3032 3543 3116 3595 vel
3164 3544 3232 3595 ad
3290 3544 3455 3597 breve

1886 3645 2104 3702 tempus
2129 3635 2464 3688 Athanasius
2490 3635 2780 3686 immutare
2803 3634 3100 3701 quidquam
3132 3645 3227 3686 aut
3262 3634 3453 3685 remit-

1886 3737 2001 3779 tere
2023 3725 2091 3779 de
2125 3726 2218 3778 illa
2249 3739 2461 3779 morum
2518 3725 2816 3779 acerbitate
2868 3725 3036 3792 priori
3079 3725 3451 3792 patriarchatu

1882 3818 2230 3871 odiosissime
2321 3817 2562 3869 exercita
2597 3818 2609 3833 ’
2640 3826 2920 3869 curaverat
2950 3854 2966 3878 ,
3058 3825 3335 3882 utcunque
3399 3827 3453 3868 et

1882 3908 2204 3962 credidisset
2257 3908 2555 3977 imperator
2603 3917 2658 3961 et
2708 3909 3043 3975 persuadere
3092 3908 3215 3962 aliis
3280 3924 3453 3976 spon-

1881 4000 2061 4055 dendo
2142 4000 2469 4063 stnduissct,
2543 3999 2768 4067 quando
2831 3984 2983 4051 illum
3060 3999 3455 4053 ecclesiasticis

1883 4106 2076 4145 rursus
2160 4091 2391 4158 negotiis
2460 4091 2789 4157 praeposuit,
2861 4090 3027 4142 alium
3104 4090 3264 4157 plane
3338 4090 3448 4157 jam

1883 4186 2060 4253 ipsum
2116 4197 2145 4234 a
2198 4182 2377 4249 primo
2434 4182 2527 4234 illo
2579 4182 2786 4234 dudum
2840 4196 3009 4234 exoso
3060 4198 3121 4234 ac
3156 4183 3451 4235 formidato

1886 4289 2031 4327 nunc
2085 4288 2207 4327 esse
2265 4272 2493 4335 factum,
2548 4289 2673 4324 cum
2717 4283 2899 4325 tamen
2947 4274 2993 4326 is
3042 4281 3171 4326 tunc
3215 4275 3453 4327 maxime

1885 4366 2049 4418 nulhs
2106 4380 2165 4417 se
2217 4364 2509 4418 verborum
2559 4364 2757 4417 ol’lleiis
2790 4364 3154 4428 deliuibilem,
3205 4365 3453 4434 praerigi-

1886 4454 2011 4507 dum
2045 4454 2202 4522 plane
2233 4456 2548 4521 quemdam,
2584 4462 2638 4507 et
2699 4466 2756 4507 ut
2810 4455 2889 4507 sic
2940 4454 3154 4522 loquar,
3193 4463 3353 4521 prout
3384 4454 3452 4507 do

205 4550 549 4608 absentibus,
585 4562 822 4614 quorum
866 4544 1156 4613 praesentia
1196 4555 1249 4597 ct
1281 4560 1447 4613 Opera
1481 4544 1534 4598 in
1564 4552 1643 4598 tot
1671 4545 1779 4599 illis
1812 4518 1856 4571 ί)
1885 4545 2025 4599 fabis
2055 4543 2212 4613 ajunt
2235 4559 2409 4599 cornu
2440 4546 2621 4610 tactis,
2655 4546 2806 4598 nulla
2843 4554 3070 4599 coctura
3100 4543 3449 4598 emollibilem

208 4642 631 4694 dillicultatibus
654 4638 968 4707 gravissimi
987 4625 1253 4703 temporis
1271 4636 1453 4705 juvari
1486 4637 1775 4705 potuisset,

206 4732 537 4792 quibusdam
562 4745 757 4783 eorum
783 4730 1040 4784 exsilium
1070 4729 1173 4783 sibi
1201 4736 1395 4796 sponte
1425 4728 1777 4781 consciscen-

207 4828 343 4876 libus
377 4820 689 4875 recedendo
726 4821 780 4873 in
816 4821 1073 4873 civitates
1109 4818 1269 4880 alias,
1305 4826 1360 4870 et
1393 4817 1585 4871 iisdem
1618 4827 1777 4871 caete-

209 4929 294 4966 ros
345 4912 766 4981 implicantibus
800 4911 854 4965 in
900 4915 1120 4964 easdem
1172 4923 1369 4962 causas
1401 4909 1472 4961 ob
1506 4923 1642 4977 quas
1672 4908 1776 4977 ipsi

209 5007 270 5057 ab
341 5006 679 5071 imperatore
756 5003 1165 5058 discessissent.
1218 5001 1401 5067 Quare
1469 5001 1776 5069 patriarcha

208 5103 603 5164 congruentem
663 5095 904 5151 tristitie
981 5103 1290 5163 temporum
1348 5093 1775 5148 sollicitudinem

208 5199 509 5251 ostentans,
570 5187 847 5242 continuis
900 5187 1102 5255 vigiliis
1159 5197 1215 5241 et
1279 5186 1484 5241 litaniis
1546 5186 1769 5239 Numen

211 5280 559 5348 propitiaudo
584 5294 762 5332 rerum
808 5280 863 5333 in
896 5263 1162 5349 praecipiti
1196 5281 1554 5347 pendentium
1586 5284 1777 5337 ruinas

215 5372 406 5424 fulcire
444 5370 777 5424 conabatur.
828 5370 1033 5425 Multus
1086 5372 1254 5440 igitur
1285 5382 1405 5427 erat
1436 5372 1489 5426 in
1541 5388 1777 5442 congre-

215 5462 402 5529 gandis
430 5461 498 5513 ad
534 5462 839 5514 orationem
876 5461 1277 5514 monachorum
1307 5461 1563 5526 coetibus,
1592 5477 1778 5515 sacer-

215 5560 398 5605 dctum
438 5566 658 5619 quoque
704 5566 770 5604 ac
802 5555 981 5605 turba:
1016 5561 1247 5613 ceterae,
1280 5567 1389 5620 prze
1422 5567 1479 5606 se
1513 5552 1693 5606 ferens
1714 5568 1778 5605 ex

215 5645 396 5695 animo
437 5657 497 5696 se
542 5642 781 5709 compati
823 5642 1235 5696 calamitatibus
1283 5643 1539 5710 publicis.
1590 5642 1779 5709 Quoti-

215 5731 401 5783 dianas
434 5729 565 5798 quin
616 5731 777 5783 etiam
819 5730 1127 5784 celebrabat
1170 5732 1432 5802 synodos,
1459 5748 1770 5801 quanquam

218 5820 361 5871 solus
402 5820 519 5885 ipse
551 5818 771 5885 quidem
827 5818 1394 5891 archiepiscoporum,
1423 5822 1572 5877 solus
1598 5822 1773 5879 cccle-

1884 4638 2169 4706 przeberet,
2192 4652 2413 4708 gravem
2448 4638 2670 4706 quidem
2702 4638 2988 4691 monachis
3024 4638 3246 4705 mnibus
3270 4639 3448 4705 ipsum

1880 4728 2130 4797 quotidie
2188 4744 2477 4782 numerum
2536 4729 2872 4799 psalmorum
2920 4740 2974 4781 et
3023 4737 3219 4781 cantus
3268 4729 3449 4779 eccle-

1884 4819 2133 4886 siastici,
2185 4834 2287 4873 usu
2347 4821 2806 4874 monasteriorum
2860 4819 3201 4889 singulorum
3241 4817 3447 4871 dudum

1880 4908 2111 4974 deliuiti,
2201 4909 2421 4964 modum
2502 4913 2711 4981 passim
2783 4926 3125 4980 exaggerans
3189 4915 3446 4971 mutaret,

1877 5000 2199 5067 eisdemque
2249 5000 2317 5053 de
2364 5015 2509 5061 novo
2546 5002 2948 5071 praescriberet,
2989 5011 3253 5069 tanquam
3284 4999 3448 5054 insti-

1880 5092 1981 5144 tuti
2028 5090 2400 5145 observationi
2456 5093 2745 5147 monastici
2782 5092 3098 5145 necessario
3154 5105 3443 5155 annexam,

1879 5181 2198 5249 religionem
2233 5181 2539 5234 continuati
2588 5183 2725 5234 citra
2778 5180 3246 5234 intermissionem
3282 5180 3449 5232 ullam

1876 5286 1974 5340 per
2005 5279 2178 5322 totum
2211 5285 2366 5337 aeque
2419 5286 2622 5323 annum
2667 5269 3087 5337 jejunii,1lhica
3134 5267 3187 5320 lu
3219 5268 3307 5321 die
3358 5284 3448 5323 re-

1882 5363 2117 5417 fectione
2190 5362 2475 5425 contenti;
2530 5362 2674 5414 unde
2736 5362 2898 5413 liebat
2952 5376 3230 5429 nunquam
3290 5361 3448 5429 plane

1881 5455 2015 5508 liora
2055 5454 2205 5522 prius
2236 5469 2378 5507 nona
2422 5463 2643 5521 gustare
2677 5454 2978 5523 quidquam
3028 5453 3350 5514 monachos,
3381 5465 3451 5504 ne

1886 5546 1940 5598 in
1991 5545 2147 5599 festis
2193 5545 2415 5610 quidem
2457 5545 2675 5597 Domini
2722 5554 2816 5597 aut
2856 5545 2991 5611 ipsis
3042 5540 3445 5611 Paschalihus),

1882 5652 2098 5701 gravem
2166 5638 2331 5689 etiam
2393 5636 2633 5699 clericis,
2685 5651 2904 5705 gravem
2972 5643 3028 5688 et
3086 5635 3264 5698 laicis,
3315 5637 3444 5687 dum

1882 5728 2066 5779 omnia
2102 5726 2344 5779 omnium
2387 5728 2449 5778 ad
2492 5726 2827 5799 divinarum,
2855 5737 2914 5779 ut
2953 5724 3447 5795 aiebat,justilica-

1883 5819 2092 5872 tionum
2139 5833 2384 5872 normam
2427 5820 2623 5873 acerbe
2669 5833 2886 5888 semper
2926 5824 3229 5875 emendatis
3284 5832 3443 5871 revo-
