4190 6438
773 354 879 418 583

1898 416 1904 427 ,
1955 356 2278 417 GEORGII
2317 356 2802 421 PACHYMER.E
3936 349 4043 415 585

774 494 943 556 ἄλλας
998 495 1172 545 κατόπ
1198 512 1225 545 ν
1284 493 1600 563 ἐκπέμπειν
1652 502 2146 568 συνειμυνουμένας
2222 501 2349 563 τοὺς
2382 506 2426 562 Α
2458 500 2765 571 ξύγκλυδας
2799 503 2895 557 καὶ
2934 497 3015 565 οἷς
3049 501 3288 570 συνήθης
3319 501 3345 554 ὁ
3371 496 3623 567 θόρυϐος.
3680 496 3789 549 Καὶ
3825 493 3883 548 ἓν
3931 513 4042 549 τινι

774 588 1052 647 ἐπιόντας.
1123 584 1210 645 Ὠς
1253 583 1387 650 γοῦν
1438 588 1794 641 συνετάττετο
1848 589 1936 660 [Ρ.
1964 590 2095 663 569]
2138 591 2354 660 βασιλεῖ

774 678 1032 745 καὶπρὸς
1071 679 1192 741 ταῖς
1238 676 1439 741 ἐξόδοις
1474 674 1565 748 ἦν,
1607 681 1932 748 ἀγγέλλεταὶ
1978 684 2032 736 οἱ
2065 685 2218 754 παρὰ
2255 685 2353 738 τοῦ

776 772 1019 839 κὸμητος
1053 769 1155 838 τῆς
1186 767 1325 833 νεὼς
1357 770 1433 833 ῶς
1479 771 1894 842 Ἀμογαϐἀρους
1928 777 2022 828 καὶ
2053 775 2197 847 ὑπὲρ
2227 777 2356 840 τοὺς

777 868 1140 927 πεντήκοντα,
1164 862 1240 924 ὡς
1278 863 1524 927 εἰκάσαι,
1569 866 1849 937 κρυφηδόν
1882 867 1997 937 ἔχει
2035 870 2147 923 τῶν
2185 889 2357 924 κατα-

777 958 1124 1025 στρωμάτων
1176 957 1364 1021 ἐντόςο
1415 959 1443 1010 δ
1473 958 1537 1027 δὴ
1589 960 1686 1011 καὶ
1738 962 1995 1031 φωραθὲν
2022 963 2228 1027 εὐθέως
2256 965 2357 1032 τὴν

776 1049 1039 1105 ἀπιστίαν
1096 1052 1340 1122 παριστα
1372 1051 1467 1104 καὶ
1510 1051 1605 1103 τοῦ
1649 1054 2012 1123 τριηράρχου.
2044 1056 2210 1108 Καὶὸ
2258 1056 2356 1119 μὲν

776 1144 1157 1209 ἐγκέκλειστο,
1211 1144 1260 1195 οἱ
1308 1142 1364 1195 δέ
1398 1144 1493 1197 καὶ
1532 1143 1689 1196 αὐτοὶ
1720 1144 1912 1215 (οὔπω
1942 1148 2051 1215 γὰρ
2084 1148 2179 1199 καὶ
2207 1140 2357 1200 οὗτοι

776 1237 981 1299 τελέως
1037 1234 1368 1305 ἠγγέλλοντο
1422 1236 1491 1287 τὰ
1521 1235 1712 1303 δεινὰ)
1764 1237 1823 1287 ἐν
1860 1240 2159 1306 τηρήσεσιν
2189 1232 2354 1309 ἦσαν,

777 1327 922 1395 πλὴν
952 1326 1063 1377 τῶν
1110 1327 1470 1379 ἀποστάντων
1506 1327 1744 1380 ἐκεῖθεν.
1808 1329 1946 1381 Ἀλλ’
1982 1330 2143 1389 εὐθὺς
2180 1333 2234 1383 αἱ
2264 1348 2356 1381 πι-

777 1418 910 1484 κραὶ
942 1416 1125 1485 φῆμαι
1153 1416 1601 1483 κατελάμϐανον,
1632 1416 1699 1479 ἀς
1722 1415 1823 1468 οὐκ
1850 1415 2033 1481 ἄλλος,
2060 1416 2176 1470 ἀλλ’
2200 1417 2359 1470 αὐτοὶ

779 1506 1065 1575 ἐφήμιζον
1086 1506 1137 1559 οἱ
1171 1507 1458 1569 παθόντες,
1482 1506 1579 1557 καὶ
1608 1504 1772 1575 θροῦς
1804 1507 2065 1576 ἠγείρετο
2095 1509 2363 1578 παμπλη-

780 1596 900 1665 θὴς,
924 1599 1020 1649 καὶ
1044 1597 1272 1666 θόρυϐος
1303 1598 1370 1649 ἐκ
1393 1598 1616 1651 πάντων
1643 1598 1729 1650 διὰ
1760 1599 1822 1651 τὸ
1843 1600 2125 1665 ιρίλοικτον
2148 1600 2357 1665 ἵστατο,

779 1691 875 1741 καὶ
910 1689 1010 1756 τὴν
1043 1687 1149 1738 τῶν
1199 1686 1528 1755 Ῥωμαϊκῶν
1576 1689 1712 1741 νεῶν
1744 1691 2087 1761 κατῃτιῶντο
2123 1693 2361 1745 κατάλυ-

780 1798 890 1842 σιν,
929 1782 1002 1843 ὠς
1030 1782 1133 1833 οὐκ
1164 1780 1231 1834 ἂν
1261 1781 1489 1834 πάθοιεν
1522 1779 1774 1843 τοιαῦτα,
1804 1767 1854 1833 ei
1886 1783 1915 1832 ὀ
1950 1782 2200 1851 συνήθης
2234 1786 2360 1836 στό-

780 1874 872 1937 λος
900 1874 1106 1944 περιὼν
1134 1874 1452 1941 ἐξηρτύετο,
1482 1874 1577 1925 καὶ
1610 1873 1780 1925 πολλὰ
1812 1876 1907 1926 καὶ
1937 1876 2089 1944 παρά
2112 1875 2175 1927 τὸ
2211 1876 2358 1939 εἰκὸς
2392 1855 2434 1911 Β

780 1967 1084 2019 διελάλουν.
1141 1966 1315 2019 Τοῦτο
1365 1970 1527 2034 γνοὺς
1580 1967 1955 2037 πατριάρχης,
2011 1968 2235 2037 ἀπάρας
2284 1969 2361 2031 ὡς

780 2049 895 2121 εἶχε
943 2054 1040 2122 τῆς
1076 2055 1360 2116 κατοικίας
1462 2073 1565 2108 που
1617 2057 1881 2125 κατῴκει,
1922 2058 2086 2127 ἔργον
2125 2058 2269 2125 ἔχων
2299 2060 2361 2112 τὸ

783 2143 1212 2196 σπουδαιότατον
1244 2146 1372 2214 περὶ
1403 2146 1496 2198 τὸν
1518 2146 1690 2213 δῆμον
1735 2148 2214 2219 σπουδαιοτριϐεἴν
2266 2151 2363 2203 καί

782 2252 847 2301 γε
871 2236 939 2287 τὶι
972 2234 1144 2287 πολλὰ
1200 2235 1644 2307 δημοχαριστείν,
1705 2240 1851 2293 κατά
1891 2242 1991 2310 τήν
2061 2225 2236 2311 μέσην
2260 2242 2361 2309 τῆς

781 2328 992 2396 ἀγορᾶς
1033 2328 1385 2398 μεσημϐρίας
1439 2330 1758 2398 ἐφίσταται,
1813 2334 1905 2385 καὶ
1938 2332 2200 2402 ξυγκαλεϊ
2237 2336 2362 2397 τοὺς

784 2525 931 2594 ginta
968 2525 1344 2596 Amogabaros
1373 2536 1638 2583 armatos.
1676 2528 1733 2582 Id
1765 2531 1908 2600 quod
1937 2546 1964 2583 a
1995 2532 2181 2589 missis
2214 2534 2364 2589 illico

784 2620 1230 2686 exploratoribus
1259 2621 1598 2676 incredibilis
1629 2622 1761 2677 facti
1794 2626 2144 2680 verissimum
2180 2642 2366 2698 reper-

784 2721 899 2767 tum
939 2713 1224 2781 perlidiam
1259 2714 1582 2769 trierarcbte
1615 2716 1959 2772 manifestam
1990 2719 2142 2774 fecit.
2178 2720 2362 2785 Quare

787 2804 837 2859 is
895 2804 1114 2871 quidem
1161 2805 1382 2859 clausus
1424 2815 1756 2868 asservatur.
1788 2808 2111 2877 deprehensi
2149 2827 2277 2864 vero
2310 2813 2362 2864 in

784 2896 1013 2951 latebris
1049 2896 1286 2960 milites,
1317 2898 1476 2967 quasi
1513 2906 1573 2951 ut
1606 2899 1824 2968 plenius
1869 2901 2252 2971 inquireretur
2298 2902 2367 2959 de

788 2987 1031 3043 nondum
1070 2988 1308 3057 perfecte
1357 2990 1633 3046 convictis
1675 2992 1894 3061 maligni
1936 2995 2123 3058 animi,
2172 2997 2225 3049 in
2273 3011 2370 3050 cu-

788 3081 999 3136 stodias
1026 3091 1081 3134 et
1110 3081 1213 3149 ipsi
1248 3081 1357 3135 dati
1388 3090 1547 3145 sunt,
1580 3092 1779 3152 praeter
1809 3098 2038 3147 paucos.
2074 3087 2223 3142 inter
2251 3090 2364 3156 pri-

2457 593 2568 648 τῶν
2596 596 2714 647 ἐκεῖ
2741 594 2889 647 ναῶν
2916 592 3195 653 καταστὰς
3232 590 3451 661 μακρὰν
3482 590 3762 643 κατέτεινε
3798 586 3900 658 τὴν
3923 587 4039 640 διας

2458 688 2651 742 λαλιὰν
2688 689 2783 740 καὶ
2820 685 3210 739 καταστέλλειν
3243 680 3611 753 θορυϐοῦντας
3657 682 3945 751 ἠπείγετο,
3973 680 4043 732 τά

2462 781 2632 836 πολλά
2669 778 2936 832 συναινῶν
2984 779 3243 841 ἐκείνοις,
3276 776 3372 828 καὶ
3403 776 3513 828 τῶν
3545 776 3883 843 δυναμένων,
3925 766 4041 833 οἷος

2460 876 2519 927 ἐν
2556 873 2775 934 πολλοῖς
2817 864 2995 933 οὗτος,
3040 870 3495 935 καταιτιώμενος.
3551 864 3719 929 Τέλος
3769 867 3893 917 ἐπεὶ
3948 865 4042 917 τὸν

2460 966 2634 1020 πολὺν
2673 964 2990 1034 γογγυσμὸν
3021 962 3165 1029 περὶ,
3187 962 3298 1014 τῶν
3324 960 3462 1012 νεῶν
3490 959 3930 1027 κατεμὲινθανεν,
3962 957 4041 1019 ῶς

2463 1059 2540 1127 μὴ
2569 1059 2684 1111 οἴου
2720 1057 2768 1111 τ’
2789 1058 2944 1120 ὄντος
2974 1056 3179 1116 αὐτοὺς
3226 1052 3485 1120 ἀσφαλῶς
3518 1052 3714 1120 cum;
3736 1090 3752 1112 ,
3791 1051 3840 1102 el
3874 1050 3950 1118 μή
3980 1064 4041 1114 γε

2459 1151 2588 1219 νῆες
2612 1150 2756 1203 καῖά
2781 1150 2842 1203 τὸ
2873 1150 3040 1203 πάλαι
3080 1147 3378 1217 Ῥωμαίοις
3408 1144 3638 1215 σύνηθες
3668 1142 4041 1213 ἐξαρτύοιντο,

2461 1244 2688 1311 γνώμας
2747 1243 3120 1310 ἀγριουμὲνας
3178 1239 3521 1309 ἐξομαλίζειν
3571 1237 3744 1290 θέλων
3771 1234 4041 1305 ἁμηγέπη

2464 1334 2557 1386 καὶ
2589 1333 2771 1398 λόγοις
2805 1332 2902 1383 καὶ
2958 1331 3317 1399 ὑποσχέσεσι,
3351 1329 3508 1390 τινὰς
3536 1330 3763 1382 ἐκείνων
3794 1328 3893 1378 καὶ
3916 1327 4044 1387 τοὺς

2463 1425 2856 1494 ἐκδηλοτέρους
2880 1421 3220 1486 παραλαϐὼν
3255 1422 3557 1490 ἀναφέρειν
3587 1419 4041 1485 καθυπισχνεὴο,

2463 1517 2545 1568 ἔτι
2567 1517 2622 1568 δὲ
2642 1515 2740 1568 καὶ
2758 1513 2861 1583 τὴν
2875 1514 3138 1582 ταχίστην
3167 1513 3476 1579 ἐξοτρύνειν
3498 1514 3577 1574 εὶς
3603 1513 3702 1581 τήν
3732 1513 3837 1564 τῶν
3860 1511 4045 1562 ἐπιόν-

2404 1658 2407 1659 ,
2462 1622 2570 1656 των
2599 1606 2815 1673 ἄμυναν
2850 1603 3133 1674 πρόθυμον
3158 1603 3374 1655 ἐαυτόν.
3408 1601 3516 1654 Καὶ
3539 1602 3567 1654 ό
3606 1600 3709 1668 μὲν
3740 1602 3797 1651 ἐν
3828 1599 4045 1660 τούτοις

2461 1690 2529 1765 ἦν
2551 1693 2901 1762 δημαγωγῶν
2937 1695 3033 1747 καὶ
3063 1694 3489 1762 δημοχαριστῶν
3519 1693 3575 1754 ἐς
3596 1692 3664 1743 τὰ
3705 1691 3966 1760 μάλιστα,
3994 1690 4045 1740 εἰ

2465 1791 2561 1842 καὶ
2591 1789 2651 1841 τὸ
2678 1785 2808 1859 ἦθος
2838 1787 2991 1857 αὐτῷ
3016 1787 3401 1856 ἀμετάϐλητον
3435 1781 3526 1856 ἦν,
3559 1785 3807 1855 βασιλεὺς
3832 1784 3889 1835 δὲ
3916 1784 4046 1835 Γεν-

2462 1880 2683 1945 νουῒτας
2734 1879 2892 1949 ἠξίου
2928 1879 3021 1933 καὶ
3071 1880 3379 1949 χρημάτων
3420 1877 3735 1947 χιλιοστὺας
3770 1876 3947 1929 ἐδίδου
3988 1876 4047 1936 ἐς

2463 1974 2601 2043 ὅπερ
2631 1972 2690 2037 ἐξ
2718 1972 2900 2026 αὐτῶν
2930 1970 3269 2042 ἐσϐήσαντες
3301 1969 3711 2039 πολεμαρχικὸν
3744 1968 4047 2037 ἐπιθήσον-

2464 2083 2577 2119 ται.
2623 2066 2684 2118 '0
2715 2065 2952 2132 ξύγκλυς
2976 2064 3021 2117 δ’
3057 2063 3213 2134 ὄχλος
3241 2065 3319 2124 εἰς
3349 2061 3552 2116 ταυτὸν
3582 2058 3893 2128 γεγονότες,
3922 2060 4050 2111 ἐπεὶ

2465 2156 2531 2207 τὰ
2565 2155 2665 2223 μὲν
2707 2154 2813 2219 ἔξω
2841 2154 2996 2207 δεινὰ
3030 2152 3492 2223 κατηγγέλλοντο,
3533 2151 3733 2214 αὐτοὺς
3763 2148 3812 2201 δ’
3850 2151 3951 2201 οὐκ
3978 2145 4049 2218 ἦν

2466 2250 2586 2301 ἐκεῖ
2616 2248 2945 2318 γενομένους
2972 2239 3304 2324 ἀμύνεσθαι,
3328 2247 3575 2314 ἔγνωσαν
3620 2246 3736 2305 τοῖς
3770 2244 3922 2303 ἐντὸς
3948 2244 4048 2307 τῆς

2467 2343 2679 2405 πόλεως
2710 2341 3043 2403 Κατελάνοις
3077 2342 3402 2410 ἐπιχειρεῖν.
3464 2334 3558 2403 Οἷς
3592 2340 3692 2411 μὲν
3726 2335 3794 2410 ἦν
3827 2337 4052 2389 συνδιά-

2469 2526 2766 2576 tumultum
2804 2521 3015 2590 populi.
3050 2520 3212 2588 Ergo,
3244 2530 3512 2589 quantum
3558 2519 3813 2576 aflectare
3850 2524 4052 2577 conni-

2469 2613 2638 2668 tendo
2666 2621 2915 2683 poterat,
2947 2612 3332 2682 popularitatis
3378 2624 3496 2667 arte
3550 2614 3712 2667 homo
3748 2628 3940 2681 parum
3981 2617 4053 2669 ad

2471 2708 2522 2760 id
2555 2714 2751 2760 natura
2782 2705 2959 2760 factus
2992 2705 3288 2759 conciliare
3319 2705 3423 2759 sibi
3457 2707 3688 2773 gratiam
3722 2704 3873 2759 irata:
3906 2706 4057 2758 mul-

2470 2798 2724 2851 titudinis
2760 2782 3035 2861 studebat,
3063 2794 3291 2852 meridie
3317 2796 3498 2851 medio
3530 2812 3590 2851 se
3628 2797 3739 2852 fere
3776 2798 3965 2851 densis
4000 2807 4059 2850 et

2472 2892 2706 2945 invicem
2740 2890 3091 2945 trudentibus
3129 2890 3326 2944 cuneis
3352 2889 3671 2943 immiscens
3702 2898 3910 2943 temere
3941 2890 4057 2943 lane

2472 2985 2710 3053 illucque
2737 2984 3103 3037 cursantium.
3130 2981 3209 3036 lbi
3243 2997 3520 3037 convenas
3554 2983 3854 3051 praesertim
3894 2982 3962 3034 ad
3996 2999 4059 3035 se

2472 3081 2763 3133 convocat.
2788 3074 2864 3126 uti
2893 3071 3199 3141 praecipuos
3223 3088 3287 3125 ex
3317 3087 3467 3126 more
3490 3074 3824 3127 tumultuum
3859 3083 4061 3127 aucto-

787 3189 937 3227 mnnt
979 3172 1273 3227 tumultum
1307 3173 1545 3242 elapsos.
1588 3173 1719 3242 Ejus
1752 3185 1840 3228 rei
1878 3177 2019 3231 fama
2054 3180 2236 3233 statim
2273 3194 2439 3255 perc
2476 3184 2586 3221 "35-
2618 3165 2957 3232 Ττεειοείιυθ
2988 3164 3054 3216 ad
3086 3177 3146 3218 3°
3172 3176 3281 3215 “0"
3318 3177 3526 3231 WW3Os
3566 3164 3620 3217 in
3649 3165 3911 3232 lemp'um
3940 3164 4060 3217 ""6

785 3264 1063 3318 civitatem
1097 3263 1492 3317 incredibiliter
1512 3266 2192 3332 consternavitpopulum,
2226 3268 2365 3322 ima-

786 3358 913 3425 gine
965 3355 1221 3411 horrendi
1258 3356 1413 3409 exitii
1469 3356 1521 3410 in
1569 3357 1715 3426 quod
1772 3372 1911 3427 pene
1955 3358 2149 3414 fuisset
2196 3361 2363 3414 nimia

788 3449 1052 3503 facilitate
1102 3447 1364 3503 credendi
1415 3449 1722 3517 respublica
1759 3449 2029 3519 conjecta.
2076 3449 2272 3506 Prima:
2308 3453 2362 3505 in

788 3544 895 3597 hoc
923 3542 1153 3595 tumultu
1194 3550 1376 3611 partes
1412 3550 1569 3595 erant
1599 3556 1997 3605 convenarum,
2050 3544 2117 3597 de
2167 3545 2368 3613 quibus

788 3635 1291 3698 diximus,illorum
1322 3636 1372 3687 vi
1404 3648 1469 3687 ac
1499 3644 1710 3689 terrore
1739 3635 2065 3690 Catelanicze
2097 3638 2367 3691 incursio-

788 3728 875 3781 nis
907 3726 1316 3795 compulsorum
1361 3725 1500 3780 intra
1548 3726 1762 3780 urbem.
1814 3725 1880 3780 lli
1921 3738 1981 3781 ut
2022 3729 2234 3797 experti
2268 3729 2369 3780 im-

787 3818 1105 3872 manitatem
1133 3816 1254 3885 ejus
1286 3816 1483 3884 gentis,
1514 3816 1670 3884 cujus
1701 3817 1756 3871 in
1791 3825 2112 3887 potestatem
2153 3827 2366 3872 tantum

788 3924 897 3962 non
927 3908 1051 3961 data
1088 3908 1219 3960 urbs
1250 3906 1467 3971 fuisset,
1497 3890 1779 3974 ej‘ulabant
1811 3907 2060 3962 videlicet
2092 3911 2363 3978 impoten-

788 4003 904 4056 tius
927 4000 1167 4058 czetcris,
1191 4014 1331 4052 unos
1360 4014 1419 4051 se
1446 3999 1702 4051 nimirum
1724 3999 1965 4053 omnium
1995 3999 2138 4055 scire
2160 4001 2370 4055 ait-mes

790 4104 1057 4165 quantum
1086 4094 1311 4147 haberet
1355 4092 1618 4162 perniciei
1659 4090 1973 4145 Catelauica
2002 4130 2017 4153 ,
2046 4107 2211 4159 quam
2243 4102 2372 4146 tau-

793 4196 908 4239 :nm
961 4199 1069 4238 non
1127 4182 1512 4242 incurrissent,
1552 4181 1828 4236 servitus:
1866 4190 1921 4234 et
1980 4182 2301 4236 mmstitiam
2336 4197 2366 4236 e

792 4279 995 4333 vicinia
1048 4275 1278 4347 periculi
1328 4273 1614 4343 querulam
1666 4273 1995 4341 contagione
2045 4275 2098 4327 in
2160 4274 2370 4343 plebem

798 4370 947 4425 facili
995 4370 1305 4437 vulgantes,
1358 4368 1537 4419 luctus
1591 4365 1695 4419 sibi
1751 4367 2114 4434 planctusque
2167 4368 2372 4435 pariter

796 4459 1249 4527 complorantium
1300 4457 1462 4510 simul
1504 4454 1885 4509 universorum
1920 4456 2078 4526 531
2113 4472 2374 4527 aggrega-

798 4553 951 4603 bant.
1002 4550 1139 4602 llinc
1185 4547 1583 4617 procedebatur
1616 4548 1681 4600 ad
1717 4562 1913 4601 causas
1970 4548 2132 4610 mali,
2180 4563 2374 4616 nempe

798 4644 921 4697 iico
956 4642 1160 4696 exteris
1193 4641 1510 4694 necessario
1547 4656 1661 4692 rem
1710 4642 1959 4693 navalem
1991 4641 2180 4702 credi,
2228 4641 2376 4708 quod

796 4734 1260 4789 classem-dudum
1282 4730 1582 4785 Romanam
1610 4731 1940 4797 negligentia
1966 4731 2373 4796 praesidentium

799 4831 1013 4883 absumi
1076 4844 1139 4883 ac
1184 4827 1428 4882 funditus
1463 4830 1672 4882 destrui
1723 4828 1931 4883 siverit.
1984 4827 2037 4881 Id
2084 4830 2135 4881 ni
2188 4829 2381 4881 fuisset

802 4935 1080 4991 perperam
1128 4917 1449 4980 admissum,
1484 4918 1627 4971 haud
1678 4933 1737 4970 se
1781 4918 1869 4970 his
1919 4932 2065 4971 nunc
2111 4917 2380 4971 obnoxios

802 5010 1039 5063 miseriis
1072 5008 1305 5062 futuros.
1344 5006 1469 5060 Haec
1495 5006 1914 5061 eﬂ‘uudebautur
1937 5008 2184 5076 populari
2225 5008 2379 5060 liceno

804 5102 874 5155 tia
908 5102 960 5154 in
995 5102 1215 5155 liberam
1241 5100 1696 5169 vituperationem
1722 5098 2236 5153 administrantium
2264 5114 2378 5150 rcm

807 5197 1099 5266 publicam,
1146 5210 1307 5263 quam
1358 5193 1651 5247 dissolutis
1702 5192 2086 5262 perversis-que
2131 5192 2381 5255 consiliis

808 5290 1077 5360 perditum
1112 5289 1368 5341 nimirum
1405 5288 1567 5341 irent.
1618 5286 2025 5339 lncrebesccbat
2092 5294 2203 5339 tota
2242 5284 2381 5338 civi-

808 5392 919 5435 tate
956 5382 1191 5449 gliscens
1229 5395 1475 5433 murmur
1500 5420 1515 5443 ,
1550 5394 1649 5433 nec
1683 5380 1871 5449 procul
1914 5394 1943 5432 a
1984 5380 2250 5433 seditione
2298 5392 2385 5430 res

810 5483 948 5531 erat.
968 5483 1332 5526 concurrente
1357 5487 1420 5525 ac
1447 5470 1784 5527 vociferante
1808 5473 2173 5540 undecunque
2207 5471 2383 5533 turba,

809 5566 1031 5636 quando
1054 5568 1363 5633 patriarcha
1382 5566 1503 5634 ejus
1526 5565 1911 5621 commotionis
1934 5566 2138 5620 iudicio
2163 5573 2388 5632 accepto

810 5659 1006 5727 raptim
1050 5660 1211 5712 domo
1246 5659 1337 5713 ubi
1392 5658 1780 5712 diversabatur
1830 5658 2051 5727 prodiit,
2099 5657 2233 5711 nihil
2280 5670 2387 5709 non

810 5750 1046 5815 experiri
1086 5758 1295 5811 certus,
1340 5766 1448 5815 quo
1492 5765 1620 5819 spes
1648 5760 1793 5803 esset
1821 5748 2123 5803 deliniendi
2157 5761 2390 5815 cOmpo-

814 5844 1090 5913 ncudique
1128 5845 1179 5896 in
1216 5844 1599 5911 obsequiusam
1629 5844 1868 5913 quietem
1919 5841 2125 5899 cllerati
2173 5842 2283 5910 jam
2336 5842 2391 5894 in

2474 3259 2615 3311 forte
2653 3256 2874 3309 obvium
2922 3254 3192 3309 inducens
3236 3254 3564 3323 prmlougam
3602 3256 3879 3323 peroravit
3922 3269 4064 3307 cnn-

2471 3355 2710 3413 cionem,
2760 3357 2927 3417 prout
2970 3348 3220 3415 putabat,
3268 3342 3736 3400 accommodatam
3790 3346 4063 3414 pacandis

2471 3445 2671 3497 animis
2724 3453 2781 3496 et
2831 3440 3089 3497 seditioni
3147 3438 3581 3508 compescenda.
3639 3438 3696 3493 In
3744 3454 3807 3492 ea
3857 3454 4063 3491 sensus

2471 3536 2773 3591 ostentavit
2823 3534 3015 3604 majori
3061 3534 3117 3588 in
3164 3543 3322 3601 parte
3374 3540 3778 3586 consentaneos
3827 3530 4063 3599 judiciis

2473 3630 2812 3684 audientium
2842 3669 2857 3691 ,
2910 3628 3112 3695 pariter
3149 3636 3209 3696 ut
3264 3624 3338 3677 illi
3393 3623 3745 3694 magistratus
3777 3624 3829 3674 in
3863 3624 4064 3677 multis

2472 3723 2724 3791 culpans.
2754 3719 2997 3787 Denique
3026 3718 3158 3772 illud
3213 3717 3391 3783 ipsum
3436 3717 3673 3770 maxime
3719 3716 4059 3770 invidiosum

2472 3814 2813 3885 querelarum
2851 3800 3050 3879 caput“,
3084 3809 3153 3863 de
3202 3809 3380 3862 classe
3429 3806 3672 3860 Romana
3720 3808 3933 3859 incuria
3970 3823 4064 3859 rc-

2474 3904 2718 3974 gentium
2754 3901 3128 3973 pessumdata,
3162 3900 3302 3954 haud
3332 3915 3491 3970 parce.
3529 3900 3792 3953 invehens
3826 3913 4066 3966 exagge-

2475 4011 2713 4067 ransqtte
2747 3995 3029 4049 ventilavit
3056 4033 3069 4054 ,
3099 4002 3153 4047 et
3195 3994 3309 4060 ipse
3342 3991 3617 4045 affirmans
3664 3973 3811 4058 large
3842 3992 3895 4043 in
3934 3994 4062 4050 hoc,

2476 4105 2576 4145 nec
2608 4103 2714 4141 non
2747 4084 3216 4155 perniciosissime
3251 4122 3266 4143 .
3306 4095 3612 4151 peccatum,
3645 4084 3899 4149 ultroque
3933 4099 4065 4147 pro-

2476 4182 2638 4236 fitens
2682 4178 2888 4235 nullam
2936 4175 3196 4243 affulgere
3244 4190 3392 4242 spem
3431 4172 3782 4225 restituendae
3825 4176 4066 4238 publico

2475 4270 2812 4333 securitatis,
2845 4268 2951 4322 nisi
2991 4281 3179 4328 naves,
3211 4275 3271 4317 ut
3306 4265 3457 4327 olim,
3495 4262 3753 4317 Romana;
3790 4264 4067 4315 Βοιιιιιιιίς

2475 4368 2763 4420 instructae
2787 4361 3093 4418 classiariis
3124 4373 3273 4411 mare
3307 4368 3559 4410 nostrum
3608 4372 3671 4411 ac
3713 4366 3902 4423 portus
3940 4374 3967 4407 a
4011 4361 4061 4409 vi

2476 4467 2703 4511 externa
2721 4461 3050 4507 tutarentur.
3072 4450 3274 4504 Libens
3297 4448 3507 4502 scilicet
3537 4448 3794 4500 audiebat
3816 4448 4065 4515 ﬂagrans

2486 4550 2568 4603 ira
2606 4548 2842 4619 populus
2876 4545 3068 4600 eadem
3102 4556 3224 4608 qum
3255 4541 3483 4595 sentiret
3512 4540 3632 4605 ipse
3678 4554 3707 4591 a
3744 4541 4064 4608 patriarcha

2482 4644 2614 4698 dici.
2648 4644 2767 4707 Lino
2809 4638 2900 4693 ille
2941 4637 3007 4690 ad
3054 4650 3179 4689 eum
3237 4631 3539 4686 sedandum
3594 4640 3845 4699 prompte
3900 4643 4068 4686 ulcus

2484 4745 2762 4789 momento
2796 4732 3004 4798 gratiae,
3035 4726 3431 4782 dissertissime
3460 4723 3747 4778 afﬁrmavit
3778 4742 3842 4777 ac
3866 4740 3967 4777 san
4014 4737 4069 4777 to

2483 4825 2740 4895 promisit
2773 4819 2999 4875 oumt'rio
3032 4828 3351 4871 curaturum
3394 4830 3454 4869 se
3487 4825 3546 4869 ut
3578 4817 3669 4869 isti
3704 4817 3844 4870 male
3874 4821 4072 4867 litith-

2484 4934 2588 4972 nus
2622 4926 2784 4985 gcsta:
2810 4913 3124 4984 reipublicae
3153 4910 3293 4980 parti
3323 4909 3579 4978 protinus
3610 4917 4069 4959 succurreretur.

2483 5008 2589 5065 Pro
2633 5016 2786 5061 certo
2833 5007 3000 5075 igitur
3038 5005 3304 5057 haberent
3334 5003 3555 5056 visuros
3590 5014 3650 5053 se
3698 4999 3846 5052 brevi
3883 5014 4075 5052 arma-

2485 5114 2594 5155 tam
2634 5099 2936 5154 Romanam
2966 5096 3125 5166 532
3152 5096 3417 5158 classem;
3457 5106 3619 5162 quam
3644 5093 3806 5145 etiam
3844 5090 3984 5160 ipse.
4021 5094 4072 5145 si

2489 5203 2634 5248 esset
2680 5208 2842 5262 Opus,
2877 5190 3128 5245 alacriter
3160 5187 3575 5249 conscenderet,
3601 5184 3936 5252 duceretque
3964 5186 4075 5237 ad-

2493 5299 2685 5339 versus
2730 5282 3049 5336 infestantes
3093 5292 3243 5332 mare.
3292 5278 3596 5331 Romanum
3653 5276 3858 5329 hostes.
3921 5276 4075 5338 Quin

2493 5379 2630 5431 adeo
2663 5379 2776 5444 jam
2824 5388 2970 5427 nunc
3006 5387 3130 5426 sese
3158 5370 3429 5441 proficisci
3462 5369 3527 5422 ad
3565 5384 3685 5421 eam
3721 5382 3834 5420 rem
3862 5383 4083 5435 urgen-

2491 5468 2641 5526 dum.
2660 5466 2928 5533 istiusque
2962 5463 3163 5531 negotii
3198 5463 3475 5530 adjutores
3502 5474 3803 5525 exposcere
3830 5473 4078 5527 quorum

2491 5560 2737 5614 eminere
2772 5557 2952 5611 studia
3002 5555 3234 5624 publica:
3284 5553 3480 5608 salutis
3532 5552 3586 5605 in
3642 5552 3758 5621 ipsa
3803 5566 4083 5604 concione

2493 5658 2765 5705 cerneret.
2808 5648 2902 5703 Sic
2953 5649 3067 5717 ipsa
3114 5649 3296 5716 capita
3326 5646 3613 5699 turbarum
3650 5658 3833 5695 secum
3880 5643 4085 5694 abiens

2497 5742 2742 5803 abduxit,
2773 5755 2882 5793 non
2920 5740 3183 5793 mediocri
3214 5754 3317 5793 nec
3351 5753 3379 5790 a
3419 5737 3589 5806 rigida
3622 5737 3742 5805 cjus
3776 5736 3959 5788 indole
3995 5740 4087 5786 ta-

2497 5835 2600 5889 cilc
2629 5833 2885 5903 spcrabili
2920 5832 3152 5888 artificio
3189 5836 3375 5901 gratia:
3406 5830 3550 5901 vulgi
3585 5844 3717 5883 sane
3742 5829 3794 5882 iu
3826 5841 4085 5895 tempore
