4190 6438
176 428 285 488 585

173 564 293 612 γειν
350 544 489 597 κατὰ
520 543 615 611 τὴν
651 540 885 609 περαίαν
922 557 976 589 τι,

171 642 287 692 ἐκεῖ
324 637 613 706 γενόμενιι
638 634 931 703 τιμωρεῖν·
987 628 1253 699 μαθόντες
1295 624 1351 675 δὲ
1386 622 1758 691 τηρουμένους

172 734 353 793 τινας.
408 734 465 781 ἐν
491 723 573 789 οἷς
602 729 628 778 ὁ
675 722 967 795 ἀμηραλῆς
1011 716 1336 787 ἐπεφέρετο,
1369 715 1511 767 κατὰ
1532 713 1631 780 τὴν
1662 710 1756 761 τοῦ

174 823 384 889 παχέος
458 818 658 872 Ῥαοὺλ
717 816 916 880 οίκίαν,
969 809 1297 881 παμπληθεὶ
1354 804 1759 876 συρῤεύσαντες

177 912 461 982 ἐμϐριθιίκ
491 910 736 979 ἀπῄτουν
775 907 1039 966 ἐκείνους.
1106 904 1193 965 Ὠς
1215 901 1259 954 δ’
1291 900 1390 953 οὐκ
1420 895 1486 967 ἦν
1514 896 1760 955 niveo;

177 1010 243 1059 ἐκ
287 1004 387 1057 τοῦ
430 1006 604 1073 ῥᾷστα
646 999 1007 1070 προδοθέντας
1046 997 1311 1063 ἀναιρεῖν,
1368 991 1453 1064 [Ρ.
1480 990 1605 1059 570]
1651 990 1759 1055 πῦρ

178 1096 392 1147 ἐνιᾶσιν
417 1093 613 1144 αὐτίκα
642 1093 735 1141 καὶ
763 1087 941 1138 οἰκίαν
976 1082 1352 1153 πυρπολοῦσιν
1394 1082 1633 1140 ἐκείνην,
1669 1079 1761 1128 καὶ

181 1189 364 1240 πάντα
404 1203 461 1238 τε
520 1181 746 1249 τάκείνῃ
796 1178 1118 1248 διαφέρουσι
1170 1174 1263 1227 καὶ
1294 1174 1392 1225 οὐκ
1422 1171 1581 1238 ὀλίγα
1612 1173 1759 1222 δειλία

182 1281 328 1333 κατά
363 1280 465 1347 τὴν
514 1275 690 1328 οἰκίαν
723 1272 829 1325 τῶν
858 1270 1190 1340 τολμώντων
1241 1265 1475 1333 ἐγίνετο.
1513 1265 1759 1316 Κατελάι

179 1391 306 1432 νους
336 1372 395 1422 δὲ
440 1369 603 1437 μέχρι
638 1366 733 1419 καὶ
782 1364 949 1418 αὑτοῦ
996 1362 1227 1415 θανάτου
1258 1358 1503 1427 στερρῶς
1543 1360 1759 1424 ἀντεχο-

182 1465 387 1527 μένους
429 1461 525 1512 σὺν
556 1458 735 1527 πολλῴ
780 1456 856 1527 τῷ
887 1456 1040 1525 πόνῳ
1092 1452 1210 1521 ἅμα
1248 1452 1350 1521 μὶν
1384 1450 1612 1517 σιδήρῳ.
1647 1449 1763 1515 ἅμα

180 1556 239 1605 δὲ
270 1558 367 1606 καὶ
399 1552 532 1620 πυρὶ
576 1550 926 1618 καθαιροῦσι,
967 1546 1197 1616 μηδενὸς
1255 1544 1367 1596 οἴου
1402 1545 1448 1595 τ’
1478 1542 1630 1601 ὄντος
1662 1539 1763 1608 τὴν

181 1648 367 1714 ὁρμὴν
392 1647 610 1712 ἐπέχειν
627 1644 721 1695 τοῦ
748 1642 1009 1709 πλήθους.
1047 1638 1155 1690 Καὶ
1189 1638 1299 1706 γὰρ
1323 1636 1416 1688 καὶ
1438 1637 1465 1687 ό
1492 1649 1761 1702 πατριαρ-

184 1738 365 1807 χεὺων
408 1736 638 1797 ἐπιστὰς
676 1735 859 1802 λόγοις
894 1730 1297 1803 μειλικτηρίοις
1350 1730 1614 1796 ἐπειρᾶτο
1665 1727 1762 1794 τὴν

1104 420 1199 477 DE
1241 415 1679 476 AVDRONILU
1728 438 1737 467 ε
1775 408 2180 469 ΛιηἘυωῦΟ
2227 409 2364 468 ΗΒ.
2413 408 2511 467 Vl.

986 546 1029 598 ἐς
1064 533 1427 591 Γεννουῖταις,
1464 532 1562 581 οὐκ
1604 524 1747 595 ε’χον
1791 536 1819 585 ~\
1858 543 2107 596 στρινρεν.
2146 527 2371 595 "lippam;
2406 525 2451 576 δ’
2484 523 2681 576 αὐτίκα
2719 520 2814 574 καὶ
2852 519 3041 578 ἄλλαις
3081 514 3281 575 οἰκίαις
3316 516 3441 565 ἐπι-

3335 397 3441 461 586

1864 623 2087 689 χειρεῖν,
2117 620 2210 672 καὶ
2240 622 2475 686 μάλιστα
2498 616 2864 685 μεγιστάνων,
2894 615 3006 673 τοῖς
3028 610 3442 679 δημαγωγικοίς

1864 715 2042 780 λόγοις
2095 715 2203 765 τῶν
2240 713 2582 766 ἐπιστάντων
2611 712 2707 763 καὶ
2746 708 2947 779 μᾶλλον
2983 699 3441 774 παρακροτοὺμι-

1862 823 1961 857 νοι.
1989 806 2096 857 Καὶ
2127 806 2281 875 παρὰ
2307 805 2407 876 τὴν
2457 804 2565 856 τῶν
2597 801 2927 854 Κατελάνων
2964 798 3148 851 αἰτίαν
3171 794 3248 857 ὡς
3279 792 3443 862 δῆθεν

1864 899 1920 947 ἐν
1954 899 2144 955 αὐταῖς
2178 898 2597 965 κρυπτομένων,
2654 895 2902 963 ἐχείρουν
2934 891 3026 943 καὶ
3056 883 3137 951 οἷς
3170 887 3259 957 ἄρ’
3295 880 3445 957 εἶχον

1864 991 1924 1041 ἐκ
1957 1007 2117 1040 τινων
2156 992 2496 1057 αἰτιαμάτων
2534 986 2875 1058 μέμφεσθαι.

1865 1099 1966 1161 κζ’.
2002 1101 2135 1165 Περὶ
2174 1100 2291 1151 τῶν
2316 1102 2383 1152 ἐκ
2417 1102 2727 1178 Γεννούςις
2764 1096 3073 1169 φανεισῶν
3102 1092 3176 1160 ις’
3200 1091 3449 1163 μακρῶν

2562 1188 2743 1237 matr.

1936 1258 2021 1328 [Ρ.
2058 1260 2209 1331 571]]
2270 1260 2387 1313 Κᾶν
2441 1260 2497 1312 τὸ
2538 1261 2709 1313 κακὸν
2765 1259 3000 1329 προέϐη,
3038 1260 3083 1310 εί
3118 1258 3193 1329 μή
3225 1272 3287 1325 γε
3323 1264 3446 1307 κατ’

1865 1352 2077 1419 ἐκείνην
2106 1352 2201 1420 τὴν
2228 1351 2399 1403 νύκτα
2434 1353 2496 1403 ἐκ
2531 1350 2797 1413 Γεννούας
2843 1350 3056 1419 μακραὶ
3091 1350 3217 1416 νῆες
3258 1346 3453 1399 ἐκκαίο

1864 1440 2017 1504 δίκα,
2058 1443 2381 1510 ἐμπορικῶν
2436 1442 2725 1510 ἐπίφορτοι
2778 1439 3254 1511 προσδοκώμεναι,
3297 1436 3448 1489 νότου

1867 1534 2125 1596 πεσόντος
2165 1532 2391 1602 μετρίου
2449 1536 2546 1585 καὶ
2606 1532 2759 1602 παρὰ
2812 1533 2903 1585 τὸν
2958 1532 3059 1600 τῆς
3115 1529 3455 1600 προσδοκίας

1866 1626 2060 1695 καιρὸν
2092 1626 2404 1691 ἐφίσταντο.
2443 1621 2549 1677 Ἦν
2580 1626 2677 1694 μὲν
2708 1620 2800 1677 οὗν
2840 1626 2953 1684 τοίς
2986 1621 3324 1682 Κατελάνοις
3353 1622 3453 1671 καὶ

1877 1717 2279 1784 Ἀμογαόάροις
2329 1718 2832 1787 ναυ>.οχησα;ι.ένοσς
2889 1716 3029 1768 κατὰ
3090 1713 3151 1766 τὸ
3232 1712 3458 1781 Ῥήγιον

183 1804 367 1899 ἱρμὴν
434 1827 807 1891 ἀναστέλλειν,
862 1824 918 1887 ὃς
981 1824 1077 1877 καὶ
1124 1824 1225 1891 τὴν
1267 1820 1765 1889 παρακινδύνιυσιν
1798 1840 1841 1896 Β
1871 1810 2228 1879 πραττόμενα
2253 1810 2318 1862 τὰ
2344 1810 2512 1870 δεινὰ.
2548 1812 2641 1861 καὶ
2667 1809 2740 1870 ὡς
2778 1810 3003 1877 9305890"-
3046 1808 3194 1899 sata‘t
3218 1806 3278 1858 τὸ
3304 1804 3457 1899 fixi);

186 1924 570 1984 ὑποτοπάσας,
626 1920 803 1982 ἄλλως
857 1919 1048 1988 φανεὶς
1079 1916 1311 1978 ἐκείνοις
1342 1914 1420 1985 τῷ
1450 1913 1772 1979 καθυφεῖναι

187 2015 218 2082 ἦ
261 2015 339 2073 ὡς
394 2012 607 2065 οῐκοθεν
641 2012 827 2081 ὥρμα,
879 2011 975 2061 καὶ
1006 2008 1178 2061 πολλὰ
1230 2007 1494 2071 nam»;
1526 2002 1773 2057 καθυπέ-

188 2203 498 2274 captandae.
555 2196 777 2251 Interim
830 2194 1153 2250 Genuenses
1207 2191 1403 2246 orabat
1451 2190 1770 2259 imperator,

188 2299 401 2363 aliquot
425 2292 592 2345 etiam
628 2302 979 2342 nummorum
1014 2284 1185 2339 millia
1216 2284 1365 2337 ultro
1398 2281 1642 2351 largiens
1666 2319 1681 2343 .
1716 2286 1773 2333 ut

188 2402 215 2437 e.
249 2386 373 2437 suis
410 2382 519 2441 sibi
569 2380 860 2433 navarcbis
896 2377 961 2431 ad
997 2377 1050 2430 id
1095 2384 1282 2444 aptum
1334 2373 1569 2441 aliquem
1610 2371 1771 2426 classi

192 2475 458 2528 Romana:
514 2472 921 2541 praeﬁciendum
979 2467 1197 2521 darent.
1263 2464 1558 2517 Multitudo
1610 2476 1775 2531 porro

186 2580 561 2624 convenarum
609 2571 813 2616 temere
847 2576 944 2631 per
978 2561 1164 2613 urbem
1222 2572 1447 2626 vagans,
1490 2569 1671 2609 causa:
1706 2568 1769 2606 ac

188 2662 427 2716 fortunae.
454 2660 720 2713 societate
760 2656 811 2708 in
846 2668 1013 2707 unum
1042 2660 1229 2707 coacta
1260 2658 1489 2712 emtum,
1523 2648 1774 2717 querulis

190 2772 245 2810 se
269 2764 493 2817 mutuo,
523 2762 578 2805 ut
606 2750 719 2803 fieri
749 2748 908 2812 solet,
935 2744 1264 2800 incendebat
1292 2742 1545 2802 vocibus,
1571 2741 1776 2794 iterans

190 2862 309 2915 quae
342 2845 415 2897 de
438 2839 842 2913 vastationibus
866 2839 1152 2905 regionum
1180 2842 1332 2887 extra
1366 2832 1554 2886 urbem
1582 2832 1766 2899 gravia

194 2941 242 2991 in
305 2939 479 2990 horas
529 2942 583 2987 et
637 2930 972 2986 miserabilia
1019 2929 1439 2982 nuntiabantur.
1491 2925 1777 2979 Addebam

198 3025 427 3093 quidam
465 3022 771 3091 provinciis
796 3020 1022 3089 perditis
1056 3020 1331 3073 civitatem
1375 3032 1522 3071 nunc
1559 3018 1731 3085 ipsam
1760 3055 1774 3079 ,

199 3121 421 3173 unicum
454 3117 695 3172 cladium
732 3093 1061 3184 perfugium,
1096 3128 1263 3181 prope
1303 3126 1330 3163 a
1360 3112 1645 3162 dominatu
1675 3110 1776 3161 ho-

1875 1901 2105 1966 δοκοῖεν,
2134 1901 2302 1970 νήπια
2338 1902 2433 1969 μὲν
2462 1899 2519 1963 ἐξ
2542 1899 2857 1968 ἁφεδρῶνος
2880 1901 2934 1960 ἐς
2964 1897 3141 1967 στόμα
3166 1898 3279 1957 τοῖς
3303 1893 3455 1954 ίδίοις

1879 1992 2103 2055 παλτοῖς
2165 1991 2548 2062 ἐμπείρουσιν,
2591 1991 2803 2062 ἀνδρῶν
2848 1991 2905 2045 δὲ
2936 1992 3059 2050 τοὺς
3106 1987 3206 2058 μὲν
3241 2001 3457 2055 πυρπο-

3215 2118 3229 2143 6

1877 2172 1985 2236 nis,
2033 2173 2203 2226 multa
2246 2186 2495 2241 sperans,
2542 2180 2595 2225 et
2641 2183 2827 2241 parata
2875 2185 2996 2242 qua
3035 2169 3246 2224 diceret
3289 2169 3457 2223 domo

1876 2263 2147 2326 all'erens,
2195 2264 2367 2317 turba:
2414 2276 2560 2316 nunc
2589 2278 2753 2332 quam
2800 2274 2959 2317 antea
3009 2262 3209 2317 saevius
3250 2259 3457 2313 furenti

1880 2371 2051 2409 ausus
2086 2369 2407 2422 occurrere,
2448 2357 2671 2411 minime
2712 2355 2826 2425 jam
2870 2355 3237 2409 familiaribus
3268 2364 3457 2407 astan-

1882 2450 2013 2503 tium
2042 2450 2325 2504 obtutibus
2360 2450 2580 2505 territus
2612 2466 2675 2505 ac
2702 2450 2807 2505 sibi
2835 2451 2945 2506 vim
2990 2450 3087 2519 ipsi
3131 2450 3356 2513 timens,
3399 2450 3456 2504 in

1879 2542 2032 2598 lucro
2064 2544 2245 2613 posuit
2266 2543 2414 2612 quod
2443 2559 2471 2597 a
2500 2544 2653 2611 plebe
2690 2543 2802 2613 jam
2843 2544 3049 2597 imbuta
3075 2558 3273 2597 cruore
3304 2544 3455 2600 civili

1880 2635 2212 2691 incolumem
2245 2650 2557 2706 regressum
2592 2636 2914 2690 humillimis
2944 2637 3217 2691 eblandiri
3247 2639 3454 2693 valuis-

1879 2738 1961 2782 set
1988 2728 2289 2797 obsequiis.
2320 2726 2457 2781 llinc
2487 2728 2600 2795 jam
2628 2730 2704 2781 illi
2734 2730 2882 2783 velut
2916 2744 3093 2782 rerum
3124 2730 3266 2783 haud
3291 2730 3458 2785 dubie

1880 2829 2156 2887 potentes,
2216 2820 2569 2875 destinabant
2622 2820 2916 2889 direptioni
2962 2829 3131 2889 atque
3205 2820 3458 2875 incendio

1880 2912 2016 2965 alias
2048 2912 2263 2975 domos,
2299 2912 2605 2981 praesertim
2646 2927 2776 2965 vero
2810 2926 3141 2981 magnatum,
3173 2925 3330 2981 prout
3361 2927 3458 2968 eos

1882 3006 2082 3059 ducum
2118 3020 2369 3067 suorum,
2407 3005 2624 3059 cuidam
2660 3019 2950 3074 procerum
2986 3005 3337 3073 peculiariter
3369 3007 3458 3058 ln—

1884 3097 2179 3151 videntium
2216 3106 2310 3150 aut
2345 3098 2448 3150 alia
2476 3096 2542 3152 de
2569 3112 2731 3150 causa
2760 3097 3129 3164 infensorum,
3166 3097 3456 3154 malitiosa:

200 3213 365 3265 stium
400 3211 616 3263 abesse.
643 3207 701 3260 ln
721 3181 783 3261 ea
812 3181 1032 3275 impune
1066 3204 1291 3268 versari,
1322 3204 1667 3270 indulgenter
1700 3198 1781 3251 fo-
1812 3181 1852 3236 Ο
1887 3190 2267 3260 instigationes
2288 3190 2341 3241 in
2366 3204 2491 3242 eum
2519 3189 2891 3255 concitabant,
2912 3190 3069 3259 quasi
3099 3189 3216 3245 suis
3246 3194 3299 3245 in
3328 3192 3462 3246 aedi-

202 3304 309 3357 veri
344 3300 669 3361 Catelanos,
704 3299 866 3351 etiam
899 3306 1185 3365 postquam
1219 3296 1273 3346 in
1299 3292 1546 3358 ﬂagranti
1572 3290 1779 3344 scelere

194 3394 553 3449 consiliorum
628 3389 1002 3459 opprimenda:
1071 3387 1388 3455 reipublicae
1444 3383 1778 3453 deprehensi

197 3488 356 3539 modo
389 3485 525 3538 sint.
553 3480 704 3535 Haud
729 3498 869 3549 aegre
906 3482 1031 3533 hinc
1061 3480 1358 3533 devetttunt
1390 3478 1457 3531 ad
1482 3479 1776 3531 vehemens

196 3578 540 3643 prepositutn
593 3572 1035 3626 ulciscendorum
1088 3585 1254 3623 manu
1300 3569 1639 3622 nefariorum
1677 3567 1775 3621 ho-

197 3668 358 3716 stium
402 3664 672 3728 urbisque
707 3660 922 3715 funesta
956 3660 1263 3713 colluvione
1291 3652 1604 3727 purgandx.
1635 3658 1770 3709 Cum

198 3765 379 3805 autem
422 3753 810 3805 Catelanorum
848 3750 1139 3820 plerosque
1176 3758 1456 3816 receptum
1496 3746 1639 3816 apud
1676 3747 1779 3801 Pe»

198 3861 357 3898 tunam
402 3846 549 3896 inter
575 3843 895 3897 Genuenses
931 3842 1197 3911 qumsisse
1221 3850 1640 3910 cognoscerent,
1669 3839 1782 3893 illic

200 3952 343 3994 tutos
370 3956 401 3992 a
440 3938 622 4007 plebis
652 3937 1278 4003 Constantinopolitanze
1315 3935 1387 3997 vi,
1416 3944 1470 3986 at
1500 3949 1594 3987 eos
1631 3942 1779 3985 certe

201 4037 291 4102 qui
323 4030 531 4086 servati
574 4031 716 4082 intra
750 4030 941 4082 urbem
975 4026 1216 4097 contigui
1253 4025 1371 4079 suis
1412 4025 1536 4077 telis
1573 4032 1779 4084 essent,

205 4124 345 4176 haud
380 4122 592 4175 inultos
631 4119 990 4173 dimittendos
1027 4126 1364 4171 statuerunt.
1402 4114 1513 4169 Hoc
1559 4116 1781 4184 impulsi

205 4216 389 4267 furore
439 4227 609 4265 manu
644 4228 839 4279 magna
888 4212 1034 4263 facta
1084 4212 1231 4264 aedes
1280 4209 1551 4263 invadunt
1598 4208 1786 4261 llaulis

202 4306 409 4369 Crassi,
448 4303 539 4357 ubi
576 4304 718 4372 apud
759 4317 1011 4357 socerum
1054 4302 1325 4356 amerales
1352 4302 1615 4354 custodiri
1647 4298 1785 4355 fere-

204 4399 384 4450 batur.
427 4397 484 4449 ln
534 4411 654 4449 eam
698 4408 929 4447 nurnero
970 4394 1247 4456 maximo,
1285 4392 1673 4447 vociferatione
1720 4407 1784 4448 ac

202 4493 405 4557 impetu
450 4487 687 4542 vzesanis
720 4486 1086 4554 irrumpentes
1115 4483 1364 4547 domum,
1410 4483 1533 4538 dedi
1568 4484 1672 4539 sibi
1704 4486 1782 4537 la-

1884 3285 1989 3339 bus
2020 3285 2309 3338 Catelaunos
2338 3283 2740 3348 occultantem;
2770 3298 3003 3351 quarum
3039 3284 3293 3339 videlicet
3319 3301 3461 3356 pra:-

1887 3390 2038 3437 textu
2075 3380 2525 3441 scrutandarum,
2558 3378 2624 3431 ad
2656 3393 2752 3432 eas
2778 3378 2977 3433 deinde
3012 3380 3366 3447 diripiendas,
3396 3397 3460 3435 ac

1884 3472 1929 3525 si
1964 3473 2127 3526 ferret
2153 3475 2407 3540 impetus,
2441 3487 2562 3525 tnox
2619 3470 2989 3524 incendendas
3030 3474 3344 3526 occasionis
3382 3473 3461 3525 la-

1882 3564 2110 3628 cilitate,
2140 3564 2335 3632 praeda:
2359 3562 2609 3631 pellacia,
2637 3564 2934 3617 securitate
2964 3563 3306 3633 impunitatis
3342 3563 3463 3621 elle-

1884 3663 2000 3707 rata
2031 3653 2181 3723 plebs
2213 3654 2606 3722 impelleretur.

1882 3769 1974 3823 27.
2024 3768 2100 3822 De
2139 3770 2515 3837 apparentibus
2556 3785 2583 3822 e
2616 3768 2798 3822 Genua
2850 3771 3112 3824 sexdecim
3151 3770 3319 3839 longis
3362 3789 3462 3825 na—

2589 3842 2754 3893 cibus.

1958 3932 2025 3986 Et
2061 3934 2423 4002 processisset
2452 3936 2504 3986 in
2535 3934 2829 3986 maximam
2871 3934 3173 4003 perniciem
3201 3936 3458 3990 inchoata

1883 4035 1937 4079 et
1991 4035 2270 4079 auctorata
2304 4042 2563 4080 successu
2614 4029 2792 4095 primo
2850 4042 3064 4079 vaasana
3102 4029 3320 4082 licentia
3352 4030 3453 4082 do-

1887 4136 2074 4175 muum
2126 4123 2639 4192 expugnandarum,
2686 4122 2739 4175 ni
2793 4134 3018 4191 repente
3049 4139 3189 4177 nova
3225 4142 3310 4179 res
3361 4140 3459 4193 ap-

1887 4230 2088 4283 parens
2141 4217 2384 4269 civitatis
2422 4216 2689 4268 universaa
2744 4215 3030 4282 ipsiusque
3060 4217 3323 4269 concitati
3358 4232 3457 4284 po-

1886 4309 2001 4378 puli
2030 4308 2502 4376 exspectationem
2534 4316 2590 4360 et
2622 4305 2987 4374 cogitationes
3017 4308 3071 4361 in
3095 4323 3153 4363 se
3180 4309 3458 4363 vertisset.

1885 4398 1978 4451 illa
2028 4399 2289 4452 nimirum
2328 4399 2446 4465 ipsa
2499 4405 2660 4451 nocte
2713 4399 2765 4449 in
2808 4406 3165 4464 conspectum
3210 4398 3365 4451 urbis
3405 4414 3466 4453 se

1889 4489 2156 4543 dederunt
2188 4489 2427 4542 sedecim
2470 4503 2637 4542 naves
2684 4488 2855 4555 longa:
2887 4496 3102 4543 onusta
3132 4489 3407 4543 mercibus
3433 4505 3464 4544 e

203 4592 384 4635 tentes
435 4581 552 4635 illic
606 4578 898 4633 Catelanos
948 4576 1220 4649 ﬂagitant.
1263 4577 1501 4647 Moxque
1552 4579 1784 4633 incertis
1817 4560 1861 4615 Ῑ)
1891 4582 2103 4644 Genua,
2134 4590 2457 4650 exspectata:
2484 4582 2587 4633 illa:
2620 4580 2865 4648 quidem,
2908 4580 3002 4635 sed
3033 4580 3300 4635 beneﬁcio
3326 4583 3466 4637 lenis

205 4673 421 4727 consilii
460 4672 783 4725 domesticis
812 4670 962 4724 haud
994 4682 1077 4725 sat
1107 4675 1220 4726 cito
1251 4673 1670 4737 expedientibus
1702 4689 1789 4729 re-

204 4778 493 4832 sponsum,
523 4773 619 4817 aut
670 4763 852 4832 potius
888 4764 1030 4829 quod
1063 4764 1440 4832 imperabatur
1480 4780 1786 4834 exsequen-

201 4859 369 4917 tibus,
403 4857 534 4924 igne
566 4858 726 4909 tectis
757 4854 1009 4917 subiecto
1047 4856 1385 4910 domicilium
1440 4857 1493 4912 id
1526 4866 1696 4911 totum
1730 4859 1783 4912 in

199 4949 440 5001 cinerem
473 4948 751 5015 redigunt,
797 4947 1007 5008 multis,
1053 4947 1271 5001 interim
1296 4950 1424 5002 dum
1462 4950 1775 5003 incendium

201 5052 507 5107 grassatur,
543 5041 887 5093 crudelitatis
927 5050 982 5095 et
1016 5043 1258 5095 avaritia:
1291 5044 1344 5095 in
1377 5044 1781 5113 direptionibus

207 5148 388 5185 rerum
429 5143 483 5186 et
514 5135 775 5186 resistere
796 5148 1057 5186 ausorum
1083 5136 1234 5203 gravi
1269 5136 1589 5191 inuitatione
1623 5135 1779 5189 fami-

205 5225 421 5277 liarium
455 5225 621 5277 editis
657 5226 943 5293 exemplis.
982 5226 1041 5279 in
1088 5228 1174 5281 bis
1219 5226 1467 5281 Catelani
1520 5230 1641 5283 sine
1684 5244 1782 5297 spe

206 5317 378 5369 venia:
437 5332 538 5383 pro
602 5317 778 5383 capite
824 5328 989 5384 atque
1042 5319 1223 5371 anima
1278 5331 1586 5388 pugnantes
1636 5319 1780 5372 haud

209 5409 367 5460 inulti
399 5406 563 5476 533
594 5410 935 5469 ceciderunt,
972 5411 1167 5476 partint
1211 5413 1355 5463 lerro
1386 5415 1583 5479 partim
1619 5411 1778 5463 llam-

206 5516 312 5563 nta,
354 5515 383 5552 a
433 5514 652 5553 summa
688 5502 734 5552 vi
782 5504 1167 5555 annitentibus
1203 5504 1482 5557 seditiosis
1539 5506 1779 5574 denique

207 5593 544 5660 consumpti,
580 5593 792 5644 nemine
842 5592 954 5659 jam
989 5594 1227 5661 amplius
1270 5598 1544 5649 sustinere
1577 5608 1671 5649 aut
1706 5596 1782 5649 si-

207 5695 348 5735 stere
380 5697 489 5733 \‘Illl
517 5680 752 5733 ederata:
785 5682 1151 5737 multitudtnts
1182 5684 1413 5737 valente.
1442 5684 1576 5737 Nam
1602 5695 1656 5739 et
1683 5688 1787 5739 hoc

207 5784 437 5827 conatus
476 5774 786 5839 patriarcha
842 5790 899 5826 re
953 5774 1155 5827 infecta
1193 5785 1417 5829 coartus
1453 5788 1538 5830 est
1580 5779 1780 5832 redire.

209 5867 411 5936 Nempe
440 5867 534 5919 ille
565 5880 827 5918 successu
871 5866 1134 5919 invitatus
1179 5871 1379 5935 prioris
1412 5886 1521 5923 sua:
1565 5873 1781 5925 concio-

537 5964 790 6021 Parnm.
854 5964 969 6023 GR.
1005 5964 1265 6028 CXLIV.

1894 4677 2067 4731 austri
2125 4676 2288 4729 citius
2335 4690 2498 4743 quam
2555 4676 2883 4743 sperabatur
2934 4675 3292 4743 appellentes.
3351 4676 3465 4729 Sub

1894 4777 2017 4815 eum
2072 4763 2334 4830 temporis
2387 4763 2678 4815 articulum
2732 4762 2976 4817 Catelani
3024 4772 3077 4815 et
3134 4763 3466 4832 Amogabari

1893 4854 2096 4908 nostris
2130 4854 2477 4931 institoribus
2507 4853 2648 4919 apud
2685 4855 3053 4923 propinquum
3091 4854 3215 4907 urbi
3254 4857 3467 4919 navale,

1889 4944 2157 5014 Rhegium
2196 4948 2427 5007 dictum,
2457 4949 2836 4999 onerariarum
2876 4946 3167 5000 stationem
3201 4947 3462 5001 habenti-

1891 5042 2016 5100 bus.
2050 5056 2195 5095 saevo
2228 5039 2675 5109 supervenientes
2710 5039 2915 5106 impetu
2954 5047 3005 5091 et
3030 5038 3152 5091 loco
3186 5054 3250 5091 ac
3286 5041 3466 5106 praeda

1894 5132 1941 5179 vi
1976 5130 2158 5196 potiti,
2192 5145 2301 5196 quo
2329 5141 2593 5181 terrorem
2614 5129 2697 5181 sui
2733 5128 2843 5181 late
2877 5128 3089 5181 scilicet
3119 5140 3464 5198 spargerent,

1895 5224 2013 5276 dira
2038 5223 2379 5278 crudelitatis
2410 5224 2705 5291 plusquam
2746 5222 2957 5273 hostilis
2986 5224 3233 5290 exempla
3270 5223 3461 5275 edide-

1900 5323 2046 5369 runt.
2100 5313 2368 5367 Parvulos
2404 5314 2550 5367 enim
2618 5314 2728 5365 illic
2790 5321 3039 5382 repertos
3089 5313 3321 5380 tragulis
3372 5327 3469 5381 per

1899 5408 2147 5475 podicem
2182 5406 2233 5458 in
2268 5421 2330 5460 os
2374 5406 2638 5460 immissis
2680 5407 2829 5459 velut
2864 5421 2994 5457 veru
3043 5405 3467 5470 trattslixerant;

1893 5502 2196 5554 adultiores
2249 5509 2453 5565 autem,
2486 5498 2645 5569 535.
2682 5499 2770 5551 ubi
2817 5500 2970 5567 prius
3005 5506 3295 5566 coegerant
3336 5512 3469 5566 pro-

1895 5593 2026 5660 priis
2063 5591 2305 5643 humeris
2337 5606 2424 5643 res
2460 5592 2698 5658 ipsorum
2734 5589 2878 5643 ferre
2912 5604 3022 5656 quo
3052 5603 3207 5642 suam
3238 5589 3467 5657 congeri

1894 5684 2131 5751 praedam
2185 5683 2285 5735 feri
2336 5682 2574 5735 latrones
2607 5682 2881 5744 volebant,
2912 5682 3110 5735 deinde
3158 5681 3470 5734 immaniter

1898 5774 2325 5837 trucidaverant,
2364 5786 2669 5841 iacturaque
2698 5774 2783 5826 his
2815 5782 3183 5826 consentanea
3220 5774 3467 5825 lem-rant

1896 5869 2165 5925 barbaria:
2218 5867 2455 5920 furorem
2508 5868 2688 5921 omnis
2739 5868 2897 5937 longe
2944 5876 3239 5933 superante
3280 5862 3466 5933 Stygia

2962 5961 3035 6022 19
