4190 6438
225 406 327 468 .593

218 608 514 677 ζυγοῦτθαι
534 608 634 669 τὰς
659 609 758 675 τῆς
785 607 993 669 πόλεως
1016 607 1193 671 πύλας
1221 607 1612 676 προσέταττεν.
1640 607 1810 672 ἁναρ·

212 699 320 754 τῶν
351 702 411 753 τὸ
443 700 689 770 πραχθὲν
718 702 798 763 είς
824 701 1007 770 κρίσιν
1039 700 1133 753 τοῦ
1169 701 1527 769 κουμουνίου,
1568 700 1793 760 μέλλον-

210 812 301 855 τος
355 794 549 865 ἑτέρου
605 794 748 846 κατὰ
791 794 990 846 πύστιν
1043 796 1168 847 ὅσον
1228 794 1329 847 οὐκ
1364 793 1466 863 ἤδη
1497 794 1596 862 τὴν
1633 792 1807 862 ἀρχὴν

210 888 585 958 διαδέχεσθαι.
636 888 821 958 Ταῦτα
880 887 1265 956 Μπυριγέριος
1326 890 1449 939 τότε
1504 887 1580 949 ὡς
1632 886 1809 955 λαϐὴν

209 978 503 1047 προῦτεινε
562 979 887 1042 σκανδάλου,
942 978 1037 1030 καὶ
1065 977 1386 1048 ἀλλοτριοῦν
1413 975 1506 1031 τοῦ
1540 977 1809 1047 βασιλέως

207 1073 306 1132 τὰς
362 1070 593 1123 ὲκείνων
626 1070 852 1139 γνώμας
887 1070 1109 1139 ἐπείρι,
1141 1069 1218 1141 μὴ
1244 1069 1421 1133 εἰδὼς,
1463 1071 1495 1137 ἦ
1537 1074 1633 1123 καὶ
1666 1070 1808 1123 ἑκὼν

213 1162 596 1232 παραλείπων,
616 1162 691 1225 ὡς
717 1161 967 1231 βασιλεὺς
991 1161 1207 1229 φθάσας
1226 1162 1411 1229 σφίσιν
1429 1160 1807 1229 ὲξευμενίξετο

211 1256 305 1307 καὶ
348 1253 683 1323 ξυμμάχους
736 1254 1214 1324 προπλάμόανεν,
1262 1255 1644 1322 ἀγγελθέντων
1693 1255 1807 1307 τῶν

208 1348 404 1409 αὐτοῖς
435 1347 857 1417 πραττομένων.
899 1344 986 1408 Ὠς
1025 1347 1167 1416 ἀωρὶ
1206 1347 1315 1399 τῶν
1353 1348 1570 1400 νυκτῶν
1602 1350 1634 1417 ὴ
1671 1352 1805 1412 ναῦς

208 1440 423 1509 ἐπέστη
467 1442 565 1495 καὶ
596 1442 697 1510 ἤδη
738 1441 1082 1502 Γεννουϊταις
1116 1442 1148 1510 ἡ
1180 1441 1286 1493 τῶν
1326 1441 1472 1508 νηῶν
1502 1444 1805 1512 ἠγγέλλετο

209 1532 427 1599 ἄφιξις,
454 1532 684 1599 προσέτι
715 1532 768 1583 δὲ
799 1533 890 1584 καὶ
912 1531 974 1583 τὸ
996 1533 1249 1600 ποιητέον
1266 1533 1513 1599 ἐζητεῖτο
1535 1534 1608 1597 ὡς
1640 1534 1803 1596 εὐθὺς

209 1621 677 1689 ὑποστρεψόντων
708 1624 799 1675 καὶ
828 1624 1170 1689 κομισόντων
1202 1624 1301 1686 τὰς
1329 1624 1615 1691 ἀγγελίας,
1640 1626 1802 1689 εὐθὺς

210 1716 418 1766 ἐκεῖνοι
473 1714 628 1781 παρὰ
664 1712 887 1782 βασιλέα
947 1714 1054 1767 ὑπὸ
1110 1715 1467 1785 λαμπτῆρσιν
1500 1719 1801 1788 ἀφιγμένοι

209 1807 309 1869 τὰς
338 1806 558 1860 ἐκεῖθεν
600 1808 941 1877 ὲκχωρήσεις
978 1808 1310 1879 ἐλάμϐανον,
1345 1810 1421 1874 ὡς
1443 1813 1491 1864 εί
1529 1813 1630 1878 μὲν
1663 1814 1790 1866 ὑπο-

209 1992 350 2045 nibil
392 1992 579 2046 minus
613 1995 929 2062 opinantem
990 1996 1292 2051 exarclium
1329 1996 1656 2054 Pisanorum
1721 2008 1801 2054 tot

207 2100 335 2137 eum
396 2094 753 2140 cruentatum
788 2089 1009 2143 ensiuut
1067 2089 1270 2146 ictibus
1328 2093 1695 2161 reliquerunt,
1742 2103 1801 2147 ut

208 2178 382 2232 miser
415 2195 444 2230 a
481 2183 597 2234 Sitis
652 2196 682 2234 e
736 2182 1077 2237 carniﬁcinae
1109 2183 1233 2239 loco
1265 2199 1389 2240 cum
1427 2187 1636 2241 modica
1702 2204 1801 2257 spe

209 2271 339 2325 vita
373 2271 637 2326 manibus
684 2273 906 2328 domum
970 2275 1296 2333 referretur.
1345 2277 1479 2341 Hoc,
1540 2289 1596 2333 ut
1658 2292 1798 2348 erat,

210 2363 265 2416 in
308 2365 396 2417 sui
442 2366 837 2419 contumeliam
910 2367 1315 2424 intolerabilem
1386 2374 1590 2426 factum
1629 2374 1803 2428 inter.

212 2464 470 2522 pretatus
528 2459 824 2526 imperator
877 2461 1146 2515 continuo
1210 2472 1499 2532 praetorem
1544 2466 1802 2523 Galaten-
1852 2506 1857 2509 -

212 2549 379 2613 sinm,
429 2551 482 2603 in
534 2552 794 2605 comitatu
837 2553 903 2606 ad
942 2569 1030 2608 res
1060 2555 1303 2623 ipsorum
1351 2560 1629 2613 curandas
1672 2577 1794 2613 ver-

213 2641 322 2693 sari
360 2642 610 2703 solitum,
664 2658 928 2710 apparere
963 2644 1227 2716 deinceps
1260 2664 1446 2703 coram
1477 2667 1536 2705 se
1600 2655 1796 2717 vetuit,

214 2732 467 2801 ipsisque
498 2733 564 2785 ad
619 2734 737 2790 dies
769 2737 978 2806 aliquot
1024 2742 1279 2810 praecepit
1310 2744 1559 2799 obserari
1611 2757 1800 2815 portas

213 2830 391 2889 urbis,
452 2845 553 2883 nec
610 2830 662 2882 in
724 2846 843 2884 eam
879 2833 973 2887 ulli
1036 2848 1229 2889 eorum
1288 2837 1494 2891 aditum
1533 2841 1796 2904 permitti.

216 2916 342 2973 "me
398 2922 481 2975 sic
550 2922 833 2990 Augustus
901 2927 1037 2995 egit,
1075 2942 1299 2982 sensum
1333 2932 1555 2998 quidem
1585 2933 1799 3001 injuriae

214 3009 565 3077 signiﬁcans,
596 3012 717 3080 ejus
776 3024 956 3069 tamen
994 3016 1261 3073 ultionem
1330 3021 1575 3077 nomium
1638 3040 1799 3078 exse-

213 3117 393 3168 quens
423 3120 437 3168 ;
464 3104 629 3170 cujus
664 3108 1037 3176 cognitionem
1096 3115 1489 3168 reservandam
1527 3116 1794 3183 integram

1121 399 1215 457 DE
1260 398 1706 457 ANDRHNIC‘.)
1744 393 2205 456 l’ALl‘LHLUCC
2259 404 2397 449 t.tt'..
2447 394 2542 451 Vl.

220 521 324 573 τῶν
356 518 688 572 Γεννουῖτῶν
721 519 980 587 ἄρχοντα,
1010 518 1103 570 καί
1138 536 1263 586 σφιν
1297 519 1383 587 ἐφ’
1415 518 1657 587 ἡμέραις
1684 517 1809 567 ἐπι·
1839 514 1891 572 Δ
1916 512 2154 563 κλιθείεν
2180 513 2598 579 ἀντιςιαχιησιν,
2629 530 2669 559 .τ

3384 391 3493 453 584

2721 541 2747 558 -ι
2802 518 2915 559 ιώ.
2966 524 3110 556 -ιιιτ
3199 509 3358 566 ;.⁸)ὲ;
3392 526 3494 561 πο-

1914 602 2121 669 λεμεῖν,
2158 603 2252 653 καὶ
2286 601 2525 669 πλήθους
2552 599 2747 667 συχνοῦ
2786 602 3000 669 πρωῖας
3074 606 3155 647 t'w
3244 596 3365 649 τριοῦ
3400 598 3490 649 τοῦ

1917 696 2013 765 μὲν
2047 694 2187 747 κατὰ
2235 695 2331 751 τάς
2358 694 2531 754 ἀκτὰς
2588 694 2921 761 στησομένου
2961 698 3096 761 1:51;
3126 695 3159 745 ἄ
3188 711 3364 753 uva-2,
3400 694 3490 745 τοῦ

1910 790 1956 842 δ’
1980 790 2161 842 ἁλιάσι
2192 787 2504 839 διαποντίου
2528 787 2898 855 γενησομένου
2923 804 2936 818 ο
2974 786 3097 839 οὐδὲ
3126 790 3230 852 γὰρ
3264 792 3357 836 ἀπς
3378 788 3492 834 flr-

1908 882 2031 950 ψεν,
2060 881 2136 939 ὡς
2172 881 2334 942 αὐτὸς
2363 881 2460 948 μὲν
2492 880 2551 931 οὔ
2581 879 2850 946 ποιήσων,
2888 880 3023 947 προς
3065 881 3307 931 ὲκείνου;
3336 880 3387 929 δε
3444 878 3493 928 το
3524 892 3527 895 ·

1910 976 2018 1027 πᾶν
2042 973 2372 1042 πράξοντας.
2412 973 2573 1041 Σφίσι
2629 976 2727 1042 μὲν
2750 971 2843 1025 οῦν
2884 973 2943 1025 τὸ
2971 974 3098 1035 δάος
3123 968 3193 1043 ἦν
3222 974 3279 1024 ὲν
3312 973 3489 1042 χερῶν,

1910 1070 2003 1121 καὶ
2035 1069 2400 1137 ὑπέστρεφον.

1909 1186 2012 1240 κθ¹.
2048 1186 2249 1252 Ὅπως
2282 1186 2668 1257 Ἀμογάσιιροί
2698 1204 2764 1257 re
2807 1186 2905 1240 καὶ
2956 1184 3287 1241 Κατελάνοι
3326 1202 3494 1239 κατε-

2476 1256 2933 1325 magni/incute.

1981 1352 2248 1413 Βασιλεὺς
2306 1350 2392 1423 [Ρ.
2444 1349 2708 1420 375-376]
2753 1350 2809 1402 δὲ
2861 1350 3094 1421 μυρίους
3143 1350 3311 1419 eget:
3374 1348 3495 1417 μεθ’

1905 1444 2107 1506 ὃπλων,
2144 1442 2390 1510 πορθμὸς
2430 1443 2475 1494 δ’
2506 1434 2661 1502 οὗτος
2700 1444 2849 1511 νηῶν
2882 1442 3196 1513 ἐπληροῦτο
3226 1444 3492 1497 διαπλωῖ-

1910 1535 2152 1602 σομένων
2182 1534 2317 1603 πρὸς
2359 1536 2598 1603 Ῥήγιον.
2646 1533 2818 1587 υῠπω
2869 1536 2926 1587 δὲ
2957 1536 3141 1598 καλῶς
3182 1536 3494 1604 ἐπέστησαν

1905 1629 1952 1679 οἱ
1991 1627 2357 1695 πεμφθέντες,
2417 1629 2694 1691 κάκείνοις
2723 1628 2782 1694 ἐξ
2834 1630 3060 1683 ἑωθινοῦ
3118 1630 3324 1700 στερρὰ
3363 1648 3490 1681 συν-

1909 1722 2094 1773 ίστατο
2117 1722 2291 1790 μάχη.
2324 1721 2485 1775 τοῦτο
2516 1723 2614 1789 μὲν
2644 1724 2738 1774 καὶ
2770 1722 2861 1775 διὰ
2900 1723 3000 1793 τὴν
3031 1723 3286 1775 ἐντεῦθεν
3318 1721 3492 1792 ὃήλωὶ

1906 1830 2010 1877 σιν,
2039 1814 2198 1867 τοῦτο
2222 1813 2279 1866 δὲ
2314 1814 2408 1866 καὶ
2449 1816 2651 1884 τρόπον
2683 1815 2956 1885 ἀνάγκης.
2995 1815 3100 1869 Τοῦ
3134 1816 3245 1886 γὰρ
3268 1818 3489 1882 Μπυοι-

1904 2000 2149 2069 ipsorum
2201 1998 2559 2068 imperatoris
2616 1999 2918 2062 voluntate,
2969 2008 3243 2068 negarunt
3282 1999 3485 2052 ilelibe-

1904 2092 2135 2146 randum
2195 2108 2319 2147 esse
2372 2094 2631 2162 amplius,
2684 2108 2809 2147 cum
2873 2094 3069 2163 ipsene
3101 2110 3169 2147 an
3211 2109 3333 2147 cum
3366 2096 3487 2155 eius

1902 2185 2156 2239 hostibus
2220 2186 2579 2256 Amogabaris
2654 2202 2804 2240 arma
2879 2187 3304 2257 conjungerent.
3382 2186 3488 2240 Pro

1905 2278 2063 2339 urbe,
2111 2292 2231 2345 qua‘:
2289 2278 2425 2346 ipsis
2477 2277 2788 2331 communis
2823 2291 2949 2331 cum
3010 2277 3274 2331 Romanis
3326 2280 3484 2343 quasi

1905 2369 2082 2437 patria
2108 2379 2272 2430 esset,
2310 2369 2432 2422 sine
2465 2369 2571 2421 ulla
2600 2369 2954 2423 cunctatione
2982 2371 3339 2437 pugnandum
3367 2385 3487 2423 ειμι·

1904 2463 2168 2517 adversus
2252 2462 2401 2517 illius
2458 2474 2888 2532 oppugnatores.
2959 2462 3073 2516 lloe
3134 2465 3331 2517 nuntio
3418 2462 3484 2517 ad

1903 2556 2136 2609 classem
2190 2556 2527 2625 operientem
2579 2556 2713 2610 foris
2773 2557 2825 2610 in
2890 2557 3010 2611 salo
3071 2572 3169 2619 per
3231 2557 3487 2609 celeriter

1905 2632 2180 2701 reversam
2238 2649 2403 2702 allato
2457 2650 2725 2703 triremim
2786 2650 3064 2702 subitnex
3133 2665 3196 2702 ea
3257 2649 3486 2714 ἀιειοιμειὶ

1903 2742 2124 2810 quidam
2179 2741 2248 2796 ad
2313 2743 2702 2809 imperatorem
2760 2742 2989 2811 profecti
3025 2752 3185 2795 nocte
3244 2742 3359 2808 ipsa
3398 2742 3484 2791 in-

1905 2842 2200 2902 tempesta,
2249 2835 2679 2904 prtelucentibus
2742 2834 2977 2897 lacibus,
3046 2834 3269 2888 admissi
3303 2834 3371 2885 ab
3423 2850 3488 2885 eo

1903 2928 2240 2997 perbenigne
2295 2937 2443 2982 sunt.
2506 2928 2583 2982 Eo
2632 2928 2910 2994 colloquio
2966 2928 3330 2981 constitutum
3404 2932 3489 2979 est

1903 3024 2138 3077 classem
2178 3022 2632 3090 Amogabaricam
2666 3031 2717 3074 et
2750 3020 3144 3081 Catelanicam,
3198 3020 3300 3073 nisi
3340 3019 3483 3072 ultro

1903 3116 2128 3183 eligeret
2161 3114 2355 3168 cedere
2402 3115 2753 3182 acceptisque
2814 3116 2966 3184 pacis
3029 3113 3242 3178 legibus
3309 3115 3484 3174 abire,

214 3196 432 3262 putavit
502 3198 661 3252 novis
718 3201 1139 3269 magistratibus
1198 3204 1597 3263 Galatensium.
1663 3209 1796 3264 Nam
1828 3230 1873 3292 ο
1904 3206 2082 3275 primo
2119 3220 2278 3258 mane
2331 3203 2543 3272 junctis
2594 3204 2832 3257 viribus‘
2863 3204 3234 3257 Romanorum
3270 3213 3324 3257 et
3377 3202 3486 3256 Ge-

217 3289 535 3357 respublica
565 3289 783 3345 illorum
818 3295 1050 3347 concilio
1077 3296 1317 3363 quodam
1350 3300 1567 3367 publico
1626 3302 1797 3356 lecto-

214 3394 338 3432 rum
366 3396 397 3436 e
430 3390 594 3449 gente
635 3398 926 3450 procerum
960 3385 1390 3455 gubernabatur,
1451 3392 1611 3461 cujus
1677 3403 1795 3448 erat

216 3472 475 3541 regimini
527 3483 743 3527 certum
773 3479 1041 3546 temporis
1098 3480 1337 3549 spatium
1394 3485 1797 3554 praescriptum.

217 3564 330 3621 lloc
346 3574 548 3621 exacto
578 3567 724 3621 aliud
747 3574 1105 3625 communium
1130 3573 1392 3643 (sicenim
1423 3575 1475 3629 id
1506 3578 1796 3646 collegium

217 3677 306 3717 res
379 3664 563 3729 gentis
623 3664 1128 3721 administrantium
1215 3670 1542 3740 vocabatur)
1624 3674 1796 3741 priori

216 3756 574 3811 succedebat.
602 3757 739 3811 Cum
774 3759 941 3829 igitur
972 3761 1217 3816 audisset
1250 3763 1550 3833 imperator
1594 3767 1802 3822 instare

218 3849 381 3903 istius
435 3850 759 3904 mutationis
815 3851 985 3914 diem,
1035 3864 1089 3909 et
1119 3871 1247 3909 mox
1298 3872 1472 3914 novos
1518 3859 1801 3929 delegatos

216 3943 485 4013 abrogato
516 3945 797 4000 veteribus
840 3946 1076 4016 imperio
1108 3949 1350 4005 habenas
1387 3968 1566 4005 rerum
1611 3971 1805 4025 sump-
1854 3970 1857 3973 λ

215 4037 375 4091 tu'ros
403 4038 460 4091 in
510 4040 730 4100 manu;
776 4041 919 4108 apud
976 4041 1099 4105 hos,
1147 4044 1236 4096 ubi
1276 4046 1662 4112 magistratum
1697 4049 1807 4103 ini-

216 4130 455 4193 rissent,
480 4132 841 4200 expostulare
874 4133 941 4187 de
959 4131 1146 4188 Pisani
1173 4138 1397 4190 exarclii
1448 4141 1806 4207 Oppressione

214 4224 563 4278 decreverat.
621 4223 779 4277 Talia
818 4241 983 4293 porro
1038 4225 1489 4299 Mpyrigeriusin
1524 4248 1587 4285 ea
1639 4250 1803 4301 quam

215 4315 382 4365 retuli
416 4313 484 4367 ad
518 4312 847 4369 Genuenses
878 4331 1108 4385 peregre
1160 4316 1520 4373 adventantes
1553 4325 1807 4381 oratione

214 4404 416 4470 cupide
451 4414 509 4457 ut
542 4408 1451 4477 ansamOpportunamarripuerat
1492 4413 1798 4469 alienandis

216 4494 285 4545 ab
315 4493 597 4562 obsequio
650 4494 1002 4563 imperatoris
1036 4497 1257 4551 illorum
1284 4503 1485 4558 animis
1511 4508 1799 4575 atrocique

1909 3296 2197 3351 uuensium
2229 3296 2676 3365 oppugnandam.
2717 3295 2974 3349 Promisit
3016 3296 3313 3360 imperator
3360 3311 3485 3347 cunt

1909 3390 2085 3459 prima
2124 3390 2244 3441 luce
2301 3390 2654 3457 apparituras
2687 3386 2968 3441 Romanas
3003 3388 3216 3455 copias,
3286 3383 3485 3455 partim

1910 3482 2208 3550 dispositas
2256 3496 2354 3550 per
2416 3495 2573 3532 oram
2610 3479 2777 3532 maris
2832 3479 2899 3533 ad
2959 3478 3315 3547 jaculandum
3360 3478 3486 3531 inde

1909 3580 1965 3629 in
1999 3574 2311 3636 Catelanos,
2374 3573 2573 3640 partim
2626 3588 2657 3627 ο
2724 3572 2840 3641 ripa
2899 3583 3118 3627 evectas
3169 3571 3488 3641 piscatorlis

1908 3667 2167 3728 navibus,
2200 3674 2261 3719 ut
2283 3664 2471 3734 praelio
2507 3663 2689 3718 navali
2731 3679 2832 3733 pro
2862 3663 3006 3718 virili
3045 3680 3159 3718 rem
3185 3672 3440 3733 gererent
3470 3682 3482 3717 :

1909 3761 2057 3816 nolle
2093 3760 2298 3828 quippe
2339 3774 2396 3811 se
2420 3758 2561 3811 dixit
2591 3773 2721 3812 suos
2746 3756 2958 3812 etiosos
2986 3760 3177 3812 sedere
3209 3765 3487 3827 spectato-

1912 3869 2000 3908 res
2036 3852 2360 3907 certaminis
2392 3852 2694 3914 sociorum,
2721 3850 2817 3905 sed
2842 3861 3049 3920 partem
3080 3852 3230 3920 ipsos
3288 3850 3487 3904 laboris

1914 3963 1979 4003 ac
2007 3948 2263 4017 periculi,
2304 3954 2362 3999 ιιι
2394 3957 2828 4000 consentaneum
2857 3956 2999 4009 erat,
3038 3961 3134 4015 pro
3181 3948 3289 4001 aris
3324 3946 3490 3999 locis-

1908 4055 2017 4110 que
2072 4039 2334 4094 certando
2367 4052 2678 4105 capessere.
2716 4036 2800 4091 Ab
2854 4037 2939 4090 liis
2970 4038 3255 4090 conventis
3313 4037 3488 4105 dign--

1907 4136 2123 4189 dientes
2150 4136 2219 4188 ab
2250 4135 2497 4201 Augusto
2520 4131 2680 4200 legati
2714 4130 3037 4184 Genuenses
3061 4146 3157 4199 per
3189 4140 3490 4183 nocturnas

1907 4228 2089 4282 adhuc
2147 4224 2427 4290 tenebras,
2489 4239 2617 4278 cum
2655 4221 2829 4277 funali
2878 4216 3138 4294 quisque’
3180 4225 3236 4278 in
3296 4237 3485 4287 manu,

1906 4320 2140 4389 regressi
2176 4319 2244 4374 ad
2282 4334 2417 4373 suos
2444 4325 2593 4373 sunt.

1982 4456 2071 4511 29.
2108 4454 2173 4509 Ut
2204 4454 2529 4523 Amogabari
2554 4464 2598 4505 et
2625 4452 2871 4505 Catelani
2901 4452 3086 4519 pru'liu
3133 4452 3252 4503 victi
3285 4451 3413 4501 sint.

216 4587 283 4641 its
310 4587 619 4641 inserendo
653 4587 706 4641 in
743 4590 919 4655 ipsum
950 4591 1100 4645 odio.
1124 4589 1331 4661 Nempe
1359 4605 1453 4649 aut
1488 4598 1795 4666 nesciebat,
1831 4588 1876 4642 Ι)
1979 4597 2377 4651 Eduxitautem
2405 4594 2700 4659 imperator
2719 4589 2907 4643 decem
2928 4595 3265 4641 armatorum
3292 4586 3482 4641 millia.

214 4690 312 4731 aut
343 4680 538 4734 sciens
572 4680 989 4745 dissimulabat,
1026 4684 1301 4751 placatum
1334 4687 1605 4756 ultrojam
1637 4690 1802 4762 5&0

212 4782 381 4826 antea
413 4771 803 4827 Genuensibus
868 4775 1275 4844 imperatorem.
1335 4780 1547 4848 prolixa
1600 4798 1797 4852 perpe-

211 4878 332 4916 ram
397 4874 651 4918 actorum
709 4866 1003 4934 impertitis
1033 4869 1218 4929 venia,
1259 4872 1426 4924 etiam
1496 4876 1797 4929 renovandi

217 4955 453 5011 ltederis
480 4958 973 5027 instauratiquue
1002 4960 1285 5016 societatis
1320 4964 1811 5045 probatasaccepi

214 5059 416 5119 tasque
446 5050 584 5119 ipsis
616 5051 966 5107 conditiones
998 5054 1289 5109 obtulisse.
1346 5055 1403 5109 Id
1438 5058 1529 5113 ille
1564 5050 1802 5115 istrenue

212 5150 707 5210 praeoccupaverat
771 5143 994 5207 facere,
1071 5147 1328 5200 nuntiato
1378 5150 1481 5217 ipsi
1559 5153 1798 5207 adventu

213 5237 421 5303 sapius
449 5244 881 5290 memoratarum
912 5254 941 5291 e
998 5237 1186 5292 Genua
1212 5243 1540 5305 triremium,
1592 5256 1643 5297 et
1675 5247 1801 5300 inde

214 5339 336 5383 orto
396 5339 550 5383 metu
584 5330 817 5396 provido
869 5330 1276 5384 imminentium
1333 5333 1454 5385 urbi
1506 5336 1798 5401 malorum,

213 5422 256 5474 si
312 5436 419 5484 θαι,
479 5421 695 5489 junctis
759 5424 1062 5488 praesertim
1099 5438 1222 5477 cum
1271 5425 1448 5479 classe
1484 5424 1799 5482 Catelanica

213 5517 457 5578 viribus,
483 5524 679 5584 aperto
698 5515 846 5569 bello
875 5505 1152 5570 Romanos
1187 5515 1560 5571 adorirentur.
1609 5518 1801 5588 Itaque

216 5612 394 5673 navis,
431 5606 601 5676 quam
630 5608 899 5670 diximus,
933 5609 999 5663 ad
1030 5608 1424 5679 explorandum
1446 5611 1613 5664 missa
1635 5613 1801 5667 simul

215 5706 427 5774 appulit
458 5702 707 5757 Galatam
723 5713 778 5759 et
806 5704 1008 5758 missos
1042 5703 1109 5756 ad
1139 5704 1583 5771 cognoscendum
1613 5720 1796 5759 rerum

216 5809 417 5850 statum
475 5796 736 5865 exposuit
784 5797 839 5850 in
900 5796 1081 5865 littus,
1131 5795 1423 5852 confestim
1475 5796 1511 5849 ii
1544 5798 1725 5853 edocti
1770 5813 1797 5853 a

218 5890 668 5951 moderatoribus
729 5888 1048 5963 reipublica:
1102 5890 1171 5948 de
1231 5890 1437 5961 Optima
1488 5892 1542 5946 in
1577 5905 1794 5963 gentem

1908 4704 2049 4759 quos
2086 4702 2204 4757 qua?
2247 4686 2494 4738 ferebant
2561 4697 2727 4736 naves
2760 4680 3027 4748 Rhegium
3079 4691 3275 4733 euntes
3335 4688 3486 4731 tanto

1908 4790 2067 4836 erant
2136 4793 2381 4837 numero,
2426 4783 2482 4827 ut
2521 4774 2829 4828 totumhoc
2862 4773 3031 4825 maris
3088 4772 3325 4838 spatium
3380 4785 3491 4835 quo

1910 4874 2042 4928 urbs
2081 4887 2108 4924 a
2153 4870 2360 4937 lilwgio
2390 4868 2670 4921 dirimitur
2716 4867 2783 4919 iis
2813 4863 3019 4932 expleri
3076 4864 3373 4916 videretur.
3405 4860 3483 4914 Ex

1909 4974 2065 5035 parte
2091 4978 2254 5032 porro
2289 4960 2690 5021 Genueusium,
2758 4958 2977 5011 vixdum
3039 4956 3197 5024 plene
3248 4956 3486 5008 reversis

1911 5075 2051 5128 quos
2082 5057 2150 5109 ab
2184 5056 2251 5107 iis
2280 5053 2345 5106 ad
2382 5056 2688 5121 Augustum
2719 5052 2912 5103 missos
2943 5050 3207 5108 diximus.
3240 5062 3269 5099 a
3310 5048 3488 5113 primo

1909 5151 2153 5206 diluculo
2207 5160 2333 5200 acer
2366 5157 2447 5198 est
2491 5146 2733 5213 impetus
2788 5142 2842 5194 in
2875 5143 3249 5205 Amogabaros
3282 5139 3481 5192 factus.

1907 5246 2085 5299 Causa
2119 5238 2593 5312 properandiluit,
2634 5236 2789 5307 54],
2826 5244 3024 5303 przeter
3052 5234 3245 5286 allatas
3276 5248 3305 5286 a
3339 5233 3487 5293 lega-

1907 5341 1978 5394 tis
2039 5334 2431 5389 conventiones
2496 5347 2620 5383 cum
2686 5332 3013 5397 imperatore
3072 5326 3258 5388 initas,
3318 5325 3483 5377 etiam

1911 5446 2048 5485 nova
2092 5427 2393 5482 necessitas
2422 5425 2547 5478 inde
2578 5432 2695 5476 orta
2722 5422 2871 5490 quod
2907 5436 3001 5489 per
3034 5428 3247 5472 noctem
3279 5418 3487 5486 Mpyri-

1909 5523 2117 5591 gerium
2183 5526 2588 5586 compererant,
2641 5517 2924 5583 desperata
2978 5527 3103 5565 eum
3158 5512 3485 5563 ductoribus

1908 5614 2106 5669 classis
2138 5612 2447 5666 Genuensis
2502 5625 2657 5679 pace,
2694 5614 2944 5659 tentasse
2983 5606 3223 5657 alienare
3255 5603 3487 5656 classia-

1910 5708 2021 5763 rios
2045 5707 2113 5759 ab
2143 5706 2313 5773 ipsis:
2354 5707 2786 5758 circumvc'ctum
2818 5701 2965 5753 enim
3002 5698 3250 5750 triremes
3283 5709 3482 5748 navar-

1908 5803 2043 5856 cbos
2072 5800 2414 5863 singularum
2450 5811 2656 5859 magna:
2687 5795 2929 5863 pecuniae
2977 5791 3472 5860 pollicitationiluts

1909 5896 2139 5951 delinire
2165 5894 2463 5951 studuisse.
2497 5904 2545 5947 ut
2593 5909 2769 5952 IHIJtta
2806 5895 3177 5957 temperarent
3204 5899 3481 5952 navesque
