4190 6438
232 380 335 442 597

1166 391 1259 449 DE
1301 390 1744 452 ANDRONICO
1784 391 2250 452 PALASOLOGO
2294 392 2434 453 LIB.
2476 394 2570 451 Vl.

3387 392 3493 453 508

224 490 287 550 λ’.
318 493 517 558 ὀπως
548 494 921 563 ἐσφάλησαν
945 501 1093 553 κατὰ
1124 503 1395 571 πόλεμον
1419 507 1474 559 al
1514 505 1809 574 Ῥωμαῖοι.
1842 510 1885 563 Δ
1918 521 1997 557 νοι
2019 504 2130 556 τῶν
2146 503 2354 560 κακῶν.
2380 504 2569 557 ἄνετον
2598 505 2743 557 είων.
2768 504 2842 558 Τδ
2864 499 2994 575 δ’ἦν
3022 505 3209 574 ἀπάτη
3234 520 3249 535 ο
3274 504 3491 575 καὶγὰρ

291 582 516 635 Βασιλεῖ
563 583 608 636 δ’
643 585 894 640 ἐντεῦθεν
933 593 1156 657 φροντὶς
1201 588 1269 661 ἢν
1304 594 1419 655 πῶς
1449 594 1515 647 ἂν
1544 595 1799 665 μετέλθοι

219 674 346 735 τοὺς
370 675 513 728 κατὰ
544 675 643 745 τὴν
666 678 919 742 Καλλίου,
947 682 1071 734 ἐπεί
1099 684 1181 736 τοί
1211 701 1274 752 γε
1319 687 1410 738 καὶ
1446 686 1670 756 βοήθεια
1702 690 1801 759 μὲν

222 765 454 826 ἱκείνοις
504 767 812 836 ἠγγέλλετο
861 773 1283 839 παραγίνεσθαι,
1326 777 1556 843 ἠκούετο
1609 778 1666 831 δὲ
1708 780 1801 831 καὶ

220 852 295 917 ὥς
351 856 567 927 Πέρσας
602 859 666 911 ὲκ
702 861 797 927 τῆς
856 864 1089 932 περαίας
1123 868 1307 919 καλεῖν
1359 867 1652 938 βούλοιντο.
1696 874 1801 925 Καὶ

218 950 265 999 οὶ
304 940 453 1016 αμφὶ
496 950 587 1001 τὸν
636 952 789 1006 νόθον
841 955 897 1008 δὲ
950 956 1043 1009 τοῦ
1094 959 1417 1030 Θευδερίχου
1467 964 1803 1035 αὐτάδελφον

222 1041 585 1110 προσδόκιμοι
632 1039 772 1113 ἦσαν
805 1049 896 1099 καὶ
946 1048 1101 1113 αὖθις
1138 1054 1448 1119 φαίνεσθαι.
1490 1058 1566 1110 Οὐ
1610 1058 1717 1127 μὴν
1747 1060 1805 1113 δὲ

221 1131 363 1185 ἀλλὰ
388 1136 498 1187 οὐδ’
522 1138 550 1189 ὁ
579 1138 697 1199 νέος
730 1138 863 1206 ἄναξ
897 1142 1115 1213 Μιχαὴλ
1168 1146 1383 1215 ἠμέλει,
1417 1149 1551 1202 ἀλλὰ
1586 1153 1678 1203 καὶ
1707 1153 1803 1205 αὑ-

220 1226 312 1287 τὸς
342 1227 506 1294 ἀφεὶς
532 1230 632 1298 τὴν
674 1231 953 1301 Ἀδριανοῦ
985 1237 1078 1288 καὶ
1110 1239 1247 1304 πρὸς
1286 1241 1365 1307 τῷ
1401 1242 1684 1312 Παμφύλῳ
1717 1262 1808 1311 γε·

221 1319 450 1386 νόμενος
502 1322 631 1386 τοὺς
688 1326 833 1393 ἀμφὶ
879 1328 971 1380 τὸν
1024 1332 1201 1398 μέγαν
1268 1333 1659 1405 ἑταιρειάρχην
1713 1336 1807 1389 τὸν

220 1411 439 1465 Δοὺκαν
493 1417 712 1468 καὶτὸν
773 1418 948 1488 μέγαν
1008 1420 1293 1484 τζαούσιον
1342 1426 1433 1478 τὸν
1480 1428 1804 1497 Οὐμπερτό-

222 1503 423 1554 πουλον
459 1508 551 1558 καὶ
588 1508 770 1579 τρίτον
814 1514 906 1564 τὸν
934 1514 1219 1580 Βοσσίλαν,
1254 1518 1497 1581 ίὶκανοὺς
1529 1522 1609 1581 είς
1642 1522 1807 1574 πολέ-

224 1612 328 1661 μου
363 1597 679 1667 ἑξάρτυσιν.
713 1604 803 1656 ἐπὶ
856 1608 983 1669 τοὺς
1017 1610 1158 1662 κατὰ
1195 1610 1294 1681 τὴν
1353 1614 1587 1666 Καλλίου
1648 1616 1808 1685 Ἀμο-

221 1688 507 1766 γαὸάροιες
566 1696 865 1765 ἐκπέμπει.
924 1700 977 1753 οῖ
1017 1701 1081 1771 δὴ
1137 1704 1231 1755 καὶ
1282 1686 1391 1757 die
1442 1706 1807 1776 Βραγχιαλίου

220 1780 785 1855 ἐστρατοπεδευμένοι
820 1790 1029 1861 ἕτοιμοι
1064 1796 1393 1865 προσϐαλεῖν
1416 1795 1576 1870 ἦσαν,
1605 1802 1671 1871 ῆν
1704 1818 1808 1855 που

221 1876 469 1939 φανεῖεν.
508 1878 571 1928 υἱ
610 1878 666 1931 δὲ
691 1880 799 1934 τῶν
835 1883 986 1946 ἐντὸς
1016 1869 1642 1960 ἀπαλλαγέντες-φόϐων
1667 1895 1809 1964 (οὐδὲ
1842 1869 1882 1924 Β

220 1966 333 2036 γὰρ
368 1968 494 2021 οὐδὲ
512 1973 638 2034 τοὺς
663 1976 954 2041 περιόντας
978 1980 1089 2033 τῶν
1112 1983 1522 2041 σκυλευθέντων
1544 1989 1700 2048 ἐντὸς
1719 1988 1812 2042 τυῦ

223 2060 490 2128 φρουρίου
509 2065 660 2129 είων,
684 2067 799 2119 ἀλλ’
820 2071 878 2122 ὲν
895 2071 973 2141 τῷ
997 2074 1118 2125 κατ’
1136 2076 1333 2139 αὐτοὺς
1349 2080 1581 2150 καράὸῳ
1603 2082 1813 2136 ἐλεεινὰ

223 2152 424 2219 φορτία
450 2154 663 2225 σύναιμα
682 2160 757 2229 τῷ
778 2164 1024 2234 σφετέρῳ
1046 2169 1384 2238 νηησάμενοι
1412 2173 1627 2242 πλούτῳ
1647 2175 1811 2242 εὐφυ-

132 2238 137 2243 ’
220 2248 435 2311 λάκτως
450 2248 619 2321 εἶχον)
638 2254 735 2325 τὴν
756 2258 933 2329 μάχην
950 2262 1178 2315 αὐτόθεν
1196 2264 1533 2333 σοφίζονται,
1555 2238 1647 2321 καὶ
1667 2238 1811 2323 πλεί-

224 2356 361 2412 στην
384 2343 537 2399 λείαν
556 2348 907 2415 ἐξελάσαντες
931 2353 1109 2417 ζώων,
1135 2357 1209 2420 ὼς
1228 2358 1294 2411 ἂν
1330 2359 1498 2429 μηδὲν
1520 2362 1809 2432 ὑπειδόμε-

316 2528 409 2583 30.
446 2528 515 2583 Ut
550 2548 794 2587 successu
825 2536 1028 2606 infelici
1076 2536 1304 2593 Romani
1334 2547 1699 2612 pugnaverint.

335 2621 499 2694 553
532 2623 791 2680 Restabat
824 2628 950 2681 inde
982 2630 1295 2697 imperatori
1336 2636 1651 2691 sollicitudo
1700 2642 1810 2707 pcl-

226 2715 517 2771 lendorum
544 2719 790 2788 Gallipoli
827 2720 1087 2788 hostium;
1114 2726 1259 2792 quod
1298 2743 1403 2795 qua
1448 2729 1496 2782 vi
1540 2732 1811 2800 quibusve

226 2810 404 2877 copiis
447 2811 714 2865 continuo
779 2815 1191 2883 aggrederetur.
1249 2818 1393 2872 haud
1449 2824 1503 2875 in
1556 2827 1809 2895 expedito

226 2901 724 2959 erat.lntendebat
771 2922 982 2976 curam,
1041 2914 1185 2982 quod
1245 2917 1447 2971 auxilia
1503 2918 1803 2991 Callipolim

226 2996 549 3052 tenentibus
575 2999 872 3057 adventare
903 3002 1238 3060 ferebantur.
1286 3008 1628 3065 Audiebantur
1671 3014 1803 3079 quin

227 3089 392 3143 etiam
417 3093 658 3161 cogitare
681 3095 825 3163 ipsos
879 3097 944 3152 de
989 3099 1323 3157 advocandis
1385 3105 1437 3158 in
1499 3108 1801 3162 subsidium

224 3199 291 3238 ex
318 3186 570 3254 opposita
598 3188 917 3243 continente
959 3189 1157 3246 Persis.
1225 3194 1535 3251 Exercitum
1588 3216 1804 3269 quoque

1912 597 2005 647 καὶ
2029 596 2181 649 αὐτοὶ
2214 597 2399 657 ἱππεῖς
2419 612 2477 648 τε
2511 598 2605 649 καὶ
2635 596 2811 661 πεζοὶ,
2836 598 3030 665 ἀγαθοὶ
3056 598 3156 668 τὴν
3180 597 3289 650 τῶν
3311 598 3491 650 ὅπλων

1913 685 1996 759 [Ρ.
2030 688 2157 758 378]
2192 688 2307 754 ἕξιν
2337 690 2431 741 καὶ
2463 687 2535 751 ὡς
2572 690 2699 741 ἰδεῖν
2728 691 3097 761 ἀπρόσμαχοι,
3126 690 3489 755 ἐνεδρεύουσι.

1912 780 2044 831 Τότε
2084 781 2216 846 γοῦν
2249 782 2309 832 τὸ
2341 780 2440 849 μὲν
2483 780 2726 849 καθαρὸν
2774 782 2885 835 τῶν
2921 783 3249 853 Ῥωμαϊκῶν
3292 785 3493 837 συντά-

1915 875 2051 939 ξεων
2082 876 2137 926 ὲν
2160 875 2346 939 ὅπλοις
2392 872 2535 947 ἦσαν
2570 877 2665 931 καὶ
2713 878 2806 930 τὺν
2842 878 3080 946 πόλεμον
3118 880 3491 949 προσεδόκων,

1912 968 1962 1020 οῖ
2020 967 2078 1019 δὲ
2134 968 2379 1021 πλεῖστοι
2434 970 2562 1039 περὶ
2609 969 2710 1041 τὴν
2766 973 3029 1038 φανεῖσαν
3077 972 3492 1040 λιχνευσάμενοι

1913 1059 2065 1111 λείαν
2096 1059 2310 1125 ἐξέθεον
2360 1061 2734 1124 ἀσυντάκτως.
2766 1061 2870 1117 Καὶ
2907 1063 3069 1127 εὐθὺς
3095 1065 3146 1117 oi
3187 1064 3496 1132 ἐνεδρεύον-

1914 1168 2004 1211 τες
2045 1152 2426 1214 εὖσυντάκτως
2463 1153 2519 1214 ἐς
2557 1153 2639 1207 ὅτι
2677 1154 2911 1223 μάλιστα
2940 1156 3036 1209 καὶ
3064 1156 3495 1226 πεφυλαγμένοις

1915 1240 2216 1311 ἀφώρμων.
2259 1242 2399 1310 Παρ⁹
2428 1244 2666 1312 ἑκάτερα
2710 1246 2820 1315 γὰρ
2850 1246 2967 1309 ἐνὸς
3001 1247 3170 1300 ῖππου
3213 1246 3307 1301 δύο
3340 1246 3497 1309 πεζοὶ

1916 1335 2259 1403 ὲδοχμίαζον,
2308 1336 2590 1399 Ἰταλικοῖς
2618 1338 2797 1403 τόξοις
2830 1340 3274 1410 καθωπλισμένοι
3302 1356 3316 1369 ·
3346 1339 3500 1392 αὐτοὶ

1914 1428 1971 1480 δὲ
2024 1428 2160 1496 μετὰ
2201 1429 2415 1481 πελτῶν
2454 1430 2549 1482 καὶ
2600 1430 2841 1494 παλτῶν,
2890 1433 3200 1503 ἐπιχωρίων
3232 1433 3498 1501 δοράτων,

1914 1520 1950 1573 ἃ
1976 1522 2037 1586 δὴ
2072 1521 2131 1572 τὸ
2185 1522 2414 1573 παλαιὸν
2447 1523 2695 1589 άγγωνες
2752 1523 3068 1588 ἐκαλοῦντο,
3119 1526 3211 1577 τὸν
3264 1526 3499 1593 πόλεμον

1917 1613 2284 1684 ἀπεθὰρρουν.
2323 1615 2385 1666 Οἳ
2430 1614 2493 1684 δὴ
2529 1615 2827 1679 συστάντες
2858 1618 3039 1688 μάχην
3086 1616 3323 1684 ἔστησαν
3364 1635 3500 1687 κρα-

1917 1700 2099 1753 ταιάν.
2150 1702 2261 1754 Καὶ
2302 1702 2560 1757 πίπτουσι
2600 1704 2697 1772 μὲν
2748 1706 3112 1776 ἑκατέρωθεν,
3159 1707 3297 1768 τέως
3330 1707 3376 1761 δ’
3406 1708 3501 1759 ἐπὶ

1916 1792 2012 1845 τοῦ
2064 1795 2484 1865 προτερήματος
2537 1799 2776 1865 γίνονται
2831 1800 3156 1863 Κατελάνοι,
3187 1800 3283 1853 καὶ
3336 1798 3500 1869 μέχρι

1912 1888 2006 1939 καὶ
2055 1888 2477 1943 Μονοκαστάνου
2524 1892 2689 1944 τόπον
2740 1894 3139 1963 κατατρέχουσι
3180 1894 3275 1948 καὶ
3307 1893 3502 1961 φονεύ-

1912 1995 2091 2033 ουσιν.
2133 1977 2198 2032 ’Π
2231 1979 2287 2032 δὲ
2339 1978 2537 2043 πύστις
2574 1982 2666 2034 ἐπὶ
2692 1981 2988 2045 διακοσίοις
3034 1984 3160 2036 ἵστα
3188 1983 3279 2035 τὸν
3314 1987 3497 2052 φόνον,

1911 2069 2235 2138 πληγέντων
2270 2073 2366 2123 καὶ
2421 2070 2605 2124 αὐτῶν
2633 2073 2935 2141 ἡγεμόνων.
2976 2073 3108 2127 Τότε
3155 2072 3410 2143 βασιλεὺς
3437 2074 3502 2126 ὲκ

1911 2161 2213 2229 βασιλικῶν
2261 2161 2461 2227 ἔξωθεν
2533 2165 2870 2234 μηνυμάτων
2921 2163 3110 2231 μαθὼν
3167 2166 3253 2229 τὸν
3284 2164 3502 2234 συμὸὰν

1908 2253 2115 2322 ἤλγησέ
2137 2270 2196 2305 τε
2226 2254 2455 2322 σφόδρα,
2481 2256 2577 2307 καὶ
2603 2258 2660 2308 ὲν
2683 2257 3025 2325 μεταγνώσει
3051 2257 3117 2328 ἤν
3143 2256 3239 2310 τοῦ
3267 2260 3342 2329 μὴ
3369 2274 3506 2312 παν·

1916 2347 2155 2401 τάπασιν
2185 2346 2463 2417 μετελθεῖν
2495 2349 2818 2413 Γεννουῖτας
2862 2350 3128 2417 ἐκείνους,
3164 2353 3260 2426 καῖ
3297 2352 3505 2422 μισθώ-

1917 2522 2312 2577 incustoditam
2346 2525 2584 2593 pecoris,
2616 2540 2785 2595 prope
2837 2526 3109 2582 collocato
3178 2527 3231 2582 in
3285 2529 3504 2586 insidiis

1918 2617 2163 2685 peditatu
2192 2620 2556 2689 equitatuque
2592 2635 2817 2675 suorum
2865 2622 3289 2679 fortissimorum
3344 2623 3507 2697 5M

1916 2711 2177 2777 militum,
2233 2713 2438 2781 optime
2504 2713 2570 2765 ad
2596 2714 2844 2783 praelium
2916 2715 3224 2773 instructis.
3273 2717 3503 2774 Oblatus

1909 2802 2046 2858 aciei
2077 2801 2342 2858 Romanas
2371 2814 2706 2875 conspectus
2740 2810 2980 2863 errantis
3034 2810 3155 2865 sine
3204 2823 3507 2881 apparente

1914 2898 2170 2966 praesidio
2202 2900 2437 2953 armenti
2474 2901 2638 2955 solvit
2669 2901 2889 2956 ordines
2937 2904 3194 2972 cupidine
3238 2905 3505 2973 lucrandi,

1916 2992 2193 3060 traxitque
2226 2993 2523 3063 plerosque
2558 2995 2624 3047 ad
2660 2995 2983 3065 abigendam
3014 2997 3115 3051 sibi
3159 2996 3399 3063 facilem,
3449 3007 3509 3052 ιιι

1916 3084 2204 3152 putabant,
2240 3094 2293 3137 et
2318 3094 2560 3153 paratam
2587 3086 2847 3155 praedam.
2884 3088 2953 3141 At
2986 3088 3039 3142 itt
3076 3104 3170 3143 eos
3221 3092 3302 3144 sic
3360 3091 3508 3145 inor-

1912 3175 2098 3229 dinate
2129 3177 2512 3231 discursantes
2542 3180 2801 3248 impetum
2833 3195 2897 3235 ex
2934 3182 3234 3252 improviso
3275 3199 3510 3238 consur-

227 3276 479 3330 navalem
513 3278 600 3330 cui
650 3278 821 3334 frater
882 3283 1088 3339 nothus
1140 3285 1507 3345 Theuderichi
1566 3306 1812 3360 praeerat,

1922 3278 2111 3340 gentes
2144 3286 2176 3325 e
2210 3271 2438 3325 latebris
2496 3271 2706 3327 iaciunt
2759 3273 2936 3329 Latini
2992 3278 3230 3344 equites.
3286 3277 3504 3333 duobus

224 3382 350 3421 mox
378 3385 580 3425 "usus
608 3370 661 3424 ίη
699 3385 886 3428 ηοεηη,
922 3377 1059 3432 mari
1108 3382 1506 3449 appariturum,
1560 3384 1807 3453 iactabat
1917 3364 2044 3418 hinc
2077 3364 2202 3418 inde
2232 3366 2436 3431 Optime
2474 3367 2702 3422 armatis
2727 3369 2911 3423 Italico
2942 3383 3070 3423 arcu
3109 3370 3295 3440 stipati
3346 3372 3505 3442 adju-

226 3459 398 3525 fama,
442 3470 700 3518 caeterum
762 3465 950 3535 junior
973 3469 1254 3538 Augustus
1289 3472 1538 3536 Michael.
1573 3478 1713 3531 haud
1757 3491 1811 3533 et
1912 3456 2066 3523 ίίαηθ
2116 3458 2414 3525 mdium”,
2477 3459 2581 3527 ίβδί
2654 3460 3013 3529 “Iamne”:
3062 3476 3186 3516 Cum
3236 3463 3398 3539 Pelii-'3
3447 3474 3503 3519 εί

225 3554 344 3621 ipse
384 3555 476 3607 tali
506 3557 743 3610 articulo
777 3561 1028 3615 cessabat
1055 3578 1236 3617 rerum
1268 3574 1359 3618 aut
1382 3568 1812 3634 negligebatbel-

1917 3550 2167 3617 tragulis,
2196 3565 2397 3620 genere
2424 3550 2539 3606 illic
2594 3552 2827 3606 telorum
2883 3555 3088 3608 usitato
3149 3570 3272 3625 quas
3329 3558 3500 3612 veteri

226 3648 339 3702 lum
374 3648 774 3711 Catelanicum.
810 3654 903 3706 sed
932 3655 1095 3709 motis
1139 3656 1207 3710 ab
1257 3657 1611 3727 Adrianopoli
1671 3672 1812 3717 stre-

1920 3643 2145 3697 nomine
2174 3658 2413 3712 angones
2460 3644 2809 3699 dicebantur.
2873 3645 2983 3701 Hos
3036 3650 3340 3719 composite
3394 3652 3507 3704 cir-

225 3755 335 3794 nue
367 3742 570 3795 castris
615 3758 946 3812 progressus
1013 3762 1186 3815 usque
1239 3746 1620 3822 Pamphylum,
1683 3754 1811 3810 inde
1911 3742 2341 3802 cumspecteque
2370 3733 2614 3805 undique
2647 3736 2923 3794 irruentes
2972 3749 3310 3809 exceperunt
3358 3743 3507 3812 pari-

226 3847 485 3903 ωπεηιιηι
506 3832 917 3889 Ιιειεριιίθιιοὴεω
958 3834 1231 3892 Ducam“
1255 3854 1509 3908 magnum
1534 3848 1807 3900 ηλιηίιηη
1914 3827 2015 3881 bus
2044 3828 2244 3882 animis
2278 3827 2476 3897 raptim
2503 3839 2767 3884 coeuntes
2796 3832 2997 3889 nostri.
3030 3834 3171 3889 Aere
3200 3835 3327 3889 inde
3354 3851 3509 3891 com:

228 3923 709 3995 Umpertopulum,
744 3927 907 3981 tertio
937 3928 1161 3996 insuper
1192 3930 1278 3985 his
1328 3931 1514 3986 addito
1571 3934 1806 4001 Bossua,
1907 3922 2141 3975 mittitur
2172 3922 2437 3991 praelium,
2465 3922 2786 3980 cadentibus
2837 3926 3109 3996 utrimque
3165 3929 3372 3985 multis.
3400 3929 3509 3987 Sed

228 4018 364 4071 satis
388 4016 457 4070 ad
486 4031 599 4071 rem
641 4018 779 4072 bene
814 4019 1108 4086 gerendam
1144 4032 1195 4076 et
1222 4040 1448 4079 numero
1471 4035 1525 4080 et
1577 4044 1809 4096 appara-

1917 4014 2149 4069 victoria
2208 4015 2597 4070 Catelanorum
2653 4014 2774 4082 fuit;
2829 4020 2921 4086 qui
2969 4028 3193 4075 nostros
3246 4022 3506 4077 caedendo

227 4120 287 4165 tu
321 4112 631 4166 instructos
662 4113 810 4167 misit
836 4113 1107 4171 adversus
1138 4116 1518 4187 Amogabaros
1578 4121 1812 4193 Callipo-

1919 4108 2322 4177 mactandoque
2354 4110 2589 4164 insecuti
2629 4125 2802 4179 usque
2831 4112 2899 4165 ad
2931 4111 3384 4171 Monocastanum
3411 4116 3506 4186 (id

226 4206 320 4261 lim
347 4213 710 4274 occupantes.
746 4205 809 4260 Hi
840 4218 950 4261 tres
1014 4210 1347 4277 imperatorii
1402 4212 1571 4270 duces
1620 4217 1820 4273 castris

228 4313 257 4350 a
288 4297 643 4353 Branchialio
670 4299 1012 4379 aliquantum
1052 4303 1283 4357 ulterius
1320 4310 1590 4371 promotis
1644 4314 1820 4379 parati

228 4391 292 4444 ad
321 4390 445 4444 acie
476 4390 869 4446 decertandum
898 4393 1137 4457 stabant,
1187 4396 1366 4451 sicubi
1428 4397 1605 4456 hostis
1654 4416 1823 4473 appa-

228 4500 357 4538 rens
392 4484 819 4553 pugnazcopiam
862 4485 1034 4541 daret.
1094 4486 1264 4541 Porro
1319 4491 1647 4559 Amogabari
1705 4495 1819 4562 pri-

228 4592 378 4631 mum
410 4575 736 4630 studuerant
763 4576 1000 4632 liberare
1034 4593 1093 4633 se
1125 4581 1368 4648 periculo
1396 4584 1543 4651 quod
1570 4601 1598 4639 a
1647 4584 1814 4642 Calli-

227 4671 489 4741 politanis
508 4669 1002 4739 genereRomanis,
1026 4671 1165 4728 forte
1182 4688 1211 4727 a
1232 4682 1384 4743 tergo
1399 4676 1815 4744 insurrecturis,

227 4766 356 4819 dum
385 4765 489 4833 ipsi
519 4771 708 4817 contra
738 4769 980 4819 exterius
1005 4779 1384 4835 oppugnantes
1419 4783 1597 4824 arcem
1628 4770 1820 4825 defen-

229 4858 444 4920 derent,
480 4856 662 4911 timeri
693 4858 818 4926 jure
842 4866 1075 4925 poterat.
1109 4858 1163 4913 ld
1188 4860 1266 4914 illi
1322 4862 1424 4917 sibi
1491 4863 1822 4918 videbantur

230 4950 468 5006 assecuti
502 4950 659 5003 nullo
696 4964 927 5017 prorsus
956 4949 1332 5005 Romanorum
1360 4957 1529 5008 'intra
1578 4954 1818 5026 Callipo—

228 5042 319 5096 lim
354 5040 741 5110 rclinquendo.
787 5042 1028 5097 Cunctos
1073 5045 1216 5096 enim
1274 5046 1327 5098 in
1386 5059 1486 5099 sua
1547 5062 1818 5118 quemque

226 5138 511 5201 navicula,
547 5136 970 5204 superimposita
1003 5137 1203 5191 ibidem
1242 5140 1582 5209 singulorum
1616 5158 1673 5197 re
1727 5145 1821 5198 do-

228 5230 463 5283 mestica
518 5236 575 5281 et
631 5231 869 5296 pretiosa
936 5232 1239 5297 praesertim
1307 5232 1651 5299 supellectili,
1703 5235 1819 5288 salo

230 5320 619 5389 imposuerunt
648 5320 789 5372 intra
826 5330 1065 5387 portum,
1107 5323 1219 5375 aeri
1247 5322 1450 5392 iugiter
1494 5325 1813 5395 invigilante

228 5412 478 5466 custodia
517 5412 595 5465 illi
636 5412 959 5466 miseranda:
1017 5414 1175 5482 plane
1227 5416 1590 5481 multitudini,
1651 5418 1813 5487 cujus

230 5512 281 5557 et
303 5518 541 5571 corpora
563 5509 619 5556 et
650 5518 804 5571 opes,
824 5504 1003 5572 praeda
1038 5504 1278 5559 domihis
1302 5506 1620 5561 crudelibus
1637 5516 1811 5573 certa,

230 5597 619 5649 servabantur.
652 5596 737 5650 Ab
772 5596 874 5651 hac
921 5597 1032 5663 jam
1063 5605 1215 5666 parte
1250 5600 1427 5653 securi
1460 5598 1660 5655 liberos
1691 5602 1810 5655 ani-

230 5704 348 5744 mos
401 5688 471 5741 ad
531 5688 658 5743 belli
714 5690 1011 5757 prudenter
1059 5691 1476 5745 administrandi
1543 5693 1811 5748 rationem

229 5778 593 5849 indagandam
649 5783 1053 5846 converterunt,
1100 5782 1190 5836 tali
1249 5780 1439 5837 fraude
1485 5787 1811 5853 composita.

232 5872 607 5928 Extrusemnt
639 5871 694 5927 in
716 5886 909 5942 agrum
944 5874 1105 5942 quasi
1154 5883 1358 5931 temere
1412 5888 1664 5945 magnam
1701 5878 1809 5933 vim

1919 4199 2025 4255 loci
2059 4200 2292 4269 nomen)
2323 4208 2473 4256 sunt.
2507 4198 2673 4257 Fama
2715 4203 2959 4272 vulgaris
3006 4222 3295 4261 numerum
3351 4211 3505 4265 occi-

1921 4310 2107 4350 sorum
2141 4310 2172 4348 e
2212 4295 2416 4349 nostris
2443 4295 2510 4349 ad
2538 4295 2811 4350 ducentos
2845 4298 3065 4367 redigit.
3087 4298 3233 4355 Inter
3251 4301 3508 4357 vulnera-

1922 4396 2010 4443 tos
2036 4387 2207 4442 duces
2244 4386 2465 4441 luerunt
2491 4388 2614 4455 ipsi.
2683 4386 2839 4443 Tunc
2880 4389 3229 4449 Andronicus
3297 4389 3423 4452 citis
3474 4412 3505 4451 a

1923 4480 2188 4536 Michaele
2221 4480 2332 4534 lilio
2368 4481 2435 4535 de
2454 4496 2513 4535 re
2536 4488 2647 4536 tota
2664 4481 2897 4537 edoctus
2917 4485 3149 4549 nuntiis,
3177 4502 3305 4542 sero
3326 4488 3505 4544 doluit

1924 4575 2069 4643 quod
2104 4588 2207 4627 non
2233 4572 2417 4627 omnia
2444 4588 2567 4643 qua:
2596 4573 2798 4627 vellent
2856 4574 3006 4646 large
3061 4578 3341 4645 pollicitus
3399 4579 3507 4636 Ge-

1926 4667 2229 4721 nuensibus
2267 4667 2389 4720 illos
2421 4667 2647 4720 omnino
2681 4667 2749 4720 ad
2782 4666 2985 4722 bellum
3035 4683 3226 4727 contra
3267 4673 3506 4745 Callipo-

1930 4760 2023 4814 lim
2054 4759 2467 4828 suscipiendum
2516 4760 2870 4829 perpulisset.
2932 4760 3302 4821 lntervenerat
3359 4768 3537 4822 enim.

1928 4852 2179 4922 quaedam
2210 4852 2408 4922 ejusin
2448 4851 2748 4908 licitatione
2776 4854 2959 4923 petita:
2994 4856 3062 4911 ab
3110 4858 3193 4912 his
3236 4860 3505 4914 mercedis

1927 4945 2291 5015 parcimonia;
2318 4958 2426 5009 qua
2450 4942 2664 4997 sublata
2694 4946 2738 4999 si
2764 4955 2965 5015 quanta
3009 4960 3374 5018 poposcerant
3407 4969 3506 5022 pro

1927 5038 2016 5091 illa
2052 5037 2272 5090 militari
2303 5052 2466 5105 opera
2504 5037 2773 5106 stipendia
2808 5052 3060 5108 prompte
3091 5057 3155 5098 ac
3207 5045 3507 5100 liberaliter

1919 5129 2204 5194 donasset,
2234 5128 2612 5198 capessituros
2639 5146 2736 5186 eos
2767 5132 2954 5186 statim
2980 5134 3152 5189 luisse
3199 5139 3507 5205 apparebat

1919 5225 2147 5276 arduam
2179 5223 2337 5276 istam
2394 5223 2768 5291 pellendorum
2825 5225 3075 5294 Callipoli
3122 5228 3499 5296 Amogabaro-

1918 5328 2038 5367 rum
2065 5312 2424 5383 provinciam.
2451 5309 2607 5366 Nunc
2633 5327 2795 5367 avare
2833 5318 3200 5383 supputando,
3244 5321 3502 5389 quodque

1919 5406 2101 5475 ipsum
2128 5403 2393 5458 olierebat
2423 5419 2527 5458 non
2560 5406 2823 5460 continuo
2848 5408 3101 5477 expedite
3124 5421 3498 5479 numeratum,

1919 5499 2385 5570 representando,
2409 5501 2740 5554 voluntatem
2770 5501 2904 5571 ipsis
2947 5503 3065 5571 ejus
3116 5506 3498 5575 aggredienda:

1920 5595 1996 5650 rei
2021 5594 2539 5663 dempseral;quam
2573 5594 2619 5649 si
2649 5603 2969 5661 tentassent,
3005 5597 3149 5653 haud
3193 5610 3338 5654 esset
3372 5602 3499 5667 ista,

1923 5688 1990 5743 de
2019 5701 2123 5756 qua
2152 5702 2297 5741 nunc
2329 5695 2603 5752 mtereret,
2643 5688 2824 5743 clades
2872 5699 3057 5745 secuta
3105 5691 3496 5748 Romanorum.

1924 5779 2197 5834 Petierant
2302 5777 2623 5833 Genuenses
2715 5782 3078 5847 expeditionis
3163 5782 3499 5850 Callipolim-

1924 5889 2009 5927 na:
2087 5873 2207 5926 sine
2266 5886 2417 5926 mora
2492 5873 2595 5925 ulla
2675 5875 2861 5929 subito
2965 5886 3091 5945 post
3171 5876 3498 5932 dcbellatam
