4190 6438
759 373 868 435 ίῐο3

1954 379 2274 439 GEORGII
2322 378 2803 443 PACHYMEELE

3921 386 4031 449 (304

763 489 898 542 Τότε
948 488 1046 558 τὴν
1086 489 1331 544 ἐνταυθοῖ
1367 491 1516 559 σφῶν
1568 490 1826 560 ἀσχολίαν
1871 493 2129 561 περιττὸν
2163 492 2338 555 ἄλλως
2369 498 2408 553 Λ
2442 490 2600 559 λόγον
2627 496 2784 563 ἀφεὶς
2821 494 3146 566 ἐπισυνάγει
3189 501 3249 551 τὸ
3287 500 3627 569 στράτευμα,
3669 501 3763 555 καὶ
3813 504 4041 555 καταλι-

768 578 970 649 κρίνων
1001 582 1091 633 καὶ
1120 580 1226 634 τῶν
1261 581 1577 648 ἀναγκαίων
1625 583 1937 653 ὑπερόριον,
1969 584 2143 647 ἄλλως
2173 586 2346 653 ἔγνω-

766 669 880 734 κὼς
914 672 1314 739 ἀσφαλίσασθαι
1341 673 1440 740 τὴν
1487 675 1764 743 ὁμόνοιαν,
1800 676 1894 729 καὶ
1932 677 1989 742 ἐξ
2023 678 2193 747 αὐτῆς
2222 680 2348 741 τοὺς

768 766 1220 832 συνειλεγμένους
1270 768 1532 820 ἐπέταττε
1585 772 1776 838 χεῖρας
1840 771 2182 834 ἐπιτιθέντας
2237 774 2350 834 τοῖς

770 856 933 924 ἱεροῖς
962 856 1311 923 Εὐαγγελίοις
1339 860 1561 926 ὀμνύειν
1594 855 1628 931 ἦ
1669 863 1774 931 μὴν
1803 863 1985 914 πίστιν
2019 862 2118 931 μὲν
2147 863 2349 928 φυλάτο

766 965 879 1002 τειν
903 951 981 1011 είς
1022 948 1280 1019 βασιλεῖς,
1305 955 1481 1005 πάντα
1507 953 1563 1005 δὲ
1590 954 1853 1023 διχονοίας
1876 955 2080 1023 τρόπον
2103 957 2195 1007 καὶ
2222 955 2351 1009 στὰο

769 1057 907 1103 σεως
940 1041 1069 1111 μήτ’
1091 1045 1286 1106 αὐτοὺς
1320 1044 1406 1113 ΙΡ.
1440 1046 1570 1116 581]
1596 1049 1858 1114 ἐνεργεῖν,
1882 1048 2106 1110 καὶτοῖς
2146 1049 2349 1113 ἄλλοις,

770 1132 941 1185 εἵπου
968 1136 1394 1205 καὶ,Θορυ6οἰεν,
1420 1138 1592 1202 δυσὶν,
1622 1139 1649 1191 ὃ
1672 1138 1912 1205 λέγεται,
1956 1141 2144 1209 χερσὶν
2180 1144 2377 1195 ἀντω-’

772 1224 906 1278 οεῖν.
937 1226 1044 1277 Καί
1086 1243 1149 1294 γε
1177 1229 1409 1297 ἀνὰετὴν
1450 1230 1604 1282 πόλιν
1646 1232 1826 1283 πᾶσαν
1860 1230 2097 1303 [ἀνάγκη
2130 1228 2198 1303 ἦν
2228 1236 2354 1297 τοὺς

772 1318 1345 1391 παρευρισκιιμένους]
1374 1318 1513 1383 εἶδες
1552 1322 1618 1374 ἂν
1653 1326 2107 1393 παρερχομένους
2141 1326 2353 1394 βασιλι-

771 1411 921 1472 κοὺς,
952 1411 1045 1462 καὶ
1070 1414 1199 1475 τοὺς
1222 1416 1763 1483 παρευρισκομένους
1798 1399 1968 1484 ὀμνύο
1984 1435 2120 1481 ιτας.
2153 1420 2265 1474 Καὶ
2289 1423 2356 1475 τὰ

776 1500 874 1569 μὲν
908 1502 1056 1567 ἐντος
1090 1503 1193 1573 τῆς
1221 1506 1427 1566 πόλεως
1455 1508 1790 1575 ὲπράττοντο
1820 1509 1970 1578 τῇδε.

772 1614 838 1686 λβ
858 1657 873 1671 .
902 1620 1042 1686 Περὶ
1076 1619 1189 1687 τῆς
1227 1621 1334 1675 τοῦ
1354 1622 1675 1697 βασιλέως
1708 1624 1951 1693 Μιχαὴλ
1975 1626 2178 1695 μάχης
2209 1630 2360 1697 πρὸς

1351 1695 1814 1763 Ἀμοναῢάρους.

861 1777 922 1833 Ὅ
952 1781 1007 1834 δὲ
1040 1781 1295 1851 βασιλεὺς
1353 1786 1569 1855 Μιχαὴλ
1605 1788 1705 1839 οὐκ
1760 1788 1987 1857 ἠρεμῶν
2027 1784 2095 1860 ἦν
2121 1789 2219 1862 τὴν
2256 1792 2357 1861 μὰο

2449 580 2567 635 πὼν
2611 585 2709 652 τὴν
2753 586 3077 655 ὐρεστιάδα
3128 590 3256 658 περὶ
3289 590 3386 659 τὴν
3425 590 3621 660 Ἀπρω
3672 592 3905 662 πλησίον
3938 611 4040 647 κα-

2453 678 2735 741 τασκηνοί.
2787 677 2862 739 ὠς
2915 677 3033 747 ἅμα
3083 681 3160 749 ἕῳ
3214 662 3530 750 προσμίξων
3585 685 3699 745 τοῖς
3772 685 4038 746 Ἰταλοῖςσ

2453 766 2635 820 ἐκεῖσε
2670 771 2780 839 γὰρ
2804 771 3037 839 πλησίον
3067 774 3161 825 καὶ
3192 774 3343 825 αὐτοὶ
3368 776 3764 843 κατεσκήνουν.
3794 775 3873 846 Τῇ
3906 777 4042 843 γοῦν

2454 856 2713 929 ὑστεραία
2756 862 3160 932 συνταξάμενος
3210 867 3353 918 κατὰ
3390 868 3482 919 τὸν
3530 866 3624 920 τοῦ
3658 869 3841 939 ,Ἰμέρι
3879 868 4040 935 λεγό-
4086 860 4089 861 ν

2454 967 2617 1017 μενον
2671 953 2836 1005 τόπον
2876 955 3132 1018 Ἀλανοὺς
3183 957 3284 1025 μὲν
3337 960 3430 1010 καὶ
3496 959 3947 1028 Τουρκοπούλους
3982 962 4041 1013 ἐν

2453 1044 2787 1113 ἡγουμέναις
2817 1047 3136 1111 συντάξεσιν
3170 1050 3315 1111 ῖστα,
3351 1051 3480 1119 περὶ
3502 1052 3596 1103 τδν
3628 1053 3894 1105 Βοσσίλαν
3919 1053 4047 1106 τοὺ-

2454 1150 2582 1197 τους
2615 1137 2961 1206 ποιούμενος,
2996 1140 3297 1208 ἑπομένους
3343 1143 3398 1194 δὲ
3430 1143 3556 1205 τοὺς
3591 1146 3719 1213 περὶ
3741 1145 3834 1196 τὸν
3866 1146 4046 1213 μέγαν

2455 1230 2820 1296 πριμικήριον
2854 1222 3172 1295 Μακεδόνας
3216 1233 3483 1299 διέταττε,
3516 1236 3613 1287 καὶ
3648 1236 3783 1304 μετὰ
3815 1235 4045 1298 τούτους

2456 1320 2586 1387 περὶ
2638 1320 2731 1373 τὸν
2768 1321 2913 1374 θεῖον
2964 1324 3130 1376 αὑτοῦ
3188 1325 3468 1396 Θεόδωρον
3535 1329 3663 1389 τοὺς
3724 1329 4047 1398 ἀντολίηθεν

2458 1410 2805 1479 ἀπηρκότας,
2836 1414 2896 1466 τὸ
2928 1413 3192 1484 Βλαχιὶιδν
3232 1417 3289 1469 δὲ
3321 1419 3414 1470 καὶ
3447 1420 3573 1473 ὅσον
3605 1420 3731 1474 ἄλλο
3784 1424 3848 1474 ὲκ
3880 1422 4044 1486 θελησ

2463 1502 2749 1573 ματαρίων
2792 1514 3263 1577 συγκροτούμενον
3314 1506 3402 1580 ἦν,
3438 1513 3531 1563 καὶ
3576 1512 3705 1564 αὐτὸ
3744 1514 3887 1565 κατὰ
3916 1513 4045 1581 τρό-

2462 1611 2565 1647 πον
2602 1598 2731 1666 περὶ
2773 1598 2864 1651 τὸν
2898 1600 3071 1668 μέγαν
3103 1603 3493 1673 ἐταιρειάρχην
3530 1605 3937 1673 συνταξάμενος
3957 1607 4052 1657 οὖ-

2464 1685 2689 1755 ραγοῦν,
2722 1691 2885 1751 αὐτὸς
2930 1689 3148 1759 σύναμα
3190 1693 3283 1744 καὶ
3331 1694 3725 1763 Κωνσταντίνῳ
3754 1693 3832 1763 τῷ
3878 1696 4052 1748 αὑτα-

2462 1776 2644 1846 δέλφῳ
2670 1795 2729 1830 τε
2754 1780 2850 1832 καὶ
2878 1780 3138 1853 δεσπότῃ,
3171 1784 3266 1835 καὶ
3296 1784 3375 1853 τῷ
3402 1785 3679 1858 πιγκέρνῃ
3700 1787 3908 1855 Σεναχη
3920 1787 4053 1855 ρεὶμ

778 1888 906 1942 χην,
944 1874 1077 1927 ἀλλὰ
1106 1876 1287 1929 πάντα
1334 1851 1481 1929 λίθον
1528 1851 1718 1943 ᾐκινῶν,
1756 1851 1816 1933 :3
1862 1851 1955 1934 τοῦ
1993 1851 2187 1950 λόχουξ
2209 1851 2355 1948 ὅπως
2390 1851 2431 1907 Β
2460 1868 2537 1938 τῷ
2573 1871 2853 1941 Ἀγγέλῳο
2893 1873 3016 1926 οὐδὲ
3039 1851 3148 1943 γάρ
3178 1875 3285 1927 οὐδ’
3316 1851 3628 1939 αὴῦτδςνλαδν
3652 1851 3807 1944 ὲΥειν
3836 1851 4051 1949 ᾖρὲῖτόν

778 1965 875 2035 τὴν
901 1962 1071 2039 ἧτταν
1113 1970 1523 2038 ἀνακαλέσηται
1548 1987 1563 2003 ο
1593 1972 1714 2024 οὐδὲ
1743 1976 1852 2043 γὰρ
1896 1975 2135 2043 ὑπέμενε
2170 1978 2229 2029 τὸ
2258 1979 2357 2047 τῆς

2461 1963 2577 2014 ἀλλ’
2616 1966 3045 2033 ἀμφιπονεῖσθαι
3081 1969 3210 2036 περὶ
3243 1969 3336 2021 τὸν
3374 1970 3582 2023 ἄνακτα
3610 1973 3704 2024 καί
3745 1973 3793 2024 οἱ
3838 1972 4053 2024 πολυωο

779 2057 961 2128 ψυχῆς
1004 2060 1170 2113 αὐτοῦ
1214 2061 1433 2128 εὐγενὲς
1476 2065 1571 2116 καὶ
1621 2066 1864 2136 ἀνδρεῖον
1898 2069 2120 2121 ἀκούειν
2163 2087 2222 2123 τε
2262 2073 2359 2124 καὶ
2414 2074 2421 2086 “
2465 2056 2578 2123 Ρεῖν
2607 2055 2706 2125 τὴν
2734 2057 3044 2125 ἀσφάλειαν
3072 2058 3289 2131 ἦθελενο
3326 2060 3413 2126 ῘΡ·
3451 2062 3578 2134 582]
3614 2062 3802 2125 Οὕτως
3843 2064 4054 2125 έκεῖνθῖ

781 2153 913 2222 ὁρᾷν
944 2153 1010 2204 τὰ
1048 2154 1197 2209 δεινὰ
1242 2154 1385 2224 ἅπερ
1434 2157 1672 2226 ἔπασχον
1719 2161 1767 2211 οἱ
1817 2160 2047 2215 ἐλεειναὶ
2097 2164 2359 2231 Ῥωμαῖοι

2459 2147 2558 2207 τὰς
2589 2148 2871 2214 συντάξεις
2910 2150 3208 2216 ἀποτάξας,
3244 2153 3306 2206 τὸ
3346 2155 3546 2207 οἰκεῖον
3572 2156 3717 2209 ἅπαν
3756 2156 3851 2209 καὶ
3883 2174 4054 2226 μαχι-

785 2245 890 2297 ὐπὸ
922 2245 1028 2297 τῶν
1076 2248 1397 2319 αἱμοχαρῶν
1442 2251 1793 2306 Κατελάνων.
1831 2253 1997 2308 Ὅθεν
2044 2253 2140 2307 καὶ
2182 2255 2361 2309 πάντα
2467 2238 2718 2309 μὼτατον
2766 2242 3117 2311 προσλαϐὼν,
3165 2245 3259 2298 τὸν
3307 2244 3538 2299 ὕστατον
3571 2248 3884 2318 ἀνεπλήρου
3925 2248 4060 2300 σῧλ⁶

787 2433 983 2489 salutis
1015 2435 1327 2490 custodiam
1378 2436 1672 2501 intentum,
1708 2453 1831 2492 cum
1884 2440 2366 2497 animadvertisset

788 2527 1091 2594 inquietum
1118 2531 1483 2598 quorumdam
1530 2542 1721 2586 resumi
1753 2532 1805 2585 in
1850 2531 2100 2605 impetus
2141 2550 2367 2590 summa!

788 2638 971 2677 rerum
1023 2624 1294 2691 exitiales,
1350 2627 1483 2695 quin
1547 2628 1655 2682 levi
1719 2637 1984 2697 praetextu
2029 2641 2365 2699 erumperet,

788 2717 880 2770 vix
924 2732 1044 2772 sese
1095 2733 1257 2787 posse
1314 2724 1628 2784 continere,
1692 2722 2012 2789 necessario
2072 2724 2372 2778 advocasse

792 2825 933 2878 quas
970 2822 1259 2865 cernerent
1289 2812 1555 2866 militares
1581 2816 1721 2867 intra
1751 2814 1939 2867 urbem
1972 2816 2180 2881 copias,
2214 2816 2375 2873 bonis

790 2904 1046 2970 praesidio
1078 2904 1316 2964 futuras.
1345 2905 1559 2958 levibus
1590 2920 1653 2956 ac
1680 2921 1875 2973 parum
1910 2907 2063 2961 sanis
2100 2909 2373 2963 licentiam

790 3008 915 3047 sese
951 3009 1055 3046 una
1086 2995 1251 3048 simul
1288 3011 1409 3049 cum
1440 2998 1696 3050 omnibus
1728 2998 1990 3066 perdendi
2028 2999 2371 3055 fraenaturas.

792 3086 925 3139 Boni
955 3094 1307 3143 consulerent
1335 3091 1484 3158 quod
1542 3098 1695 3144 esset
1746 3093 1800 3143 in
1835 3107 2126 3146 commune
2170 3094 2378 3147 saluta-

790 3178 930 3231 riter
958 3179 1239 3233 decretum
1270 3184 1370 3245 ;‘et
1420 3182 1522 3235 hoc
1558 3185 1735 3251 ipsum
1782 3184 2028 3237 indicare
2060 3200 2129 3239 ne
2179 3200 2373 3255 grava-

795 3275 1013 3331 rentur,
1040 3280 1095 3324 et
1132 3270 1318 3335 fidem,
1371 3289 1534 3341 quam
1596 3291 1722 3342 erga
1775 3277 2051 3345 principes
2106 3278 2370 3346 integram

796 3351 985 3405 animo
1018 3353 1288 3420 foverent,
1324 3358 1569 3425 proliteri
1611 3374 1832 3412 rursum
1860 3361 2129 3423 exterius,
2168 3377 2229 3414 ea
2264 3364 2377 3417 Deo
2403 3338 2448 3396 α

796 3452 938 3497 teste
972 3445 1370 3502 confirmanda.
1421 3442 1776 3519 llic'prolato
1805 3452 1949 3506 sacri
1977 3452 2260 3523 Evangelii
2286 3470 2379 3509 co-

794 3536 939 3601 dice,
976 3538 1258 3608 sigitlatim
1283 3543 1434 3596 citati
1479 3547 1664 3597 cuncti
1727 3545 1819 3613 qui
1873 3544 2124 3609 aderant,
2165 3558 2217 3601 et
2267 3564 2383 3601 ma-

795 3644 926 3683 num
968 3630 1250 3700 imponere
1269 3643 1414 3688 'sunt
1455 3635 1622 3704 jussi;
1657 3645 1850 3691 sancte
1883 3638 2125 3706 jurando
2151 3648 2205 3693 et
2256 3655 2381 3696 sese

798 3716 960 3777 fidem
989 3742 1157 3795 quam
1192 3729 1456 3783 deberent
1482 3731 1735 3797 Augusto
1763 3731 1991 3801 utrique
2037 3742 2379 3799 servaturos,

796 3827 851 3871 et
884 3819 954 3872 ab
989 3822 1141 3875 omni
1183 3821 1535 3877 dissensione
1584 3837 1648 3877 ac
1682 3823 1842 3877 turba
1884 3840 2007 3878 cum
2046 3833 2380 3894 temperatu-

798 3924 892 3962 ros
922 3912 1098 3979 ipsos.
1131 3920 1244 3965 tum
1277 3895 1435 3975 alios,
1460 3914 1503 3966 si
1528 3915 1620 3982 qui
1660 3914 1801 3968 forte
1825 3914 2129 3968 tumultum
2154 3915 2383 3970 inchoa-

796 4013 943 4063 rcnt,
974 4012 1234 4073 utraque,
1267 4008 1414 4073 quod
1449 4008 1627 4069 aiunt.
1662 4022 1828 4061 manu
1869 4007 2217 4078 repulsuros.
2251 4009 2382 4065 Inde

799 4112 827 4149 a
864 4099 1127 4153 concione
1154 4111 1451 4170 prepagata
1492 4118 1587 4171 per
1630 4104 1823 4157 urbem
1867 4104 2160 4159 confestim
2215 4117 2382 4161 totam

797 4190 990 4245 eadem
1046 4193 1345 4247 renovandi
1383 4193 1681 4262 juramenti
1712 4196 2026 4251 caerimonia
2074 4208 2178 4265 est,
2218 4199 2383 4252 mini-

809 4284 944 4338 stris
987 4289 1139 4340 varie
1187 4286 1559 4355 imperatoriis
1620 4304 1744 4342 cum
1810 4305 1971 4344 sacro
2022 4291 2079 4367 in
2126 4294 2384 4347 manibus

802 4379 993 4434 codice
1045 4382 1427 4443 cursantibus,
1469 4380 1635 4451 559
1666 4390 1721 4436 et
1767 4397 1865 4451 per
1917 4397 2113 4438 omnes
2171 4385 2383 4453 plateas

804 4485 870 4523 ac
932 4471 1214 4526 hominum
1280 4475 1671 4527 conventicula
1725 4490 2090 4544 quoscunque
2142 4478 2382 4545 reperis-

2472 2438 2644 2494 prope
2691 2424 3049 2481 tabernacula
3105 2426 3401 2483 habebant.
3435 2426 3711 2484 Postridie
3762 2429 3930 2499 igitur
3973 2429 4063 2483 in-

2474 2526 2690 2573 structo
2727 2534 3055 2588 progressus
3082 2522 3325 2589 agmine,
3359 2522 3447 2576 ubi
3483 2522 3553 2577 ad
3605 2522 3786 2577 locum
3825 2523 3915 2576 cui
3953 2537 4059 2576 no-

2482 2627 2608 2665 men
2649 2611 2917 2667 estlmeri
2945 2615 3215 2683 pervenit,
3264 2615 3454 2686 copias
3480 2615 3760 2669 ordinavit
3805 2615 3861 2668 in
3915 2614 4065 2668 hunc

2481 2705 2727 2757 modum.
2765 2704 2972 2759 Alanos
2992 2718 3046 2760 et
3070 2706 3415 2776 Turcopulos
3442 2708 3495 2760 in
3528 2707 3712 2760 fronte
3738 2706 4064 2769 constituit,

2471 2795 2611 2851 duce
2647 2796 2760 2850 illis
2809 2797 3103 2866 pra:posito
3136 2796 3370 2854 Bossila.
3404 2799 3533 2854 Post
3582 2798 3684 2852 bos
3727 2797 4063 2854 Macedonas

2473 2889 2787 2951 collocavit,
2855 2892 3057 2959 quibus
3110 2906 3346 2961 magnus
3400 2892 3745 2960 primicerius
3796 2902 4059 2959 praefat.

2476 2982 2572 3037 llis
2613 2983 2904 3053 subjunxit
2939 3001 3077 3053 quos
3110 2985 3371 3038 ductabat
3402 3000 3463 3037 ex
3506 2982 3733 3037 Oriente
3770 2983 4061 3050 profectos

2480 3089 2713 3145 patruus
2748 3079 2923 3146 ipsius
2947 3076 3292 3130 Theodorus.
3326 3074 3585 3129 Ultimum
3619 3077 3671 3128 in
3722 3078 3893 3130 aciem
3922 3079 4064 3129 sub-

2483 3170 2652 3223 tnovit
2684 3180 2955 3240 quantum
2997 3186 3026 3223 e
3062 3168 3327 3223 Blacbico
3372 3184 3573 3237 genere
3621 3168 4071 3237 voluntariisque

2481 3262 2768 3316 collectum
2814 3264 3028 3322 aderat.
3081 3272 3450 3330 ac‘quanturn
3488 3260 3718 3315 subesse
3753 3276 4070 3314 consueve-

2483 3364 2565 3408 rat
2593 3371 2789 3415 magno
2816 3355 3211 3419 hetaeriarcbae,
3234 3370 3397 3422 quem
3413 3369 3475 3407 ea
3500 3355 3588 3408 die
3604 3369 3798 3407 curare
3815 3367 4071 3410 extrema

2482 3447 2575 3502 illa
2611 3449 2664 3502 in
2690 3460 2841 3518 parte
2865 3438 3049 3515 jussit.
3086 3449 3207 3516 Ipse
3236 3447 3467 3503 Michael
3489 3448 3623 3501 tidos
3654 3448 3783 3500 hinc
3812 3448 3938 3501 inde
3966 3450 4063 3502 ba-

2482 3540 2646 3596 bebat
2676 3543 2976 3611 stipatores
3016 3542 3447 3595 Constantinqu
3497 3542 3782 3611 despotam
3838 3542 4071 3595 fratrem

2484 3649 2644 3688 suum
2676 3644 2731 3688 et
2783 3634 3277 3688 Senuacherimnm
3339 3633 3608 3702 Angelum
3673 3634 3999 3701 pincernam
4056 3650 4073 3687 :

2484 3743 2611 3781 nam
2656 3743 2836 3797 neque
2879 3729 2970 3781 htc
3019 3729 3276 3798 proprios
3315 3726 3522 3782 ducere
3563 3724 3788 3779 ordines
3843 3726 4027 3781 voluit
4053 3769 4068 3791 ,

2490 3818 2586 3873 sed
2611 3830 2863 3888 satagere
2918 3819 3065 3872 circa
3107 3818 3497 3886 imperatorem
3552 3827 3605 3871 et
3644 3818 3764 3883 ejus
3808 3817 3973 3871 saluti
4009 3832 4079 3871 ac

2491 3914 2777 3968 securitati
2813 3912 3131 3982 prospicere
3155 3912 3370 3965 maluit.
3409 3909 3501 3965 Sic
3550 3909 3780 3964 Michael
3824 3911 3946 3963 acie
3984 3914 4077 3963 in-

2492 4015 2730 4069 structa,
2756 4016 2980 4073 sumpto
3012 4020 3200 4060 secum
3234 4002 3384 4073 quod
3449 4003 3643 4058 habuit
3698 4003 4077 4058 fortissimum

2492 4100 2837 4169 praetoriana:
2864 4097 3026 4167 550
3069 4110 3134 4151 ac
3178 4094 3436 4167 palatium
3469 4093 3789 4148 domestica:
3834 4091 4077 4157 militiae,

2491 4190 2856 4244 novissimum
2880 4188 3057 4242 eﬂecit
3083 4203 3303 4258 agmen.
3327 4190 3382 4242 In
3411 4197 3585 4242 totum
3612 4186 3874 4240 Romana:
3900 4190 4082 4255 COpia‘.

2490 4282 2739 4351 quinque
2775 4280 3044 4347 majorum
3076 4280 3357 4347 legionum
3396 4293 3691 4331 numerum
3747 4280 4080 4347 explebant,

2490 4376 2933 4429 adversariorum
2967 4381 3149 4427 autem
3187 4372 3459 4425 duntaxat
3516 4382 3776 4439 quatuor,
3833 4389 4080 4440 quarum

2492 4484 2599 4524 una
2639 4467 2931 4522 Persarum
2966 4465 3069 4519 fuit
3113 4482 3127 4521 :
3168 4464 3367 4520 Persas
3404 4465 3553 4519 enim
3586 4464 3834 4518 Catelani
3879 4480 4085 4518 evoca-

804 4569 927 4615 sent
955 4562 1022 4615 ad
1060 4573 1468 4617 sacramentum
1512 4562 1888 4635 adigentibus.
1943 4565 2073 4623 Hac
2108 4575 2245 4622 tunc
2291 4569 2381 4623 in-
2414 4563 2458 4618 D
2489 4570 2702 4616 verant.
2739 4558 2858 4613 Sub
2909 4558 3023 4612 haec
3087 4557 3199 4611 acri
3272 4559 3577 4609 certamine
3629 4571 3793 4624 manu
3846 4572 4084 4626 quoque

804 4660 888 4705 tra
913 4653 1188 4709 civitatem
1228 4664 1369 4710 acta.

805 4790 897 4845 32.
935 4789 1013 4844 De
1039 4805 1219 4861 pugna
1258 4790 1539 4845 Michaelis
1592 4780 1973 4864 Augusticum
2010 4794 2384 4865 Amogabaris.

876 4929 947 4980 At
972 4928 1272 4994 imperator
1299 4925 1531 4982 Michael
1557 4928 1704 4983 haud
1730 4932 2101 4985 cunctabatur
2128 4932 2183 4986 in
2212 4941 2383 5002 app’a—

806 5028 933 5073 ratu
964 5034 1163 5089 pugna:
1190 5034 1356 5087 quam
1383 5020 1615 5074 omnino
1641 5036 1891 5090 pugnare
1911 5004 2261 5080 decreverat.
2291 5023 2385 5077 sed

809 5127 1057 5174 omnem,
1106 5113 1257 5181 quod
1286 5112 1397 5167 dici
1437 5113 1599 5180 solet,
1628 5115 1889 5168 movebat
1925 5114 2162 5183 lapidem
2192 5117 2256 5170 ad
2286 5133 2389 5169 nu-

806 5221 997 5277 peram
1033 5206 1164 5260 belli
1220 5205 1583 5265 offensionem
1619 5207 2046 5263 emendandam.
2080 5205 2198 5261 Non
2242 5208 2388 5261 enim

809 5300 1131 5357 sustinebat
1157 5302 1364 5357 nobilis
1385 5304 1506 5368 ejus
1553 5310 1611 5356 et
1655 5300 1816 5355 fortis
1846 5300 2068 5354 animus
2100 5301 2293 5354 audire
2328 5317 2393 5356 ac

809 5395 1000 5448 videre
1026 5395 1265 5465 injurias
1289 5392 1521 5450 atro'ces-
1545 5409 1686 5464 quas
1716 5395 1905 5448 miseri
1943 5393 2177 5448 Romani
2222 5396 2396 5462 patie-

810 5487 1019 5542 bantur
1041 5505 1068 5541 a
1095 5490 1479 5559 sanguinariis
1498 5487 1805 5543 Catelanis.
1836 5486 2020 5542 Missis
2054 5487 2239 5555 itaque
2263 5502 2397 5541 cun-

813 5585 922 5639 ctis
946 5585 1189 5653 querelis
1229 5585 1508 5651 minisque
1543 5583 1843 5639 verborum
1896 5582 2045 5651 cogit
2070 5574 2397 5647 exercitum,

814 5684 874 5729 et
902 5674 1193 5730 Orestiade
1219 5676 1409 5731 relicta
1455 5675 1666 5729 circum
1703 5682 1952 5730 castrum
1987 5675 2136 5743 Apro
2164 5673 2398 5735 dictum,

817 5767 943 5822 loco
976 5767 1056 5823 illi
1088 5768 1361 5835 proximo,
1404 5768 1517 5839 figit
1548 5767 1783 5822 tentoria
1825 5752 2091 5838 tanquam
2117 5824 2126 5836 ,
2152 5753 2397 5820 diluculo

818 5862 1222 5922 commissdrus
1274 5877 1396 5920 cum
1432 5862 1583 5919 italis
1633 5864 1883 5945 praelium
1939 5876 1956 5919 :
2024 5873 2152 5916 nam
2191 5870 2244 5917 et
2291 5858 2399 5930 ipsi

2494 4658 2746 4709 cominus
2777 4663 3052 4715 conserto,
3090 4651 3219 4705 hinc
3248 4651 3472 4720 quidem
3502 4652 3685 4718 Alani,
3718 4651 3848 4706 inde
3882 4663 4079 4709 autem

2494 4744 2791 4815 Turcopuli
2847 4754 3272 4808 concurrentes,
3322 4745 3376 4798 in
3426 4745 3634 4814 primos
3684 4745 4083 4799 Catelanorum

2496 4840 2809 4907 impingunt
2841 4837 3089 4904 ordines,
3117 4840 3334 4906 excepti
3368 4838 3437 4891 ab
3466 4837 3552 4891 bis
3575 4836 3852 4905 intrepide
3887 4853 3954 4892 ac
3983 4838 4086 4892 ﬁr-

2494 4933 2678 4997 miter,
2731 4932 2907 4985 instar
2949 4932 3122 4985 turris
3154 4929 3413 4985 videlicet
3468 4931 3918 4999 persistentibus,
3975 4948 4084 4987 nec

2497 5026 2860 5095 quantumvis
2887 5023 3096 5077 circum
3127 5022 3464 5077 assultantes
3484 5023 3834 5085 molirentur,
3860 5024 3947 5075 vel
3967 5039 4088 5076 uno

2496 5117 2755 5184 cuiquam
2787 5115 3019 5184 vestigio
3045 5115 3394 5192 cedentibus.
3427 5113 3594 5169 Gravi
3640 5114 3846 5182 quippe
3890 5128 4083 5166 arma-

2498 5216 2621 5261 tura
2661 5208 2897 5276 protecti
2941 5208 3188 5275 undique
3224 5222 3481 5272 corpora.
3511 5221 3637 5259 cum
3671 5206 3791 5258 suis
3832 5204 3936 5273 ipsi
3990 5221 4086 5259 se-

2498 5299 2618 5355 curi
2675 5299 3013 5368 tegminibus
3063 5298 3493 5351 contemnebant
3542 5306 3777 5364 utraque
3810 5311 3875 5348 ex
3919 5309 4087 5363 parte

2500 5392 2747 5446 immissa
2767 5390 2973 5460 jacula,
2991 5400 3107 5445 tum
3127 5406 3355 5443 suorum
3375 5391 3651 5457 utrimque
3668 5388 4087 5456 dispositorum

2500 5499 2612 5539 non
2645 5483 2923 5541 defuturis
2954 5484 3008 5536 in
3046 5491 3289 5551 tempore
3337 5480 3559 5535 auxilits
3615 5481 3754 5534 satis
3813 5479 4089 5536 ﬁdebant.

2502 5576 2682 5645 Atque
2714 5576 2787 5629 ita
2812 5589 2949 5629 sane
2975 5573 3191 5628 fortiter
3231 5573 3518 5627 obstantes
3552 5572 3851 5626 tuebantur
3875 5572 4088 5629 lacum.

2501 5670 2775 5725 Caeterum
2832 5669 2927 5737 qui
2983 5676 3389 5736 praécurrerant
3431 5664 3734 5731 Turcopuli
3769 5672 3825 5719 et
3895 5665 4091 5731 Alani,

2503 5762 2649 5818 haud
2681 5776 2867 5831 parem
2915 5761 3107 5831 primae
3163 5760 3239 5814 illi
3284 5760 3554 5814 alacritati
3600 5760 3797 5815 vivida:
3845 5761 4093 5828 impres-

2504 5855 2682 5915 siouis
2736 5855 2965 5926 urgendi
3016 5844 3481 5924 persevcrantiam
3531 5853 3925 5923 atljunxcruut,
3986 5854 4091 5910 sed
