  <div class='ocr_page' id='page_1' title='image "/cluster/home/n/w/nwhite01/storage/ocr_20150623/144/nnc1.0046980792/321.png"; bbox 0 0 4190 6438; ppageno 0'>
   <div class='ocr_carea' id='block_1_1' title="bbox 733 398 842 458">
    <p class='ocr_par' dir='ltr' id='par_1_1' title="bbox 733 398 842 458">
     <span class='ocr_line' id='line_1_1' title="bbox 733 398 842 458; baseline -0.018 -1"><span class='ocrx_word' id='word_1_1' title='bbox 733 398 842 458; x_wconf 56' lang='grc' dir='ltr'><strong>(³οἹ</strong></span> 
     </span>
    </p>
   </div>
   <div class='ocr_carea' id='block_1_2' title="bbox 1897 347 2806 486">
    <p class='ocr_par' dir='ltr' id='par_1_2' title="bbox 1897 347 2806 486">
     <span class='ocr_line' id='line_1_2' title="bbox 1897 347 2806 486; baseline -0.021 -21"><span class='ocrx_word' id='word_1_2' title='bbox 1897 458 1904 465; x_wconf 88' lang='grc'><strong><em>.</em></strong></span> <span class='ocrx_word' id='word_1_3' title='bbox 1954 347 2806 486; x_wconf 24' lang='grc' dir='ltr'>οβοῐιοῐι-ιιιιοιιγιιειιςιιι</span> 
     </span>
    </p>
   </div>
   <div class='ocr_carea' id='block_1_3' title="bbox 3892 385 4000 448">
    <p class='ocr_par' dir='ltr' id='par_1_3' title="bbox 3892 385 4000 448">
     <span class='ocr_line' id='line_1_3' title="bbox 3892 385 4000 448; baseline -0.093 0"><span class='ocrx_word' id='word_1_4' title='bbox 3892 385 4000 448; x_wconf 68' lang='grc' dir='ltr'><strong>6θῆ</strong></span> 
     </span>
    </p>
   </div>
   <div class='ocr_carea' id='block_1_4' title="bbox 734 481 4010 580">
    <p class='ocr_par' dir='ltr' id='par_1_4' title="bbox 734 481 4010 580">
     <span class='ocr_line' id='line_1_4' title="bbox 734 481 4010 580; baseline -0.003 -21"><span class='ocrx_word' id='word_1_5' title='bbox 734 511 938 580; x_wconf 69' lang='grc' dir='ltr'>ρεσκιον</span> <span class='ocrx_word' id='word_1_6' title='bbox 981 507 1227 577; x_wconf 67' lang='grc' dir='ltr'>δέχονται</span> <span class='ocrx_word' id='word_1_7' title='bbox 1280 505 1370 559; x_wconf 63' lang='grc' dir='ltr'><strong>καῖ</strong></span> <span class='ocrx_word' id='word_1_8' title='bbox 1422 508 1518 576; x_wconf 71' lang='grc' dir='ltr'>τὴν</span> <span class='ocrx_word' id='word_1_9' title='bbox 1550 507 1834 578; x_wconf 78' lang='grc' dir='ltr'>βασιλικὴν</span> <span class='ocrx_word' id='word_1_10' title='bbox 1868 507 1952 579; x_wconf 82' lang='grc' dir='ltr'><strong>[Ρ.</strong></span> <span class='ocrx_word' id='word_1_11' title='bbox 1992 481 2311 577; x_wconf 42' lang='grc' dir='ltr'>τέὸὃτπεριξ</span> <span class='ocrx_word' id='word_1_12' title='bbox 2339 507 2384 561; x_wconf 75' lang='grc' dir='ltr'><strong>Α</strong></span> <span class='ocrx_word' id='word_1_13' title='bbox 2421 481 2566 574; x_wconf 85' lang='grc' dir='ltr'>ματα</span> <span class='ocrx_word' id='word_1_14' title='bbox 2593 481 2716 559; x_wconf 81' lang='grc' dir='ltr'>τότε</span> <span class='ocrx_word' id='word_1_15' title='bbox 2745 492 2886 556; x_wconf 75' lang='grc' dir='ltr'>κατά</span> <span class='ocrx_word' id='word_1_16' title='bbox 2918 517 3041 554; x_wconf 83' lang='grc' dir='ltr'>τινα</span> <span class='ocrx_word' id='word_1_17' title='bbox 3073 499 3304 568; x_wconf 86' lang='grc' dir='ltr'>ἐνεδρῶν</span> <span class='ocrx_word' id='word_1_18' title='bbox 3333 497 3594 565; x_wconf 71' lang='grc' dir='ltr'>ὑποψίαν,</span> <span class='ocrx_word' id='word_1_19' title='bbox 3626 496 3743 550; x_wconf 81' lang='grc' dir='ltr'>ἀλλ’</span> <span class='ocrx_word' id='word_1_20' title='bbox 3782 493 3878 550; x_wconf 71' lang='grc' dir='ltr'><strong>οὖν</strong></span> <span class='ocrx_word' id='word_1_21' title='bbox 3907 504 4010 550; x_wconf 71' lang='grc' dir='ltr'>οὑκ</span> 
     </span>
    </p>
   </div>
   <div class='ocr_carea' id='block_1_5' title="bbox 733 585 2316 667">
    <p class='ocr_par' dir='ltr' id='par_1_5' title="bbox 733 585 2316 667">
     <span class='ocr_line' id='line_1_5' title="bbox 733 585 2316 667; baseline -0.003 -15"><span class='ocrx_word' id='word_1_22' title='bbox 733 599 1016 652; x_wconf 82' lang='grc' dir='ltr'>ποιοῦνται</span> <span class='ocrx_word' id='word_1_23' title='bbox 1039 598 1206 667; x_wconf 60' lang='grc' dir='ltr'>τζωήν</span> <span class='ocrx_word' id='word_1_24' title='bbox 1231 613 1244 628; x_wconf 79' lang='grc'><strong><em>⁸</em></strong></span> <span class='ocrx_word' id='word_1_25' title='bbox 1276 585 1480 651; x_wconf 53' lang='grc' dir='ltr'>’πολλοὶ</span> <span class='ocrx_word' id='word_1_26' title='bbox 1509 599 1618 665; x_wconf 74' lang='grc' dir='ltr'>γὰρ</span> <span class='ocrx_word' id='word_1_27' title='bbox 1653 599 1749 653; x_wconf 76' lang='grc' dir='ltr'><strong>ἅτε</strong></span> <span class='ocrx_word' id='word_1_28' title='bbox 1796 599 2060 667; x_wconf 82' lang='grc' dir='ltr'>βασιλέως</span> <span class='ocrx_word' id='word_1_29' title='bbox 2099 602 2164 650; x_wconf 84' lang='grc' dir='ltr'><strong>ἐκ</strong></span> <span class='ocrx_word' id='word_1_30' title='bbox 2209 597 2316 650; x_wconf 90' lang='grc' dir='ltr'><strong>τῶν</strong></span> 
     </span>
    </p>
   </div>
   <div class='ocr_carea' id='block_1_6' title="bbox 733 689 2316 761">
    <p class='ocr_par' dir='ltr' id='par_1_6' title="bbox 733 689 2316 761">
     <span class='ocr_line' id='line_1_6' title="bbox 733 689 2316 761; baseline -0.003 -15"><span class='ocrx_word' id='word_1_31' title='bbox 733 692 977 758; x_wconf 74' lang='grc' dir='ltr'>σημείων</span> <span class='ocrx_word' id='word_1_32' title='bbox 1033 691 1293 759; x_wconf 75' lang='grc' dir='ltr'><strong>φανέντος</strong></span> <span class='ocrx_word' id='word_1_33' title='bbox 1341 693 1811 761; x_wconf 84' lang='grc' dir='ltr'>ἐπεισφρήσαντες</span> <span class='ocrx_word' id='word_1_34' title='bbox 1867 692 2128 755; x_wconf 78' lang='grc' dir='ltr'>οὔταζον,</span> <span class='ocrx_word' id='word_1_35' title='bbox 2189 689 2316 744; x_wconf 85' lang='grc' dir='ltr'>ὥστ’</span> 
     </span>
    </p>
   </div>
   <div class='ocr_carea' id='block_1_7' title="bbox 733 783 2317 854">
    <p class='ocr_par' dir='ltr' id='par_1_7' title="bbox 733 783 2317 854">
     <span class='ocr_line' id='line_1_7' title="bbox 733 783 2317 854; baseline 0 -18"><span class='ocrx_word' id='word_1_36' title='bbox 733 783 1067 847; x_wconf 84' lang='grc' dir='ltr'>ἐξικνεῖσθαι</span> <span class='ocrx_word' id='word_1_37' title='bbox 1106 784 1201 836; x_wconf 69' lang='grc' dir='ltr'>καὶ</span> <span class='ocrx_word' id='word_1_38' title='bbox 1225 786 1368 836; x_wconf 74' lang='grc' dir='ltr'>κατὰ</span> <span class='ocrx_word' id='word_1_39' title='bbox 1400 784 1495 837; x_wconf 80' lang='grc' dir='ltr'><strong>τοῦ</strong></span> <span class='ocrx_word' id='word_1_40' title='bbox 1524 785 1778 854; x_wconf 85' lang='grc' dir='ltr'>σώματος</span> <span class='ocrx_word' id='word_1_41' title='bbox 1812 786 1911 848; x_wconf 82' lang='grc' dir='ltr'><strong>τὰς</strong></span> <span class='ocrx_word' id='word_1_42' title='bbox 1945 786 2182 853; x_wconf 60' lang='grc' dir='ltr'>πληγάσ,</span> <span class='ocrx_word' id='word_1_43' title='bbox 2216 784 2317 836; x_wconf 84' lang='grc' dir='ltr'><strong>κᾶν</strong></span> 
     </span>
    </p>
   </div>
   <div class='ocr_carea' id='block_1_8' title="bbox 732 873 2314 946">
    <p class='ocr_par' dir='ltr' id='par_1_8' title="bbox 732 873 2314 946">
     <span class='ocr_line' id='line_1_8' title="bbox 732 873 2314 946; baseline 0.001 -20"><span class='ocrx_word' id='word_1_44' title='bbox 732 876 828 926; x_wconf 72' lang='grc' dir='ltr'><strong>καὶ</strong></span> <span class='ocrx_word' id='word_1_45' title='bbox 861 873 1113 942; x_wconf 77' lang='grc' dir='ltr'>βασιλεὺς</span> <span class='ocrx_word' id='word_1_46' title='bbox 1151 876 1550 946; x_wconf 78' lang='grc' dir='ltr'>ἀγχιστρόφους</span> <span class='ocrx_word' id='word_1_47' title='bbox 1600 877 1774 931; x_wconf 85' lang='grc' dir='ltr'>ἐποίει</span> <span class='ocrx_word' id='word_1_48' title='bbox 1805 878 1902 940; x_wconf 72' lang='grc' dir='ltr'><strong>τὰς</strong></span> <span class='ocrx_word' id='word_1_49' title='bbox 1948 877 2314 946; x_wconf 75' lang='grc' dir='ltr'><strong>μετακλίσεις,</strong></span> 
     </span>
    </p>
   </div>
   <div class='ocr_carea' id='block_1_9' title="bbox 731 967 2317 1039">
    <p class='ocr_par' dir='ltr' id='par_1_9' title="bbox 731 967 2317 1039">
     <span class='ocr_line' id='line_1_9' title="bbox 731 967 2317 1039; baseline 0.001 -21"><span class='ocrx_word' id='word_1_50' title='bbox 731 967 782 1018; x_wconf 82' lang='grc' dir='ltr'><strong>εἰ</strong></span> <span class='ocrx_word' id='word_1_51' title='bbox 817 967 891 1034; x_wconf 82' lang='grc' dir='ltr'><strong>μὴ</strong></span> <span class='ocrx_word' id='word_1_52' title='bbox 935 968 1044 1020; x_wconf 84' lang='grc' dir='ltr'><strong>τῶν</strong></span> <span class='ocrx_word' id='word_1_53' title='bbox 1071 968 1249 1021; x_wconf 82' lang='grc' dir='ltr'>ἄλλων</span> <span class='ocrx_word' id='word_1_54' title='bbox 1283 970 1750 1039; x_wconf 77' lang='grc' dir='ltr'>φυγομαχούντων</span> <span class='ocrx_word' id='word_1_55' title='bbox 1795 971 1957 1032; x_wconf 73' lang='grc' dir='ltr'>αὐτὸς</span> <span class='ocrx_word' id='word_1_56' title='bbox 1987 969 2085 1022; x_wconf 68' lang='grc' dir='ltr'><strong>σὺν</strong></span> <span class='ocrx_word' id='word_1_57' title='bbox 2117 968 2317 1034; x_wconf 81' lang='grc' dir='ltr'><strong>ὀλίγοις</strong></span> 
     </span>
    </p>
   </div>
   <div class='ocr_carea' id='block_1_10' title="bbox 732 1057 2318 1133">
    <p class='ocr_par' dir='ltr' id='par_1_10' title="bbox 732 1057 2318 1133">
     <span class='ocr_line' id='line_1_10' title="bbox 732 1057 2318 1133; baseline 0.003 -23"><span class='ocrx_word' id='word_1_58' title='bbox 732 1059 792 1110; x_wconf 77' lang='grc' dir='ltr'><strong>ἐν</strong></span> <span class='ocrx_word' id='word_1_59' title='bbox 815 1060 1099 1130; x_wconf 78' lang='grc' dir='ltr'>ἀναγκαίῳ</span> <span class='ocrx_word' id='word_1_60' title='bbox 1133 1061 1366 1130; x_wconf 81' lang='grc' dir='ltr'><strong>κινδύνῳ</strong></span> <span class='ocrx_word' id='word_1_61' title='bbox 1390 1057 1459 1131; x_wconf 81' lang='grc' dir='ltr'>ἦν</span> <span class='ocrx_word' id='word_1_62' title='bbox 1497 1064 1592 1116; x_wconf 70' lang='grc' dir='ltr'><strong>καὶ</strong></span> <span class='ocrx_word' id='word_1_63' title='bbox 1621 1064 2000 1133; x_wconf 73' lang='grc' dir='ltr'>παρακληθεὶς</span> <span class='ocrx_word' id='word_1_64' title='bbox 2046 1063 2318 1129; x_wconf 80' lang='grc' dir='ltr'>ὑπέστρε-</span> 
     </span>
    </p>
   </div>
   <div class='ocr_carea' id='block_1_11' title="bbox 736 1152 2319 1224">
    <p class='ocr_par' dir='ltr' id='par_1_11' title="bbox 736 1152 2319 1224">
     <span class='ocr_line' id='line_1_11' title="bbox 736 1152 2319 1224; baseline 0.003 -20"><span class='ocrx_word' id='word_1_65' title='bbox 736 1169 854 1219; x_wconf 80' lang='grc' dir='ltr'>φεν.</span> <span class='ocrx_word' id='word_1_66' title='bbox 888 1152 1026 1204; x_wconf 79' lang='grc' dir='ltr'>Ἀλλ’</span> <span class='ocrx_word' id='word_1_67' title='bbox 1059 1155 1105 1205; x_wconf 84' lang='grc' dir='ltr'><strong>οἱ</strong></span> <span class='ocrx_word' id='word_1_68' title='bbox 1137 1153 1234 1221; x_wconf 84' lang='grc' dir='ltr'>μὲν</span> <span class='ocrx_word' id='word_1_69' title='bbox 1287 1155 1648 1224; x_wconf 76' lang='grc' dir='ltr'><strong>ἐπισπόμενοι</strong></span> <span class='ocrx_word' id='word_1_70' title='bbox 1686 1157 1787 1209; x_wconf 84' lang='grc' dir='ltr'>οὐκ</span> <span class='ocrx_word' id='word_1_71' title='bbox 1818 1157 2028 1224; x_wconf 78' lang='grc' dir='ltr'><strong>ἀνῆκαν</strong></span> <span class='ocrx_word' id='word_1_72' title='bbox 2069 1155 2172 1220; x_wconf 76' lang='grc' dir='ltr'>ἔτι,</span> <span class='ocrx_word' id='word_1_73' title='bbox 2201 1157 2230 1209; x_wconf 84' lang='grc' dir='ltr'>ὁ</span> <span class='ocrx_word' id='word_1_74' title='bbox 2260 1156 2319 1208; x_wconf 79' lang='grc' dir='ltr'>δὲ</span> 
     </span>
    </p>
   </div>
   <div class='ocr_carea' id='block_1_12' title="bbox 739 1245 2320 1316">
    <p class='ocr_par' dir='ltr' id='par_1_12' title="bbox 739 1245 2320 1316">
     <span class='ocr_line' id='line_1_12' title="bbox 739 1245 2320 1316; baseline 0.004 -22"><span class='ocrx_word' id='word_1_75' title='bbox 739 1245 938 1312; x_wconf 74' lang='grc' dir='ltr'>μικρὸν</span> <span class='ocrx_word' id='word_1_76' title='bbox 991 1246 1354 1316; x_wconf 77' lang='grc' dir='ltr'><strong>ἀναχωρήσας</strong></span> <span class='ocrx_word' id='word_1_77' title='bbox 1397 1247 1492 1300; x_wconf 76' lang='grc' dir='ltr'>τοῦ</span> <span class='ocrx_word' id='word_1_78' title='bbox 1543 1248 1803 1316; x_wconf 83' lang='grc' dir='ltr'>κυδοιμοῦ</span> <span class='ocrx_word' id='word_1_79' title='bbox 1858 1248 2068 1314; x_wconf 79' lang='grc' dir='ltr'>δάκρυά</span> <span class='ocrx_word' id='word_1_80' title='bbox 2099 1266 2158 1301; x_wconf 87' lang='grc' dir='ltr'><strong>τε</strong></span> <span class='ocrx_word' id='word_1_81' title='bbox 2210 1249 2320 1301; x_wconf 86' lang='grc' dir='ltr'><strong>τῶν</strong></span> 
     </span>
    </p>
   </div>
   <div class='ocr_carea' id='block_1_13' title="bbox 735 1335 2321 1412">
    <p class='ocr_par' dir='ltr' id='par_1_13' title="bbox 735 1335 2321 1412">
     <span class='ocr_line' id='line_1_13' title="bbox 735 1335 2321 1412; baseline 0.004 -25"><span class='ocrx_word' id='word_1_82' title='bbox 735 1337 1053 1408; x_wconf 54' lang='grc' dir='ltr'>δξθαλμῶν,</span> <span class='ocrx_word' id='word_1_83' title='bbox 1089 1335 1175 1392; x_wconf 74' lang='grc' dir='ltr'><strong>οἷα</strong></span> <span class='ocrx_word' id='word_1_84' title='bbox 1201 1340 1355 1407; x_wconf 85' lang='grc' dir='ltr'><strong>λόγος</strong></span> <span class='ocrx_word' id='word_1_85' title='bbox 1382 1341 1473 1393; x_wconf 82' lang='grc' dir='ltr'><strong>τὸν</strong></span> <span class='ocrx_word' id='word_1_86' title='bbox 1495 1343 1903 1411; x_wconf 83' lang='grc' dir='ltr'>Ἀγαμέμνονα,</span> <span class='ocrx_word' id='word_1_87' title='bbox 1934 1341 2105 1412; x_wconf 75' lang='grc' dir='ltr'>ἔρρει,</span> <span class='ocrx_word' id='word_1_88' title='bbox 2131 1342 2321 1394; x_wconf 75' lang='grc' dir='ltr'>ἕλκετο</span> 
     </span>
    </p>
   </div>
   <div class='ocr_carea' id='block_1_14' title="bbox 735 1428 2320 1504">
    <p class='ocr_par' dir='ltr' id='par_1_14' title="bbox 735 1428 2320 1504">
     <span class='ocr_line' id='line_1_14' title="bbox 735 1428 2320 1504; baseline 0.003 -24"><span class='ocrx_word' id='word_1_89' title='bbox 735 1428 782 1480; x_wconf 83' lang='grc' dir='ltr'>δ’</span> <span class='ocrx_word' id='word_1_90' title='bbox 816 1430 880 1481; x_wconf 85' lang='grc' dir='ltr'><strong>ἐκ</strong></span> <span class='ocrx_word' id='word_1_91' title='bbox 923 1432 1168 1500; x_wconf 81' lang='grc' dir='ltr'><strong>κεφαλῆς</strong></span> <span class='ocrx_word' id='word_1_92' title='bbox 1217 1433 1626 1504; x_wconf 76' lang='grc' dir='ltr'><strong>προθελύμνους</strong></span> <span class='ocrx_word' id='word_1_93' title='bbox 1658 1434 1758 1497; x_wconf 83' lang='grc' dir='ltr'>τὰς</span> <span class='ocrx_word' id='word_1_94' title='bbox 1807 1434 2018 1504; x_wconf 80' lang='grc' dir='ltr'>τρίχας,</span> <span class='ocrx_word' id='word_1_95' title='bbox 2064 1436 2177 1495; x_wconf 88' lang='grc' dir='ltr'>τοῖς</span> <span class='ocrx_word' id='word_1_96' title='bbox 2209 1433 2320 1485; x_wconf 89' lang='grc' dir='ltr'><strong>τῶν</strong></span> 
     </span>
    </p>
   </div>
   <div class='ocr_carea' id='block_1_15' title="bbox 749 1520 2320 1595">
    <p class='ocr_par' dir='ltr' id='par_1_15' title="bbox 749 1520 2320 1595">
     <span class='ocr_line' id='line_1_15' title="bbox 749 1520 2320 1595; baseline 0.002 -22"><span class='ocrx_word' id='word_1_97' title='bbox 749 1520 1039 1588; x_wconf 69' lang='grc' dir='ltr'>Ῥωμαίων</span> <span class='ocrx_word' id='word_1_98' title='bbox 1088 1525 1532 1594; x_wconf 77' lang='grc' dir='ltr'>ἐποικτιζὸμενος</span> <span class='ocrx_word' id='word_1_99' title='bbox 1571 1526 1885 1595; x_wconf 78' lang='grc' dir='ltr'><strong>πράγμασι,</strong></span> <span class='ocrx_word' id='word_1_100' title='bbox 1919 1529 2015 1578; x_wconf 85' lang='grc' dir='ltr'>καί</span> <span class='ocrx_word' id='word_1_101' title='bbox 2053 1525 2320 1594; x_wconf 77' lang='grc' dir='ltr'>ὑποστρέ-</span> 
     </span>
    </p>
   </div>
   <div class='ocr_carea' id='block_1_16' title="bbox 741 1611 2320 1688">
    <p class='ocr_par' dir='ltr' id='par_1_16' title="bbox 741 1611 2320 1688">
     <span class='ocr_line' id='line_1_16' title="bbox 741 1611 2320 1688; baseline 0.006 -30"><span class='ocrx_word' id='word_1_102' title='bbox 741 1624 862 1676; x_wconf 82' lang='grc' dir='ltr'>φειν</span> <span class='ocrx_word' id='word_1_103' title='bbox 903 1611 1194 1675; x_wconf 73' lang='grc' dir='ltr'><strong>ἐσφάδαζε,</strong></span> <span class='ocrx_word' id='word_1_104' title='bbox 1251 1612 1356 1681; x_wconf 79' lang='grc' dir='ltr'><strong>κᾶν</strong></span> <span class='ocrx_word' id='word_1_105' title='bbox 1383 1615 1485 1664; x_wconf 82' lang='grc' dir='ltr'><strong>οὐκ</strong></span> <span class='ocrx_word' id='word_1_106' title='bbox 1540 1611 1688 1682; x_wconf 76' lang='grc' dir='ltr'>εἶχεν</span> <span class='ocrx_word' id='word_1_107' title='bbox 1730 1615 1888 1676; x_wconf 80' lang='grc' dir='ltr'>ὅλως.</span> <span class='ocrx_word' id='word_1_108' title='bbox 1922 1614 2111 1676; x_wconf 83' lang='grc' dir='ltr'>Ἔλεος</span> <span class='ocrx_word' id='word_1_109' title='bbox 2159 1615 2205 1668; x_wconf 83' lang='grc' dir='ltr'>δ’</span> <span class='ocrx_word' id='word_1_110' title='bbox 2252 1613 2320 1688; x_wconf 79' lang='grc' dir='ltr'><strong>ἦν</strong></span> 
     </span>
    </p>
   </div>
   <div class='ocr_carea' id='block_1_17' title="bbox 739 1699 2320 1777">
    <p class='ocr_par' dir='ltr' id='par_1_17' title="bbox 739 1699 2320 1777">
     <span class='ocr_line' id='line_1_17' title="bbox 739 1699 2320 1777; baseline 0.006 -27"><span class='ocrx_word' id='word_1_111' title='bbox 739 1699 988 1752; x_wconf 81' lang='grc' dir='ltr'>ἐντεῦθεν</span> <span class='ocrx_word' id='word_1_112' title='bbox 1026 1700 1185 1764; x_wconf 80' lang='grc' dir='ltr'>Θεοῦ,</span> <span class='ocrx_word' id='word_1_113' title='bbox 1238 1705 1330 1755; x_wconf 71' lang='grc' dir='ltr'><strong>καὶ</strong></span> <span class='ocrx_word' id='word_1_114' title='bbox 1367 1705 1545 1756; x_wconf 74' lang='grc' dir='ltr'>ἔννοιά</span> <span class='ocrx_word' id='word_1_115' title='bbox 1573 1721 1658 1766; x_wconf 89' lang='grc' dir='ltr'><strong>τις</strong></span> <span class='ocrx_word' id='word_1_116' title='bbox 1704 1706 1877 1777; x_wconf 77' lang='grc' dir='ltr'>εἰσῄει</span> <span class='ocrx_word' id='word_1_117' title='bbox 1922 1706 2048 1769; x_wconf 76' lang='grc' dir='ltr'>τοὺς</span> <span class='ocrx_word' id='word_1_118' title='bbox 2088 1707 2320 1760; x_wconf 82' lang='grc' dir='ltr'>ἀντιπά-</span> 
     </span>
    </p>
   </div>
   <div class='ocr_carea' id='block_1_18' title="bbox 740 1788 2322 1866">
    <p class='ocr_par' dir='ltr' id='par_1_18' title="bbox 740 1788 2322 1866">
     <span class='ocr_line' id='line_1_18' title="bbox 740 1788 2322 1866; baseline 0.006 -26"><span class='ocrx_word' id='word_1_119' title='bbox 740 1788 866 1853; x_wconf 86' lang='grc' dir='ltr'>λους</span> <span class='ocrx_word' id='word_1_120' title='bbox 894 1791 969 1852; x_wconf 77' lang='grc' dir='ltr'>ὡς</span> <span class='ocrx_word' id='word_1_121' title='bbox 1013 1791 1138 1846; x_wconf 77' lang='grc' dir='ltr'>κατ’</span> <span class='ocrx_word' id='word_1_122' title='bbox 1177 1795 1394 1864; x_wconf 81' lang='grc' dir='ltr'><strong>ἀπάτην</strong></span> <span class='ocrx_word' id='word_1_123' title='bbox 1428 1796 1774 1866; x_wconf 72' lang='grc' dir='ltr'>ἀναχωροῦσι</span> <span class='ocrx_word' id='word_1_124' title='bbox 1828 1799 1922 1850; x_wconf 77' lang='grc' dir='ltr'><strong>καὶ</strong></span> <span class='ocrx_word' id='word_1_125' title='bbox 1951 1798 2025 1857; x_wconf 84' lang='grc' dir='ltr'>ὡς</span> <span class='ocrx_word' id='word_1_126' title='bbox 2075 1797 2322 1865; x_wconf 77' lang='grc' dir='ltr'>ἐνέδραις</span> 
     </span>
    </p>
   </div>
   <div class='ocr_carea' id='block_1_19' title="bbox 743 1884 2317 1959">
    <p class='ocr_par' dir='ltr' id='par_1_19' title="bbox 743 1884 2317 1959">
     <span class='ocr_line' id='line_1_19' title="bbox 743 1884 2317 1959; baseline 0.007 -26"><span class='ocrx_word' id='word_1_127' title='bbox 743 1884 1154 1953; x_wconf 78' lang='grc' dir='ltr'>προλοχίζουσιν</span> <span class='ocrx_word' id='word_1_128' title='bbox 1201 1888 1374 1949; x_wconf 81' lang='grc' dir='ltr'>ἄλλοι,</span> <span class='ocrx_word' id='word_1_129' title='bbox 1430 1896 1525 1942; x_wconf 84' lang='grc' dir='ltr'><strong>καὶ</strong></span> <span class='ocrx_word' id='word_1_130' title='bbox 1572 1888 1747 1952; x_wconf 76' lang='grc' dir='ltr'>οὕτως</span> <span class='ocrx_word' id='word_1_131' title='bbox 1803 1891 2154 1959; x_wconf 85' lang='grc' dir='ltr'>ἀνείργονται</span> <span class='ocrx_word' id='word_1_132' title='bbox 2215 1891 2317 1959; x_wconf 79' lang='grc' dir='ltr'>τῆς</span> 
     </span>
    </p>
   </div>
   <div class='ocr_carea' id='block_1_20' title="bbox 742 1973 2322 2051">
    <p class='ocr_par' dir='ltr' id='par_1_20' title="bbox 742 1973 2322 2051">
     <span class='ocr_line' id='line_1_20' title="bbox 742 1973 2322 2051; baseline 0.004 -24"><span class='ocrx_word' id='word_1_133' title='bbox 742 1975 999 2042; x_wconf 81' lang='grc' dir='ltr'>διώξεως.</span> <span class='ocrx_word' id='word_1_134' title='bbox 1036 1979 1202 2032; x_wconf 87' lang='grc' dir='ltr'>Ὂθεν</span> <span class='ocrx_word' id='word_1_135' title='bbox 1233 1982 1327 2033; x_wconf 70' lang='grc' dir='ltr'><strong>καὶ</strong></span> <span class='ocrx_word' id='word_1_136' title='bbox 1355 1973 1502 2034; x_wconf 69' lang='grc' dir='ltr'>οὗτοι</span> <span class='ocrx_word' id='word_1_137' title='bbox 1540 1982 1636 2049; x_wconf 80' lang='grc' dir='ltr'><strong>μὲν</strong></span> <span class='ocrx_word' id='word_1_138' title='bbox 1666 1985 1766 2051; x_wconf 77' lang='grc' dir='ltr'>τῆς</span> <span class='ocrx_word' id='word_1_139' title='bbox 1798 1981 1887 2033; x_wconf 76' lang='grc' dir='ltr'>ἐπὶ</span> <span class='ocrx_word' id='word_1_140' title='bbox 1916 1983 1977 2034; x_wconf 79' lang='grc' dir='ltr'>τὸ</span> <span class='ocrx_word' id='word_1_141' title='bbox 2009 1983 2197 2051; x_wconf 73' lang='grc' dir='ltr'>πρόσω</span> <span class='ocrx_word' id='word_1_142' title='bbox 2228 1999 2322 2049; x_wconf 79' lang='grc' dir='ltr'><strong>φο-</strong></span> 
     </span>
    </p>
   </div>
   <div class='ocr_carea' id='block_1_21' title="bbox 746 2063 2322 2144">
    <p class='ocr_par' dir='ltr' id='par_1_21' title="bbox 746 2063 2322 2144">
     <span class='ocr_line' id='line_1_21' title="bbox 746 2063 2322 2144; baseline 0.003 -24"><span class='ocrx_word' id='word_1_143' title='bbox 746 2069 847 2137; x_wconf 80' lang='grc' dir='ltr'>ρᾶς</span> <span class='ocrx_word' id='word_1_144' title='bbox 879 2063 1150 2135; x_wconf 77' lang='grc' dir='ltr'>ἵστανται,</span> <span class='ocrx_word' id='word_1_145' title='bbox 1177 2073 1373 2126; x_wconf 81' lang='grc' dir='ltr'>ἐκεῖνοι</span> <span class='ocrx_word' id='word_1_146' title='bbox 1398 2073 1453 2126; x_wconf 91' lang='grc' dir='ltr'><strong>δέ</strong></span> <span class='ocrx_word' id='word_1_147' title='bbox 1487 2072 1642 2135; x_wconf 77' lang='grc' dir='ltr'>ἄλλος</span> <span class='ocrx_word' id='word_1_148' title='bbox 1666 2073 1902 2144; x_wconf 83' lang='grc' dir='ltr'>ἀλλαχοῦ</span> <span class='ocrx_word' id='word_1_149' title='bbox 1926 2074 2322 2143; x_wconf 79' lang='grc' dir='ltr'>διασπαρέντες</span> 
     </span>
    </p>
   </div>
   <div class='ocr_carea' id='block_1_22' title="bbox 744 2161 2324 2234">
    <p class='ocr_par' dir='ltr' id='par_1_22' title="bbox 744 2161 2324 2234">
     <span class='ocr_line' id='line_1_22' title="bbox 744 2161 2324 2234; baseline 0.003 -23"><span class='ocrx_word' id='word_1_150' title='bbox 744 2161 1166 2226; x_wconf 78' lang='grc' dir='ltr'>περισώζονται.</span> <span class='ocrx_word' id='word_1_151' title='bbox 1207 2164 1266 2215; x_wconf 87' lang='grc' dir='ltr'>Ὁ</span> <span class='ocrx_word' id='word_1_152' title='bbox 1296 2167 1480 2230; x_wconf 81' lang='grc' dir='ltr'>μέντοι</span> <span class='ocrx_word' id='word_1_153' title='bbox 1508 2181 1570 2231; x_wconf 91' lang='grc' dir='ltr'><strong>γε</strong></span> <span class='ocrx_word' id='word_1_154' title='bbox 1616 2164 1870 2234; x_wconf 76' lang='grc' dir='ltr'>βασιλεὺς</span> <span class='ocrx_word' id='word_1_155' title='bbox 1909 2166 2324 2233; x_wconf 76' lang='grc' dir='ltr'>καταλαμϐάνει</span> 
     </span>
    </p>
   </div>
   <div class='ocr_carea' id='block_1_23' title="bbox 751 2250 2326 2324">
    <p class='ocr_par' dir='ltr' id='par_1_23' title="bbox 751 2250 2326 2324">
     <span class='ocr_line' id='line_1_23' title="bbox 751 2250 2326 2324; baseline 0.004 -24"><span class='ocrx_word' id='word_1_156' title='bbox 751 2250 904 2319; x_wconf 84' lang='grc' dir='ltr'>μόλις</span> <span class='ocrx_word' id='word_1_157' title='bbox 935 2255 994 2302; x_wconf 75' lang='grc' dir='ltr'><strong>τὸ</strong></span> <span class='ocrx_word' id='word_1_158' title='bbox 1026 2252 1344 2320; x_wconf 77' lang='grc' dir='ltr'><strong>Πάμφυλον.</strong></span> <span class='ocrx_word' id='word_1_159' title='bbox 1391 2255 1500 2306; x_wconf 69' lang='grc' dir='ltr'><strong>Καὶ</strong></span> <span class='ocrx_word' id='word_1_160' title='bbox 1533 2254 1597 2324; x_wconf 79' lang='grc' dir='ltr'>δὴ</span> <span class='ocrx_word' id='word_1_161' title='bbox 1627 2257 1728 2324; x_wconf 84' lang='grc' dir='ltr'>τῆς</span> <span class='ocrx_word' id='word_1_162' title='bbox 1770 2255 1962 2323; x_wconf 77' lang='grc' dir='ltr'>φήμης</span> <span class='ocrx_word' id='word_1_163' title='bbox 1986 2255 2326 2323; x_wconf 78' lang='grc' dir='ltr'>διαδοθείσης</span> 
     </span>
    </p>
   </div>
   <div class='ocr_carea' id='block_1_24' title="bbox 749 2339 2326 2422">
    <p class='ocr_par' dir='ltr' id='par_1_24' title="bbox 749 2339 2326 2422">
     <span class='ocr_line' id='line_1_24' title="bbox 749 2339 2326 2422; baseline 0.001 -26"><span class='ocrx_word' id='word_1_164' title='bbox 749 2343 846 2396; x_wconf 82' lang='grc' dir='ltr'><strong>οὐκ</strong></span> <span class='ocrx_word' id='word_1_165' title='bbox 876 2339 942 2413; x_wconf 83' lang='grc' dir='ltr'>ἦν</span> <span class='ocrx_word' id='word_1_166' title='bbox 973 2345 1121 2422; x_wconf 83' lang='grc' dir='ltr'>ὅστις</span> <span class='ocrx_word' id='word_1_167' title='bbox 1158 2345 1265 2398; x_wconf 84' lang='grc' dir='ltr'><strong>τῶν</strong></span> <span class='ocrx_word' id='word_1_168' title='bbox 1292 2346 1576 2415; x_wconf 83' lang='grc' dir='ltr'>γεωργῶν,</span> <span class='ocrx_word' id='word_1_169' title='bbox 1623 2348 1683 2398; x_wconf 91' lang='grc' dir='ltr'><strong>ἐν</strong></span> <span class='ocrx_word' id='word_1_170' title='bbox 1712 2347 1861 2416; x_wconf 83' lang='grc' dir='ltr'>ἀκμῇ</span> <span class='ocrx_word' id='word_1_171' title='bbox 1906 2349 1999 2399; x_wconf 77' lang='grc' dir='ltr'><strong>καὶ</strong></span> <span class='ocrx_word' id='word_1_172' title='bbox 2033 2347 2205 2399; x_wconf 79' lang='grc' dir='ltr'>ταῦτα</span> <span class='ocrx_word' id='word_1_173' title='bbox 2231 2345 2326 2399; x_wconf 80' lang='grc' dir='ltr'><strong>τοῦ</strong></span> 
     </span>
    </p>
   </div>
   <div class='ocr_carea' id='block_1_25' title="bbox 751 2425 2327 2507">
    <p class='ocr_par' dir='ltr' id='par_1_25' title="bbox 751 2425 2327 2507">
     <span class='ocr_line' id='line_1_25' title="bbox 751 2425 2327 2507; baseline 0.003 -19"><span class='ocrx_word' id='word_1_174' title='bbox 751 2437 966 2507; x_wconf 82' lang='grc' dir='ltr'>θέρους,</span> <span class='ocrx_word' id='word_1_175' title='bbox 1000 2425 1105 2500; x_wconf 75' lang='grc' dir='ltr'><strong>ἔξω</strong></span> <span class='ocrx_word' id='word_1_176' title='bbox 1139 2438 1239 2507; x_wconf 74' lang='grc' dir='ltr'>τῆς</span> <span class='ocrx_word' id='word_1_177' title='bbox 1280 2439 1693 2492; x_wconf 82' lang='grc' dir='ltr'>Κωνσταντίνου</span> <span class='ocrx_word' id='word_1_178' title='bbox 1737 2438 2178 2500; x_wconf 84' lang='grc' dir='ltr'>ἐναπολέλειπτο,</span> <span class='ocrx_word' id='word_1_179' title='bbox 2211 2439 2327 2492; x_wconf 80' lang='grc' dir='ltr'>ἀλλ’</span> 
     </span>
    </p>
   </div>
   <div class='ocr_carea' id='block_1_26' title="bbox 747 2528 2326 2601">
    <p class='ocr_par' dir='ltr' id='par_1_26' title="bbox 747 2528 2326 2601">
     <span class='ocr_line' id='line_1_26' title="bbox 747 2528 2326 2601; baseline 0.001 -18"><span class='ocrx_word' id='word_1_180' title='bbox 747 2528 864 2598; x_wconf 74' lang='grc' dir='ltr'><strong>ἅμα</strong></span> <span class='ocrx_word' id='word_1_181' title='bbox 893 2529 1155 2582; x_wconf 82' lang='grc' dir='ltr'>πάντοθεν</span> <span class='ocrx_word' id='word_1_182' title='bbox 1191 2531 1519 2601; x_wconf 80' lang='grc' dir='ltr'>μυρμηκιὰν</span> <span class='ocrx_word' id='word_1_183' title='bbox 1551 2529 1881 2600; x_wconf 82' lang='grc' dir='ltr'>μιμούμενοι</span> <span class='ocrx_word' id='word_1_184' title='bbox 1907 2530 2326 2599; x_wconf 79' lang='grc' dir='ltr'>ἐσκευαγώγουν</span> 
     </span>
    </p>
   </div>
   <div class='ocr_carea' id='block_1_27' title="bbox 749 2621 2327 2693">
    <p class='ocr_par' dir='ltr' id='par_1_27' title="bbox 749 2621 2327 2693">
     <span class='ocr_line' id='line_1_27' title="bbox 749 2621 2327 2693; baseline 0.001 -20"><span class='ocrx_word' id='word_1_185' title='bbox 749 2623 836 2691; x_wconf 78' lang='grc' dir='ltr'><strong>ἐφ’</strong></span> <span class='ocrx_word' id='word_1_186' title='bbox 863 2621 1109 2690; x_wconf 71' lang='grc' dir='ltr'>ἁμαξῶν,</span> <span class='ocrx_word' id='word_1_187' title='bbox 1141 2621 1274 2692; x_wconf 84' lang='grc' dir='ltr'>θέρη</span> <span class='ocrx_word' id='word_1_188' title='bbox 1309 2625 1402 2675; x_wconf 75' lang='grc' dir='ltr'><strong>καὶ</strong></span> <span class='ocrx_word' id='word_1_189' title='bbox 1429 2623 1721 2693; x_wconf 75' lang='grc' dir='ltr'>δράγματα</span> <span class='ocrx_word' id='word_1_190' title='bbox 1755 2625 1851 2676; x_wconf 71' lang='grc' dir='ltr'><strong>καὶ</strong></span> <span class='ocrx_word' id='word_1_191' title='bbox 1879 2624 2083 2684; x_wconf 74' lang='grc' dir='ltr'>σωροὺς</span> <span class='ocrx_word' id='word_1_192' title='bbox 2118 2625 2327 2692; x_wconf 77' lang='grc' dir='ltr'>χαίρειν</span> 
     </span>
    </p>
   </div>
   <div class='ocr_carea' id='block_1_28' title="bbox 748 2714 2328 2786">
    <p class='ocr_par' dir='ltr' id='par_1_28' title="bbox 748 2714 2328 2786">
     <span class='ocr_line' id='line_1_28' title="bbox 748 2714 2328 2786; baseline 0.001 -18"><span class='ocrx_word' id='word_1_193' title='bbox 748 2715 967 2776; x_wconf 75' lang='grc' dir='ltr'>ἐῶντες.</span> <span class='ocrx_word' id='word_1_194' title='bbox 999 2715 1124 2778; x_wconf 88' lang='grc' dir='ltr'>Τοῖς</span> <span class='ocrx_word' id='word_1_195' title='bbox 1157 2716 1255 2786; x_wconf 80' lang='grc' dir='ltr'>μὲν</span> <span class='ocrx_word' id='word_1_196' title='bbox 1293 2714 1385 2768; x_wconf 79' lang='grc' dir='ltr'>οὖν</span> <span class='ocrx_word' id='word_1_197' title='bbox 1415 2716 1700 2783; x_wconf 84' lang='grc' dir='ltr'>ἐναντίοις,</span> <span class='ocrx_word' id='word_1_198' title='bbox 1735 2714 1838 2769; x_wconf 75' lang='grc' dir='ltr'>κᾶν</span> <span class='ocrx_word' id='word_1_199' title='bbox 1872 2717 2032 2769; x_wconf 78' lang='grc' dir='ltr'>ἴστων</span> <span class='ocrx_word' id='word_1_200' title='bbox 2063 2717 2130 2769; x_wconf 83' lang='grc' dir='ltr'>τὰ</span> <span class='ocrx_word' id='word_1_201' title='bbox 2154 2718 2328 2786; x_wconf 84' lang='grc' dir='ltr'>ὁρμή-</span> 
     </span>
    </p>
   </div>
   <div class='ocr_carea' id='block_1_29' title="bbox 749 2893 2328 2962">
    <p class='ocr_par' dir='ltr' id='par_1_29' title="bbox 749 2893 2328 2962">
     <span class='ocr_line' id='line_1_29' title="bbox 749 2893 2328 2962; baseline -0.001 -13"><span class='ocrx_word' id='word_1_202' title='bbox 749 2895 892 2950; x_wconf 99' lang='lat' dir='ltr'><strong>hosti</strong></span> <span class='ocrx_word' id='word_1_203' title='bbox 931 2896 1125 2949; x_wconf 90' lang='lat' dir='ltr'><strong>victori</strong></span> <span class='ocrx_word' id='word_1_204' title='bbox 1149 2893 1400 2962; x_wconf 79' lang='lat' dir='ltr'><strong>obiectus</strong></span> <span class='ocrx_word' id='word_1_205' title='bbox 1434 2903 1614 2949; x_wconf 90' lang='lat' dir='ltr'><strong>terror</strong></span> <span class='ocrx_word' id='word_1_206' title='bbox 1662 2901 1752 2950; x_wconf 90' lang='lat' dir='ltr'><strong>est</strong></span> <span class='ocrx_word' id='word_1_207' title='bbox 1796 2893 2124 2948; x_wconf 85' lang='lat' dir='ltr'><strong>insidiarum</strong></span> <span class='ocrx_word' id='word_1_208' title='bbox 2161 2910 2188 2947; x_wconf 86' lang='lat' dir='ltr'><strong>a</strong></span> <span class='ocrx_word' id='word_1_209' title='bbox 2227 2909 2328 2948; x_wconf 92' lang='lat' dir='ltr'><strong>no-</strong></span> 
     </span>
    </p>
   </div>
   <div class='ocr_carea' id='block_1_30' title="bbox 754 2986 2332 3058">
    <p class='ocr_par' dir='ltr' id='par_1_30' title="bbox 754 2986 2332 3058">
     <span class='ocr_line' id='line_1_30' title="bbox 754 2986 2332 3058; baseline -0.001 -16"><span class='ocrx_word' id='word_1_210' title='bbox 754 2991 887 3042; x_wconf 88' lang='lat' dir='ltr'><strong>stris</strong></span> <span class='ocrx_word' id='word_1_211' title='bbox 927 2989 1254 3058; x_wconf 84' lang='lat' dir='ltr'><strong>positarum,</strong></span> <span class='ocrx_word' id='word_1_212' title='bbox 1293 2988 1348 3042; x_wconf 91' lang='lat' dir='ltr'><strong>in</strong></span> <span class='ocrx_word' id='word_1_213' title='bbox 1381 3003 1518 3056; x_wconf 86' lang='lat' dir='ltr'><strong>quas</strong></span> <span class='ocrx_word' id='word_1_214' title='bbox 1547 2988 1698 3058; x_wconf 79' lang='lat' dir='ltr'><strong>ipsos</strong></span> <span class='ocrx_word' id='word_1_215' title='bbox 1718 2986 1978 3041; x_wconf 88' lang='lat' dir='ltr'><strong>videlicet</strong></span> <span class='ocrx_word' id='word_1_216' title='bbox 2012 2987 2332 3055; x_wconf 83' lang='lat' dir='ltr'><strong>pertrahere</strong></span> 
     </span>
    </p>
   </div>
   <div class='ocr_carea' id='block_1_31' title="bbox 753 3078 2330 3150">
    <p class='ocr_par' dir='ltr' id='par_1_31' title="bbox 753 3078 2330 3150">
     <span class='ocr_line' id='line_1_31' title="bbox 753 3078 2330 3150; baseline -0.001 -14"><span class='ocrx_word' id='word_1_217' title='bbox 753 3081 1053 3136; x_wconf 83' lang='lat' dir='ltr'><strong>artiﬁciosa</strong></span> <span class='ocrx_word' id='word_1_218' title='bbox 1121 3081 1262 3149; x_wconf 71' lang='lat' dir='ltr'><strong>fuga:</strong></span> <span class='ocrx_word' id='word_1_219' title='bbox 1294 3081 1650 3135; x_wconf 84' lang='lat' dir='ltr'><strong>simulatione</strong></span> <span class='ocrx_word' id='word_1_220' title='bbox 1686 3080 2021 3150; x_wconf 78' lang='lat' dir='ltr'><strong>cogitarent.</strong></span> <span class='ocrx_word' id='word_1_221' title='bbox 2053 3078 2178 3134; x_wconf 52' lang='lat' dir='ltr'><strong>Haec</strong></span> <span class='ocrx_word' id='word_1_222' title='bbox 2207 3081 2330 3134; x_wconf 74' lang='lat' dir='ltr'><strong>illos</strong></span> 
     </span>
    </p>
   </div>
   <div class='ocr_carea' id='block_1_32' title="bbox 2418 589 4008 665">
    <p class='ocr_par' dir='ltr' id='par_1_32' title="bbox 2418 589 4008 665">
     <span class='ocr_line' id='line_1_32' title="bbox 2418 589 4008 665; baseline -0.005 -16"><span class='ocrx_word' id='word_1_223' title='bbox 2418 598 2575 665; x_wconf 80' lang='grc' dir='ltr'>ὀλίγα</span> <span class='ocrx_word' id='word_1_224' title='bbox 2615 596 2724 648; x_wconf 84' lang='grc' dir='ltr'><strong>τῶν</strong></span> <span class='ocrx_word' id='word_1_225' title='bbox 2753 596 3068 665; x_wconf 80' lang='grc' dir='ltr'>ἀνηκέστων</span> <span class='ocrx_word' id='word_1_226' title='bbox 3099 590 3336 662; x_wconf 74' lang='grc' dir='ltr'>πράξασι</span> <span class='ocrx_word' id='word_1_227' title='bbox 3366 590 3460 642; x_wconf 70' lang='grc' dir='ltr'><strong>καὶ</strong></span> <span class='ocrx_word' id='word_1_228' title='bbox 3514 589 3584 641; x_wconf 83' lang='grc' dir='ltr'><strong>τά</strong></span> <span class='ocrx_word' id='word_1_229' title='bbox 3628 590 4008 658; x_wconf 69' lang='grc' dir='ltr'>προστυχόντα</span> 
     </span>
    </p>
   </div>
   <div class='ocr_carea' id='block_1_33' title="bbox 2419 679 4011 760">
    <p class='ocr_par' dir='ltr' id='par_1_33' title="bbox 2419 679 4011 760">
     <span class='ocr_line' id='line_1_33' title="bbox 2419 679 4011 760; baseline -0.006 -18"><span class='ocrx_word' id='word_1_230' title='bbox 2419 689 2775 760; x_wconf 83' lang='grc' dir='ltr'>ληῖσαμένοις</span> <span class='ocrx_word' id='word_1_231' title='bbox 2827 689 2988 758; x_wconf 73' lang='grc' dir='ltr'>ἐπῄει</span> <span class='ocrx_word' id='word_1_232' title='bbox 3036 685 3138 756; x_wconf 82' lang='grc' dir='ltr'><strong>τὴν</strong></span> <span class='ocrx_word' id='word_1_233' title='bbox 3180 685 3378 752; x_wconf 82' lang='grc' dir='ltr'>Ἀπρω</span> <span class='ocrx_word' id='word_1_234' title='bbox 3428 679 3842 752; x_wconf 74' lang='grc' dir='ltr'>περικαθῆσθαι</span> <span class='ocrx_word' id='word_1_235' title='bbox 3897 681 4011 733; x_wconf 89' lang='grc' dir='ltr'><strong>τῶν</strong></span> 
     </span>
    </p>
   </div>
   <div class='ocr_carea' id='block_1_34' title="bbox 2423 773 4031 845">
    <p class='ocr_par' dir='ltr' id='par_1_34' title="bbox 2423 773 4031 845">
     <span class='ocr_line' id='line_1_34' title="bbox 2423 773 4031 845; baseline -0.007 -10"><span class='ocrx_word' id='word_1_236' title='bbox 2423 782 2806 835; x_wconf 73' lang='grc' dir='ltr'>εἰσδεδυκότων</span> <span class='ocrx_word' id='word_1_237' title='bbox 2839 780 3032 843; x_wconf 62' lang='grc' dir='ltr'>ἕνεκα,</span> <span class='ocrx_word' id='word_1_238' title='bbox 3065 778 3158 831; x_wconf 72' lang='grc' dir='ltr'><strong>καὶ</strong></span> <span class='ocrx_word' id='word_1_239' title='bbox 3205 775 3506 845; x_wconf 73' lang='grc' dir='ltr'>ἐπειρῶντο</span> <span class='ocrx_word' id='word_1_240' title='bbox 3549 773 3860 842; x_wconf 80' lang='grc' dir='ltr'>πολιορκεῖν</span> <span class='ocrx_word' id='word_1_241' title='bbox 3883 789 3899 803; x_wconf 67' lang='grc' dir='ltr'>θ</span> <span class='ocrx_word' id='word_1_242' title='bbox 3935 775 4031 833; x_wconf 84' lang='grc' dir='ltr'><strong>ὡς·</strong></span> 
     </span>
    </p>
   </div>
   <div class='ocr_carea' id='block_1_35' title="bbox 2419 864 4010 943">
    <p class='ocr_par' dir='ltr' id='par_1_35' title="bbox 2419 864 4010 943">
     <span class='ocr_line' id='line_1_35' title="bbox 2419 864 4010 943; baseline -0.007 -15"><span class='ocrx_word' id='word_1_243' title='bbox 2419 875 2464 928; x_wconf 77' lang='grc' dir='ltr'>δ’</span> <span class='ocrx_word' id='word_1_244' title='bbox 2495 877 2594 928; x_wconf 86' lang='grc' dir='ltr'>οὐκ</span> <span class='ocrx_word' id='word_1_245' title='bbox 2635 875 2831 943; x_wconf 74' lang='grc' dir='ltr'>ἤνυτον</span> <span class='ocrx_word' id='word_1_246' title='bbox 2877 873 2938 925; x_wconf 86' lang='grc' dir='ltr'><strong>τδ</strong></span> <span class='ocrx_word' id='word_1_247' title='bbox 2989 871 3275 940; x_wconf 85' lang='grc' dir='ltr'>παράπαν,</span> <span class='ocrx_word' id='word_1_248' title='bbox 3327 869 3574 936; x_wconf 76' lang='grc' dir='ltr'>ἔγνωσαν</span> <span class='ocrx_word' id='word_1_249' title='bbox 3617 864 4010 934; x_wconf 69' lang='grc' dir='ltr'>ὑποστρέφειν.</span> 
     </span>
    </p>
   </div>
   <div class='ocr_carea' id='block_1_36' title="bbox 2433 957 4010 1034">
    <p class='ocr_par' dir='ltr' id='par_1_36' title="bbox 2433 957 4010 1034">
     <span class='ocr_line' id='line_1_36' title="bbox 2433 957 4010 1034; baseline -0.01 -13"><span class='ocrx_word' id='word_1_250' title='bbox 2433 968 2679 1031; x_wconf 84' lang='grc' dir='ltr'>Ἀλανοῖς</span> <span class='ocrx_word' id='word_1_251' title='bbox 2707 969 2751 1021; x_wconf 78' lang='grc' dir='ltr'>δ’</span> <span class='ocrx_word' id='word_1_252' title='bbox 2789 965 2935 1030; x_wconf 76' lang='grc' dir='ltr'>ἅπαξ</span> <span class='ocrx_word' id='word_1_253' title='bbox 2961 965 3214 1032; x_wconf 79' lang='grc' dir='ltr'>ἀφεικόσι</span> <span class='ocrx_word' id='word_1_254' title='bbox 3244 961 3343 1034; x_wconf 79' lang='grc' dir='ltr'>τὴν</span> <span class='ocrx_word' id='word_1_255' title='bbox 3371 964 3509 1031; x_wconf 75' lang='grc' dir='ltr'>πρὸς</span> <span class='ocrx_word' id='word_1_256' title='bbox 3533 961 3658 1021; x_wconf 79' lang='grc' dir='ltr'>τοὺς</span> <span class='ocrx_word' id='word_1_257' title='bbox 3695 957 4010 1027; x_wconf 74' lang='grc' dir='ltr'>βασιλεύον-</span> 
     </span>
    </p>
   </div>
   <div class='ocr_carea' id='block_1_37' title="bbox 2420 1050 4007 1126">
    <p class='ocr_par' dir='ltr' id='par_1_37' title="bbox 2420 1050 4007 1126">
     <span class='ocr_line' id='line_1_37' title="bbox 2420 1050 4007 1126; baseline -0.008 -10"><span class='ocrx_word' id='word_1_258' title='bbox 2420 1081 2522 1126; x_wconf 85' lang='grc' dir='ltr'><strong>τας</strong></span> <span class='ocrx_word' id='word_1_259' title='bbox 2548 1064 2759 1116; x_wconf 77' lang='grc' dir='ltr'>ἔννοιαν</span> <span class='ocrx_word' id='word_1_260' title='bbox 2804 1061 3088 1116; x_wconf 84' lang='grc' dir='ltr'>σκυλεύειν</span> <span class='ocrx_word' id='word_1_261' title='bbox 3111 1061 3179 1112; x_wconf 78' lang='grc' dir='ltr'>τὰ</span> <span class='ocrx_word' id='word_1_262' title='bbox 3209 1059 3270 1111; x_wconf 88' lang='grc' dir='ltr'><strong>ἐν</strong></span> <span class='ocrx_word' id='word_1_263' title='bbox 3326 1057 3485 1109; x_wconf 71' lang='grc' dir='ltr'>ποσὶν</span> <span class='ocrx_word' id='word_1_264' title='bbox 3513 1054 3685 1119; x_wconf 69' lang='grc' dir='ltr'>ἔδοξε,</span> <span class='ocrx_word' id='word_1_265' title='bbox 3723 1050 3821 1105; x_wconf 78' lang='grc' dir='ltr'>καὶ</span> <span class='ocrx_word' id='word_1_266' title='bbox 3857 1053 4007 1116; x_wconf 71' lang='grc' dir='ltr'>φίλοι</span> 
     </span>
    </p>
   </div>
   <div class='ocr_carea' id='block_1_38' title="bbox 2427 1144 4008 1226">
    <p class='ocr_par' dir='ltr' id='par_1_38' title="bbox 2427 1144 4008 1226">
     <span class='ocr_line' id='line_1_38' title="bbox 2427 1144 4008 1226; baseline -0.008 -17"><span class='ocrx_word' id='word_1_267' title='bbox 2427 1157 2525 1226; x_wconf 80' lang='grc' dir='ltr'><strong>μὲν</strong></span> <span class='ocrx_word' id='word_1_268' title='bbox 2572 1156 2884 1224; x_wconf 84' lang='grc' dir='ltr'>ἐφίσταντο,</span> <span class='ocrx_word' id='word_1_269' title='bbox 2917 1152 3102 1224; x_wconf 75' lang='grc' dir='ltr'>ἐχθροὶ</span> <span class='ocrx_word' id='word_1_270' title='bbox 3139 1152 3184 1204; x_wconf 85' lang='grc' dir='ltr'>δ’</span> <span class='ocrx_word' id='word_1_271' title='bbox 3239 1149 3629 1204; x_wconf 83' lang='grc' dir='ltr'>ἀπανίσταντο.</span> <span class='ocrx_word' id='word_1_272' title='bbox 3674 1144 3859 1199; x_wconf 82' lang='grc' dir='ltr'>Ταῦτα</span> <span class='ocrx_word' id='word_1_273' title='bbox 3904 1161 4008 1211; x_wconf 79' lang='grc' dir='ltr'>μα·</span> 
     </span>
    </p>
   </div>
   <div class='ocr_carea' id='block_1_39' title="bbox 2423 1240 4006 1319">
    <p class='ocr_par' dir='ltr' id='par_1_39' title="bbox 2423 1240 4006 1319">
     <span class='ocr_line' id='line_1_39' title="bbox 2423 1240 4006 1319; baseline -0.01 -15"><span class='ocrx_word' id='word_1_274' title='bbox 2423 1251 2533 1304; x_wconf 86' lang='grc' dir='ltr'>θὼν</span> <span class='ocrx_word' id='word_1_275' title='bbox 2562 1251 2589 1303; x_wconf 83' lang='grc' dir='ltr'><strong>ὁ</strong></span> <span class='ocrx_word' id='word_1_276' title='bbox 2631 1249 2903 1319; x_wconf 80' lang='grc' dir='ltr'>βασιλεὺς,</span> <span class='ocrx_word' id='word_1_277' title='bbox 2932 1247 3027 1300; x_wconf 71' lang='grc' dir='ltr'><strong>καὶ</strong></span> <span class='ocrx_word' id='word_1_278' title='bbox 3072 1245 3148 1308; x_wconf 82' lang='grc' dir='ltr'>ὡς</span> <span class='ocrx_word' id='word_1_279' title='bbox 3193 1244 3339 1305; x_wconf 78' lang='grc' dir='ltr'>εἰκὸς</span> <span class='ocrx_word' id='word_1_280' title='bbox 3399 1241 3720 1310; x_wconf 76' lang='grc' dir='ltr'>ἑπαλγήσας</span> <span class='ocrx_word' id='word_1_281' title='bbox 3751 1240 3817 1307; x_wconf 83' lang='grc' dir='ltr'>τῇ</span> <span class='ocrx_word' id='word_1_282' title='bbox 3865 1254 4006 1306; x_wconf 82' lang='grc' dir='ltr'>συμ-</span> 
     </span>
    </p>
   </div>
   <div class='ocr_carea' id='block_1_40' title="bbox 2425 1329 4011 1413">
    <p class='ocr_par' dir='ltr' id='par_1_40' title="bbox 2425 1329 4011 1413">
     <span class='ocr_line' id='line_1_40' title="bbox 2425 1329 4011 1413; baseline -0.009 -18"><span class='ocrx_word' id='word_1_283' title='bbox 2425 1344 2588 1413; x_wconf 75' lang='grc' dir='ltr'>φορᾷ,</span> <span class='ocrx_word' id='word_1_284' title='bbox 2631 1341 2709 1412; x_wconf 84' lang='grc' dir='ltr'>τῷ</span> <span class='ocrx_word' id='word_1_285' title='bbox 2746 1343 2846 1409; x_wconf 83' lang='grc' dir='ltr'>μὲν</span> <span class='ocrx_word' id='word_1_286' title='bbox 2874 1339 2976 1408; x_wconf 82' lang='grc' dir='ltr'>υἱῷ</span> <span class='ocrx_word' id='word_1_287' title='bbox 3014 1355 3074 1391; x_wconf 87' lang='grc' dir='ltr'><strong>τε</strong></span> <span class='ocrx_word' id='word_1_288' title='bbox 3105 1337 3199 1391; x_wconf 77' lang='grc' dir='ltr'><strong>καὶ</strong></span> <span class='ocrx_word' id='word_1_289' title='bbox 3237 1334 3452 1407; x_wconf 81' lang='grc' dir='ltr'>βασιλεῖ</span> <span class='ocrx_word' id='word_1_290' title='bbox 3487 1334 3614 1394; x_wconf 76' lang='grc' dir='ltr'>τοὺς</span> <span class='ocrx_word' id='word_1_291' title='bbox 3645 1329 4011 1400; x_wconf 67' lang='grc' dir='ltr'>παρακλητη-</span> 
     </span>
    </p>
   </div>
   <div class='ocr_carea' id='block_1_41' title="bbox 2425 1424 4013 1508">
    <p class='ocr_par' dir='ltr' id='par_1_41' title="bbox 2425 1424 4013 1508">
     <span class='ocr_line' id='line_1_41' title="bbox 2425 1424 4013 1508; baseline -0.01 -18"><span class='ocrx_word' id='word_1_292' title='bbox 2425 1440 2573 1508; x_wconf 84' lang='grc' dir='ltr'>ρίους</span> <span class='ocrx_word' id='word_1_293' title='bbox 2601 1436 2676 1498; x_wconf 78' lang='grc' dir='ltr'>ὡς</span> <span class='ocrx_word' id='word_1_294' title='bbox 2714 1430 2861 1504; x_wconf 75' lang='grc' dir='ltr'>εἶχεν</span> <span class='ocrx_word' id='word_1_295' title='bbox 2889 1431 3251 1502; x_wconf 78' lang='grc' dir='ltr'>ἐνεσχεδίαζε,</span> <span class='ocrx_word' id='word_1_296' title='bbox 3280 1430 3373 1482; x_wconf 69' lang='grc' dir='ltr'>τὸν</span> <span class='ocrx_word' id='word_1_297' title='bbox 3423 1425 3838 1496; x_wconf 73' lang='grc' dir='ltr'>Κουτζίμπαξιν</span> <span class='ocrx_word' id='word_1_298' title='bbox 3869 1424 4013 1476; x_wconf 82' lang='grc' dir='ltr'>ἀπο-</span> 
     </span>
    </p>
   </div>
   <div class='ocr_carea' id='block_1_42' title="bbox 2424 1517 4016 1597">
    <p class='ocr_par' dir='ltr' id='par_1_42' title="bbox 2424 1517 4016 1597">
     <span class='ocr_line' id='line_1_42' title="bbox 2424 1517 4016 1597; baseline -0.009 -14"><span class='ocrx_word' id='word_1_299' title='bbox 2424 1531 2544 1584; x_wconf 84' lang='grc' dir='ltr'>λύει</span> <span class='ocrx_word' id='word_1_300' title='bbox 2597 1530 2735 1597; x_wconf 75' lang='grc' dir='ltr'>πρὸς</span> <span class='ocrx_word' id='word_1_301' title='bbox 2761 1526 3043 1587; x_wconf 74' lang='grc' dir='ltr'>Ἀλανοὺς.</span> <span class='ocrx_word' id='word_1_302' title='bbox 3089 1527 3205 1592; x_wconf 75' lang='grc' dir='ltr'><strong>ἅμα</strong></span> <span class='ocrx_word' id='word_1_303' title='bbox 3240 1523 3340 1594; x_wconf 77' lang='grc' dir='ltr'><strong>μὲν</strong></span> <span class='ocrx_word' id='word_1_304' title='bbox 3376 1520 3619 1579; x_wconf 81' lang='grc' dir='ltr'>ἐκείνους</span> <span class='ocrx_word' id='word_1_305' title='bbox 3672 1517 4016 1586; x_wconf 64' lang='grc' dir='ltr'>ἐγκαθεστή»</span> 
     </span>
    </p>
   </div>
   <div class='ocr_carea' id='block_1_43' title="bbox 2426 1612 4010 1692">
    <p class='ocr_par' dir='ltr' id='par_1_43' title="bbox 2426 1612 4010 1692">
     <span class='ocr_line' id='line_1_43' title="bbox 2426 1612 4010 1692; baseline -0.009 -16"><span class='ocrx_word' id='word_1_306' title='bbox 2426 1622 2605 1688; x_wconf 80' lang='grc' dir='ltr'>ξοντα,</span> <span class='ocrx_word' id='word_1_307' title='bbox 2640 1623 2759 1692; x_wconf 71' lang='grc' dir='ltr'><strong>ἅμα</strong></span> <span class='ocrx_word' id='word_1_308' title='bbox 2787 1621 2844 1673; x_wconf 75' lang='grc' dir='ltr'>δὲ</span> <span class='ocrx_word' id='word_1_309' title='bbox 2879 1624 2974 1673; x_wconf 81' lang='grc' dir='ltr'>καὶ</span> <span class='ocrx_word' id='word_1_310' title='bbox 2996 1615 3458 1688; x_wconf 85' lang='grc' dir='ltr'>Τουρκοπούλους</span> <span class='ocrx_word' id='word_1_311' title='bbox 3483 1612 3803 1678; x_wconf 82' lang='grc' dir='ltr'>δουλαγωγή</span> <span class='ocrx_word' id='word_1_312' title='bbox 3814 1627 3978 1663; x_wconf 85' lang='grc' dir='ltr'>σοντα</span> <span class='ocrx_word' id='word_1_313' title='bbox 3996 1626 4010 1640; x_wconf 74' lang='grc' dir='ltr'><strong>ο</strong></span> 
     </span>
    </p>
   </div>
   <div class='ocr_carea' id='block_1_44' title="bbox 2423 1702 4014 1784">
    <p class='ocr_par' dir='ltr' id='par_1_44' title="bbox 2423 1702 4014 1784">
     <span class='ocr_line' id='line_1_44' title="bbox 2423 1702 4014 1784; baseline -0.009 -16"><span class='ocrx_word' id='word_1_314' title='bbox 2423 1715 2501 1784; x_wconf 85' lang='grc' dir='ltr'>τῷ</span> <span class='ocrx_word' id='word_1_315' title='bbox 2541 1714 2651 1784; x_wconf 80' lang='grc' dir='ltr'><strong>γὰρ</strong></span> <span class='ocrx_word' id='word_1_316' title='bbox 2678 1713 2925 1782; x_wconf 84' lang='grc' dir='ltr'>ὁμοεθνεῖ</span> <span class='ocrx_word' id='word_1_317' title='bbox 2955 1729 3015 1764; x_wconf 89' lang='grc' dir='ltr'><strong>τε</strong></span> <span class='ocrx_word' id='word_1_318' title='bbox 3058 1711 3153 1765; x_wconf 78' lang='grc' dir='ltr'>καὶ</span> <span class='ocrx_word' id='word_1_319' title='bbox 3179 1708 3540 1779; x_wconf 77' lang='grc' dir='ltr'>ὁμογλώσσῳ,</span> <span class='ocrx_word' id='word_1_320' title='bbox 3577 1705 3672 1758; x_wconf 73' lang='grc' dir='ltr'>καὶ</span> <span class='ocrx_word' id='word_1_321' title='bbox 3714 1705 3798 1756; x_wconf 78' lang='grc' dir='ltr'><strong>ὅτι</strong></span> <span class='ocrx_word' id='word_1_322' title='bbox 3841 1702 4014 1770; x_wconf 67' lang='grc' dir='ltr'>συνῆς</span> 
     </span>
    </p>
   </div>
   <div class='ocr_carea' id='block_1_45' title="bbox 2427 1794 4014 1877">
    <p class='ocr_par' dir='ltr' id='par_1_45' title="bbox 2427 1794 4014 1877">
     <span class='ocr_line' id='line_1_45' title="bbox 2427 1794 4014 1877; baseline -0.011 -17"><span class='ocrx_word' id='word_1_323' title='bbox 2427 1809 2527 1875; x_wconf 87' lang='grc' dir='ltr'>θης</span> <span class='ocrx_word' id='word_1_324' title='bbox 2559 1802 2626 1877; x_wconf 75' lang='grc' dir='ltr'>ἦν</span> <span class='ocrx_word' id='word_1_325' title='bbox 2655 1805 2903 1866; x_wconf 77' lang='grc' dir='ltr'>Ἀλανοῖς</span> <span class='ocrx_word' id='word_1_326' title='bbox 2931 1805 2988 1856; x_wconf 85' lang='grc' dir='ltr'><strong>ἐν</strong></span> <span class='ocrx_word' id='word_1_327' title='bbox 3017 1801 3190 1872; x_wconf 79' lang='grc' dir='ltr'>Νογᾷ,</span> <span class='ocrx_word' id='word_1_328' title='bbox 3221 1801 3315 1854; x_wconf 75' lang='grc' dir='ltr'>καὶ</span> <span class='ocrx_word' id='word_1_329' title='bbox 3341 1800 3421 1853; x_wconf 84' lang='grc' dir='ltr'>ὅτι</span> <span class='ocrx_word' id='word_1_330' title='bbox 3448 1800 3551 1874; x_wconf 79' lang='grc' dir='ltr'><strong>τὴν</strong></span> <span class='ocrx_word' id='word_1_331' title='bbox 3580 1797 3714 1866; x_wconf 73' lang='grc' dir='ltr'>πρὸς</span> <span class='ocrx_word' id='word_1_332' title='bbox 3737 1794 4014 1848; x_wconf 81' lang='grc' dir='ltr'>Τουκτάῖν</span> 
     </span>
    </p>
   </div>
   <div class='ocr_carea' id='block_1_46' title="bbox 2424 1877 4017 1968">
    <p class='ocr_par' dir='ltr' id='par_1_46' title="bbox 2424 1877 4017 1968">
     <span class='ocr_line' id='line_1_46' title="bbox 2424 1877 4017 1968; baseline -0.01 -16"><span class='ocrx_word' id='word_1_333' title='bbox 2424 1899 2724 1968; x_wconf 78' lang='grc' dir='ltr'>πρεσϐείαν</span> <span class='ocrx_word' id='word_1_334' title='bbox 2755 1897 2920 1958; x_wconf 79' lang='grc' dir='ltr'>αὐτὸς</span> <span class='ocrx_word' id='word_1_335' title='bbox 2950 1895 3208 1956; x_wconf 77' lang='grc' dir='ltr'>ἐποιεῖτο,</span> <span class='ocrx_word' id='word_1_336' title='bbox 3243 1893 3322 1953; x_wconf 83' lang='grc' dir='ltr'><strong>είς</strong></span> <span class='ocrx_word' id='word_1_337' title='bbox 3354 1877 3488 1943; x_wconf 68' lang='grc' dir='ltr'>αἰδῶ</span> <span class='ocrx_word' id='word_1_338' title='bbox 3524 1888 3841 1958; x_wconf 80' lang='grc' dir='ltr'>πρέπουσαν</span> <span class='ocrx_word' id='word_1_339' title='bbox 3868 1885 4017 1953; x_wconf 80' lang='grc' dir='ltr'>ὑπη-</span> 
     </span>
    </p>
   </div>
   <div class='ocr_carea' id='block_1_47' title="bbox 2423 1977 4019 2056">
    <p class='ocr_par' dir='ltr' id='par_1_47' title="bbox 2423 1977 4019 2056">
     <span class='ocr_line' id='line_1_47' title="bbox 2423 1977 4019 2056; baseline -0.011 -10"><span class='ocrx_word' id='word_1_340' title='bbox 2423 1993 2573 2056; x_wconf 87' lang='grc' dir='ltr'>κόοις</span> <span class='ocrx_word' id='word_1_341' title='bbox 2601 1989 2979 2056; x_wconf 75' lang='grc' dir='ltr'>ἐπαγαγέσθαι</span> <span class='ocrx_word' id='word_1_342' title='bbox 3010 1988 3152 2056; x_wconf 77' lang='grc' dir='ltr'>σφᾶς</span> <span class='ocrx_word' id='word_1_343' title='bbox 3185 1983 3523 2038; x_wconf 83' lang='grc' dir='ltr'>ἐπιστεύετο.</span> <span class='ocrx_word' id='word_1_344' title='bbox 3555 1981 3724 2041; x_wconf 56' lang='lat' dir='ltr'><strong>asta;</strong></span> <span class='ocrx_word' id='word_1_345' title='bbox 3754 1979 3800 2032; x_wconf 75' lang='grc' dir='ltr'>δ’</span> <span class='ocrx_word' id='word_1_346' title='bbox 3833 1978 3890 2042; x_wconf 77' lang='grc' dir='ltr'>ἐξ</span> <span class='ocrx_word' id='word_1_347' title='bbox 3918 1977 4019 2029; x_wconf 69' lang='grc' dir='ltr'><strong>αὖ-</strong></span> 
     </span>
    </p>
   </div>
   <div class='ocr_carea' id='block_1_48' title="bbox 2421 2072 4014 2154">
    <p class='ocr_par' dir='ltr' id='par_1_48' title="bbox 2421 2072 4014 2154">
     <span class='ocr_line' id='line_1_48' title="bbox 2421 2072 4014 2154; baseline -0.011 -16"><span class='ocrx_word' id='word_1_348' title='bbox 2421 2085 2522 2154; x_wconf 82' lang='grc' dir='ltr'>τῆς</span> <span class='ocrx_word' id='word_1_349' title='bbox 2578 2083 2959 2154; x_wconf 86' lang='grc' dir='ltr'>στρατολογεῖν</span> <span class='ocrx_word' id='word_1_350' title='bbox 3000 2099 3058 2133; x_wconf 89' lang='grc' dir='ltr'><strong>τε</strong></span> <span class='ocrx_word' id='word_1_351' title='bbox 3113 2081 3207 2133; x_wconf 71' lang='grc' dir='ltr'><strong>καὶ</strong></span> <span class='ocrx_word' id='word_1_352' title='bbox 3260 2078 3508 2147; x_wconf 82' lang='grc' dir='ltr'>ἐφορμᾷν</span> <span class='ocrx_word' id='word_1_353' title='bbox 3562 2074 3823 2140; x_wconf 71' lang='grc' dir='ltr'>ἠϐούλετο</span> <span class='ocrx_word' id='word_1_354' title='bbox 3888 2072 4014 2141; x_wconf 74' lang='grc' dir='ltr'>μὲν,</span> 
     </span>
    </p>
   </div>
   <div class='ocr_carea' id='block_1_49' title="bbox 2425 2166 4016 2247">
    <p class='ocr_par' dir='ltr' id='par_1_49' title="bbox 2425 2166 4016 2247">
     <span class='ocr_line' id='line_1_49' title="bbox 2425 2166 4016 2247; baseline -0.009 -17"><span class='ocrx_word' id='word_1_355' title='bbox 2425 2178 2672 2247; x_wconf 81' lang='grc' dir='ltr'>ἐπείχετο</span> <span class='ocrx_word' id='word_1_356' title='bbox 2722 2175 2778 2229; x_wconf 80' lang='grc' dir='ltr'><strong>δέ</strong></span> <span class='ocrx_word' id='word_1_357' title='bbox 2820 2177 2877 2240; x_wconf 79' lang='grc' dir='ltr'><strong>ἐξ</strong></span> <span class='ocrx_word' id='word_1_358' title='bbox 2926 2173 3242 2242; x_wconf 85' lang='grc' dir='ltr'>ἀναγκαίων</span> <span class='ocrx_word' id='word_1_359' title='bbox 3294 2170 3506 2224; x_wconf 84' lang='grc' dir='ltr'>πολλῶν</span> <span class='ocrx_word' id='word_1_360' title='bbox 3567 2166 4016 2234; x_wconf 74' lang='grc' dir='ltr'>ἀντισπώμενος.</span> 
     </span>
    </p>
   </div>
   <div class='ocr_carea' id='block_1_50' title="bbox 2426 2257 4016 2333">
    <p class='ocr_par' dir='ltr' id='par_1_50' title="bbox 2426 2257 4016 2333">
     <span class='ocr_line' id='line_1_50' title="bbox 2426 2257 4016 2333; baseline -0.008 -12"><span class='ocrx_word' id='word_1_361' title='bbox 2426 2267 2526 2321; x_wconf 81' lang='grc' dir='ltr'>Διά</span> <span class='ocrx_word' id='word_1_362' title='bbox 2576 2266 2750 2321; x_wconf 80' lang='grc' dir='ltr'>ταῦτα</span> <span class='ocrx_word' id='word_1_363' title='bbox 2799 2267 2892 2318; x_wconf 69' lang='grc' dir='ltr'><strong>καὶ</strong></span> <span class='ocrx_word' id='word_1_364' title='bbox 2925 2266 3034 2318; x_wconf 75' lang='grc' dir='ltr'><strong>ἀπὸ</strong></span> <span class='ocrx_word' id='word_1_365' title='bbox 3075 2265 3179 2332; x_wconf 78' lang='grc' dir='ltr'>γῆς</span> <span class='ocrx_word' id='word_1_366' title='bbox 3219 2264 3316 2333; x_wconf 78' lang='grc' dir='ltr'><strong>μὲν</strong></span> <span class='ocrx_word' id='word_1_367' title='bbox 3365 2262 3625 2330; x_wconf 75' lang='grc' dir='ltr'>δυνάμεις</span> <span class='ocrx_word' id='word_1_368' title='bbox 3675 2257 4016 2318; x_wconf 77' lang='grc' dir='ltr'>ἀποστόλους</span> 
     </span>
    </p>
   </div>
   <div class='ocr_carea' id='block_1_51' title="bbox 2429 2349 4020 2431">
    <p class='ocr_par' dir='ltr' id='par_1_51' title="bbox 2429 2349 4020 2431">
     <span class='ocr_line' id='line_1_51' title="bbox 2429 2349 4020 2431; baseline -0.008 -18"><span class='ocrx_word' id='word_1_369' title='bbox 2429 2357 2883 2431; x_wconf 78' lang='grc' dir='ltr'>προσετοιμάζει,</span> <span class='ocrx_word' id='word_1_370' title='bbox 2933 2353 3013 2419; x_wconf 79' lang='grc' dir='ltr'>οἷς</span> <span class='ocrx_word' id='word_1_371' title='bbox 3049 2354 3384 2426; x_wconf 77' lang='grc' dir='ltr'>θαρὸοὖντες</span> <span class='ocrx_word' id='word_1_372' title='bbox 3429 2354 3479 2406; x_wconf 82' lang='lat' dir='ltr'><strong>oi</strong></span> <span class='ocrx_word' id='word_1_373' title='bbox 3529 2351 3843 2420; x_wconf 82' lang='grc' dir='ltr'>πρόσχωροι</span> <span class='ocrx_word' id='word_1_374' title='bbox 3879 2349 4020 2417; x_wconf 58' lang='lat' dir='ltr'><strong>a335-</strong></span> 
     </span>
    </p>
   </div>
   <div class='ocr_carea' id='block_1_52' title="bbox 2427 2443 4021 2521">
    <p class='ocr_par' dir='ltr' id='par_1_52' title="bbox 2427 2443 4021 2521">
     <span class='ocr_line' id='line_1_52' title="bbox 2427 2443 4021 2521; baseline -0.008 -16"><span class='ocrx_word' id='word_1_375' title='bbox 2427 2453 2538 2515; x_wconf 80' lang='grc' dir='ltr'>ὁως</span> <span class='ocrx_word' id='word_1_376' title='bbox 2568 2451 2874 2521; x_wconf 75' lang='grc' dir='ltr'>ἐργάζοιντ⁹</span> <span class='ocrx_word' id='word_1_377' title='bbox 2906 2449 2970 2503; x_wconf 86' lang='grc' dir='ltr'><strong>ἂν</strong></span> <span class='ocrx_word' id='word_1_378' title='bbox 3008 2448 3092 2520; x_wconf 84' lang='grc' dir='ltr'><strong>[Ρ.</strong></span> <span class='ocrx_word' id='word_1_379' title='bbox 3128 2445 3255 2513; x_wconf 68' lang='lat' dir='ltr'><strong>38H</strong></span> <span class='ocrx_word' id='word_1_380' title='bbox 3295 2445 3364 2499; x_wconf 73' lang='grc' dir='ltr'>τὰ</span> <span class='ocrx_word' id='word_1_381' title='bbox 3389 2444 3482 2498; x_wconf 77' lang='grc' dir='ltr'>τοῦ</span> <span class='ocrx_word' id='word_1_382' title='bbox 3515 2443 3730 2513; x_wconf 77' lang='grc' dir='ltr'>θέρους,</span> <span class='ocrx_word' id='word_1_383' title='bbox 3771 2443 4021 2509; x_wconf 82' lang='grc' dir='ltr'>Ἀμογα-</span> 
     </span>
    </p>
   </div>
   <div class='ocr_carea' id='block_1_53' title="bbox 2430 2534 4022 2616">
    <p class='ocr_par' dir='ltr' id='par_1_53' title="bbox 2430 2534 4022 2616">
     <span class='ocr_line' id='line_1_53' title="bbox 2430 2534 4022 2616; baseline -0.01 -17"><span class='ocrx_word' id='word_1_384' title='bbox 2430 2547 2620 2616; x_wconf 76' lang='grc' dir='ltr'>ὀάροις</span> <span class='ocrx_word' id='word_1_385' title='bbox 2673 2545 2730 2597; x_wconf 80' lang='grc' dir='ltr'>δὲ</span> <span class='ocrx_word' id='word_1_386' title='bbox 2762 2544 2900 2605; x_wconf 81' lang='grc' dir='ltr'>τέως</span> <span class='ocrx_word' id='word_1_387' title='bbox 2948 2540 3236 2610; x_wconf 69' lang='grc' dir='ltr'>ἀνακωχὰς</span> <span class='ocrx_word' id='word_1_388' title='bbox 3288 2537 3464 2598; x_wconf 74' lang='grc' dir='ltr'>διδοὺς</span> <span class='ocrx_word' id='word_1_389' title='bbox 3509 2535 3582 2596; x_wconf 76' lang='grc' dir='ltr'>ὡς</span> <span class='ocrx_word' id='word_1_390' title='bbox 3613 2534 3813 2588; x_wconf 78' lang='grc' dir='ltr'>αὐτίκα</span> <span class='ocrx_word' id='word_1_391' title='bbox 3847 2549 4022 2586; x_wconf 75' lang='grc' dir='ltr'>κατσο</span> 
     </span>
    </p>
   </div>
   <div class='ocr_carea' id='block_1_54' title="bbox 2428 2627 4021 2705">
    <p class='ocr_par' dir='ltr' id='par_1_54' title="bbox 2428 2627 4021 2705">
     <span class='ocr_line' id='line_1_54' title="bbox 2428 2627 4021 2705; baseline -0.008 -16"><span class='ocrx_word' id='word_1_392' title='bbox 2428 2636 2813 2705; x_wconf 87' lang='grc' dir='ltr'>δραμούμενος</span> <span class='ocrx_word' id='word_1_393' title='bbox 2851 2631 3220 2703; x_wconf 83' lang='grc' dir='ltr'>συναχθεισῶν</span> <span class='ocrx_word' id='word_1_394' title='bbox 3253 2630 3362 2682; x_wconf 85' lang='grc' dir='ltr'><strong>τῶν</strong></span> <span class='ocrx_word' id='word_1_395' title='bbox 3398 2629 3702 2698; x_wconf 81' lang='grc' dir='ltr'>δυνάμεων,</span> <span class='ocrx_word' id='word_1_396' title='bbox 3733 2627 3928 2679; x_wconf 65' lang='grc' dir='ltr'>ἔπειτα</span> <span class='ocrx_word' id='word_1_397' title='bbox 3961 2629 4021 2676; x_wconf 83' lang='grc' dir='ltr'><strong>ἐν</strong></span> 
     </span>
    </p>
   </div>
   <div class='ocr_carea' id='block_1_55' title="bbox 2429 2706 4023 2800">
    <p class='ocr_par' dir='ltr' id='par_1_55' title="bbox 2429 2706 4023 2800">
     <span class='ocr_line' id='line_1_55' title="bbox 2429 2706 4023 2800; baseline -0.008 -16"><span class='ocrx_word' id='word_1_398' title='bbox 2429 2730 2579 2800; x_wconf 70' lang='grc' dir='ltr'>τρισὶ</span> <span class='ocrx_word' id='word_1_399' title='bbox 2637 2729 2732 2783; x_wconf 78' lang='grc' dir='ltr'>καὶ</span> <span class='ocrx_word' id='word_1_400' title='bbox 2780 2728 2910 2782; x_wconf 79' lang='grc' dir='ltr'>δέκα</span> <span class='ocrx_word' id='word_1_401' title='bbox 2961 2727 3120 2780; x_wconf 79' lang='grc' dir='ltr'>ναυσὶ</span> <span class='ocrx_word' id='word_1_402' title='bbox 3178 2706 3503 2786; x_wconf 79' lang='grc' dir='ltr'>Γεννουῖτας</span> <span class='ocrx_word' id='word_1_403' title='bbox 3550 2723 3613 2774; x_wconf 86' lang='grc' dir='ltr'><strong>ἐκ</strong></span> <span class='ocrx_word' id='word_1_404' title='bbox 3659 2722 3768 2774; x_wconf 90' lang='grc' dir='ltr'><strong>τῶν</strong></span> <span class='ocrx_word' id='word_1_405' title='bbox 3820 2720 4023 2785; x_wconf 78' lang='grc' dir='ltr'>Λαζῶν</span> 
     </span>
    </p>
   </div>
   <div class='ocr_carea' id='block_1_56' title="bbox 2433 2904 4014 2977">
    <p class='ocr_par' dir='ltr' id='par_1_56' title="bbox 2433 2904 4014 2977">
     <span class='ocr_line' id='line_1_56' title="bbox 2433 2904 4014 2977; baseline -0.007 -11"><span class='ocrx_word' id='word_1_406' title='bbox 2433 2925 2492 2966; x_wconf 90' lang='lat' dir='ltr'><strong>se</strong></span> <span class='ocrx_word' id='word_1_407' title='bbox 2539 2910 2671 2965; x_wconf 83' lang='lat' dir='ltr'><strong>feris</strong></span> <span class='ocrx_word' id='word_1_408' title='bbox 2717 2907 3002 2963; x_wconf 82' lang='lat' dir='ltr'><strong>maleficiis</strong></span> <span class='ocrx_word' id='word_1_409' title='bbox 3047 2907 3454 2977; x_wconf 82' lang='lat' dir='ltr'><strong>monstrabant.</strong></span> <span class='ocrx_word' id='word_1_410' title='bbox 3500 2907 3598 2969; x_wconf 77' lang='lat' dir='ltr'><strong>ﬂis</strong></span> <span class='ocrx_word' id='word_1_411' title='bbox 3650 2904 4014 2959; x_wconf 79' lang='lat' dir='ltr'><strong>Andronicus</strong></span> 
     </span>
    </p>
   </div>
   <div class='ocr_carea' id='block_1_57' title="bbox 2435 2999 4020 3073">
    <p class='ocr_par' dir='ltr' id='par_1_57' title="bbox 2435 2999 4020 3073">
     <span class='ocr_line' id='line_1_57' title="bbox 2435 2999 4020 3073; baseline -0.008 -11"><span class='ocrx_word' id='word_1_412' title='bbox 2435 3008 2652 3062; x_wconf 80' lang='lat' dir='ltr'><strong>cunctis</strong></span> <span class='ocrx_word' id='word_1_413' title='bbox 2674 3005 2934 3073; x_wconf 77' lang='lat' dir='ltr'><strong>cognitis,</strong></span> <span class='ocrx_word' id='word_1_414' title='bbox 2959 3012 3012 3057; x_wconf 91' lang='lat' dir='ltr'><strong>et</strong></span> <span class='ocrx_word' id='word_1_415' title='bbox 3037 3017 3195 3072; x_wconf 87' lang='lat' dir='ltr'><strong>quem</strong></span> <span class='ocrx_word' id='word_1_416' title='bbox 3222 3017 3320 3069; x_wconf 88' lang='lat' dir='ltr'><strong>par</strong></span> <span class='ocrx_word' id='word_1_417' title='bbox 3349 3010 3469 3055; x_wconf 90' lang='lat' dir='ltr'><strong>erat</strong></span> <span class='ocrx_word' id='word_1_418' title='bbox 3498 3016 3562 3053; x_wconf 79' lang='lat' dir='ltr'><strong>ex</strong></span> <span class='ocrx_word' id='word_1_419' title='bbox 3597 2999 3754 3054; x_wconf 87' lang='lat' dir='ltr'><strong>clade</strong></span> <span class='ocrx_word' id='word_1_420' title='bbox 3785 3008 4020 3066; x_wconf 86' lang='lat' dir='ltr'><strong>accepta</strong></span> 
     </span>
    </p>
   </div>
   <div class='ocr_carea' id='block_1_58' title="bbox 2436 3092 4024 3162">
    <p class='ocr_par' dir='ltr' id='par_1_58' title="bbox 2436 3092 4024 3162">
     <span class='ocr_line' id='line_1_58' title="bbox 2436 3092 4024 3162; baseline -0.003 -10"><span class='ocrx_word' id='word_1_421' title='bbox 2436 3099 2679 3160; x_wconf 84' lang='lat' dir='ltr'><strong>dolorem</strong></span> <span class='ocrx_word' id='word_1_422' title='bbox 2716 3108 2772 3152; x_wconf 88' lang='lat' dir='ltr'><strong>et</strong></span> <span class='ocrx_word' id='word_1_423' title='bbox 2815 3097 3061 3150; x_wconf 75' lang='lat' dir='ltr'><strong>sentiens</strong></span> <span class='ocrx_word' id='word_1_424' title='bbox 3093 3104 3147 3147; x_wconf 91' lang='lat' dir='ltr'><strong>ct</strong></span> <span class='ocrx_word' id='word_1_425' title='bbox 3180 3096 3466 3162; x_wconf 87' lang='lat' dir='ltr'><strong>prolitens,</strong></span> <span class='ocrx_word' id='word_1_426' title='bbox 3503 3093 3614 3147; x_wconf 87' lang='lat' dir='ltr'><strong>filio</strong></span> <span class='ocrx_word' id='word_1_427' title='bbox 3643 3093 3867 3161; x_wconf 92' lang='lat' dir='ltr'><strong>quidem</strong></span> <span class='ocrx_word' id='word_1_428' title='bbox 3903 3092 4024 3147; x_wconf 78' lang='lat' dir='ltr'><strong>Au-</strong></span> 
     </span>
    </p>
   </div>
   <div class='ocr_carea' id='block_1_59' title="bbox 754 3173 4027 3260">
    <p class='ocr_par' dir='ltr' id='par_1_59' title="bbox 754 3173 4027 3260">
     <span class='ocr_line' id='line_1_59' title="bbox 754 3173 4027 3260; baseline -0.005 -34"><span class='ocrx_word' id='word_1_429' title='bbox 754 3175 822 3226; x_wconf 89' lang='lat' dir='ltr'><strong>ab</strong></span> <span class='ocrx_word' id='word_1_430' title='bbox 847 3173 1080 3227; x_wconf 85' lang='lat' dir='ltr'><strong>ulterius</strong></span> <span class='ocrx_word' id='word_1_431' title='bbox 1115 3174 1498 3241; x_wconf 82' lang='lat' dir='ltr'><strong>persequendo</strong></span> <span class='ocrx_word' id='word_1_432' title='bbox 1556 3173 1822 3226; x_wconf 85' lang='lat' dir='ltr'><strong>cohibens</strong></span> <span class='ocrx_word' id='word_1_433' title='bbox 1875 3188 2040 3227; x_wconf 87' lang='lat' dir='ltr'><strong>causa</strong></span> <span class='ocrx_word' id='word_1_434' title='bbox 2096 3173 2328 3241; x_wconf 79' lang='lat' dir='ltr'><strong>spatium</strong></span> <span class='ocrx_word' id='word_1_435' title='bbox 2360 3186 2406 3248; x_wconf 73' lang='grc' dir='ltr'><strong>ρ</strong></span> <span class='ocrx_word' id='word_1_436' title='bbox 2439 3200 2600 3260; x_wconf 57' lang='lat' dir='ltr'><strong>sum,</strong></span> <span class='ocrx_word' id='word_1_437' title='bbox 2627 3187 3030 3242; x_wconf 56' lang='lat' dir='ltr'><strong>cunsolalorias</strong></span> <span class='ocrx_word' id='word_1_438' title='bbox 3055 3201 3218 3253; x_wconf 57' lang='lat' dir='ltr'><strong>quam</strong></span> <span class='ocrx_word' id='word_1_439' title='bbox 3246 3185 3482 3253; x_wconf 63' lang='lat' dir='ltr'><strong>primum</strong></span> <span class='ocrx_word' id='word_1_440' title='bbox 3505 3185 3750 3252; x_wconf 49' lang='lat' dir='ltr'><strong>scripsit,</strong></span> <span class='ocrx_word' id='word_1_441' title='bbox 3778 3183 4027 3238; x_wconf 52' lang='lat' dir='ltr'><strong>cuuim.</strong></span> 
     </span>
    </p>
   </div>
   <div class='ocr_carea' id='block_1_60' title="bbox 757 3266 2329 3322">
    <p class='ocr_par' dir='ltr' id='par_1_60' title="bbox 757 3266 2329 3322">
     <span class='ocr_line' id='line_1_60' title="bbox 757 3266 2329 3322; baseline -0.002 0"><span class='ocrx_word' id='word_1_442' title='bbox 757 3268 1009 3322; x_wconf 83' lang='lat' dir='ltr'><strong>Michaeli</strong></span> <span class='ocrx_word' id='word_1_443' title='bbox 1032 3266 1185 3321; x_wconf 84' lang='lat' dir='ltr'><strong>dedit</strong></span> <span class='ocrx_word' id='word_1_444' title='bbox 1215 3283 1409 3321; x_wconf 90' lang='lat' dir='ltr'><strong>manus</strong></span> <span class='ocrx_word' id='word_1_445' title='bbox 1442 3283 1632 3319; x_wconf 90' lang='lat' dir='ltr'><strong>eorum</strong></span> <span class='ocrx_word' id='word_1_446' title='bbox 1669 3267 1962 3320; x_wconf 80' lang='lat' dir='ltr'><strong>evadendi.</strong></span> <span class='ocrx_word' id='word_1_447' title='bbox 1995 3267 2072 3320; x_wconf 85' lang='lat' dir='ltr'><strong>Ac</strong></span> <span class='ocrx_word' id='word_1_448' title='bbox 2100 3266 2329 3319; x_wconf 74' lang='lat' dir='ltr'><strong>Romani</strong></span> 
     </span>
    </p>
   </div>
   <div class='ocr_carea' id='block_1_61' title="bbox 755 3357 2331 3431">
    <p class='ocr_par' dir='ltr' id='par_1_61' title="bbox 755 3357 2331 3431">
     <span class='ocr_line' id='line_1_61' title="bbox 755 3357 2331 3431; baseline -0.001 -19"><span class='ocrx_word' id='word_1_449' title='bbox 755 3361 974 3431; x_wconf 81' lang='lat' dir='ltr'><strong>quidem</strong></span> <span class='ocrx_word' id='word_1_450' title='bbox 1001 3360 1182 3415; x_wconf 76' lang='lat' dir='ltr'><strong>caeteri</strong></span> <span class='ocrx_word' id='word_1_451' title='bbox 1219 3361 1369 3414; x_wconf 91' lang='lat' dir='ltr'><strong>varie</strong></span> <span class='ocrx_word' id='word_1_452' title='bbox 1397 3359 1636 3428; x_wconf 83' lang='lat' dir='ltr'><strong>dispersi</strong></span> <span class='ocrx_word' id='word_1_453' title='bbox 1680 3359 1938 3419; x_wconf 85' lang='lat' dir='ltr'><strong>salutem,</strong></span> <span class='ocrx_word' id='word_1_454' title='bbox 1969 3357 2058 3410; x_wconf 89' lang='lat' dir='ltr'><strong>ubi</strong></span> <span class='ocrx_word' id='word_1_455' title='bbox 2094 3358 2331 3426; x_wconf 88' lang='lat' dir='ltr'><strong>quisque</strong></span> 
     </span>
    </p>
   </div>
   <div class='ocr_carea' id='block_1_62' title="bbox 757 3447 2332 3523">
    <p class='ocr_par' dir='ltr' id='par_1_62' title="bbox 757 3447 2332 3523">
     <span class='ocr_line' id='line_1_62' title="bbox 757 3447 2332 3523; baseline -0.004 -17"><span class='ocrx_word' id='word_1_456' title='bbox 757 3454 952 3523; x_wconf 86' lang='lat' dir='ltr'><strong>potuit,</strong></span> <span class='ocrx_word' id='word_1_457' title='bbox 1000 3453 1290 3522; x_wconf 77' lang='lat' dir='ltr'><strong>qiuesiere.</strong></span> <span class='ocrx_word' id='word_1_458' title='bbox 1317 3451 1623 3519; x_wconf 87' lang='lat' dir='ltr'><strong>Imperator</strong></span> <span class='ocrx_word' id='word_1_459' title='bbox 1664 3464 1808 3517; x_wconf 64' lang='lat' dir='ltr'><strong>aegre</strong></span> <span class='ocrx_word' id='word_1_460' title='bbox 1850 3447 2210 3518; x_wconf 83' lang='lat' dir='ltr'><strong>Pamphylum</strong></span> <span class='ocrx_word' id='word_1_461' title='bbox 2239 3450 2332 3500; x_wconf 88' lang='lat' dir='ltr'><strong>de-</strong></span> 
     </span>
    </p>
   </div>
   <div class='ocr_carea' id='block_1_63' title="bbox 757 3539 2332 3614">
    <p class='ocr_par' dir='ltr' id='par_1_63' title="bbox 757 3539 2332 3614">
     <span class='ocr_line' id='line_1_63' title="bbox 757 3539 2332 3614; baseline -0.007 -12"><span class='ocrx_word' id='word_1_462' title='bbox 757 3550 904 3602; x_wconf 84' lang='lat' dir='ltr'><strong>latus</strong></span> <span class='ocrx_word' id='word_1_463' title='bbox 935 3546 1007 3600; x_wconf 92' lang='lat' dir='ltr'><strong>ibi</strong></span> <span class='ocrx_word' id='word_1_464' title='bbox 1044 3545 1277 3614; x_wconf 82' lang='lat' dir='ltr'><strong>quievit.</strong></span> <span class='ocrx_word' id='word_1_465' title='bbox 1326 3543 1494 3597; x_wconf 78' lang='lat' dir='ltr'><strong>Fama</strong></span> <span class='ocrx_word' id='word_1_466' title='bbox 1548 3540 1724 3596; x_wconf 89' lang='lat' dir='ltr'><strong>cladis</strong></span> <span class='ocrx_word' id='word_1_467' title='bbox 1772 3539 1938 3610; x_wconf 83' lang='lat' dir='ltr'><strong>hujus</strong></span> <span class='ocrx_word' id='word_1_468' title='bbox 1998 3541 2107 3594; x_wconf 85' lang='lat' dir='ltr'><strong>late</strong></span> <span class='ocrx_word' id='word_1_469' title='bbox 2139 3541 2332 3606; x_wconf 85' lang='lat' dir='ltr'><strong>didita,</strong></span> 
     </span>
    </p>
   </div>
   <div class='ocr_carea' id='block_1_64' title="bbox 756 3619 2332 3709">
    <p class='ocr_par' dir='ltr' id='par_1_64' title="bbox 756 3619 2332 3709">
     <span class='ocr_line' id='line_1_64' title="bbox 756 3619 2332 3709; baseline -0.006 -13"><span class='ocrx_word' id='word_1_470' title='bbox 756 3643 942 3696; x_wconf 89' lang='lat' dir='ltr'><strong>nullus</strong></span> <span class='ocrx_word' id='word_1_471' title='bbox 979 3619 1372 3709; x_wconf 76' lang='lat' dir='ltr'><strong>agricularum,</strong></span> <span class='ocrx_word' id='word_1_472' title='bbox 1425 3637 1525 3689; x_wconf 84' lang='lat' dir='ltr'><strong>etsi</strong></span> <span class='ocrx_word' id='word_1_473' title='bbox 1587 3650 1830 3698; x_wconf 87' lang='lat' dir='ltr'><strong>summa,</strong></span> <span class='ocrx_word' id='word_1_474' title='bbox 1889 3643 1948 3686; x_wconf 94' lang='lat' dir='ltr'><strong>ut</strong></span> <span class='ocrx_word' id='word_1_475' title='bbox 1999 3641 2131 3686; x_wconf 91' lang='lat' dir='ltr'><strong>tunc</strong></span> <span class='ocrx_word' id='word_1_476' title='bbox 2191 3645 2332 3696; x_wconf 86' lang='lat' dir='ltr'><strong>erat,</strong></span> 
     </span>
    </p>
   </div>
   <div class='ocr_carea' id='block_1_65' title="bbox 757 3724 2335 3796">
    <p class='ocr_par' dir='ltr' id='par_1_65' title="bbox 757 3724 2335 3796">
     <span class='ocr_line' id='line_1_65' title="bbox 757 3724 2335 3796; baseline -0.01 -5"><span class='ocrx_word' id='word_1_477' title='bbox 757 3746 950 3792; x_wconf 64' lang='lat' dir='ltr'><strong>testate</strong></span> <span class='ocrx_word' id='word_1_478' title='bbox 977 3735 1056 3789; x_wconf 81' lang='lat' dir='ltr'><strong>vel</strong></span> <span class='ocrx_word' id='word_1_479' title='bbox 1097 3732 1334 3787; x_wconf 82' lang='lat' dir='ltr'><strong>maxime</strong></span> <span class='ocrx_word' id='word_1_480' title='bbox 1386 3743 1552 3796; x_wconf 88' lang='lat' dir='ltr'><strong>opera</strong></span> <span class='ocrx_word' id='word_1_481' title='bbox 1585 3741 1774 3780; x_wconf 89' lang='lat' dir='ltr'><strong>eorum</strong></span> <span class='ocrx_word' id='word_1_482' title='bbox 1811 3725 2038 3778; x_wconf 83' lang='lat' dir='ltr'><strong>maturis</strong></span> <span class='ocrx_word' id='word_1_483' title='bbox 2069 3724 2335 3788; x_wconf 79' lang='lat' dir='ltr'><strong>colligen-</strong></span> 
     </span>
    </p>
   </div>
   <div class='ocr_carea' id='block_1_66' title="bbox 758 3817 2334 3896">
    <p class='ocr_par' dir='ltr' id='par_1_66' title="bbox 758 3817 2334 3896">
     <span class='ocr_line' id='line_1_66' title="bbox 758 3817 2334 3896; baseline -0.008 -14"><span class='ocrx_word' id='word_1_484' title='bbox 758 3831 845 3884; x_wconf 89' lang='lat' dir='ltr'><strong>dis</strong></span> <span class='ocrx_word' id='word_1_485' title='bbox 883 3828 1160 3896; x_wconf 84' lang='lat' dir='ltr'><strong>segctibus</strong></span> <span class='ocrx_word' id='word_1_486' title='bbox 1190 3838 1320 3877; x_wconf 86' lang='lat' dir='ltr'><strong>rure</strong></span> <span class='ocrx_word' id='word_1_487' title='bbox 1353 3822 1750 3889; x_wconf 88' lang='lat' dir='ltr'><strong>requireretur,</strong></span> <span class='ocrx_word' id='word_1_488' title='bbox 1805 3826 1961 3872; x_wconf 82' lang='lat' dir='ltr'><strong>extra</strong></span> <span class='ocrx_word' id='word_1_489' title='bbox 2013 3817 2334 3872; x_wconf 87' lang='lat' dir='ltr'><strong>Constanti-</strong></span> 
     </span>
    </p>
   </div>
   <div class='ocr_carea' id='block_1_67' title="bbox 761 3909 2338 3991">
    <p class='ocr_par' dir='ltr' id='par_1_67' title="bbox 761 3909 2338 3991">
     <span class='ocr_line' id='line_1_67' title="bbox 761 3909 2338 3991; baseline -0.01 -14"><span class='ocrx_word' id='word_1_490' title='bbox 761 3922 1004 3991; x_wconf 85' lang='lat' dir='ltr'><strong>nopolim</strong></span> <span class='ocrx_word' id='word_1_491' title='bbox 1036 3919 1337 3972; x_wconf 86' lang='lat' dir='ltr'><strong>subsistere</strong></span> <span class='ocrx_word' id='word_1_492' title='bbox 1365 3914 1562 3967; x_wconf 85' lang='lat' dir='ltr'><strong>voluit.</strong></span> <span class='ocrx_word' id='word_1_493' title='bbox 1587 3911 1793 3980; x_wconf 84' lang='lat' dir='ltr'><strong>Longis</strong></span> <span class='ocrx_word' id='word_1_494' title='bbox 1826 3910 2070 3979; x_wconf 77' lang='lat' dir='ltr'><strong>undique</strong></span> <span class='ocrx_word' id='word_1_495' title='bbox 2096 3909 2338 3977; x_wconf 73' lang='lat' dir='ltr'><strong>agmini-</strong></span> 
     </span>
    </p>
   </div>
   <div class='ocr_carea' id='block_1_68' title="bbox 761 4000 2336 4072">
    <p class='ocr_par' dir='ltr' id='par_1_68' title="bbox 761 4000 2336 4072">
     <span class='ocr_line' id='line_1_68' title="bbox 761 4000 2336 4072; baseline -0.009 -4"><span class='ocrx_word' id='word_1_496' title='bbox 761 4002 863 4069; x_wconf 75' lang='lat' dir='ltr'><strong>bus</strong></span> <span class='ocrx_word' id='word_1_497' title='bbox 893 4014 1066 4066; x_wconf 89' lang='lat' dir='ltr'><strong>instar</strong></span> <span class='ocrx_word' id='word_1_498' title='bbox 1117 4009 1495 4072; x_wconf 81' lang='lat' dir='ltr'><strong>formicarum,</strong></span> <span class='ocrx_word' id='word_1_499' title='bbox 1544 4000 1902 4060; x_wconf 83' lang='lat' dir='ltr'><strong>domesticam</strong></span> <span class='ocrx_word' id='word_1_500' title='bbox 1941 4003 2336 4072; x_wconf 88' lang='lat' dir='ltr'><strong>supellcctilem</strong></span> 
     </span>
    </p>
   </div>
   <div class='ocr_carea' id='block_1_69' title="bbox 758 4093 2340 4177">
    <p class='ocr_par' dir='ltr' id='par_1_69' title="bbox 758 4093 2340 4177">
     <span class='ocr_line' id='line_1_69' title="bbox 758 4093 2340 4177; baseline -0.007 -19"><span class='ocrx_word' id='word_1_501' title='bbox 758 4106 1025 4177; x_wconf 81' lang='lat' dir='ltr'><strong>plaustris</strong></span> <span class='ocrx_word' id='word_1_502' title='bbox 1053 4102 1368 4169; x_wconf 82' lang='lat' dir='ltr'><strong>impositam</strong></span> <span class='ocrx_word' id='word_1_503' title='bbox 1405 4113 1517 4168; x_wconf 74' lang='lat' dir='ltr'><strong>pra:</strong></span> <span class='ocrx_word' id='word_1_504' title='bbox 1546 4112 1605 4152; x_wconf 89' lang='lat' dir='ltr'><strong>se</strong></span> <span class='ocrx_word' id='word_1_505' title='bbox 1642 4105 1892 4165; x_wconf 85' lang='lat' dir='ltr'><strong>agentes,</strong></span> <span class='ocrx_word' id='word_1_506' title='bbox 1925 4094 1977 4149; x_wconf 90' lang='lat' dir='ltr'><strong>in</strong></span> <span class='ocrx_word' id='word_1_507' title='bbox 2037 4094 2225 4148; x_wconf 84' lang='lat' dir='ltr'><strong>urbem</strong></span> <span class='ocrx_word' id='word_1_508' title='bbox 2259 4093 2340 4148; x_wconf 81' lang='lat' dir='ltr'><strong>fe-</strong></span> 
     </span>
    </p>
   </div>
   <div class='ocr_carea' id='block_1_70' title="bbox 760 4185 2340 4260">
    <p class='ocr_par' dir='ltr' id='par_1_70' title="bbox 760 4185 2340 4260">
     <span class='ocr_line' id='line_1_70' title="bbox 760 4185 2340 4260; baseline -0.008 -7"><span class='ocrx_word' id='word_1_509' title='bbox 760 4199 1049 4260; x_wconf 81' lang='lat' dir='ltr'><strong>rebantur,</strong></span> <span class='ocrx_word' id='word_1_510' title='bbox 1087 4194 1266 4248; x_wconf 90' lang='lat' dir='ltr'><strong>securi</strong></span> <span class='ocrx_word' id='word_1_511' title='bbox 1304 4192 1588 4250; x_wconf 85' lang='lat' dir='ltr'><strong>messium,</strong></span> <span class='ocrx_word' id='word_1_512' title='bbox 1619 4202 1760 4257; x_wconf 84' lang='lat' dir='ltr'><strong>quas</strong></span> <span class='ocrx_word' id='word_1_513' title='bbox 1805 4186 2006 4256; x_wconf 88' lang='lat' dir='ltr'><strong>partim</strong></span> <span class='ocrx_word' id='word_1_514' title='bbox 2041 4185 2095 4238; x_wconf 90' lang='lat' dir='ltr'><strong>in</strong></span> <span class='ocrx_word' id='word_1_515' title='bbox 2129 4186 2340 4254; x_wconf 84' lang='lat' dir='ltr'><strong>campis</strong></span> 
     </span>
    </p>
   </div>
   <div class='ocr_carea' id='block_1_71' title="bbox 761 4279 2342 4353">
    <p class='ocr_par' dir='ltr' id='par_1_71' title="bbox 761 4279 2342 4353">
     <span class='ocr_line' id='line_1_71' title="bbox 761 4279 2342 4353; baseline -0.009 -7"><span class='ocrx_word' id='word_1_516' title='bbox 761 4292 1008 4346; x_wconf 85' lang='lat' dir='ltr'><strong>nondum</strong></span> <span class='ocrx_word' id='word_1_517' title='bbox 1043 4289 1295 4343; x_wconf 89' lang='lat' dir='ltr'><strong>desectas</strong></span> <span class='ocrx_word' id='word_1_518' title='bbox 1333 4284 1493 4344; x_wconf 86' lang='lat' dir='ltr'><strong>falce.</strong></span> <span class='ocrx_word' id='word_1_519' title='bbox 1542 4282 1745 4353; x_wconf 85' lang='lat' dir='ltr'><strong>partim</strong></span> <span class='ocrx_word' id='word_1_520' title='bbox 1794 4281 1849 4333; x_wconf 90' lang='lat' dir='ltr'><strong>in</strong></span> <span class='ocrx_word' id='word_1_521' title='bbox 1905 4279 2055 4333; x_wconf 87' lang='lat' dir='ltr'><strong>areis</strong></span> <span class='ocrx_word' id='word_1_522' title='bbox 2089 4280 2342 4347; x_wconf 86' lang='lat' dir='ltr'><strong>manipu-</strong></span> 
     </span>
    </p>
   </div>
   <div class='ocr_carea' id='block_1_72' title="bbox 764 4371 2341 4447">
    <p class='ocr_par' dir='ltr' id='par_1_72' title="bbox 764 4371 2341 4447">
     <span class='ocr_line' id='line_1_72' title="bbox 764 4371 2341 4447; baseline -0.008 -10"><span class='ocrx_word' id='word_1_523' title='bbox 764 4386 914 4438; x_wconf 88' lang='lat' dir='ltr'><strong>latim</strong></span> <span class='ocrx_word' id='word_1_524' title='bbox 963 4385 1016 4436; x_wconf 92' lang='lat' dir='ltr'><strong>in</strong></span> <span class='ocrx_word' id='word_1_525' title='bbox 1071 4390 1256 4433; x_wconf 89' lang='lat' dir='ltr'><strong>strues</strong></span> <span class='ocrx_word' id='word_1_526' title='bbox 1296 4383 1599 4447; x_wconf 87' lang='lat' dir='ltr'><strong>congestas</strong></span> <span class='ocrx_word' id='word_1_527' title='bbox 1665 4373 2081 4440; x_wconf 89' lang='lat' dir='ltr'><strong>relinquebant,</strong></span> <span class='ocrx_word' id='word_1_528' title='bbox 2135 4371 2341 4424; x_wconf 88' lang='lat' dir='ltr'><strong>condo-</strong></span> 
     </span>
    </p>
   </div>
   <div class='ocr_carea' id='block_1_73' title="bbox 767 4460 2342 4532">
    <p class='ocr_par' dir='ltr' id='par_1_73' title="bbox 767 4460 2342 4532">
     <span class='ocr_line' id='line_1_73' title="bbox 767 4460 2342 4532; baseline -0.008 -6"><span class='ocrx_word' id='word_1_529' title='bbox 767 4482 963 4526; x_wconf 84' lang='lat' dir='ltr'><strong>nantes</strong></span> <span class='ocrx_word' id='word_1_530' title='bbox 997 4470 1274 4530; x_wconf 87' lang='lat' dir='ltr'><strong>hostibus,</strong></span> <span class='ocrx_word' id='word_1_531' title='bbox 1304 4475 1360 4519; x_wconf 89' lang='lat' dir='ltr'><strong>et</strong></span> <span class='ocrx_word' id='word_1_532' title='bbox 1398 4468 1451 4519; x_wconf 93' lang='lat' dir='ltr'><strong>in</strong></span> <span class='ocrx_word' id='word_1_533' title='bbox 1483 4467 1638 4518; x_wconf 86' lang='lat' dir='ltr'><strong>lucro</strong></span> <span class='ocrx_word' id='word_1_534' title='bbox 1670 4472 1938 4532; x_wconf 88' lang='lat' dir='ltr'><strong>ponentes</strong></span> <span class='ocrx_word' id='word_1_535' title='bbox 1971 4462 2118 4531; x_wconf 87' lang='lat' dir='ltr'><strong>quod</strong></span> <span class='ocrx_word' id='word_1_536' title='bbox 2150 4460 2342 4514; x_wconf 87' lang='lat' dir='ltr'><strong>barba-</strong></span> 
     </span>
    </p>
   </div>
   <div class='ocr_carea' id='block_1_74' title="bbox 765 4553 2343 4618">
    <p class='ocr_par' dir='ltr' id='par_1_74' title="bbox 765 4553 2343 4618">
     <span class='ocr_line' id='line_1_74' title="bbox 765 4553 2343 4618; baseline -0.008 1"><span class='ocrx_word' id='word_1_537' title='bbox 765 4569 943 4618; x_wconf 90' lang='lat' dir='ltr'><strong>ricum</strong></span> <span class='ocrx_word' id='word_1_538' title='bbox 978 4561 1262 4616; x_wconf 87' lang='lat' dir='ltr'><strong>servitium</strong></span> <span class='ocrx_word' id='word_1_539' title='bbox 1297 4567 1389 4612; x_wconf 88' lang='lat' dir='ltr'><strong>aut</strong></span> <span class='ocrx_word' id='word_1_540' title='bbox 1437 4556 1646 4611; x_wconf 90' lang='lat' dir='ltr'><strong>ferrum</strong></span> <span class='ocrx_word' id='word_1_541' title='bbox 1674 4556 1759 4610; x_wconf 89' lang='lat' dir='ltr'><strong>vel</strong></span> <span class='ocrx_word' id='word_1_542' title='bbox 1809 4553 1940 4608; x_wconf 89' lang='lat' dir='ltr'><strong>nudi</strong></span> <span class='ocrx_word' id='word_1_543' title='bbox 1998 4565 2053 4608; x_wconf 89' lang='lat' dir='ltr'><strong>et</strong></span> <span class='ocrx_word' id='word_1_544' title='bbox 2096 4554 2343 4607; x_wconf 88' lang='lat' dir='ltr'><strong>omnium</strong></span> 
     </span>
    </p>
   </div>
   <div class='ocr_carea' id='block_1_75' title="bbox 765 4635 2345 4725">
    <p class='ocr_par' dir='ltr' id='par_1_75' title="bbox 765 4635 2345 4725">
     <span class='ocr_line' id='line_1_75' title="bbox 765 4635 2345 4725; baseline -0.006 -13"><span class='ocrx_word' id='word_1_545' title='bbox 765 4659 960 4725; x_wconf 86' lang='lat' dir='ltr'><strong>inopes</strong></span> <span class='ocrx_word' id='word_1_546' title='bbox 984 4635 1308 4722; x_wconf 68' lang='lat' dir='ltr'><strong>eﬂiigereiit.</strong></span> <span class='ocrx_word' id='word_1_547' title='bbox 1344 4651 1596 4705; x_wconf 86' lang='lat' dir='ltr'><strong>Victores</strong></span> <span class='ocrx_word' id='word_1_548' title='bbox 1629 4648 1885 4712; x_wconf 87' lang='lat' dir='ltr'><strong>Barbari,</strong></span> <span class='ocrx_word' id='word_1_549' title='bbox 1921 4647 2015 4701; x_wconf 88' lang='lat' dir='ltr'><strong>ubi</strong></span> <span class='ocrx_word' id='word_1_550' title='bbox 2057 4648 2194 4702; x_wconf 86' lang='lat' dir='ltr'><strong>satis</strong></span> <span class='ocrx_word' id='word_1_551' title='bbox 2229 4647 2345 4702; x_wconf 87' lang='lat' dir='ltr'><strong>dis-</strong></span> 
     </span>
    </p>
   </div>
   <div class='ocr_carea' id='block_1_76' title="bbox 766 4739 2346 4812">
    <p class='ocr_par' dir='ltr' id='par_1_76' title="bbox 766 4739 2346 4812">
     <span class='ocr_line' id='line_1_76' title="bbox 766 4739 2346 4812; baseline -0.008 -9"><span class='ocrx_word' id='word_1_552' title='bbox 766 4755 1067 4803; x_wconf 88' lang='lat' dir='ltr'><strong>cusserunt</strong></span> <span class='ocrx_word' id='word_1_553' title='bbox 1111 4745 1486 4812; x_wconf 85' lang='lat' dir='ltr'><strong>suspicionem</strong></span> <span class='ocrx_word' id='word_1_554' title='bbox 1520 4741 1852 4795; x_wconf 89' lang='lat' dir='ltr'><strong>insidiarum</strong></span> <span class='ocrx_word' id='word_1_555' title='bbox 1889 4753 2012 4806; x_wconf 71' lang='lat' dir='ltr'><strong>quae</strong></span> <span class='ocrx_word' id='word_1_556' title='bbox 2040 4739 2162 4792; x_wconf 88' lang='lat' dir='ltr'><strong>illos</strong></span> <span class='ocrx_word' id='word_1_557' title='bbox 2198 4753 2228 4790; x_wconf 90' lang='lat' dir='ltr'><strong>a</strong></span> <span class='ocrx_word' id='word_1_558' title='bbox 2263 4739 2346 4791; x_wconf 79' lang='lat' dir='ltr'><strong>vi-</strong></span> 
     </span>
    </p>
   </div>
   <div class='ocr_carea' id='block_1_77' title="bbox 766 4831 2343 4905">
    <p class='ocr_par' dir='ltr' id='par_1_77' title="bbox 766 4831 2343 4905">
     <span class='ocr_line' id='line_1_77' title="bbox 766 4831 2343 4905; baseline -0.003 -15"><span class='ocrx_word' id='word_1_559' title='bbox 766 4851 889 4894; x_wconf 72' lang='lat' dir='ltr'><strong>ctos</strong></span> <span class='ocrx_word' id='word_1_560' title='bbox 913 4837 1256 4905; x_wconf 82' lang='lat' dir='ltr'><strong>insequendo</strong></span> <span class='ocrx_word' id='word_1_561' title='bbox 1291 4835 1691 4898; x_wconf 86' lang='lat' dir='ltr'><strong>retardaverat,</strong></span> <span class='ocrx_word' id='word_1_562' title='bbox 1736 4845 1834 4885; x_wconf 91' lang='lat' dir='ltr'><strong>nec</strong></span> <span class='ocrx_word' id='word_1_563' title='bbox 1863 4845 2038 4900; x_wconf 89' lang='lat' dir='ltr'><strong>pauca</strong></span> <span class='ocrx_word' id='word_1_564' title='bbox 2077 4845 2179 4884; x_wconf 89' lang='lat' dir='ltr'><strong>nec</strong></span> <span class='ocrx_word' id='word_1_565' title='bbox 2203 4831 2343 4885; x_wconf 90' lang='lat' dir='ltr'><strong>levia</strong></span> 
     </span>
    </p>
   </div>
   <div class='ocr_carea' id='block_1_78' title="bbox 767 4924 2345 5000">
    <p class='ocr_par' dir='ltr' id='par_1_78' title="bbox 767 4924 2345 5000">
     <span class='ocr_line' id='line_1_78' title="bbox 767 4924 2345 5000; baseline -0.004 -17"><span class='ocrx_word' id='word_1_566' title='bbox 767 4933 946 4987; x_wconf 89' lang='lat' dir='ltr'><strong>obviis</strong></span> <span class='ocrx_word' id='word_1_567' title='bbox 980 4930 1140 5000; x_wconf 84' lang='lat'><strong>553</strong></span> <span class='ocrx_word' id='word_1_568' title='bbox 1171 4929 1468 4982; x_wconf 88' lang='lat' dir='ltr'><strong>crudeliter</strong></span> <span class='ocrx_word' id='word_1_569' title='bbox 1508 4925 1793 4981; x_wconf 86' lang='lat' dir='ltr'><strong>vastandis</strong></span> <span class='ocrx_word' id='word_1_570' title='bbox 1839 4924 2090 4992; x_wconf 82' lang='lat' dir='ltr'><strong>exempla</strong></span> <span class='ocrx_word' id='word_1_571' title='bbox 2141 4925 2345 4993; x_wconf 88' lang='lat' dir='ltr'><strong>passim</strong></span> 
     </span>
    </p>
   </div>
   <div class='ocr_carea' id='block_1_79' title="bbox 768 5016 2352 5086">
    <p class='ocr_par' dir='ltr' id='par_1_79' title="bbox 768 5016 2352 5086">
     <span class='ocr_line' id='line_1_79' title="bbox 768 5016 2352 5086; baseline -0.004 -8"><span class='ocrx_word' id='word_1_572' title='bbox 768 5040 947 5078; x_wconf 71' lang='lat' dir='ltr'><strong>avarae</strong></span> <span class='ocrx_word' id='word_1_573' title='bbox 981 5023 1218 5077; x_wconf 82' lang='lat' dir='ltr'><strong>feritatis</strong></span> <span class='ocrx_word' id='word_1_574' title='bbox 1248 5022 1571 5083; x_wconf 84' lang='lat' dir='ltr'><strong>ediderunt.</strong></span> <span class='ocrx_word' id='word_1_575' title='bbox 1603 5020 1764 5072; x_wconf 79' lang='lat' dir='ltr'><strong>Areis</strong></span> <span class='ocrx_word' id='word_1_576' title='bbox 1795 5016 1996 5071; x_wconf 90' lang='lat' dir='ltr'><strong>deinde</strong></span> <span class='ocrx_word' id='word_1_577' title='bbox 2022 5019 2171 5086; x_wconf 85' lang='lat' dir='ltr'><strong>Apro</strong></span> <span class='ocrx_word' id='word_1_578' title='bbox 2192 5017 2352 5071; x_wconf 81' lang='lat' dir='ltr'><strong>dictae</strong></span> 
     </span>
    </p>
   </div>
   <div class='ocr_carea' id='block_1_80' title="bbox 770 5110 2350 5184">
    <p class='ocr_par' dir='ltr' id='par_1_80' title="bbox 770 5110 2350 5184">
     <span class='ocr_line' id='line_1_80' title="bbox 770 5110 2350 5184; baseline -0.005 -13"><span class='ocrx_word' id='word_1_579' title='bbox 770 5115 1147 5184; x_wconf 73' lang='lat' dir='ltr'><strong>Oppugnanda:</strong></span> <span class='ocrx_word' id='word_1_580' title='bbox 1201 5129 1266 5168; x_wconf 83' lang='lat' dir='ltr'><strong>ex</strong></span> <span class='ocrx_word' id='word_1_581' title='bbox 1332 5129 1399 5167; x_wconf 90' lang='lat' dir='ltr'><strong>eo</strong></span> <span class='ocrx_word' id='word_1_582' title='bbox 1448 5112 1584 5181; x_wconf 88' lang='lat' dir='ltr'><strong>ipsis</strong></span> <span class='ocrx_word' id='word_1_583' title='bbox 1641 5110 1942 5165; x_wconf 87' lang='lat' dir='ltr'><strong>consilium</strong></span> <span class='ocrx_word' id='word_1_584' title='bbox 2005 5120 2193 5162; x_wconf 85' lang='lat' dir='ltr'><strong>natum</strong></span> <span class='ocrx_word' id='word_1_585' title='bbox 2243 5117 2350 5175; x_wconf 89' lang='lat' dir='ltr'><strong>est,</strong></span> 
     </span>
    </p>
   </div>
   <div class='ocr_carea' id='block_1_81' title="bbox 769 5189 2354 5276">
    <p class='ocr_par' dir='ltr' id='par_1_81' title="bbox 769 5189 2354 5276">
     <span class='ocr_line' id='line_1_81' title="bbox 769 5189 2354 5276; baseline -0.005 -14"><span class='ocrx_word' id='word_1_586' title='bbox 769 5208 919 5276; x_wconf 84' lang='lat' dir='ltr'><strong>quod</strong></span> <span class='ocrx_word' id='word_1_587' title='bbox 953 5209 1005 5261; x_wconf 92' lang='lat' dir='ltr'><strong>in</strong></span> <span class='ocrx_word' id='word_1_588' title='bbox 1037 5222 1158 5260; x_wconf 90' lang='lat' dir='ltr'><strong>eam</strong></span> <span class='ocrx_word' id='word_1_589' title='bbox 1201 5222 1260 5260; x_wconf 84' lang='lat' dir='ltr'><strong>se</strong></span> <span class='ocrx_word' id='word_1_590' title='bbox 1287 5189 1568 5272; x_wconf 87' lang='lat' dir='ltr'><strong>recepisse</strong></span> <span class='ocrx_word' id='word_1_591' title='bbox 1594 5203 1795 5256; x_wconf 87' lang='lat' dir='ltr'><strong>multos</strong></span> <span class='ocrx_word' id='word_1_592' title='bbox 1821 5217 1852 5256; x_wconf 88' lang='lat' dir='ltr'><strong>e</strong></span> <span class='ocrx_word' id='word_1_593' title='bbox 1875 5201 2062 5272; x_wconf 64' lang='lat' dir='ltr'><strong>prmlio</strong></span> <span class='ocrx_word' id='word_1_594' title='bbox 2083 5216 2354 5267; x_wconf 77' lang='lat' dir='ltr'><strong>cognove-</strong></span> 
     </span>
    </p>
   </div>
   <div class='ocr_carea' id='block_1_82' title="bbox 768 5291 2355 5368">
    <p class='ocr_par' dir='ltr' id='par_1_82' title="bbox 768 5291 2355 5368">
     <span class='ocr_line' id='line_1_82' title="bbox 768 5291 2355 5368; baseline -0.005 -14"><span class='ocrx_word' id='word_1_595' title='bbox 768 5312 915 5363; x_wconf 83' lang='lat' dir='ltr'><strong>rant.</strong></span> <span class='ocrx_word' id='word_1_596' title='bbox 948 5300 1096 5354; x_wconf 88' lang='lat' dir='ltr'><strong>unde</strong></span> <span class='ocrx_word' id='word_1_597' title='bbox 1125 5299 1306 5368; x_wconf 72' lang='lat' dir='ltr'><strong>praeda</strong></span> <span class='ocrx_word' id='word_1_598' title='bbox 1356 5296 1620 5351; x_wconf 90' lang='lat' dir='ltr'><strong>refertam</strong></span> <span class='ocrx_word' id='word_1_599' title='bbox 1675 5294 2114 5347; x_wconf 84' lang='lat' dir='ltr'><strong>arbitrabantur.</strong></span> <span class='ocrx_word' id='word_1_600' title='bbox 2165 5291 2355 5361; x_wconf 84' lang='lat' dir='ltr'><strong>Copiis</strong></span> 
     </span>
    </p>
   </div>
   <div class='ocr_carea' id='block_1_83' title="bbox 769 5387 2348 5464">
    <p class='ocr_par' dir='ltr' id='par_1_83' title="bbox 769 5387 2348 5464">
     <span class='ocr_line' id='line_1_83' title="bbox 769 5387 2348 5464; baseline -0.006 -15"><span class='ocrx_word' id='word_1_601' title='bbox 769 5409 902 5464; x_wconf 87' lang='lat' dir='ltr'><strong>ergo</strong></span> <span class='ocrx_word' id='word_1_602' title='bbox 947 5395 1186 5448; x_wconf 84' lang='lat' dir='ltr'><strong>admotis</strong></span> <span class='ocrx_word' id='word_1_603' title='bbox 1235 5408 1358 5446; x_wconf 92' lang='lat' dir='ltr'><strong>eum</strong></span> <span class='ocrx_word' id='word_1_604' title='bbox 1383 5391 1600 5460; x_wconf 87' lang='lat' dir='ltr'><strong>egregie</strong></span> <span class='ocrx_word' id='word_1_605' title='bbox 1641 5389 1846 5458; x_wconf 90' lang='lat' dir='ltr'><strong>repulsi</strong></span> <span class='ocrx_word' id='word_1_606' title='bbox 1882 5403 2074 5458; x_wconf 90' lang='lat' dir='ltr'><strong>parum</strong></span> <span class='ocrx_word' id='word_1_607' title='bbox 2115 5387 2348 5458; x_wconf 83' lang='lat' dir='ltr'><strong>proﬁce-</strong></span> 
     </span>
    </p>
   </div>
   <div class='ocr_carea' id='block_1_84' title="bbox 769 5480 2342 5554">
    <p class='ocr_par' dir='ltr' id='par_1_84' title="bbox 769 5480 2342 5554">
     <span class='ocr_line' id='line_1_84' title="bbox 769 5480 2342 5554; baseline -0.006 -15"><span class='ocrx_word' id='word_1_608' title='bbox 769 5495 916 5546; x_wconf 85' lang='lat' dir='ltr'><strong>rent.</strong></span> <span class='ocrx_word' id='word_1_609' title='bbox 951 5501 1052 5540; x_wconf 78' lang='lat' dir='ltr'><strong>nec</strong></span> <span class='ocrx_word' id='word_1_610' title='bbox 1085 5485 1206 5554; x_wconf 83' lang='lat' dir='ltr'><strong>plus</strong></span> <span class='ocrx_word' id='word_1_611' title='bbox 1250 5499 1315 5538; x_wconf 79' lang='lat' dir='ltr'><strong>ex</strong></span> <span class='ocrx_word' id='word_1_612' title='bbox 1361 5482 1772 5552; x_wconf 83' lang='lat' dir='ltr'><strong>perseverantia</strong></span> <span class='ocrx_word' id='word_1_613' title='bbox 1819 5489 2126 5549; x_wconf 85' lang='lat' dir='ltr'><strong>sperarent,</strong></span> <span class='ocrx_word' id='word_1_614' title='bbox 2163 5480 2342 5534; x_wconf 89' lang='lat' dir='ltr'><strong>soluta</strong></span> 
     </span>
    </p>
   </div>
   <div class='ocr_carea' id='block_1_85' title="bbox 769 5569 2342 5631">
    <p class='ocr_par' dir='ltr' id='par_1_85' title="bbox 769 5569 2342 5631">
     <span class='ocr_line' id='line_1_85' title="bbox 769 5569 2342 5631; baseline -0.006 0"><span class='ocrx_word' id='word_1_615' title='bbox 769 5575 1058 5631; x_wconf 85' lang='lat' dir='ltr'><strong>obsidione</strong></span> <span class='ocrx_word' id='word_1_616' title='bbox 1091 5576 1288 5629; x_wconf 86' lang='lat' dir='ltr'><strong>reverti</strong></span> <span class='ocrx_word' id='word_1_617' title='bbox 1316 5580 1660 5628; x_wconf 88' lang='lat' dir='ltr'><strong>statuerunt.</strong></span> <span class='ocrx_word' id='word_1_618' title='bbox 1693 5573 1917 5626; x_wconf 78' lang='lat' dir='ltr'><strong>tulerim</strong></span> <span class='ocrx_word' id='word_1_619' title='bbox 1952 5570 2142 5625; x_wconf 79' lang='lat' dir='ltr'><strong>Alanis</strong></span> <span class='ocrx_word' id='word_1_620' title='bbox 2171 5569 2342 5625; x_wconf 90' lang='lat' dir='ltr'><strong>semel</strong></span> 
     </span>
    </p>
   </div>
   <div class='ocr_carea' id='block_1_86' title="bbox 773 5664 2346 5739">
    <p class='ocr_par' dir='ltr' id='par_1_86' title="bbox 773 5664 2346 5739">
     <span class='ocr_line' id='line_1_86' title="bbox 773 5664 2346 5739; baseline -0.004 -17"><span class='ocrx_word' id='word_1_621' title='bbox 773 5668 979 5724; x_wconf 88' lang='lat' dir='ltr'><strong>amissa</strong></span> <span class='ocrx_word' id='word_1_622' title='bbox 1011 5683 1140 5739; x_wconf 84' lang='lat' dir='ltr'><strong>erga</strong></span> <span class='ocrx_word' id='word_1_623' title='bbox 1176 5669 1514 5736; x_wconf 89' lang='lat' dir='ltr'><strong>imperantes</strong></span> <span class='ocrx_word' id='word_1_624' title='bbox 1540 5664 1919 5720; x_wconf 82' lang='lat' dir='ltr'><strong>benevolentia</strong></span> <span class='ocrx_word' id='word_1_625' title='bbox 1954 5667 2152 5733; x_wconf 87' lang='lat' dir='ltr'><strong>passim</strong></span> <span class='ocrx_word' id='word_1_626' title='bbox 2184 5664 2346 5715; x_wconf 88' lang='lat' dir='ltr'><strong>obvia</strong></span> 
     </span>
    </p>
   </div>
   <div class='ocr_carea' id='block_1_87' title="bbox 775 5754 2353 5830">
    <p class='ocr_par' dir='ltr' id='par_1_87' title="bbox 775 5754 2353 5830">
     <span class='ocr_line' id='line_1_87' title="bbox 775 5754 2353 5830; baseline -0.005 -16"><span class='ocrx_word' id='word_1_627' title='bbox 775 5762 1016 5830; x_wconf 78' lang='lat' dir='ltr'><strong>diripere</strong></span> <span class='ocrx_word' id='word_1_628' title='bbox 1045 5774 1107 5814; x_wconf 82' lang='lat' dir='ltr'><strong>ac</strong></span> <span class='ocrx_word' id='word_1_629' title='bbox 1139 5759 1368 5812; x_wconf 84' lang='lat' dir='ltr'><strong>licenter</strong></span> <span class='ocrx_word' id='word_1_630' title='bbox 1418 5756 1736 5810; x_wconf 78' lang='lat' dir='ltr'><strong>latrocinari</strong></span> <span class='ocrx_word' id='word_1_631' title='bbox 1773 5754 1970 5808; x_wconf 78' lang='lat' dir='ltr'><strong>bonum</strong></span> <span class='ocrx_word' id='word_1_632' title='bbox 2008 5755 2353 5807; x_wconf 79' lang='lat' dir='ltr'><strong>facttl&#39;visum</strong></span> 
     </span>
    </p>
   </div>
   <div class='ocr_carea' id='block_1_88' title="bbox 782 5843 2357 5922">
    <p class='ocr_par' dir='ltr' id='par_1_88' title="bbox 782 5843 2357 5922">
     <span class='ocr_line' id='line_1_88' title="bbox 782 5843 2357 5922; baseline -0.003 -17"><span class='ocrx_word' id='word_1_633' title='bbox 782 5860 886 5906; x_wconf 85' lang='lat' dir='ltr'><strong>est.</strong></span> <span class='ocrx_word' id='word_1_634' title='bbox 919 5850 1058 5922; x_wconf 74' lang='lat' dir='ltr'><strong>Ergo</strong></span> <span class='ocrx_word' id='word_1_635' title='bbox 1093 5858 1148 5904; x_wconf 92' lang='lat' dir='ltr'><strong>ct</strong></span> <span class='ocrx_word' id='word_1_636' title='bbox 1172 5849 1283 5915; x_wconf 84' lang='lat' dir='ltr'><strong>isti,</strong></span> <span class='ocrx_word' id='word_1_637' title='bbox 1333 5865 1455 5903; x_wconf 89' lang='lat' dir='ltr'><strong>cum</strong></span> <span class='ocrx_word' id='word_1_638' title='bbox 1494 5859 1547 5901; x_wconf 87' lang='grc' dir='ltr'><strong>ιιι</strong></span> <span class='ocrx_word' id='word_1_639' title='bbox 1577 5846 1737 5901; x_wconf 84' lang='lat' dir='ltr'><strong>amici</strong></span> <span class='ocrx_word' id='word_1_640' title='bbox 1772 5845 2128 5907; x_wconf 71' lang='lat' dir='ltr'><strong>haberentur,</strong></span> <span class='ocrx_word' id='word_1_641' title='bbox 2170 5843 2357 5900; x_wconf 77' lang='lat' dir='ltr'><strong>hostes</strong></span> 
     </span>
    </p>
   </div>
   <div class='ocr_carea' id='block_1_89' title="bbox 2373 4519 2422 4577">
    <p class='ocr_par' dir='ltr' id='par_1_89' title="bbox 2373 4519 2422 4577">
     <span class='ocr_line' id='line_1_89' title="bbox 2373 4519 2422 4577; baseline 0 0"><span class='ocrx_word' id='word_1_642' title='bbox 2373 4519 2422 4577; x_wconf 84' lang='grc' dir='ltr'>ι)</span> 
     </span>
    </p>
   </div>
   <div class='ocr_carea' id='block_1_90' title="bbox 2438 3275 4024 3352">
    <p class='ocr_par' dir='ltr' id='par_1_90' title="bbox 2438 3275 4024 3352">
     <span class='ocr_line' id='line_1_90' title="bbox 2438 3275 4024 3352; baseline -0.004 -17"><span class='ocrx_word' id='word_1_643' title='bbox 2438 3281 2620 3352; x_wconf 83' lang='lat' dir='ltr'><strong>paxim</strong></span> <span class='ocrx_word' id='word_1_644' title='bbox 2654 3282 2837 3333; x_wconf 81' lang='lat' dir='ltr'><strong>autem</strong></span> <span class='ocrx_word' id='word_1_645' title='bbox 2865 3278 3076 3330; x_wconf 87' lang='lat' dir='ltr'><strong>dimisit</strong></span> <span class='ocrx_word' id='word_1_646' title='bbox 3117 3276 3181 3328; x_wconf 91' lang='lat' dir='ltr'><strong>ad</strong></span> <span class='ocrx_word' id='word_1_647' title='bbox 3232 3275 3464 3338; x_wconf 79' lang='lat' dir='ltr'><strong>Alanos,</strong></span> <span class='ocrx_word' id='word_1_648' title='bbox 3501 3289 3730 3344; x_wconf 89' lang='lat' dir='ltr'><strong>sperans</strong></span> <span class='ocrx_word' id='word_1_649' title='bbox 3784 3289 4024 3328; x_wconf 81' lang='lat' dir='ltr'><strong>revoca-</strong></span> 
     </span>
    </p>
   </div>
   <div class='ocr_carea' id='block_1_91' title="bbox 2435 3365 4028 3434">
    <p class='ocr_par' dir='ltr' id='par_1_91' title="bbox 2435 3365 4028 3434">
     <span class='ocr_line' id='line_1_91' title="bbox 2435 3365 4028 3434; baseline -0.006 -7"><span class='ocrx_word' id='word_1_650' title='bbox 2435 3381 2619 3427; x_wconf 88' lang='lat' dir='ltr'><strong>turum</strong></span> <span class='ocrx_word' id='word_1_651' title='bbox 2649 3385 2746 3425; x_wconf 89' lang='lat' dir='ltr'><strong>eos</strong></span> <span class='ocrx_word' id='word_1_652' title='bbox 2769 3369 2835 3423; x_wconf 89' lang='lat' dir='ltr'><strong>ad</strong></span> <span class='ocrx_word' id='word_1_653' title='bbox 2860 3367 3132 3429; x_wconf 80' lang='lat' dir='ltr'><strong>officium,</strong></span> <span class='ocrx_word' id='word_1_654' title='bbox 3166 3368 3330 3422; x_wconf 91' lang='lat' dir='ltr'><strong>simul</strong></span> <span class='ocrx_word' id='word_1_655' title='bbox 3363 3374 3416 3419; x_wconf 91' lang='lat' dir='ltr'><strong>et</strong></span> <span class='ocrx_word' id='word_1_656' title='bbox 3440 3365 3786 3434; x_wconf 88' lang='lat' dir='ltr'><strong>Turcopulos</strong></span> <span class='ocrx_word' id='word_1_657' title='bbox 3814 3365 4028 3419; x_wconf 90' lang='lat' dir='ltr'><strong>delini-</strong></span> 
     </span>
    </p>
   </div>
   <div class='ocr_carea' id='block_1_92' title="bbox 2435 3457 4026 3532">
    <p class='ocr_par' dir='ltr' id='par_1_92' title="bbox 2435 3457 4026 3532">
     <span class='ocr_line' id='line_1_92' title="bbox 2435 3457 4026 3532; baseline -0.006 -11"><span class='ocrx_word' id='word_1_658' title='bbox 2435 3475 2647 3526; x_wconf 92' lang='lat' dir='ltr'><strong>turum,</strong></span> <span class='ocrx_word' id='word_1_659' title='bbox 2672 3465 2872 3532; x_wconf 86' lang='lat' dir='ltr'><strong>quibus</strong></span> <span class='ocrx_word' id='word_1_660' title='bbox 2895 3470 3042 3517; x_wconf 90' lang='lat' dir='ltr'><strong>esset</strong></span> <span class='ocrx_word' id='word_1_661' title='bbox 3067 3461 3286 3528; x_wconf 74' lang='lat' dir='ltr'><strong>generis</strong></span> <span class='ocrx_word' id='word_1_662' title='bbox 3311 3468 3366 3514; x_wconf 87' lang='lat' dir='ltr'><strong>et</strong></span> <span class='ocrx_word' id='word_1_663' title='bbox 3399 3457 3599 3525; x_wconf 74' lang='lat' dir='ltr'><strong>linguae</strong></span> <span class='ocrx_word' id='word_1_664' title='bbox 3627 3457 4026 3512; x_wconf 89' lang='lat' dir='ltr'><strong>communione</strong></span> 
     </span>
    </p>
   </div>
   <div class='ocr_carea' id='block_1_93' title="bbox 2437 3549 4024 3618">
    <p class='ocr_par' dir='ltr' id='par_1_93' title="bbox 2437 3549 4024 3618">
     <span class='ocr_line' id='line_1_93' title="bbox 2437 3549 4024 3618; baseline -0.006 -7"><span class='ocrx_word' id='word_1_665' title='bbox 2437 3556 2877 3617; x_wconf 85' lang='lat' dir='ltr'><strong>cemmendatus,</strong></span> <span class='ocrx_word' id='word_1_666' title='bbox 2913 3553 3104 3608; x_wconf 84' lang='lat' dir='ltr'><strong>Alanis</strong></span> <span class='ocrx_word' id='word_1_667' title='bbox 3161 3554 3328 3606; x_wconf 89' lang='lat' dir='ltr'><strong>etiam</strong></span> <span class='ocrx_word' id='word_1_668' title='bbox 3372 3549 3660 3605; x_wconf 88' lang='lat' dir='ltr'><strong>familiaris</strong></span> <span class='ocrx_word' id='word_1_669' title='bbox 3687 3565 3752 3604; x_wconf 81' lang='lat' dir='ltr'><strong>ex</strong></span> <span class='ocrx_word' id='word_1_670' title='bbox 3803 3564 3869 3604; x_wconf 88' lang='lat' dir='ltr'><strong>eo</strong></span> <span class='ocrx_word' id='word_1_671' title='bbox 3903 3550 4024 3618; x_wconf 85' lang='lat' dir='ltr'><strong>jam</strong></span> 
     </span>
    </p>
   </div>
   <div class='ocr_carea' id='block_1_94' title="bbox 2437 3641 4024 3714">
    <p class='ocr_par' dir='ltr' id='par_1_94' title="bbox 2437 3641 4024 3714">
     <span class='ocr_line' id='line_1_94' title="bbox 2437 3641 4024 3714; baseline -0.004 -14"><span class='ocrx_word' id='word_1_672' title='bbox 2437 3655 2553 3700; x_wconf 92' lang='lat' dir='ltr'><strong>tum</strong></span> <span class='ocrx_word' id='word_1_673' title='bbox 2619 3657 2890 3711; x_wconf 86' lang='lat' dir='ltr'><strong>tempore,</strong></span> <span class='ocrx_word' id='word_1_674' title='bbox 2922 3660 3033 3714; x_wconf 90' lang='lat' dir='ltr'><strong>quo</strong></span> <span class='ocrx_word' id='word_1_675' title='bbox 3078 3643 3291 3696; x_wconf 88' lang='lat' dir='ltr'><strong>militiae</strong></span> <span class='ocrx_word' id='word_1_676' title='bbox 3337 3656 3462 3694; x_wconf 86' lang='lat' dir='ltr'><strong>cum</strong></span> <span class='ocrx_word' id='word_1_677' title='bbox 3514 3641 3651 3708; x_wconf 86' lang='lat' dir='ltr'><strong>ipsis</strong></span> <span class='ocrx_word' id='word_1_678' title='bbox 3698 3641 4024 3695; x_wconf 88' lang='lat' dir='ltr'><strong>societatem</strong></span> 
     </span>
    </p>
   </div>
   <div class='ocr_carea' id='block_1_95' title="bbox 2436 3729 4027 3808">
    <p class='ocr_par' dir='ltr' id='par_1_95' title="bbox 2436 3729 4027 3808">
     <span class='ocr_line' id='line_1_95' title="bbox 2436 3729 4027 3808; baseline -0.005 -16"><span class='ocrx_word' id='word_1_679' title='bbox 2436 3737 2602 3808; x_wconf 72' lang='lat' dir='ltr'><strong>Nega:</strong></span> <span class='ocrx_word' id='word_1_680' title='bbox 2633 3736 2942 3791; x_wconf 88' lang='lat' dir='ltr'><strong>communis</strong></span> <span class='ocrx_word' id='word_1_681' title='bbox 2966 3735 3124 3788; x_wconf 90' lang='lat' dir='ltr'><strong>ducis</strong></span> <span class='ocrx_word' id='word_1_682' title='bbox 3149 3732 3408 3802; x_wconf 85' lang='lat' dir='ltr'><strong>auspiciis</strong></span> <span class='ocrx_word' id='word_1_683' title='bbox 3441 3729 3744 3795; x_wconf 88' lang='lat' dir='ltr'><strong>habuerat;</strong></span> <span class='ocrx_word' id='word_1_684' title='bbox 3788 3738 4027 3798; x_wconf 63' lang='lat' dir='ltr'><strong>prater-</strong></span> 
     </span>
    </p>
   </div>
   <div class='ocr_carea' id='block_1_96' title="bbox 2439 3823 4029 3900">
    <p class='ocr_par' dir='ltr' id='par_1_96' title="bbox 2439 3823 4029 3900">
     <span class='ocr_line' id='line_1_96' title="bbox 2439 3823 4029 3900; baseline -0.004 -16"><span class='ocrx_word' id='word_1_685' title='bbox 2439 3846 2614 3900; x_wconf 89' lang='lat' dir='ltr'><strong>eaque</strong></span> <span class='ocrx_word' id='word_1_686' title='bbox 2641 3830 2914 3900; x_wconf 77' lang='lat' dir='ltr'><strong>legatione</strong></span> <span class='ocrx_word' id='word_1_687' title='bbox 2955 3827 3182 3880; x_wconf 84' lang='lat' dir='ltr'><strong>functus</strong></span> <span class='ocrx_word' id='word_1_688' title='bbox 3233 3823 3301 3876; x_wconf 88' lang='lat' dir='ltr'><strong>ad</strong></span> <span class='ocrx_word' id='word_1_689' title='bbox 3327 3823 3652 3877; x_wconf 83' lang='lat' dir='ltr'><strong>Tuctainem</strong></span> <span class='ocrx_word' id='word_1_690' title='bbox 3683 3833 3797 3877; x_wconf 90' lang='lat' dir='ltr'><strong>erat</strong></span> <span class='ocrx_word' id='word_1_691' title='bbox 3833 3839 3845 3874; x_wconf 93' lang='lat'>:</span> <span class='ocrx_word' id='word_1_692' title='bbox 3873 3823 4029 3878; x_wconf 78' lang='lat' dir='ltr'><strong>unde</strong></span> 
     </span>
    </p>
   </div>
   <div class='ocr_carea' id='block_1_97' title="bbox 2441 3915 4029 3977">
    <p class='ocr_par' dir='ltr' id='par_1_97' title="bbox 2441 3915 4029 3977">
     <span class='ocr_line' id='line_1_97' title="bbox 2441 3915 4029 3977; baseline -0.005 0"><span class='ocrx_word' id='word_1_693' title='bbox 2441 3923 2768 3977; x_wconf 81' lang='lat' dir='ltr'><strong>credebatur</strong></span> <span class='ocrx_word' id='word_1_694' title='bbox 2840 3929 3035 3973; x_wconf 86' lang='lat' dir='ltr'><strong>auctor</strong></span> <span class='ocrx_word' id='word_1_695' title='bbox 3121 3917 3357 3971; x_wconf 90' lang='lat' dir='ltr'><strong>idoneus</strong></span> <span class='ocrx_word' id='word_1_696' title='bbox 3435 3915 3658 3970; x_wconf 88' lang='lat' dir='ltr'><strong>futurus</strong></span> <span class='ocrx_word' id='word_1_697' title='bbox 3721 3915 4029 3969; x_wconf 63' lang='lat' dir='ltr'><strong>suadenda:</strong></span> 
     </span>
    </p>
   </div>
   <div class='ocr_carea' id='block_1_98' title="bbox 2442 4007 4031 4084">
    <p class='ocr_par' dir='ltr' id='par_1_98' title="bbox 2442 4007 4031 4084">
     <span class='ocr_line' id='line_1_98' title="bbox 2442 4007 4031 4084; baseline -0.005 -16"><span class='ocrx_word' id='word_1_698' title='bbox 2442 4013 2579 4084; x_wconf 87' lang='lat' dir='ltr'><strong>ipsis</strong></span> <span class='ocrx_word' id='word_1_699' title='bbox 2614 4010 3024 4067; x_wconf 87' lang='lat' dir='ltr'><strong>emendationis</strong></span> <span class='ocrx_word' id='word_1_700' title='bbox 3067 4009 3283 4063; x_wconf 85' lang='lat' dir='ltr'><strong>ostendi</strong></span> <span class='ocrx_word' id='word_1_701' title='bbox 3328 4007 3398 4060; x_wconf 92' lang='lat' dir='ltr'><strong>ab</strong></span> <span class='ocrx_word' id='word_1_702' title='bbox 3439 4008 3524 4060; x_wconf 87' lang='lat' dir='ltr'><strong>bis</strong></span> <span class='ocrx_word' id='word_1_703' title='bbox 3580 4015 3773 4075; x_wconf 60' lang='lat' dir='ltr'><strong>coaptat</strong></span> <span class='ocrx_word' id='word_1_704' title='bbox 3823 4019 4031 4060; x_wconf 86' lang='lat' dir='ltr'><strong>contu-</strong></span> 
     </span>
    </p>
   </div>
   <div class='ocr_carea' id='block_1_99' title="bbox 2443 4100 4027 4171">
    <p class='ocr_par' dir='ltr' id='par_1_99' title="bbox 2443 4100 4027 4171">
     <span class='ocr_line' id='line_1_99' title="bbox 2443 4100 4027 4171; baseline -0.005 -11"><span class='ocrx_word' id='word_1_705' title='bbox 2443 4104 2635 4160; x_wconf 71' lang='lat' dir='ltr'><strong>macia:</strong></span> <span class='ocrx_word' id='word_1_706' title='bbox 2664 4116 2717 4159; x_wconf 91' lang='lat' dir='ltr'><strong>et</strong></span> <span class='ocrx_word' id='word_1_707' title='bbox 2747 4104 2957 4158; x_wconf 86' lang='lat' dir='ltr'><strong>reditus</strong></span> <span class='ocrx_word' id='word_1_708' title='bbox 2985 4101 3053 4155; x_wconf 89' lang='lat' dir='ltr'><strong>ad</strong></span> <span class='ocrx_word' id='word_1_709' title='bbox 3084 4101 3294 4171; x_wconf 79' lang='lat' dir='ltr'><strong>frugem</strong></span> <span class='ocrx_word' id='word_1_710' title='bbox 3321 4100 3632 4162; x_wconf 90' lang='lat' dir='ltr'><strong>meliorem,</strong></span> <span class='ocrx_word' id='word_1_711' title='bbox 3664 4100 4027 4158; x_wconf 85' lang='lat' dir='ltr'><strong>resumendo.</strong></span> 
     </span>
    </p>
   </div>
   <div class='ocr_carea' id='block_1_100' title="bbox 2442 4190 4028 4266">
    <p class='ocr_par' dir='ltr' id='par_1_100' title="bbox 2442 4190 4028 4266">
     <span class='ocr_line' id='line_1_100' title="bbox 2442 4190 4028 4266; baseline -0.004 -16"><span class='ocrx_word' id='word_1_712' title='bbox 2442 4197 2591 4266; x_wconf 79' lang='lat' dir='ltr'><strong>quod</strong></span> <span class='ocrx_word' id='word_1_713' title='bbox 2653 4197 2813 4252; x_wconf 85' lang='lat' dir='ltr'><strong>decet</strong></span> <span class='ocrx_word' id='word_1_714' title='bbox 2864 4194 3139 4256; x_wconf 86' lang='lat' dir='ltr'><strong>subditos,</strong></span> <span class='ocrx_word' id='word_1_715' title='bbox 3200 4207 3333 4262; x_wconf 87' lang='lat' dir='ltr'><strong>erga</strong></span> <span class='ocrx_word' id='word_1_716' title='bbox 3392 4190 3674 4262; x_wconf 86' lang='lat' dir='ltr'><strong>principes</strong></span> <span class='ocrx_word' id='word_1_717' title='bbox 3726 4190 4028 4260; x_wconf 81' lang='lat' dir='ltr'><strong>obsequio.</strong></span> 
     </span>
    </p>
   </div>
   <div class='ocr_carea' id='block_1_101' title="bbox 2443 4284 4034 4358">
    <p class='ocr_par' dir='ltr' id='par_1_101' title="bbox 2443 4284 4034 4358">
     <span class='ocr_line' id='line_1_101' title="bbox 2443 4284 4034 4358; baseline -0.003 -16"><span class='ocrx_word' id='word_1_718' title='bbox 2443 4287 2567 4358; x_wconf 91' lang='lat' dir='ltr'><strong>Ipse</strong></span> <span class='ocrx_word' id='word_1_719' title='bbox 2609 4297 2794 4343; x_wconf 90' lang='lat' dir='ltr'><strong>autem</strong></span> <span class='ocrx_word' id='word_1_720' title='bbox 2853 4289 3149 4358; x_wconf 84' lang='lat' dir='ltr'><strong>imperator</strong></span> <span class='ocrx_word' id='word_1_721' title='bbox 3195 4287 3383 4341; x_wconf 89' lang='lat' dir='ltr'><strong>senior</strong></span> <span class='ocrx_word' id='word_1_722' title='bbox 3421 4285 3782 4339; x_wconf 83' lang='lat' dir='ltr'><strong>conscribere</strong></span> <span class='ocrx_word' id='word_1_723' title='bbox 3840 4284 4034 4338; x_wconf 81' lang='lat' dir='ltr'><strong>confe-</strong></span> 
     </span>
    </p>
   </div>
   <div class='ocr_carea' id='block_1_102' title="bbox 2445 4377 4035 4449">
    <p class='ocr_par' dir='ltr' id='par_1_102' title="bbox 2445 4377 4035 4449">
     <span class='ocr_line' id='line_1_102' title="bbox 2445 4377 4035 4449; baseline -0.003 -12"><span class='ocrx_word' id='word_1_724' title='bbox 2445 4385 2572 4437; x_wconf 85' lang='lat' dir='ltr'><strong>stim</strong></span> <span class='ocrx_word' id='word_1_725' title='bbox 2603 4383 2911 4436; x_wconf 76' lang='lat' dir='ltr'><strong>exercitum</strong></span> <span class='ocrx_word' id='word_1_726' title='bbox 2936 4388 2992 4436; x_wconf 89' lang='lat' dir='ltr'><strong>et</strong></span> <span class='ocrx_word' id='word_1_727' title='bbox 3020 4381 3285 4449; x_wconf 90' lang='lat' dir='ltr'><strong>impetum</strong></span> <span class='ocrx_word' id='word_1_728' title='bbox 3319 4379 3373 4433; x_wconf 93' lang='lat' dir='ltr'><strong>in</strong></span> <span class='ocrx_word' id='word_1_729' title='bbox 3407 4380 3596 4433; x_wconf 88' lang='lat' dir='ltr'><strong>hostes</strong></span> <span class='ocrx_word' id='word_1_730' title='bbox 3623 4377 3802 4432; x_wconf 87' lang='lat' dir='ltr'><strong>facere</strong></span> <span class='ocrx_word' id='word_1_731' title='bbox 3833 4380 4035 4446; x_wconf 71' lang='lat' dir='ltr'><strong>cupii--</strong></span> 
     </span>
    </p>
   </div>
   <div class='ocr_carea' id='block_1_103' title="bbox 2446 4472 4030 4544">
    <p class='ocr_par' dir='ltr' id='par_1_103' title="bbox 2446 4472 4030 4544">
     <span class='ocr_line' id='line_1_103' title="bbox 2446 4472 4030 4544; baseline -0.003 -14"><span class='ocrx_word' id='word_1_732' title='bbox 2446 4476 2541 4530; x_wconf 84' lang='lat' dir='ltr'><strong>bat</strong></span> <span class='ocrx_word' id='word_1_733' title='bbox 2570 4475 2814 4544; x_wconf 88' lang='lat' dir='ltr'><strong>quidem,</strong></span> <span class='ocrx_word' id='word_1_734' title='bbox 2848 4473 3238 4528; x_wconf 87' lang='lat' dir='ltr'><strong>retardabatur</strong></span> <span class='ocrx_word' id='word_1_735' title='bbox 3277 4481 3458 4525; x_wconf 89' lang='lat' dir='ltr'><strong>autem</strong></span> <span class='ocrx_word' id='word_1_736' title='bbox 3486 4472 3817 4525; x_wconf 83' lang='lat' dir='ltr'><strong>necessariis</strong></span> <span class='ocrx_word' id='word_1_737' title='bbox 3849 4473 4030 4540; x_wconf 81' lang='lat' dir='ltr'><strong>pluri-</strong></span> 
     </span>
    </p>
   </div>
   <div class='ocr_carea' id='block_1_104' title="bbox 2449 4558 4034 4630">
    <p class='ocr_par' dir='ltr' id='par_1_104' title="bbox 2449 4558 4034 4630">
     <span class='ocr_line' id='line_1_104' title="bbox 2449 4558 4034 4630; baseline -0.003 -9"><span class='ocrx_word' id='word_1_738' title='bbox 2449 4569 2556 4622; x_wconf 81' lang='lat' dir='ltr'><strong>tnis</strong></span> <span class='ocrx_word' id='word_1_739' title='bbox 2590 4567 2645 4620; x_wconf 91' lang='lat' dir='ltr'><strong>in</strong></span> <span class='ocrx_word' id='word_1_740' title='bbox 2682 4558 2901 4620; x_wconf 80' lang='lat' dir='ltr'><strong>div&#39;ersa</strong></span> <span class='ocrx_word' id='word_1_741' title='bbox 2935 4564 3302 4620; x_wconf 88' lang='lat' dir='ltr'><strong>trahentibus.</strong></span> <span class='ocrx_word' id='word_1_742' title='bbox 3335 4563 3473 4617; x_wconf 91' lang='lat' dir='ltr'><strong>Illud</strong></span> <span class='ocrx_word' id='word_1_743' title='bbox 3505 4564 3771 4617; x_wconf 88' lang='lat' dir='ltr'><strong>continuo</strong></span> <span class='ocrx_word' id='word_1_744' title='bbox 3800 4565 4034 4630; x_wconf 74' lang='lat' dir='ltr'><strong>expedi-</strong></span> 
     </span>
    </p>
   </div>
   <div class='ocr_carea' id='block_1_105' title="bbox 2445 4656 4034 4730">
    <p class='ocr_par' dir='ltr' id='par_1_105' title="bbox 2445 4656 4034 4730">
     <span class='ocr_line' id='line_1_105' title="bbox 2445 4656 4034 4730; baseline -0.002 -16"><span class='ocrx_word' id='word_1_745' title='bbox 2445 4661 2544 4725; x_wconf 90' lang='lat' dir='ltr'><strong>vit,</strong></span> <span class='ocrx_word' id='word_1_746' title='bbox 2575 4659 2724 4730; x_wconf 90' lang='lat' dir='ltr'><strong>quod</strong></span> <span class='ocrx_word' id='word_1_747' title='bbox 2769 4660 3071 4713; x_wconf 89' lang='lat' dir='ltr'><strong>instantius</strong></span> <span class='ocrx_word' id='word_1_748' title='bbox 3128 4659 3383 4725; x_wconf 89' lang='lat' dir='ltr'><strong>urgebat,</strong></span> <span class='ocrx_word' id='word_1_749' title='bbox 3433 4665 3659 4725; x_wconf 87' lang='lat' dir='ltr'><strong>propter</strong></span> <span class='ocrx_word' id='word_1_750' title='bbox 3704 4656 3886 4725; x_wconf 89' lang='lat' dir='ltr'><strong>fugam</strong></span> <span class='ocrx_word' id='word_1_751' title='bbox 3931 4659 4034 4712; x_wconf 82' lang='lat' dir='ltr'><strong>:ali</strong></span> 
     </span>
    </p>
   </div>
   <div class='ocr_carea' id='block_1_106' title="bbox 2444 4745 4014 4816">
    <p class='ocr_par' dir='ltr' id='par_1_106' title="bbox 2444 4745 4014 4816">
     <span class='ocr_line' id='line_1_106' title="bbox 2444 4745 4014 4816; baseline 0 -17"><span class='ocrx_word' id='word_1_752' title='bbox 2444 4754 2690 4816; x_wconf 89' lang='lat' dir='ltr'><strong>tempore</strong></span> <span class='ocrx_word' id='word_1_753' title='bbox 2726 4746 3093 4816; x_wconf 88' lang='lat' dir='ltr'><strong>perniciosam</strong></span> <span class='ocrx_word' id='word_1_754' title='bbox 3127 4760 3191 4798; x_wconf 78' lang='lat' dir='ltr'><strong>ex</strong></span> <span class='ocrx_word' id='word_1_755' title='bbox 3224 4745 3372 4811; x_wconf 75' lang='lat' dir='ltr'><strong>agris</strong></span> <span class='ocrx_word' id='word_1_756' title='bbox 3394 4747 3750 4808; x_wconf 74' lang='lat' dir='ltr'><strong>rusticorum.</strong></span> <span class='ocrx_word' id='word_1_757' title='bbox 3787 4746 4014 4799; x_wconf 81' lang='lat' dir='ltr'><strong>Paravit</strong></span> 
     </span>
    </p>
   </div>
   <div class='ocr_carea' id='block_1_107' title="bbox 2442 4831 4042 4922">
    <p class='ocr_par' dir='ltr' id='par_1_107' title="bbox 2442 4831 4042 4922">
     <span class='ocr_line' id='line_1_107' title="bbox 2442 4831 4042 4922; baseline -0.001 -34"><span class='ocrx_word' id='word_1_758' title='bbox 2442 4834 2701 4888; x_wconf 91' lang='lat' dir='ltr'><strong>videlicet</strong></span> <span class='ocrx_word' id='word_1_759' title='bbox 2734 4841 2880 4888; x_wconf 88' lang='lat' dir='ltr'><strong>terra</strong></span> <span class='ocrx_word' id='word_1_760' title='bbox 2919 4832 3322 4922; x_wconf 65' lang='lat' dir='ltr'><strong>submittendas</strong></span> <span class='ocrx_word' id='word_1_761' title='bbox 3349 4833 3561 4899; x_wconf 80' lang='lat' dir='ltr'><strong>cepias,</strong></span> <span class='ocrx_word' id='word_1_762' title='bbox 3617 4831 3733 4887; x_wconf 81' lang='lat' dir='ltr'><strong>iliis</strong></span> <span class='ocrx_word' id='word_1_763' title='bbox 3778 4832 3910 4886; x_wconf 89' lang='lat' dir='ltr'><strong>dum</strong></span> <span class='ocrx_word' id='word_1_764' title='bbox 3947 4850 4042 4887; x_wconf 88' lang='lat' dir='ltr'><strong>sc-</strong></span> 
     </span>
    </p>
   </div>
   <div class='ocr_carea' id='block_1_108' title="bbox 2448 4930 4034 5000">
    <p class='ocr_par' dir='ltr' id='par_1_108' title="bbox 2448 4930 4034 5000">
     <span class='ocr_line' id='line_1_108' title="bbox 2448 4930 4034 5000; baseline 0.001 -18"><span class='ocrx_word' id='word_1_765' title='bbox 2448 4938 2602 5000; x_wconf 73' lang='lat' dir='ltr'><strong>getes</strong></span> <span class='ocrx_word' id='word_1_766' title='bbox 2655 4937 2928 4984; x_wconf 84' lang='lat' dir='ltr'><strong>meterent</strong></span> <span class='ocrx_word' id='word_1_767' title='bbox 2957 4937 3013 4984; x_wconf 92' lang='lat' dir='ltr'><strong>et</strong></span> <span class='ocrx_word' id='word_1_768' title='bbox 3041 4940 3238 4983; x_wconf 61' lang='lat' dir='ltr'><strong>caetera</strong></span> <span class='ocrx_word' id='word_1_769' title='bbox 3273 4938 3468 4983; x_wconf 72' lang='lat' dir='ltr'><strong>aestate</strong></span> <span class='ocrx_word' id='word_1_770' title='bbox 3502 4939 3772 4984; x_wconf 82' lang='lat' dir='ltr'><strong>consueta</strong></span> <span class='ocrx_word' id='word_1_771' title='bbox 3806 4930 3858 4982; x_wconf 89' lang='lat' dir='ltr'><strong>in</strong></span> <span class='ocrx_word' id='word_1_772' title='bbox 3895 4947 4034 4998; x_wconf 84' lang='lat' dir='ltr'><strong>pro-</strong></span> 
     </span>
    </p>
   </div>
   <div class='ocr_carea' id='block_1_109' title="bbox 2451 5020 4032 5090">
    <p class='ocr_par' dir='ltr' id='par_1_109' title="bbox 2451 5020 4032 5090">
     <span class='ocr_line' id='line_1_109' title="bbox 2451 5020 4032 5090; baseline 0 -16"><span class='ocrx_word' id='word_1_773' title='bbox 2451 5020 2743 5076; x_wconf 89' lang='lat' dir='ltr'><strong>curatione</strong></span> <span class='ocrx_word' id='word_1_774' title='bbox 2774 5035 3006 5075; x_wconf 72' lang='lat' dir='ltr'><strong>annonte</strong></span> <span class='ocrx_word' id='word_1_775' title='bbox 3047 5035 3217 5090; x_wconf 89' lang='lat' dir='ltr'><strong>opera</strong></span> <span class='ocrx_word' id='word_1_776' title='bbox 3259 5029 3610 5085; x_wconf 79' lang='lat' dir='ltr'><strong>exercerent,</strong></span> <span class='ocrx_word' id='word_1_777' title='bbox 3670 5023 4032 5076; x_wconf 85' lang='lat' dir='ltr'><strong>securitatem</strong></span> 
     </span>
    </p>
   </div>
   <div class='ocr_carea' id='block_1_110' title="bbox 2451 5110 4038 5183">
    <p class='ocr_par' dir='ltr' id='par_1_110' title="bbox 2451 5110 4038 5183">
     <span class='ocr_line' id='line_1_110' title="bbox 2451 5110 4038 5183; baseline 0.001 -19"><span class='ocrx_word' id='word_1_778' title='bbox 2451 5110 2717 5166; x_wconf 84' lang='lat' dir='ltr'><strong>allaturas</strong></span> <span class='ocrx_word' id='word_1_779' title='bbox 2767 5112 3118 5180; x_wconf 81' lang='lat' dir='ltr'><strong>requisitam.</strong></span> <span class='ocrx_word' id='word_1_780' title='bbox 3152 5111 3516 5183; x_wconf 79' lang='lat' dir='ltr'><strong>Amogabaris</strong></span> <span class='ocrx_word' id='word_1_781' title='bbox 3575 5111 3821 5165; x_wconf 87' lang='lat' dir='ltr'><strong>indutias</strong></span> <span class='ocrx_word' id='word_1_782' title='bbox 3877 5113 4038 5166; x_wconf 78' lang='lat' dir='ltr'><strong>velut</strong></span> 
     </span>
    </p>
   </div>
   <div class='ocr_carea' id='block_1_111' title="bbox 2453 5199 4040 5269">
    <p class='ocr_par' dir='ltr' id='par_1_111' title="bbox 2453 5199 4040 5269">
     <span class='ocr_line' id='line_1_111' title="bbox 2453 5199 4040 5269; baseline 0.001 -16"><span class='ocrx_word' id='word_1_783' title='bbox 2453 5199 2718 5268; x_wconf 89' lang='lat' dir='ltr'><strong>quasdam</strong></span> <span class='ocrx_word' id='word_1_784' title='bbox 2749 5199 3068 5269; x_wconf 82' lang='lat' dir='ltr'><strong>indulgebat</strong></span> <span class='ocrx_word' id='word_1_785' title='bbox 3090 5200 3334 5264; x_wconf 90' lang='lat' dir='ltr'><strong>interim,</strong></span> <span class='ocrx_word' id='word_1_786' title='bbox 3362 5199 3454 5253; x_wconf 92' lang='lat' dir='ltr'><strong>sed</strong></span> <span class='ocrx_word' id='word_1_787' title='bbox 3487 5199 3650 5269; x_wconf 63' lang='lat'><strong>555</strong></span> <span class='ocrx_word' id='word_1_788' title='bbox 3673 5214 3810 5268; x_wconf 81' lang='lat' dir='ltr'><strong>quas</strong></span> <span class='ocrx_word' id='word_1_789' title='bbox 3835 5200 4040 5254; x_wconf 74' lang='lat' dir='ltr'><strong>breves</strong></span> 
     </span>
    </p>
   </div>
   <div class='ocr_carea' id='block_1_112' title="bbox 2457 5290 4039 5359">
    <p class='ocr_par' dir='ltr' id='par_1_112' title="bbox 2457 5290 4039 5359">
     <span class='ocr_line' id='line_1_112' title="bbox 2457 5290 4039 5359; baseline -0.002 -13"><span class='ocrx_word' id='word_1_790' title='bbox 2457 5293 2576 5347; x_wconf 92' lang='lat' dir='ltr'><strong>fore</strong></span> <span class='ocrx_word' id='word_1_791' title='bbox 2608 5294 2935 5355; x_wconf 88' lang='lat' dir='ltr'><strong>minaretur,</strong></span> <span class='ocrx_word' id='word_1_792' title='bbox 2971 5290 3256 5345; x_wconf 83' lang='lat' dir='ltr'><strong>affirmans</strong></span> <span class='ocrx_word' id='word_1_793' title='bbox 3290 5304 3350 5344; x_wconf 84' lang='lat' dir='ltr'><strong>se</strong></span> <span class='ocrx_word' id='word_1_794' title='bbox 3398 5292 3582 5343; x_wconf 83' lang='lat' dir='ltr'><strong>statim</strong></span> <span class='ocrx_word' id='word_1_795' title='bbox 3616 5299 3778 5359; x_wconf 87' lang='lat' dir='ltr'><strong>atque</strong></span> <span class='ocrx_word' id='word_1_796' title='bbox 3800 5306 4039 5359; x_wconf 72' lang='lat' dir='ltr'><strong>congre-</strong></span> 
     </span>
    </p>
   </div>
   <div class='ocr_carea' id='block_1_113' title="bbox 2458 5381 4044 5454">
    <p class='ocr_par' dir='ltr' id='par_1_113' title="bbox 2458 5381 4044 5454">
     <span class='ocr_line' id='line_1_113' title="bbox 2458 5381 4044 5454; baseline -0.006 -16"><span class='ocrx_word' id='word_1_797' title='bbox 2458 5385 2880 5454; x_wconf 69' lang='lat' dir='ltr'><strong>gassetcoliias,</strong></span> <span class='ocrx_word' id='word_1_798' title='bbox 2923 5384 2977 5436; x_wconf 92' lang='lat' dir='ltr'><strong>in</strong></span> <span class='ocrx_word' id='word_1_799' title='bbox 3023 5383 3144 5437; x_wconf 87' lang='lat' dir='ltr'><strong>illos</strong></span> <span class='ocrx_word' id='word_1_800' title='bbox 3191 5383 3448 5437; x_wconf 71' lang='lat' dir='ltr'><strong>infestum</strong></span> <span class='ocrx_word' id='word_1_801' title='bbox 3505 5384 3874 5435; x_wconf 89' lang='lat' dir='ltr'><strong>incursurum.</strong></span> <span class='ocrx_word' id='word_1_802' title='bbox 3909 5381 4044 5438; x_wconf 60' lang='lat' dir='ltr'><strong>Pus;</strong></span> 
     </span>
    </p>
   </div>
   <div class='ocr_carea' id='block_1_114' title="bbox 2458 5468 4037 5526">
    <p class='ocr_par' dir='ltr' id='par_1_114' title="bbox 2458 5468 4037 5526">
     <span class='ocr_line' id='line_1_114' title="bbox 2458 5468 4037 5526; baseline 0.001 -2"><span class='ocrx_word' id='word_1_803' title='bbox 2458 5471 2573 5524; x_wconf 70' lang='lat' dir='ltr'><strong>hazc</strong></span> <span class='ocrx_word' id='word_1_804' title='bbox 2596 5486 2848 5525; x_wconf 86' lang='lat' dir='ltr'><strong>reversos</strong></span> <span class='ocrx_word' id='word_1_805' title='bbox 2876 5487 2906 5523; x_wconf 92' lang='lat' dir='ltr'><strong>e</strong></span> <span class='ocrx_word' id='word_1_806' title='bbox 2937 5471 3095 5524; x_wconf 81' lang='lat' dir='ltr'><strong>Lazis</strong></span> <span class='ocrx_word' id='word_1_807' title='bbox 3139 5468 3460 5526; x_wconf 83' lang='lat' dir='ltr'><strong>Genuenses</strong></span> <span class='ocrx_word' id='word_1_808' title='bbox 3502 5486 3626 5524; x_wconf 90' lang='lat' dir='ltr'><strong>cum</strong></span> <span class='ocrx_word' id='word_1_809' title='bbox 3661 5471 3894 5524; x_wconf 82' lang='lat' dir='ltr'><strong>navibus</strong></span> <span class='ocrx_word' id='word_1_810' title='bbox 3929 5483 4037 5526; x_wconf 55' lang='lat' dir='ltr'><strong>tre.</strong></span> 
     </span>
    </p>
   </div>
   <div class='ocr_carea' id='block_1_115' title="bbox 2458 5562 4039 5617">
    <p class='ocr_par' dir='ltr' id='par_1_115' title="bbox 2458 5562 4039 5617">
     <span class='ocr_line' id='line_1_115' title="bbox 2458 5562 4039 5617; baseline 0 0"><span class='ocrx_word' id='word_1_811' title='bbox 2458 5563 2635 5617; x_wconf 90' lang='lat' dir='ltr'><strong>decim</strong></span> <span class='ocrx_word' id='word_1_812' title='bbox 2691 5562 2756 5616; x_wconf 84' lang='lat' dir='ltr'><strong>ad</strong></span> <span class='ocrx_word' id='word_1_813' title='bbox 2821 5577 3098 5616; x_wconf 87' lang='lat' dir='ltr'><strong>armorum</strong></span> <span class='ocrx_word' id='word_1_814' title='bbox 3134 5576 3320 5615; x_wconf 87' lang='lat' dir='ltr'><strong>secum</strong></span> <span class='ocrx_word' id='word_1_815' title='bbox 3376 5563 3696 5616; x_wconf 81' lang='lat' dir='ltr'><strong>societatem</strong></span> <span class='ocrx_word' id='word_1_816' title='bbox 3739 5563 4039 5617; x_wconf 74' lang='lat' dir='ltr'><strong>iucundam</strong></span> 
     </span>
    </p>
   </div>
   <div class='ocr_carea' id='block_1_116' title="bbox 2457 5653 4042 5725">
    <p class='ocr_par' dir='ltr' id='par_1_116' title="bbox 2457 5653 4042 5725">
     <span class='ocr_line' id='line_1_116' title="bbox 2457 5653 4042 5725; baseline -0.002 -13"><span class='ocrx_word' id='word_1_817' title='bbox 2457 5665 2543 5712; x_wconf 87' lang='lat' dir='ltr'><strong>est</strong></span> <span class='ocrx_word' id='word_1_818' title='bbox 2581 5655 2834 5725; x_wconf 88' lang='lat' dir='ltr'><strong>pellicere</strong></span> <span class='ocrx_word' id='word_1_819' title='bbox 2879 5665 3136 5710; x_wconf 87' lang='lat' dir='ltr'><strong>conatus.</strong></span> <span class='ocrx_word' id='word_1_820' title='bbox 3177 5653 3285 5710; x_wconf 86' lang='lat' dir='ltr'><strong>Sed</strong></span> <span class='ocrx_word' id='word_1_821' title='bbox 3339 5664 3550 5708; x_wconf 87' lang='lat' dir='ltr'><strong>tantum</strong></span> <span class='ocrx_word' id='word_1_822' title='bbox 3592 5653 3769 5708; x_wconf 88' lang='lat' dir='ltr'><strong>abfuit</strong></span> <span class='ocrx_word' id='word_1_823' title='bbox 3801 5668 3858 5708; x_wconf 91' lang='lat' dir='ltr'><strong>ut</strong></span> <span class='ocrx_word' id='word_1_824' title='bbox 3887 5656 3942 5709; x_wconf 92' lang='lat' dir='ltr'><strong>id</strong></span> <span class='ocrx_word' id='word_1_825' title='bbox 3988 5657 4042 5709; x_wconf 88' lang='lat' dir='ltr'><strong>ei</strong></span> 
     </span>
    </p>
   </div>
   <div class='ocr_carea' id='block_1_117' title="bbox 2458 5748 4046 5812">
    <p class='ocr_par' dir='ltr' id='par_1_117' title="bbox 2458 5748 4046 5812">
     <span class='ocr_line' id='line_1_117' title="bbox 2458 5748 4046 5812; baseline -0.003 -9"><span class='ocrx_word' id='word_1_826' title='bbox 2458 5748 2750 5803; x_wconf 87' lang='lat' dir='ltr'><strong>consilium</strong></span> <span class='ocrx_word' id='word_1_827' title='bbox 2799 5748 3120 5802; x_wconf 85' lang='lat' dir='ltr'><strong>succederet</strong></span> <span class='ocrx_word' id='word_1_828' title='bbox 3173 5763 3240 5803; x_wconf 82' lang='lat' dir='ltr'><strong>ex</strong></span> <span class='ocrx_word' id='word_1_829' title='bbox 3280 5757 3430 5812; x_wconf 79' lang='lat' dir='ltr'><strong>volo,</strong></span> <span class='ocrx_word' id='word_1_830' title='bbox 3492 5758 3550 5802; x_wconf 91' lang='lat' dir='ltr'><strong>nt</strong></span> <span class='ocrx_word' id='word_1_831' title='bbox 3595 5749 3735 5804; x_wconf 90' lang='lat' dir='ltr'><strong>duas</strong></span> <span class='ocrx_word' id='word_1_832' title='bbox 3770 5749 4046 5803; x_wconf 78' lang='lat' dir='ltr'><strong>continuo</strong></span> 
     </span>
    </p>
   </div>
   <div class='ocr_carea' id='block_1_118' title="bbox 2463 5841 4045 5914">
    <p class='ocr_par' dir='ltr' id='par_1_118' title="bbox 2463 5841 4045 5914">
     <span class='ocr_line' id='line_1_118' title="bbox 2463 5841 4045 5914; baseline -0.003 -16"><span class='ocrx_word' id='word_1_833' title='bbox 2463 5858 2631 5898; x_wconf 66' lang='lat' dir='ltr'><strong>naves</strong></span> <span class='ocrx_word' id='word_1_834' title='bbox 2664 5842 2908 5897; x_wconf 80' lang='lat' dir='ltr'><strong>ontuium</strong></span> <span class='ocrx_word' id='word_1_835' title='bbox 2955 5843 3191 5913; x_wconf 80' lang='lat' dir='ltr'><strong>optimas</strong></span> <span class='ocrx_word' id='word_1_836' title='bbox 3224 5841 3414 5896; x_wconf 73' lang='lat' dir='ltr'><strong>\idcrit</strong></span> <span class='ocrx_word' id='word_1_837' title='bbox 3465 5843 3707 5914; x_wconf 71' lang='lat' dir='ltr'><strong>expediri</strong></span> <span class='ocrx_word' id='word_1_838' title='bbox 3743 5842 3810 5895; x_wconf 79' lang='lat' dir='ltr'><strong>ab</strong></span> <span class='ocrx_word' id='word_1_839' title='bbox 3866 5843 3931 5893; x_wconf 56' lang='lat' dir='ltr'><strong>iis</strong></span> <span class='ocrx_word' id='word_1_840' title='bbox 3988 5859 4045 5894; x_wconf 74' lang='lat' dir='ltr'><strong>in</strong></span> 
     </span>
    </p>
   </div>
  </div>
