4190 6438
794 445 893 502 ull

2016 436 2268 497 GEORG
2283 437 2341 496 ll
2387 438 2583 499 PACII
2596 441 2873 500 YMERE

3949 446 4061 509 612

793 557 1171 625 φραττόμενοι.
1224 554 1327 607 Δύο
1373 552 1429 605 δέ
1469 567 1615 612 τινες
1665 549 1725 613 ἐξ
1777 548 1978 613 αὐτῶν,
2011 548 2228 615 ἀδελφὼ
2271 549 2368 601 καὶ
2401 553 2443 609 Α
2472 550 2632 617 λόγον
2688 552 2747 603 ἐν
2807 552 3017 614 τούτοις
3067 553 3252 618 ἴστων,
3286 555 3363 618 ὠς
3397 556 3445 609 εἰ
3508 557 3609 625 μὲν
3661 561 3957 626 κατασχεῖν
4000 559 4064 610 τὸ

794 649 947 711 γένος
982 650 1078 701 καὶ
1128 647 1377 716 γνώμας,
1422 644 1668 716 στερρῶς
1723 643 2076 712 περισχόντες
2110 641 2375 711 ἀλλήλους

796 743 887 791 καὶ
941 741 1007 791 τὰ
1057 741 1263 809 ἔσχατα
1322 732 1817 808 περιπτυξάμενοι.
1857 736 1974 804 ἅμα
2028 734 2128 803 μὲν
2184 736 2373 803 οἴκτῳ,

797 835 911 899 ἂςια
942 834 995 884 δὲ
1033 834 1124 883 καὶ
1161 829 1368 901 ἀρεῖκῷ
1402 830 1734 895 ἐπαρθέντες
1768 828 1995 897 λήματι,
2031 826 2127 879 τοῦ
2162 827 2375 895 πύργου

798 931 1203 989 καταπεσόντες
1258 928 1316 991 ἐξ
1376 926 1541 979 αὑτοῦ
1587 926 2104 995 διαπεφωνήκεσαν.
2139 925 2275 986 Παῖς
2331 922 2374 975 δ’

796 1022 1025 1083 ἐκείνοις
1065 1022 1251 1086 συνῆν,
1279 1019 1372 1071 καὶ
1397 1020 1519 1069 ἐπεὶ
1552 1019 1718 1088 ἀργὸς
1755 1013 1821 1086 ἦν
1858 1019 1921 1068 ἐκ
1958 1015 2236 1084 φιλοίκτου
2269 1016 2377 1067 δει-

796 1114 915 1172 λίας
952 1113 1042 1163 καὶ
1071 1113 1226 1179 δῆλος
1252 1108 1320 1181 ἦν
1356 1113 1532 1177 μένων
1562 1110 1660 1177 τὴν
1689 1109 1999 1168 αὖθεντὶαν,
2032 1108 2193 1169 εὐθὺς
2224 1109 2379 1174 ἀφει-

795 1206 1010 1265 δοῦντες
1059 1208 1256 1255 ἐκεῖνοι
1292 1205 1384 1253 καὶ
1430 1203 1785 1269 περισχόντες
1835 1200 1925 1250 τὸν
1976 1197 2195 1249 νεανίαν
2230 1196 2376 1266 ἐρρί-

798 1316 964 1349 πτουν
990 1297 1126 1348 κατά
1158 1296 1327 1361 πυρὸς
1355 1293 1655 1362 εὐθαρσῶς,
1678 1293 1749 1352 ὡς
1773 1292 1869 1360 οὐχ
1892 1292 2094 1360 ἥκιστα
2115 1289 2379 1349 σώσοντες

798 1392 827 1457 ἢ
862 1390 1209 1449 ἀπολοῦντες.
1252 1388 1359 1438 Καὶ
1392 1387 1542 1437 ταῦτ’
1577 1386 1747 1446 ἔδρων
1779 1384 1835 1446 ἐξ
1876 1380 2244 1447 ἀπογνώσεως
2277 1380 2373 1431 τοῦ

796 1483 931 1541 ὅλως
969 1478 1395 1547 περιγενέσθαι·
1436 1476 1519 1547 [1³.
1559 1473 1685 1543 586]
1718 1475 1836 1525 οὐδὲ
1868 1474 1975 1543 γὰρ
2015 1476 2079 1525 ἐκ
2108 1472 2203 1523 τοῦ
2236 1473 2382 1523 ἀντι-

801 1574 973 1624 πάλου
1024 1571 1173 1636 celat
1222 1587 1279 1620 τε
1327 1572 1419 1621 καὶ
1476 1569 1716 1638 τοσαύτῃ
1774 1566 1927 1618 πόλει
1979 1565 2259 1630 ξυνέδαινε
2288 1566 2380 1617 τὸν

798 1664 985 1729 ἀγῶνα
1022 1658 1185 1715 εἶναι.

799 1781 888 1832 λὸ’.
923 1779 1061 1843 Περὶ
1093 1778 1198 1830 τοῦ
1228 1777 1513 1843 Ἀνδρεου
1535 1776 1883 1837 Μουρίσκου
1905 1773 2004 1826 καί
2031 1770 2152 1825 τῶν
2168 1771 2381 1835 ἐκείνῳ

1361 1845 1816 1914 πεπραγμένων.

880 1942 1216 2009 Ἀνδρέας.δέ
1265 1941 1595 2007 Μουρίσκος,
1640 1938 1697 1989 ὃν
1746 1938 1837 1989 καὶ
1881 1934 2190 2005 βεστιὰριον
2238 1932 2372 2002 πρὸς
2412 1907 2451 1960 Β

802 2035 1067 2103 βασιῖιὲως
1106 2033 1443 2099 καταστῆναι
1485 2035 1540 2081 ἐν
1569 2034 1681 2088 τοῖς
1711 2029 1949 2097 πρόσθεν
1989 2027 2169 2094 λόγοις
2192 2028 2375 2093 ἐλέγο-

803 2141 904 2192 μεν
940 2123 1102 2190 (οὕτω
1137 2124 1245 2191 γὰρ
1277 2125 1303 2174 ό
1329 2122 1428 2187 τῆς
1468 2122 1713 2190 δαπάνης
1739 2120 1972 2188 χορηγὸς
2009 2122 2116 2181 τοῖς
2154 2120 2245 2170 ἐπὶ
2266 2119 2375 2169 τῶν

802 2217 946 2282 νηῶν
971 2213 1346 2281 ὀνομάζεται),
1382 2212 1627 2280 ὕπαρχος
1661 2212 1753 2263 τοῦ
1783 2211 2176 2280 στρατιωτικοῦ
2204 2212 2373 2265 πάλαι

804 2305 1115 2371 γενόμενος,
1154 2306 1210 2354 ἐν
1240 2305 1363 2355 δυσὶ
1394 2305 1550 2355 ναυσὶ
1602 2303 1814 2371 Τενέδῳ
1851 2304 2139 2371 προσσχὼν
2173 2321 2375 2373 καρτε-

802 2396 909 2465 ρῶς
945 2397 1253 2464 ἐπολιόρκει
1284 2397 1345 2448 τδ
1374 2398 1551 2447 ἐκεῖσε
1582 2396 1864 2464 φρούριον.
1893 2398 2001 2447 Καὶ
2026 2396 2124 2465 ήδη
2161 2396 2256 2463 μὲν
2290 2388 2379 2447 οὗ·

798 2507 887 2551 τος
917 2488 1156 2553 ἐπίδοξος
1187 2488 1260 2549 ὡς
1295 2488 1519 2540 ἀλώσων
1558 2483 1648 2557 ἦν,
1682 2485 1987 2539 Γεννουῖται
2018 2488 2073 2539 δὲ
2120 2488 2377 2557 τυχόντες

800 2583 864 2633 ἐκ
893 2582 1126 2651 παρόδου
1162 2582 1316 2650 σφίσι
1343 2598 1401 2633 τε
1440 2582 1896 2647 ἐκοινολ.ογούντο,
1923 2582 2020 2634 καὶ
2045 2580 2135 2633 τὸν
2164 2565 2383 2633 ἅπαντα

806 2762 1012 2819 animo,
1046 2765 1196 2810 arcte
1226 2772 1283 2809 se
1317 2756 1550 2808 invicem
1583 2755 1877 2823 complexi,
1911 2769 2180 2825 generoso
2226 2755 2376 2822 pari-

802 2861 883 2904 ter
920 2860 974 2903 et
1001 2849 1298 2902 miserabili
1349 2865 1485 2901 ausu
1519 2864 1575 2902 se
1614 2863 1833 2916 pessum
1870 2866 1936 2901 ex
1966 2850 2077 2902 alto
2110 2849 2375 2916 dejicien-

808 2954 908 3001 tes,
943 2944 1097 3010 lapsu
1120 2944 1301 2993 statim
1333 2942 1552 2993 contriti
1599 2942 1967 3007 θχμῃὶιίιιιιιιι.
2022 2939 2166 2993 Inter
2197 2940 2376 2992 adhuc

806 3043 1133 3101 superstites
1165 3043 1394 3085 caeteios
1432 3047 1567 3101 puer
1594 3032 1698 3083 l'uit
1723 3032 1925 3093 animo,
1960 3038 2262 3085 utceSsans
2288 3047 2377 3084 so-

2482 643 2742 714 φρούριον
2777 645 2984 697 θέλοιεν
3031 647 3210 699 αὐτῶν
3242 648 3710 716 μεσολαόούντων.
3756 651 3973 705 ἀνονιτί
4003 669 4067 718 γε

2481 734 2732 805 λήψαιντ⁹
2762 736 2849 802 ἂν,
2874 739 2941 816 ⁴εἰ
2972 738 3028 791 δέ
3067 756 3130 807 γε
3167 740 3275 793 τῶν
3306 742 3456 805 ἐντὸς
3488 744 3544 806 ἐς
3589 742 3736 797 ἆπαν
3772 746 4066 813 περιγενέ-

2483 830 2630 893 σθαι,
2668 832 2767 883 οὐκ
2803 832 2867 885 ἂν
2893 834 3167 911 διναιμωτὶ
3191 835 3250 886 τὸ
3281 836 3503 889 σύνολον
3528 837 3922 902 ἀπαλλάξειαν.
3953 839 4069 888 Καὶ

2482 924 2590 991 ὅπη
2622 926 2806 991 σφίσιν
2847 928 3203 996 ἐπιχειρητέα
3242 929 3300 991 ἐς
3334 929 3434 997 τὴν
3464 930 3665 996 πρᾶξιν
3699 930 3805 993 εἴη,
3842 931 4071 981 διεπυν-

2483 1013 2723 1067 θάνοντο.
2754 1015 3042 1085 Ξυμφέρον
3071 1018 3125 1069 δὲ
3153 1019 3213 1070 τό
3235 1034 3297 1085 γε
3326 1018 3443 1088 μετ’
3467 1020 3689 1088 εἰρήνης
3716 1016 4071 1086 ἀπηλλάχθαι

2481 1104 2660 1167 δόξαν,
2705 1106 2860 1157 αὺτοί⁸
2888 1110 2997 1169 τοῖς
3032 1110 3338 1178 ἐνῳκηκόσι
3373 1114 3437 1179 τῇ
3474 1113 3625 1180 νήσῳ
3659 1111 3912 1162 ἐπίκοινα
3944 1110 4074 1178 βουο

2482 1198 2809 1266 λευσάμενοι
2851 1202 2917 1253 τὰ
2978 1204 3079 1271 μέν
3131 1206 3361 1273 σώματα
3417 1205 3565 1272 σφῶν
3600 1208 3691 1258 ἐπὶ
3731 1209 3843 1267 ταῖς
3904 1205 4072 1267 ἰδίαις

2483 1294 2675 1343 ναυσὶν
2733 1295 3096 1363 ἐπιϐήσαντες
3151 1303 3634 1369 περιεποιήσαντο,
3679 1302 3835 1353 κενὸν
3891 1301 3946 1351 δέ
4009 1298 4073 1351 τὸ

2485 1384 2745 1453 φρούριον
2782 1389 2998 1453 ἀφιᾶσι.
3041 1390 3147 1442 Καὶ
3184 1393 3328 1458 μέγα
3353 1410 3405 1443 τι
3454 1395 3733 1462 ἐφημίσθη
3767 1396 3946 1457 τοῦτο,
3993 1395 4072 1454 ὡς

2484 1480 2650 1546 αὐτὴν
2684 1480 3079 1534 Καλλιοὺπολιν
3109 1487 3492 1551 κατασχόντων
3518 1504 3529 1515 ·
3568 1488 3621 1548 ἐς
3652 1487 3766 1539 τόδε
3796 1489 3944 1554 ὅμως
3972 1487 4072 1538 καὶ

2487 1570 2649 1637 μόνον
2703 1572 2979 1641 ἀπεκρίθη
3040 1578 3101 1626 τὸ
3148 1576 3538 1645 φημιζόμενον.
3591 1581 3761 1630 Οὐδὲν
3815 1580 3872 1630 δὲ
3926 1580 4071 1642 τέως

2485 1662 2807 1731 ὲνεώχμωσε
2861 1664 2954 1717 καὶ
3002 1669 3061 1718 το
3098 1670 3224 1737 περὶ
3264 1670 3361 1737 τῆς
3415 1672 3733 1738 Αὐγούστης
3793 1671 4070 1739 φημιαθέν

2488 1756 2743 1825 Εἰρήνης,
2791 1758 2912 1827 ἦτις
2949 1761 3041 1812 ἐπὶ
3087 1760 3239 1813 δυσὶν
3290 1763 3391 1831 ἤδη
3446 1766 3658 1832 χρόνοις
3692 1764 4069 1835 Θεσσαλονίκῃ

2488 1851 2877 1917 παραμείνασα
2908 1852 2975 1903 τὰ
3006 1853 3139 1921 πρὸς
3171 1854 3338 1922 αὐτῆς
3371 1856 3462 1907 καὶ
3488 1838 3597 1907 τῶν
3624 1856 3828 1908 παίδων
3850 1857 4069 1926 διῴκει,

2481 1944 2559 2002 εἰς
2591 1944 2896 2011 ἐπιγάμους
2927 1946 3153 2013 ὁρμώσα
3190 1948 3511 2016 συμόασεις.
3551 1950 3623 2001 Τὸ
3655 1950 3701 2002 δ’
3730 1944 3797 2020 ἦν
3840 1950 3953 2002 τῶν
3989 1952 4071 2012 εἰς

2479 2038 2544 2087 τὰ
2591 2036 2715 2105 τῇδε
2752 2038 3068 2107 ἁπτομένην
3120 2042 3472 2111 συμμαχικὸν
3537 2042 3843 2105 ἐπάγεσθαι
3886 2042 3951 2093 ἐκ
4010 2058 4070 2093 τε

2480 2130 2833 2200 Βελεγράὁων
2879 2130 3168 2198 Ῥωμαίων
3212 2134 3484 2203 κατήκοον
3522 2136 3615 2187 καὶ
3651 2136 3908 2187 πλεῖστον
3939 2135 4075 2187 ἄλλο

2480 2223 2845 2291 Τριϐαλλικὸν
2887 2223 3118 2287 ξενικόν.
3181 2227 3325 2279 Ἀλλ’
3358 2228 3406 2279 οἰ
3460 2228 3616 2280 αὐτοὶ
3669 2223 3812 2297 ἦσαν
3868 2230 4075 2281 καὶτὰ

2478 2316 2620 2366 αὑτὰ
2655 2315 2928 2385 ἔπραττον
2956 2317 3115 2371 πάλιν
3142 2321 3189 2370 οἰ
3222 2320 3475 2373 ἐναντίοι.
3511 2321 3663 2382 Τέως
3703 2322 3758 2373 δέ
3788 2322 4076 2389 ἐκεχειρία

2476 2403 2546 2479 ἦν
2578 2409 2689 2460 τῶν
2723 2410 2998 2479 πολέμων,
3024 2411 3083 2475 ἐξ
3112 2412 3359 2478 ἐγγίονος
3380 2414 3489 2464 τῶν
3524 2413 3644 2465 κατ’
3683 2413 3915 2465 ’Ἄϐυδον
3947 2429 4077 2464 στε-

2479 2499 2586 2551 νῶν
2612 2500 2719 2551 τῶν
2755 2499 3054 2568 βασιλικῶν
3090 2504 3361 2575 τριηρεων
3409 2505 3689 2556 πλεουσῶν
3723 2504 3863 2557 κατὰ
3890 2504 4073 2555 κωλὺ⁹

2484 2609 2590 2661 μην
2622 2593 2719 2661 τῆς
2758 2593 2927 2645 ἕωθεν
2970 2594 3079 2647 τῶν
3128 2595 3357 2666 Περσῶν
3408 2596 3783 2665 περαιώσεως.
3816 2593 3923 2657 Οὓς
3960 2594 4076 2646 οὐδ’

2479 2753 2533 2796 ιο
2564 2743 2721 2800 facile
2751 2746 2863 2799 illis
2894 2762 3220 2815 persuasere
3241 2747 3400 2819 557
3433 2759 3491 2803 ut
3518 2765 3549 2804 e
3580 2750 3703 2804 loco
3732 2766 3898 2819 quem
3923 2751 4074 2806 tueri

2478 2833 2544 2886 ad
2576 2845 2881 2889 extremum
2920 2840 3229 2905 nequirent,
3274 2843 3408 2892 salvi
3440 2851 3565 2894 cum
3605 2844 3722 2896 suis
3768 2843 3938 2896 rebus
3988 2844 4076 2896 in-

2478 2924 2835 2995 columesque
2884 2929 3031 2981 ultro
3070 2930 3422 2985 decederent.
3464 2932 3647 2996 Quare
3693 2932 3801 2985 illis
3843 2936 3896 2984 in
3934 2949 4073 2988 snas

2480 3020 2721 3087 acceptis
2781 3009 2946 3074 naves
3001 3037 3227 3074 vacuam
3282 3039 3463 3077 arcem
3505 3028 3893 3079 obsessoribus
3933 3028 4075 3080 reli-

804 3128 889 3179 lus
944 3126 1381 3187 demonstrabat,
1445 3125 1674 3188 imbelli,
1729 3136 1783 3179 et
1854 3140 2013 3193 quem
2086 3138 2368 3195 appareret

2486 3122 2741 3177 quierunt.
2790 3114 3116 3180 Ambitipsis
3169 3115 3513 3168 celebratum
3564 3116 3718 3168 [anne
3766 3120 4072 3185 praeconiis

804 3219 1126 3272 servitutem
1170 3227 1383 3285 turpem
1428 3218 1536 3271 leto
1580 3227 1777 3287 einptte
1819 3219 2081 3283 libertati,
2126 3219 2170 3271 si
2221 3221 2376 3287 copia

803 3312 1052 3371 daretur,
1090 3310 1346 3378 praeferre
1380 3321 1653 3379 paratum.
1694 3310 2053 3375 llunc,’liaud
2092 3324 2379 3380 parcentes

804 3403 909 3463 illi,
933 3406 1144 3455 circum
1165 3403 1349 3469 plures
1374 3411 1979 3470 corruptnm,tanquam
2005 3406 2141 3455 mori
2169 3402 2382 3457 fortiter

805 3499 1093 3557 docentes,
1131 3494 1186 3547 in
1219 3496 1397 3562 ignem
1440 3494 1827 3561 conjeceruat,
1874 3510 2093 3548 servare
2124 3510 2181 3549 se
2226 3496 2377 3549 illum

804 3588 985 3655 potius
1017 3602 1180 3654 quam
1220 3586 1468 3655 perdere,
1515 3596 1785 3653 quantum
1822 3602 1887 3640 ex
1914 3588 2067 3640 vultu
2094 3602 2176 3642 sic
2218 3604 2383 3657 agen-

804 3686 939 3733 tium
979 3695 1039 3731 se
1079 3679 1365 3747 prodebat,
1407 3678 1769 3732 arbitrantes.
1806 3678 1925 3734 lluc
1959 3682 2084 3734 illos
2141 3682 2382 3751 perpulit

802 3773 1121 3841 desperatio
1158 3772 1378 3834 salutis,
1434 3771 1487 3823 in
1519 3787 1684 3839 quam
1746 3772 1871 3827 illos
1924 3774 2238 3842 conjecerat
2274 3776 2379 3828 iiii-

802 3868 1073 3933 quissima
1112 3865 1359 3918 conditio
1390 3864 1749 3923 certaminis,
1791 3880 1819 3916 a
1867 3865 2057 3932 paucis
2095 3864 2379 3919 undecun-

802 3973 909 4025 que
941 3956 1326 4009 circumclusis
1371 3957 1634 4009 adversus
1673 3956 1890 4024 plenam
1941 3960 2380 4027 popttlosamque

802 4050 938 4118 ipsis
968 4048 1243 4102 infensam
1282 4057 1482 4101 temere
1515 4051 1753 4116 suscepti
1792 4052 2094 4103 civitatem.

1012 4138 1101 4189 54.
1142 4135 1217 4187 De
1247 4135 1457 4189 Andrea
1491 4136 1722 4189 Murisco
1749 4146 1796 4191 et
1830 4142 1895 4190 ab
1914 4155 1979 4192 eo
2009 4141 2165 4193 actis.

872 4229 1122 4280 Andreas
1176 4238 1359 4280 autem
1418 4226 1714 4292 Mnriscus,
1749 4245 1909 4297 quem
1947 4210 2270 4283 vestiarium
2308 4232 2376 4285 ab

802 4321 1136 4389 imperatore
1192 4319 1363 4379 luisse
1421 4322 1787 4373 constitutum
1827 4324 1879 4374 in
1917 4322 2071 4376 libris
2124 4326 2378 4392 superio-

801 4415 954 4465 iibus
994 4412 1237 4463 diximus
1266 4412 1370 4479 (sic
1406 4412 1552 4484 enim
1595 4413 1688 4479 qni
1725 4413 1937 4479 prarbet
1975 4429 2245 4481 expensas
2288 4414 2373 4466 bis

2488 3204 2537 3255 id
2594 3204 2800 3257 factum
2834 3214 2941 3267 est,
2976 3206 3113 3259 adeo
3151 3213 3209 3258 ut
3258 3206 3351 3273 qui
3411 3221 3708 3275 propenso,
3753 3217 3812 3259 nt
3856 3210 3935 3268 lit,
3989 3209 4075 3259 l‘a-

2485 3312 2616 3350 vore
2648 3314 2772 3350 vera
2824 3301 2965 3351 lictis
3020 3299 3398 3359 cumulabant,
3432 3301 3599 3353 etiam
3634 3300 3902 3354 adderent
3942 3303 4075 3355 Cal-

2486 3389 2691 3458 lipolim
2727 3404 2758 3443 a
2797 3390 3187 3445 Genuensibus
3244 3391 3554 3446 subactam.
3612 3391 3767 3457 Quod
3819 3396 3986 3463 longe
4041 3411 4072 3447 a

2486 3495 2617 3533 vero
2673 3480 2890 3544 abluit,
2952 3492 3063 3536 toto
3122 3485 3340 3536 demum
3402 3487 3687 3537 societatis
3750 3483 4075 3540 Genuensis

2484 3587 2665 3640 operae
2695 3575 2872 3641 pretio
2905 3576 2970 3628 ad
3021 3577 3161 3628 arcis
3208 3577 3373 3630 unius
3421 3576 3766 3631 Tenedensis
3800 3594 4065 3645 procorar

2485 3670 2592 3713 tam
2624 3660 2955 3717 deditionem
3011 3665 3254 3719 redacto.
3324 3665 3437 3721 Nec
3488 3655 3611 3736 plus
3645 3672 3769 3723 novi
3827 3670 4072 3725 subsidii

2486 3754 2654 3807 rebus
2694 3756 3045 3824 imperatoris
3103 3759 3288 3812 attulit
3325 3776 3545 3815 rumore
3592 3762 3828 3831 jactatus
3863 3781 4073 3834 magno

2486 3858 2784 3915 apparatus
2822 3849 3007 3903 lrenes
3037 3851 3333 3918 Augusta};
3364 3867 3486 3920 qua:
3509 3854 3723 3907 duobus
3753 3855 3866 3923 jam
3902 3863 4073 3911 annis

2486 3936 2895 3993 Thessalonica:
2934 3941 3051 3994 Suis
3086 3951 3137 3994 et
3187 3941 3427 3995 ﬁliorum
3471 3946 3704 4012 negotiis
3733 3948 4073 4002 ordinandis

2484 4039 2691 4098 intenta
2742 4039 3077 4103 morabatur,
3140 4042 3284 4095 inter
3316 4057 3439 4108 quae
3492 4057 3601 4097 non
3648 4053 3931 4111 postrema
3991 4047 4071 4099 illi

2483 4145 2613 4183 cora
2666 4138 2784 4184 erat
2833 4130 3250 4199 splendidorum
3318 4134 3647 4202 utiliumque
3694 4150 3811 4189 suae
3869 4136 4069 4190 doinui

2484 4223 2807 4289 nuptialium
2862 4222 3127 4276 lmderum
3189 4224 3627 4280 tractandorum.
3692 4225 3817 4280 llaec
3892 4244 4063 4295 porro

2483 4314 2593 4367 illic
2643 4314 2847 4381 degens
2897 4314 3185 4368 dicebatur
3218 4316 3444 4370 inivisse
3475 4318 3771 4370 consilium
3823 4322 4066 4387 cogendi

2484 4405 2677 4472 copias
2737 4406 3057 4472 imperatori
3092 4407 3515 4470 submittendas,
3552 4410 3745 4475 partim
3784 4407 4072 4465 lion-anas

801 4506 894 4573 qui
946 4514 1077 4557 sunt
1131 4516 1294 4571 supra
1343 4517 1509 4555 naves
1560 4504 1943 4571 nominatur),
1980 4505 2072 4573 qui
2133 4506 2377 4559 vicarius
2414 4486 2458 4540 θ
2485 4514 2514 4552 e
2546 4496 2787 4551 subditis
2826 4500 3056 4567 imperio
3103 4497 3626 4565 Belegradensibus.
3666 4507 3865 4570 partim
3900 4508 4066 4556 auxi-

804 4599 1001 4650 sunnni
1066 4595 1307 4663 praefecti
1362 4596 1557 4647 classis
1603 4594 1716 4661 jam
1783 4596 1993 4669 pridem
2054 4596 2374 4662 exstitisset,

800 4706 926 4743 cum
982 4691 1119 4742 duas
1163 4704 1301 4755 quas
1332 4690 1593 4740 ductabat
1641 4704 1809 4739 naves
1857 4690 2158 4756 appulisset
2199 4686 2375 4743 Tene-

800 4780 953 4840 dum,
990 4789 1141 4831 arcta
1176 4780 1467 4831 obsidione
1518 4779 1757 4830 cinctam
1788 4778 2002 4830 loMiter
2025 4782 2373 4847 oppugnabat

800 4888 979 4935 arcent
1034 4872 1145 4923 illic
1202 4874 1385 4931 sitam,
1422 4873 1559 4922 adeo
1610 4879 1666 4921 nt
1726 4870 1877 4922 brevi
1918 4884 2185 4937 capturus
2219 4880 2375 4938 puta-

799 4974 971 5015 retur.
1006 4963 1076 5013 lia
1126 4962 1266 5015 forte
1318 4964 1435 5015 vice
1468 4979 1649 5014 rerum
1690 4972 2084 5031 praetereuntes
2122 4966 2246 5018 illac
2272 4965 2374 5020 Ge-

799 5072 1033 5109 nuenses
1072 5072 1197 5108 cum
1242 5056 1627 5108 obsidentibus
1661 5071 1947 5109 sermones
1989 5060 2370 5121 contulerunt,

799 5152 959 5215 liuius
1014 5150 1183 5202 ferme
1226 5148 1535 5201 sententiae.
1590 5148 1843 5208 Aiebant.
1883 5151 1927 5202 si
1964 5165 2024 5204 se
2065 5152 2142 5201 uti
2179 5133 2375 5217 seque-

798 5246 929 5297 stris
961 5244 1156 5295 vellent
1184 5244 1237 5294 in
1278 5244 1570 5295 tractando
1603 5259 1727 5295 cum
1760 5244 2025 5306 obsessis,
2062 5258 2189 5295 arce
2218 5243 2371 5310 ipsos

796 5347 932 5389 citra
984 5337 1229 5388 laborem
1269 5350 1330 5387 ac
1366 5335 1669 5388 discrimen
1725 5338 1999 5402 potitnros
2046 5351 2060 5387 :
2096 5336 2179 5387 sin
2212 5336 2279 5387 ad
2319 5336 2367 5387 vi

796 5426 1192 5497 etpugnandos
1223 5443 1363 5494 quos
1415 5430 1811 5493 Oppugnarent‘
1845 5412 2206 5478 oblirmarent
2244 5428 2359 5477 ani-

796 5538 955 5584 mos,
1011 5518 1152 5572 haud
1212 5518 1335 5571 sine
1395 5534 1493 5571 suo
1546 5519 1596 5570 id
1652 5530 2011 5571 assecuturos
2074 5522 2366 5587 sanguine.

795 5613 976 5678 Quare
1012 5619 1399 5678 percontantes
1443 5620 1567 5662 utro
1604 5607 1767 5661 modo
1812 5609 1930 5661 ﬁeri
1982 5608 2093 5661 voti
2142 5627 2369 5678 compo-

798 5715 878 5759 tes
914 5706 1164 5765 mallent,
1201 5704 1515 5767 audierunt,
1564 5704 1707 5771 quod
1744 5686 1976 5771 pronum
2011 5711 2152 5766 erat,
2190 5706 2366 5759 satius

795 5813 915 5849 esse
976 5798 1112 5864 ipsis
1171 5812 1293 5848 cum
1329 5810 1459 5863 pace
1506 5809 1568 5847 ac
1621 5796 1834 5863 placide
1888 5809 1999 5847 rem
2043 5798 2367 5863 transigere.

793 5889 945 5941 Tunc
974 5890 1289 5944 Genuenses
1313 5890 1589 5958 colloquio
1613 5903 1736 5940 eum
1768 5888 1960 5943 insulae
1985 5890 2180 5943 incolis
2212 5890 2368 5942 habi-

2488 4592 2653 4665 liares
2684 4600 2901 4645 exteras
2954 4608 2984 4645 e
3035 4603 3198 4659 gente
3232 4591 3549 4646 Triballica.
3596 4592 3867 4647 Caeterum
3900 4598 4068 4649 .liisce

2487 4684 2690 4749 spebus
2761 4682 3184 4745 cunctantibus,
3228 4684 3442 4751 imperii
3501 4686 3691 4739 hostes
3744 4686 3912 4738 iidem
3967 4688 4066 4754 qui

2490 4774 2643 4841 prius
2674 4783 2831 4827 erant
2866 4775 3167 4843 eademque
3220 4790 3381 4845 agere
3429 4778 3745 4847 pergebant,
3778 4780 3884 4832 nisi
3914 4783 4068 4848 quod

2488 4880 2632 4918 nunc
2686 4853 3055 4919 laxamentum
3119 4867 3249 4920 belii
3300 4871 3531 4937 contigit
3597 4870 3897 4930 modicum.
3974 4888 4067 4925 re-

2486 4971 2674 5026 pressa
2706 4958 2985 5026 paulisper
3025 4958 3245 5011 licentia
3272 4960 3457 5013 hostili
3493 4976 3590 5028 per
3624 4954 3876 5015 admotas
3925 4979 4067 5031 pro—

2484 5051 2606 5118 pius
2658 5052 2903 5117 angustis
2958 5052 3209 5103 faucibus
3236 5048 3430 5121 'Abydi
3479 5055 3731 5106 triremes
3766 5054 4069 5122 imperato.

2484 5143 2616 5201 rias,
2648 5156 2809 5192 causa
2865 5142 3219 5209 proliibendze
3244 5183 3257 5204 ,
3296 5159 3417 5211 qu;e
3461 5145 3574 5197 illic
3622 5148 3801 5213 parari
3841 5146 4061 5201 fereba-

2483 5240 2590 5293 tur,
2626 5230 2971 5296 trajectionis
3004 5247 3069 5284 ex
3120 5233 3345 5286 Oriente
3405 5235 3732 5298 Pers;-rnm;
3778 5251 3945 5304 quam
3998 5254 4067 5290 ne

2478 5320 2625 5391 ipsos
2659 5322 2881 5390 quidem
2914 5337 3117 5391 cupere
3149 5334 3245 5376 aut
3279 5326 3383 5377 sibi
3419 5326 3610 5377 utilem
3658 5335 3853 5393 putare
3890 5330 4064 5381 Amo-

2473 5419 2708 5483 gabaros
2760 5416 2905 5469 fama
2938 5426 3079 5483 erat,
3115 5420 3320 5473 veritos
3349 5436 3416 5474 ne
3440 5422 3643 5488 quibus
3675 5438 3703 5473 e
3732 5434 3893 5488 gente
3929 5422 4068 5475 Per-

2475 5512 2589 5563 sica
2628 5512 2874 5564 evocatis
2917 5510 3037 5563 lidis
3073 5513 3344 5566 hactenus
3404 5522 3459 5565 et
3496 5515 3847 5582 obsequiosis
3900 5517 4069 5568 auxi~

2475 5603 2708 5657 liaribus
2765 5605 2817 5655 in
2862 5604 3090 5673 agendis
3138 5605 3491 5675 ferendisque
3528 5609 3749 5660 miseris
3786 5607 4063 5661 Romanis

2475 5701 2792 5759 utebantur.
2821 5703 2965 5767 quod
2995 5690 3185 5769 majori
3218 5704 3397 5769 gentis
3442 5701 3633 5754 alienae
3677 5717 3915 5755 numero
3948 5706 4065 5756 επ-

2476 5792 2719 5845 cumdati
2752 5792 2899 5844 haud
2954 5792 3175 5859 impune
3226 5794 3329 5846 sibi
3367 5794 3617 5847 viderent
3660 5794 3811 5856 fore,
3852 5797 3899 5849 si
3930 5798 4065 5865 quid

2481 5896 2752 5944 attentare
2809 5902 2905 5957 per
2951 5887 3354 5941 contumaciam
3399 5888 3691 5954 auderent,
3745 5889 3910 5943 iidem
3974 5890 4067 5942 ad-
