  <div class='ocr_page' id='page_1' title='image "/cluster/home/n/w/nwhite01/storage/ocr_20150623/144/nnc1.0046980792/328.png"; bbox 0 0 4190 6438; ppageno 0'>
   <div class='ocr_carea' id='block_1_1' title="bbox 212 401 309 465">
    <p class='ocr_par' dir='ltr' id='par_1_1' title="bbox 212 401 309 465">
     <span class='ocr_line' id='line_1_1' title="bbox 212 401 309 465; baseline 0 0"><span class='ocrx_word' id='word_1_1' title='bbox 212 401 309 465; x_wconf 72' lang='grc'><strong>621</strong></span> 
     </span>
    </p>
   </div>
   <div class='ocr_carea' id='block_1_2' title="bbox 1097 395 2538 461">
    <p class='ocr_par' dir='ltr' id='par_1_2' title="bbox 1097 395 2538 461">
     <span class='ocr_line' id='line_1_2' title="bbox 1097 395 2538 461; baseline -0.005 -1"><span class='ocrx_word' id='word_1_2' title='bbox 1097 400 1196 460; x_wconf 86' lang='lat' dir='ltr'><strong>DE</strong></span> <span class='ocrx_word' id='word_1_3' title='bbox 1240 398 1675 461; x_wconf 76' lang='lat' dir='ltr'><strong>ANDRONICO</strong></span> <span class='ocrx_word' id='word_1_4' title='bbox 1717 396 2178 457; x_wconf 65' lang='lat' dir='ltr'><strong>PALEOLOGO</strong></span> <span class='ocrx_word' id='word_1_5' title='bbox 2218 396 2362 458; x_wconf 82' lang='lat' dir='ltr'><strong>LIB.</strong></span> <span class='ocrx_word' id='word_1_6' title='bbox 2410 395 2538 455; x_wconf 86' lang='lat' dir='ltr'><strong>VII.</strong></span> 
     </span>
    </p>
   </div>
   <div class='ocr_carea' id='block_1_3' title="bbox 3358 382 3464 446">
    <p class='ocr_par' dir='ltr' id='par_1_3' title="bbox 3358 382 3464 446">
     <span class='ocr_line' id='line_1_3' title="bbox 3358 382 3464 446; baseline -0.038 0"><span class='ocrx_word' id='word_1_7' title='bbox 3358 382 3464 446; x_wconf 73' lang='lat'><strong>622</strong></span> 
     </span>
    </p>
   </div>
   <div class='ocr_carea' id='block_1_4' title="bbox 204 498 3455 590">
    <p class='ocr_par' dir='ltr' id='par_1_4' title="bbox 204 498 3455 590">
     <span class='ocr_line' id='line_1_4' title="bbox 204 498 3455 590; baseline -0.007 -16"><span class='ocrx_word' id='word_1_8' title='bbox 204 522 353 590; x_wconf 80' lang='grc' dir='ltr'>ὑμῶν</span> <span class='ocrx_word' id='word_1_9' title='bbox 379 520 617 590; x_wconf 74' lang='grc' dir='ltr'>κλήτωρ,</span> <span class='ocrx_word' id='word_1_10' title='bbox 651 515 767 570; x_wconf 73' lang='grc' dir='ltr'>τάδ’</span> <span class='ocrx_word' id='word_1_11' title='bbox 798 513 1125 583; x_wconf 80' lang='grc' dir='ltr'><strong>ἐπήγγειλεν</strong></span> <span class='ocrx_word' id='word_1_12' title='bbox 1152 515 1298 583; x_wconf 79' lang='grc' dir='ltr'>ὑμῖν.</span> <span class='ocrx_word' id='word_1_13' title='bbox 1331 516 1521 582; x_wconf 83' lang='grc' dir='ltr'>Χρεὼν</span> <span class='ocrx_word' id='word_1_14' title='bbox 1551 513 1779 583; x_wconf 77' lang='grc' dir='ltr'>ἀνδράσι</span> <span class='ocrx_word' id='word_1_15' title='bbox 1811 516 1857 574; x_wconf 79' lang='grc' dir='ltr'><strong>Α</strong></span> <span class='ocrx_word' id='word_1_16' title='bbox 1885 530 1990 565; x_wconf 84' lang='grc' dir='ltr'><strong>των</strong></span> <span class='ocrx_word' id='word_1_17' title='bbox 2023 505 2099 565; x_wconf 82' lang='grc' dir='ltr'>ὧν</span> <span class='ocrx_word' id='word_1_18' title='bbox 2146 511 2223 573; x_wconf 82' lang='grc' dir='ltr'><strong>είς</strong></span> <span class='ocrx_word' id='word_1_19' title='bbox 2255 509 2399 578; x_wconf 76' lang='grc' dir='ltr'>ὑμᾶς</span> <span class='ocrx_word' id='word_1_20' title='bbox 2426 505 2870 574; x_wconf 73' lang='grc' dir='ltr'>ὲδαπανήσαμεν,</span> <span class='ocrx_word' id='word_1_21' title='bbox 2912 500 3010 564; x_wconf 66' lang='grc' dir='ltr'><strong>τὰς</strong></span> <span class='ocrx_word' id='word_1_22' title='bbox 3038 498 3163 555; x_wconf 83' lang='grc' dir='ltr'>καθ’</span> <span class='ocrx_word' id='word_1_23' title='bbox 3191 499 3351 569; x_wconf 78' lang='grc' dir='ltr'>ἡμῶν</span> <span class='ocrx_word' id='word_1_24' title='bbox 3373 501 3455 571; x_wconf 31' lang='lat' dir='ltr'><strong>ap-</strong></span> 
     </span>
    </p>
   </div>
   <div class='ocr_carea' id='block_1_5' title="bbox 200 605 1776 682">
    <p class='ocr_par' dir='ltr' id='par_1_5' title="bbox 200 605 1776 682">
     <span class='ocr_line' id='line_1_5' title="bbox 200 605 1776 682; baseline -0.008 -16"><span class='ocrx_word' id='word_1_25' title='bbox 200 613 339 666; x_wconf 79' lang='grc' dir='ltr'>Θεοῦ</span> <span class='ocrx_word' id='word_1_26' title='bbox 365 615 466 682; x_wconf 79' lang='grc' dir='ltr'>μὲν</span> <span class='ocrx_word' id='word_1_27' title='bbox 496 612 661 682; x_wconf 75' lang='grc' dir='ltr'>τιμᾷν</span> <span class='ocrx_word' id='word_1_28' title='bbox 702 610 1049 678; x_wconf 79' lang='grc' dir='ltr'><strong>αἱρουμένοις</strong></span> <span class='ocrx_word' id='word_1_29' title='bbox 1090 608 1269 674; x_wconf 84' lang='grc' dir='ltr'>δίκην,</span> <span class='ocrx_word' id='word_1_30' title='bbox 1304 605 1516 675; x_wconf 79' lang='grc' dir='ltr'>βασιλεῖ</span> <span class='ocrx_word' id='word_1_31' title='bbox 1544 605 1587 658; x_wconf 74' lang='grc' dir='ltr'><strong>δ’</strong></span> <span class='ocrx_word' id='word_1_32' title='bbox 1624 608 1681 667; x_wconf 79' lang='grc' dir='ltr'>ἐς</span> <span class='ocrx_word' id='word_1_33' title='bbox 1710 606 1776 655; x_wconf 72' lang='grc' dir='ltr'><strong>τά</strong></span> 
     </span>
    </p>
   </div>
   <div class='ocr_carea' id='block_1_6' title="bbox 202 696 1777 774">
    <p class='ocr_par' dir='ltr' id='par_1_6' title="bbox 202 696 1777 774">
     <span class='ocr_line' id='line_1_6' title="bbox 202 696 1777 774; baseline -0.006 -17"><span class='ocrx_word' id='word_1_34' title='bbox 202 706 447 772; x_wconf 72' lang='grc' dir='ltr'>μάλιστα.</span> <span class='ocrx_word' id='word_1_35' title='bbox 496 702 805 774; x_wconf 75' lang='grc' dir='ltr'>μεμνῆσθαι</span> <span class='ocrx_word' id='word_1_36' title='bbox 837 701 1073 771; x_wconf 76' lang='grc' dir='ltr'><strong>χαρίτων</strong></span> <span class='ocrx_word' id='word_1_37' title='bbox 1106 699 1337 757; x_wconf 80' lang='grc' dir='ltr'>δικαίοις</span> <span class='ocrx_word' id='word_1_38' title='bbox 1395 697 1535 761; x_wconf 79' lang='grc' dir='ltr'>οὖσι,</span> <span class='ocrx_word' id='word_1_39' title='bbox 1572 699 1647 767; x_wconf 79' lang='grc' dir='ltr'>μὴ</span> <span class='ocrx_word' id='word_1_40' title='bbox 1677 696 1705 749; x_wconf 87' lang='grc' dir='ltr'><strong>ὃ</strong></span> <span class='ocrx_word' id='word_1_41' title='bbox 1726 713 1777 747; x_wconf 90' lang='grc' dir='ltr'><strong>τι</strong></span> 
     </span>
    </p>
   </div>
   <div class='ocr_carea' id='block_1_7' title="bbox 202 791 1781 867">
    <p class='ocr_par' dir='ltr' id='par_1_7' title="bbox 202 791 1781 867">
     <span class='ocr_line' id='line_1_7' title="bbox 202 791 1781 867; baseline -0.006 -17"><span class='ocrx_word' id='word_1_42' title='bbox 202 794 554 867; x_wconf 78' lang='grc' dir='ltr'><strong>βουλομένοις</strong></span> <span class='ocrx_word' id='word_1_43' title='bbox 587 795 652 847; x_wconf 77' lang='grc' dir='ltr'>ἂν</span> <span class='ocrx_word' id='word_1_44' title='bbox 676 794 760 864; x_wconf 82' lang='grc' dir='ltr'>ιίη</span> <span class='ocrx_word' id='word_1_45' title='bbox 792 793 997 861; x_wconf 76' lang='grc' dir='ltr'>σφίσιν,</span> <span class='ocrx_word' id='word_1_46' title='bbox 1036 792 1171 846; x_wconf 86' lang='grc' dir='ltr'><strong>ἀλλά</strong></span> <span class='ocrx_word' id='word_1_47' title='bbox 1201 793 1293 844; x_wconf 82' lang='lat' dir='ltr'><strong>xal</strong></span> <span class='ocrx_word' id='word_1_48' title='bbox 1322 794 1350 845; x_wconf 86' lang='grc' dir='ltr'><strong>ὃ</strong></span> <span class='ocrx_word' id='word_1_49' title='bbox 1381 808 1433 843; x_wconf 86' lang='grc' dir='ltr'><strong>τι</strong></span> <span class='ocrx_word' id='word_1_50' title='bbox 1465 791 1781 856; x_wconf 68' lang='grc' dir='ltr'><strong>συνενέγκοι</strong></span> 
     </span>
    </p>
   </div>
   <div class='ocr_carea' id='block_1_8' title="bbox 200 881 1782 958">
    <p class='ocr_par' dir='ltr' id='par_1_8' title="bbox 200 881 1782 958">
     <span class='ocr_line' id='line_1_8' title="bbox 200 881 1782 958; baseline -0.008 -12"><span class='ocrx_word' id='word_1_51' title='bbox 200 890 351 952; x_wconf 57' lang='lat' dir='ltr'><strong>ius;</strong></span> <span class='ocrx_word' id='word_1_52' title='bbox 393 890 455 942; x_wconf 74' lang='grc' dir='ltr'>τὸ</span> <span class='ocrx_word' id='word_1_53' title='bbox 480 887 621 958; x_wconf 83' lang='grc' dir='ltr'><strong>μετά</strong></span> <span class='ocrx_word' id='word_1_54' title='bbox 666 884 840 958; x_wconf 80' lang='grc' dir='ltr'>ταῦτα</span> <span class='ocrx_word' id='word_1_55' title='bbox 881 881 1128 940; x_wconf 76' lang='grc' dir='ltr'>σκοπεῖν.</span> <span class='ocrx_word' id='word_1_56' title='bbox 1170 884 1243 937; x_wconf 72' lang='lat' dir='ltr'><strong>To</strong></span> <span class='ocrx_word' id='word_1_57' title='bbox 1274 885 1375 954; x_wconf 75' lang='grc' dir='ltr'>μὲν</span> <span class='ocrx_word' id='word_1_58' title='bbox 1403 884 1511 952; x_wconf 80' lang='grc' dir='ltr'>γὰρ</span> <span class='ocrx_word' id='word_1_59' title='bbox 1553 881 1782 935; x_wconf 74' lang='grc' dir='ltr'>ἀϐούλου</span> 
     </span>
    </p>
   </div>
   <div class='ocr_carea' id='block_1_9' title="bbox 201 974 1785 1052">
    <p class='ocr_par' dir='ltr' id='par_1_9' title="bbox 201 974 1785 1052">
     <span class='ocr_line' id='line_1_9' title="bbox 201 974 1785 1052; baseline -0.006 -17"><span class='ocrx_word' id='word_1_60' title='bbox 201 983 299 1035; x_wconf 71' lang='grc' dir='ltr'>καὶ</span> <span class='ocrx_word' id='word_1_61' title='bbox 328 981 464 1052; x_wconf 79' lang='grc' dir='ltr'>πρὸς</span> <span class='ocrx_word' id='word_1_62' title='bbox 487 981 548 1033; x_wconf 79' lang='grc' dir='ltr'>τὸ</span> <span class='ocrx_word' id='word_1_63' title='bbox 579 978 891 1047; x_wconf 71' lang='grc' dir='ltr'><strong>παραυτίκα</strong></span> <span class='ocrx_word' id='word_1_64' title='bbox 921 977 1080 1043; x_wconf 80' lang='grc' dir='ltr'>μόνον</span> <span class='ocrx_word' id='word_1_65' title='bbox 1125 975 1414 1045; x_wconf 73' lang='grc' dir='ltr'><strong>ἀφορώσης</strong></span> <span class='ocrx_word' id='word_1_66' title='bbox 1447 974 1696 1044; x_wconf 81' lang='grc' dir='ltr'>γνώμης,</span> <span class='ocrx_word' id='word_1_67' title='bbox 1724 974 1785 1025; x_wconf 75' lang='grc' dir='ltr'>τὸ</span> 
     </span>
    </p>
   </div>
   <div class='ocr_carea' id='block_1_10' title="bbox 197 1067 1785 1145">
    <p class='ocr_par' dir='ltr' id='par_1_10' title="bbox 197 1067 1785 1145">
     <span class='ocr_line' id='line_1_10' title="bbox 197 1067 1785 1145; baseline -0.006 -18"><span class='ocrx_word' id='word_1_68' title='bbox 197 1076 255 1127; x_wconf 73' lang='grc' dir='ltr'><strong>δὲ</strong></span> <span class='ocrx_word' id='word_1_69' title='bbox 282 1077 385 1145; x_wconf 77' lang='grc' dir='ltr'>τὴν</span> <span class='ocrx_word' id='word_1_70' title='bbox 410 1076 489 1134; x_wconf 86' lang='grc' dir='ltr'><strong>είς</strong></span> <span class='ocrx_word' id='word_1_71' title='bbox 516 1074 575 1125; x_wconf 77' lang='grc' dir='ltr'>τὸ</span> <span class='ocrx_word' id='word_1_72' title='bbox 607 1072 802 1141; x_wconf 75' lang='grc' dir='ltr'>μέλλον</span> <span class='ocrx_word' id='word_1_73' title='bbox 829 1071 1087 1141; x_wconf 71' lang='grc' dir='ltr'>πρόνοιαν</span> <span class='ocrx_word' id='word_1_74' title='bbox 1111 1069 1438 1137; x_wconf 73' lang='grc' dir='ltr'><strong>ἀταμίευτον</strong></span> <span class='ocrx_word' id='word_1_75' title='bbox 1456 1068 1555 1119; x_wconf 77' lang='grc' dir='ltr'>οὐκ</span> <span class='ocrx_word' id='word_1_76' title='bbox 1584 1068 1650 1137; x_wconf 75' lang='grc' dir='ltr'><strong>ἐᾷ</strong></span> <span class='ocrx_word' id='word_1_77' title='bbox 1674 1067 1785 1118; x_wconf 67' lang='grc' dir='ltr'>κεί-</span> 
     </span>
    </p>
   </div>
   <div class='ocr_carea' id='block_1_11' title="bbox 203 1157 1787 1234">
    <p class='ocr_par' dir='ltr' id='par_1_11' title="bbox 203 1157 1787 1234">
     <span class='ocr_line' id='line_1_11' title="bbox 203 1157 1787 1234; baseline -0.006 -16"><span class='ocrx_word' id='word_1_78' title='bbox 203 1167 351 1218; x_wconf 83' lang='grc' dir='ltr'>σθαι.</span> <span class='ocrx_word' id='word_1_79' title='bbox 407 1166 518 1219; x_wconf 79' lang='lat' dir='ltr'><strong>Kal</strong></span> <span class='ocrx_word' id='word_1_80' title='bbox 566 1165 696 1234; x_wconf 80' lang='grc' dir='ltr'>ὑμῖν</span> <span class='ocrx_word' id='word_1_81' title='bbox 744 1163 945 1225; x_wconf 77' lang='grc' dir='ltr'>τοίνυν,</span> <span class='ocrx_word' id='word_1_82' title='bbox 1003 1163 1051 1213; x_wconf 83' lang='grc' dir='ltr'><strong>εί</strong></span> <span class='ocrx_word' id='word_1_83' title='bbox 1089 1162 1189 1231; x_wconf 74' lang='grc' dir='ltr'>μὲν</span> <span class='ocrx_word' id='word_1_84' title='bbox 1221 1160 1321 1230; x_wconf 84' lang='grc' dir='ltr'>τὴν</span> <span class='ocrx_word' id='word_1_85' title='bbox 1358 1158 1530 1229; x_wconf 85' lang='grc' dir='ltr'>ἀρχὴν</span> <span class='ocrx_word' id='word_1_86' title='bbox 1584 1160 1652 1210; x_wconf 74' lang='grc' dir='ltr'><strong>τά</strong></span> <span class='ocrx_word' id='word_1_87' title='bbox 1676 1157 1787 1210; x_wconf 89' lang='grc' dir='ltr'><strong>τῶν</strong></span> 
     </span>
    </p>
   </div>
   <div class='ocr_carea' id='block_1_12' title="bbox 201 1249 1786 1328">
    <p class='ocr_par' dir='ltr' id='par_1_12' title="bbox 201 1249 1786 1328">
     <span class='ocr_line' id='line_1_12' title="bbox 201 1249 1786 1328; baseline -0.007 -17"><span class='ocrx_word' id='word_1_88' title='bbox 201 1258 422 1328; x_wconf 76' lang='grc' dir='ltr'>ἐχθρῶν</span> <span class='ocrx_word' id='word_1_89' title='bbox 472 1258 715 1326; x_wconf 76' lang='grc' dir='ltr'>ἑλόμενοι</span> <span class='ocrx_word' id='word_1_90' title='bbox 770 1256 826 1316; x_wconf 69' lang='grc' dir='ltr'>ἐς</span> <span class='ocrx_word' id='word_1_91' title='bbox 872 1254 973 1323; x_wconf 83' lang='grc' dir='ltr'>τὴν</span> <span class='ocrx_word' id='word_1_92' title='bbox 1033 1252 1320 1321; x_wconf 78' lang='grc' dir='ltr'>Ῥωμαίων</span> <span class='ocrx_word' id='word_1_93' title='bbox 1373 1252 1475 1318; x_wconf 83' lang='grc' dir='ltr'>γῆν</span> <span class='ocrx_word' id='word_1_94' title='bbox 1539 1249 1786 1302; x_wconf 72' lang='grc' dir='ltr'>ἐσϐαλεῖν</span> 
     </span>
    </p>
   </div>
   <div class='ocr_carea' id='block_1_13' title="bbox 203 1343 1787 1418">
    <p class='ocr_par' dir='ltr' id='par_1_13' title="bbox 203 1343 1787 1418">
     <span class='ocr_line' id='line_1_13' title="bbox 203 1343 1787 1418; baseline -0.006 -14"><span class='ocrx_word' id='word_1_95' title='bbox 203 1352 433 1418; x_wconf 75' lang='grc' dir='ltr'>ἔγνωτε,</span> <span class='ocrx_word' id='word_1_96' title='bbox 475 1351 537 1403; x_wconf 87' lang='grc' dir='ltr'><strong>ού</strong></span> <span class='ocrx_word' id='word_1_97' title='bbox 569 1348 789 1410; x_wconf 78' lang='grc' dir='ltr'><strong>δικαίως</strong></span> <span class='ocrx_word' id='word_1_98' title='bbox 819 1348 883 1399; x_wconf 81' lang='grc' dir='ltr'>ἂν</span> <span class='ocrx_word' id='word_1_99' title='bbox 913 1347 1151 1415; x_wconf 77' lang='grc' dir='ltr'>νιμεσᾷν</span> <span class='ocrx_word' id='word_1_100' title='bbox 1203 1347 1313 1414; x_wconf 74' lang='grc' dir='ltr'>ἔχοι</span> <span class='ocrx_word' id='word_1_101' title='bbox 1348 1360 1461 1405; x_wconf 88' lang='grc' dir='ltr'>τις·</span> <span class='ocrx_word' id='word_1_102' title='bbox 1506 1343 1640 1413; x_wconf 73' lang='grc' dir='ltr'><strong>μηδὲ</strong></span> <span class='ocrx_word' id='word_1_103' title='bbox 1680 1344 1787 1411; x_wconf 76' lang='grc' dir='ltr'><strong>γάρ</strong></span> 
     </span>
    </p>
   </div>
   <div class='ocr_carea' id='block_1_14' title="bbox 203 1429 1787 1512">
    <p class='ocr_par' dir='ltr' id='par_1_14' title="bbox 203 1429 1787 1512">
     <span class='ocr_line' id='line_1_14' title="bbox 203 1429 1787 1512; baseline -0.006 -18"><span class='ocrx_word' id='word_1_104' title='bbox 203 1442 514 1512; x_wconf 61' lang='grc' dir='ltr'>ἀνθρώποις</span> <span class='ocrx_word' id='word_1_105' title='bbox 540 1440 807 1509; x_wconf 73' lang='grc' dir='ltr'>ἀσύνηθες</span> <span class='ocrx_word' id='word_1_106' title='bbox 836 1438 982 1490; x_wconf 79' lang='grc' dir='ltr'>τοῦτ’</span> <span class='ocrx_word' id='word_1_107' title='bbox 1017 1433 1179 1500; x_wconf 81' lang='grc' dir='ltr'>εἶναι,</span> <span class='ocrx_word' id='word_1_108' title='bbox 1213 1437 1311 1489; x_wconf 77' lang='grc' dir='ltr'>καὶ</span> <span class='ocrx_word' id='word_1_109' title='bbox 1348 1429 1549 1505; x_wconf 71' lang='grc' dir='ltr'>μᾶλλον</span> <span class='ocrx_word' id='word_1_110' title='bbox 1580 1436 1669 1487; x_wconf 84' lang='grc' dir='ltr'>ὅτε</span> <span class='ocrx_word' id='word_1_111' title='bbox 1697 1436 1787 1486; x_wconf 78' lang='grc' dir='ltr'>καὶ</span> 
     </span>
    </p>
   </div>
   <div class='ocr_carea' id='block_1_15' title="bbox 204 1521 1788 1599">
    <p class='ocr_par' dir='ltr' id='par_1_15' title="bbox 204 1521 1788 1599">
     <span class='ocr_line' id='line_1_15' title="bbox 204 1521 1788 1599; baseline -0.008 -14"><span class='ocrx_word' id='word_1_112' title='bbox 204 1534 273 1585; x_wconf 66' lang='grc' dir='ltr'>τὰ</span> <span class='ocrx_word' id='word_1_113' title='bbox 307 1535 445 1599; x_wconf 79' lang='grc' dir='ltr'>γένη</span> <span class='ocrx_word' id='word_1_114' title='bbox 474 1531 864 1589; x_wconf 76' lang='grc' dir='ltr'>διαλλάττοιεν,</span> <span class='ocrx_word' id='word_1_115' title='bbox 892 1521 975 1589; x_wconf 74' lang='grc' dir='ltr'>οἷς</span> <span class='ocrx_word' id='word_1_116' title='bbox 1004 1527 1085 1579; x_wconf 75' lang='grc' dir='ltr'>ἔνι</span> <span class='ocrx_word' id='word_1_117' title='bbox 1121 1527 1218 1595; x_wconf 67' lang='grc' dir='ltr'>μὲν</span> <span class='ocrx_word' id='word_1_118' title='bbox 1250 1524 1503 1585; x_wconf 73' lang='grc' dir='ltr'>σπονδαῖς</span> <span class='ocrx_word' id='word_1_119' title='bbox 1528 1523 1788 1592; x_wconf 78' lang='grc' dir='ltr'>χρῆσθαι,</span> 
     </span>
    </p>
   </div>
   <div class='ocr_carea' id='block_1_16' title="bbox 204 1614 1793 1690">
    <p class='ocr_par' dir='ltr' id='par_1_16' title="bbox 204 1614 1793 1690">
     <span class='ocr_line' id='line_1_16' title="bbox 204 1614 1793 1690; baseline -0.006 -15"><span class='ocrx_word' id='word_1_120' title='bbox 204 1626 284 1675; x_wconf 81' lang='grc' dir='ltr'>ἔνι</span> <span class='ocrx_word' id='word_1_121' title='bbox 321 1624 378 1675; x_wconf 78' lang='grc' dir='ltr'><strong>δὲ</strong></span> <span class='ocrx_word' id='word_1_122' title='bbox 412 1622 508 1675; x_wconf 75' lang='grc' dir='ltr'>καὶ</span> <span class='ocrx_word' id='word_1_123' title='bbox 562 1621 726 1690; x_wconf 81' lang='grc' dir='ltr'>ὁμόσε</span> <span class='ocrx_word' id='word_1_124' title='bbox 771 1622 888 1681; x_wconf 83' lang='grc' dir='ltr'>ταῖς</span> <span class='ocrx_word' id='word_1_125' title='bbox 944 1619 1144 1688; x_wconf 83' lang='grc' dir='ltr'>μάχαις</span> <span class='ocrx_word' id='word_1_126' title='bbox 1180 1618 1340 1670; x_wconf 77' lang='grc' dir='ltr'>ἰέναι.</span> <span class='ocrx_word' id='word_1_127' title='bbox 1391 1616 1545 1667; x_wconf 73' lang='grc' dir='ltr'>Ἐπεὶ</span> <span class='ocrx_word' id='word_1_128' title='bbox 1574 1616 1628 1667; x_wconf 73' lang='grc' dir='ltr'><strong>δὲ</strong></span> <span class='ocrx_word' id='word_1_129' title='bbox 1660 1614 1793 1683; x_wconf 71' lang='grc' dir='ltr'>ξύμ-</span> 
     </span>
    </p>
   </div>
   <div class='ocr_carea' id='block_1_17' title="bbox 208 1704 1791 1784">
    <p class='ocr_par' dir='ltr' id='par_1_17' title="bbox 208 1704 1791 1784">
     <span class='ocr_line' id='line_1_17' title="bbox 208 1704 1791 1784; baseline -0.008 -17"><span class='ocrx_word' id='word_1_130' title='bbox 208 1734 376 1784; x_wconf 77' lang='grc' dir='ltr'>μαχοι</span> <span class='ocrx_word' id='word_1_131' title='bbox 403 1712 835 1783; x_wconf 70' lang='grc' dir='ltr'>προσκληθέντες</span> <span class='ocrx_word' id='word_1_132' title='bbox 858 1710 925 1762; x_wconf 69' lang='grc' dir='ltr'><strong>τά</strong></span> <span class='ocrx_word' id='word_1_133' title='bbox 952 1711 1060 1760; x_wconf 85' lang='grc' dir='ltr'><strong>τῶν</strong></span> <span class='ocrx_word' id='word_1_134' title='bbox 1084 1707 1316 1778; x_wconf 67' lang='grc' dir='ltr'>ἐχθρῶν,</span> <span class='ocrx_word' id='word_1_135' title='bbox 1346 1706 1407 1758; x_wconf 75' lang='grc' dir='ltr'><strong>ού</strong></span> <span class='ocrx_word' id='word_1_136' title='bbox 1441 1706 1562 1758; x_wconf 72' lang='grc' dir='ltr'>δέον</span> <span class='ocrx_word' id='word_1_137' title='bbox 1614 1704 1693 1761; x_wconf 81' lang='grc' dir='ltr'>ὃν,</span> <span class='ocrx_word' id='word_1_138' title='bbox 1729 1708 1791 1755; x_wconf 79' lang='grc' dir='ltr'>ἐκ</span> 
     </span>
    </p>
   </div>
   <div class='ocr_carea' id='block_1_18' title="bbox 204 1799 1793 1874">
    <p class='ocr_par' dir='ltr' id='par_1_18' title="bbox 204 1799 1793 1874">
     <span class='ocr_line' id='line_1_18' title="bbox 204 1799 1793 1874; baseline -0.008 -13"><span class='ocrx_word' id='word_1_139' title='bbox 204 1809 301 1861; x_wconf 79' lang='grc' dir='ltr'>τοῦ</span> <span class='ocrx_word' id='word_1_140' title='bbox 338 1809 600 1874; x_wconf 77' lang='grc' dir='ltr'>ἐξαίφνης</span> <span class='ocrx_word' id='word_1_141' title='bbox 620 1802 952 1866; x_wconf 86' lang='grc' dir='ltr'>ἀνθείλεσθε,</span> <span class='ocrx_word' id='word_1_142' title='bbox 986 1802 1105 1863; x_wconf 85' lang='grc' dir='ltr'><strong>πῶς</strong></span> <span class='ocrx_word' id='word_1_143' title='bbox 1130 1802 1195 1854; x_wconf 76' lang='grc' dir='ltr'>ἂν</span> <span class='ocrx_word' id='word_1_144' title='bbox 1238 1802 1314 1869; x_wconf 82' lang='grc' dir='ltr'>μὴ</span> <span class='ocrx_word' id='word_1_145' title='bbox 1346 1799 1517 1850; x_wconf 75' lang='grc' dir='ltr'>θέλων</span> <span class='ocrx_word' id='word_1_146' title='bbox 1546 1816 1631 1861; x_wconf 89' lang='grc' dir='ltr'><strong>τις</strong></span> <span class='ocrx_word' id='word_1_147' title='bbox 1664 1800 1793 1865; x_wconf 82' lang='grc' dir='ltr'>ὑμῖν</span> 
     </span>
    </p>
   </div>
   <div class='ocr_carea' id='block_1_19' title="bbox 1887 592 3458 673">
    <p class='ocr_par' dir='ltr' id='par_1_19' title="bbox 1887 592 3458 673">
     <span class='ocr_line' id='line_1_19' title="bbox 1887 592 3458 673; baseline -0.01 -16"><span class='ocrx_word' id='word_1_148' title='bbox 1887 607 1992 673; x_wconf 85' lang='grc' dir='ltr'><strong>μάς</strong></span> <span class='ocrx_word' id='word_1_149' title='bbox 2038 600 2377 663; x_wconf 76' lang='grc' dir='ltr'>ἀντιδοῦναις</span> <span class='ocrx_word' id='word_1_150' title='bbox 2428 600 2493 651; x_wconf 81' lang='grc' dir='ltr'>Ύί</span> <span class='ocrx_word' id='word_1_151' title='bbox 2538 598 2583 650; x_wconf 80' lang='grc' dir='ltr'><strong>δ’</strong></span> <span class='ocrx_word' id='word_1_152' title='bbox 2632 600 2762 667; x_wconf 81' lang='grc' dir='ltr'>ύμῖν</span> <span class='ocrx_word' id='word_1_153' title='bbox 2790 596 2883 650; x_wconf 72' lang='grc' dir='ltr'>καὶ</span> <span class='ocrx_word' id='word_1_154' title='bbox 2924 592 3255 664; x_wconf 77' lang='grc' dir='ltr'>ἀποκριθείη</span> <span class='ocrx_word' id='word_1_155' title='bbox 3294 594 3351 653; x_wconf 77' lang='grc' dir='ltr'>ἐς</span> <span class='ocrx_word' id='word_1_156' title='bbox 3396 593 3458 644; x_wconf 64' lang='lat' dir='ltr'><strong>to</strong></span> 
     </span>
    </p>
   </div>
   <div class='ocr_carea' id='block_1_20' title="bbox 1887 682 3461 764">
    <p class='ocr_par' dir='ltr' id='par_1_20' title="bbox 1887 682 3461 764">
     <span class='ocr_line' id='line_1_20' title="bbox 1887 682 3461 764; baseline -0.006 -18"><span class='ocrx_word' id='word_1_157' title='bbox 1887 694 2184 764; x_wconf 82' lang='grc' dir='ltr'>μετέπειτα</span> <span class='ocrx_word' id='word_1_158' title='bbox 2244 693 2447 761; x_wconf 68' lang='grc' dir='ltr'>θνομας</span> <span class='ocrx_word' id='word_1_159' title='bbox 2498 691 2816 758; x_wconf 81' lang='grc' dir='ltr'>συμμάχους</span> <span class='ocrx_word' id='word_1_160' title='bbox 2868 685 3155 755; x_wconf 72' lang='grc' dir='ltr'>ὀνομάσειε</span> <span class='ocrx_word' id='word_1_161' title='bbox 3216 683 3302 755; x_wconf 74' lang='grc' dir='ltr'><strong>[Ρ.</strong></span> <span class='ocrx_word' id='word_1_162' title='bbox 3330 682 3461 754; x_wconf 70' lang='grc'>5961</span> 
     </span>
    </p>
   </div>
   <div class='ocr_carea' id='block_1_21' title="bbox 1884 778 3465 857">
    <p class='ocr_par' dir='ltr' id='par_1_21' title="bbox 1884 778 3465 857">
     <span class='ocr_line' id='line_1_21' title="bbox 1884 778 3465 857; baseline -0.008 -16"><span class='ocrx_word' id='word_1_163' title='bbox 1884 806 1965 850; x_wconf 86' lang='grc' dir='ltr'><strong>τις</strong></span> <span class='ocrx_word' id='word_1_164' title='bbox 1992 806 2007 854; x_wconf 90' lang='grc'>;</span> <span class='ocrx_word' id='word_1_165' title='bbox 2052 788 2192 840; x_wconf 79' lang='grc' dir='ltr'>Ἀλλ’</span> <span class='ocrx_word' id='word_1_166' title='bbox 2216 789 2440 857; x_wconf 68' lang='grc' dir='ltr'>αἱρετέα</span> <span class='ocrx_word' id='word_1_167' title='bbox 2468 785 2537 839; x_wconf 75' lang='grc' dir='ltr'><strong>τά</strong></span> <span class='ocrx_word' id='word_1_168' title='bbox 2565 783 2675 836; x_wconf 88' lang='grc' dir='ltr'><strong>τῶν</strong></span> <span class='ocrx_word' id='word_1_169' title='bbox 2707 781 2916 852; x_wconf 69' lang='grc' dir='ltr'>ἐχθρῶν</span> <span class='ocrx_word' id='word_1_170' title='bbox 2946 780 3077 849; x_wconf 78' lang='grc' dir='ltr'>ὑμῖν</span> <span class='ocrx_word' id='word_1_171' title='bbox 3103 778 3305 843; x_wconf 67' lang='grc' dir='ltr'>ἔδοξεν.</span> <span class='ocrx_word' id='word_1_172' title='bbox 3322 778 3465 831; x_wconf 79' lang='grc' dir='ltr'>Ἀλλ’</span> 
     </span>
    </p>
   </div>
   <div class='ocr_carea' id='block_1_22' title="bbox 1887 867 3467 949">
    <p class='ocr_par' dir='ltr' id='par_1_22' title="bbox 1887 867 3467 949">
     <span class='ocr_line' id='line_1_22' title="bbox 1887 867 3467 949; baseline -0.009 -17"><span class='ocrx_word' id='word_1_173' title='bbox 1887 877 2145 949; x_wconf 66' lang='grc' dir='ltr'>ἐχθρούς;</span> <span class='ocrx_word' id='word_1_174' title='bbox 2184 878 2292 929; x_wconf 80' lang='lat' dir='ltr'><strong>Kal</strong></span> <span class='ocrx_word' id='word_1_175' title='bbox 2320 876 2403 939; x_wconf 87' lang='grc' dir='ltr'><strong>τίς</strong></span> <span class='ocrx_word' id='word_1_176' title='bbox 2440 877 2505 929; x_wconf 73' lang='grc' dir='ltr'><strong>ἀν</strong></span> <span class='ocrx_word' id='word_1_177' title='bbox 2542 872 2817 933; x_wconf 79' lang='grc' dir='ltr'>καὶτίνας</span> <span class='ocrx_word' id='word_1_178' title='bbox 2853 870 3107 940; x_wconf 76' lang='grc' dir='ltr'>μεγάλων</span> <span class='ocrx_word' id='word_1_179' title='bbox 3139 867 3350 939; x_wconf 83' lang='grc' dir='ltr'>μισθῶν</span> <span class='ocrx_word' id='word_1_180' title='bbox 3376 869 3467 921; x_wconf 67' lang='lat' dir='ltr'><strong>tul</strong></span> 
     </span>
    </p>
   </div>
   <div class='ocr_carea' id='block_1_23' title="bbox 1888 959 3467 1037">
    <p class='ocr_par' dir='ltr' id='par_1_23' title="bbox 1888 959 3467 1037">
     <span class='ocr_line' id='line_1_23' title="bbox 1888 959 3467 1037; baseline -0.006 -16"><span class='ocrx_word' id='word_1_181' title='bbox 1888 970 2137 1037; x_wconf 79' lang='grc' dir='ltr'>σφετέρῳ</span> <span class='ocrx_word' id='word_1_182' title='bbox 2155 966 2375 1035; x_wconf 86' lang='grc' dir='ltr'>πονήρῳ</span> <span class='ocrx_word' id='word_1_183' title='bbox 2400 962 2833 1035; x_wconf 78' lang='grc' dir='ltr'>προσκαλεῖσθαι</span> <span class='ocrx_word' id='word_1_184' title='bbox 2882 960 3129 1026; x_wconf 57' lang='lat' dir='ltr'><strong>“iam;</strong></span> <span class='ocrx_word' id='word_1_185' title='bbox 3157 959 3293 1012; x_wconf 86' lang='grc' dir='ltr'><strong>ἀλλά</strong></span> <span class='ocrx_word' id='word_1_186' title='bbox 3324 975 3467 1028; x_wconf 81' lang='grc' dir='ltr'>συμ-</span> 
     </span>
    </p>
   </div>
   <div class='ocr_carea' id='block_1_24' title="bbox 1891 1050 3473 1127">
    <p class='ocr_par' dir='ltr' id='par_1_24' title="bbox 1891 1050 3473 1127">
     <span class='ocr_line' id='line_1_24' title="bbox 1891 1050 3473 1127; baseline -0.004 -16"><span class='ocrx_word' id='word_1_187' title='bbox 1891 1059 2098 1127; x_wconf 81' lang='grc' dir='ltr'>μάχους</span> <span class='ocrx_word' id='word_1_188' title='bbox 2134 1057 2236 1126; x_wconf 71' lang='grc' dir='ltr'>μὲν</span> <span class='ocrx_word' id='word_1_189' title='bbox 2260 1056 2322 1109; x_wconf 81' lang='grc' dir='ltr'>τὸ</span> <span class='ocrx_word' id='word_1_190' title='bbox 2352 1055 2593 1125; x_wconf 84' lang='grc' dir='ltr'>πρῶτον,</span> <span class='ocrx_word' id='word_1_191' title='bbox 2622 1054 2915 1121; x_wconf 77' lang='grc' dir='ltr'>πολεμίους</span> <span class='ocrx_word' id='word_1_192' title='bbox 2944 1050 2990 1105; x_wconf 76' lang='grc' dir='ltr'><strong>δ’</strong></span> <span class='ocrx_word' id='word_1_193' title='bbox 3013 1052 3271 1105; x_wconf 75' lang='grc' dir='ltr'>ὲσίπειτα</span> <span class='ocrx_word' id='word_1_194' title='bbox 3301 1067 3473 1104; x_wconf 83' lang='grc' dir='ltr'>κατα·</span> 
     </span>
    </p>
   </div>
   <div class='ocr_carea' id='block_1_25' title="bbox 1889 1142 3466 1216">
    <p class='ocr_par' dir='ltr' id='par_1_25' title="bbox 1889 1142 3466 1216">
     <span class='ocr_line' id='line_1_25' title="bbox 1889 1142 3466 1216; baseline -0.006 -12"><span class='ocrx_word' id='word_1_195' title='bbox 1889 1151 2149 1215; x_wconf 76' lang='grc' dir='ltr'>στάνταςς</span> <span class='ocrx_word' id='word_1_196' title='bbox 2179 1149 2289 1202; x_wconf 77' lang='lat' dir='ltr'><strong>Kal</strong></span> <span class='ocrx_word' id='word_1_197' title='bbox 2314 1149 2368 1201; x_wconf 87' lang='grc' dir='ltr'><strong>τί</strong></span> <span class='ocrx_word' id='word_1_198' title='bbox 2416 1149 2469 1216; x_wconf 79' lang='grc' dir='ltr'>γ’</span> <span class='ocrx_word' id='word_1_199' title='bbox 2493 1147 2622 1201; x_wconf 87' lang='grc' dir='ltr'>άλλο</span> <span class='ocrx_word' id='word_1_200' title='bbox 2660 1147 2788 1216; x_wconf 84' lang='grc' dir='ltr'>ύμῖν</span> <span class='ocrx_word' id='word_1_201' title='bbox 2839 1162 2925 1208; x_wconf 91' lang='grc' dir='ltr'><strong>τις</strong></span> <span class='ocrx_word' id='word_1_202' title='bbox 2949 1144 3242 1213; x_wconf 72' lang='grc' dir='ltr'>ιπικαλοίη</span> <span class='ocrx_word' id='word_1_203' title='bbox 3270 1142 3466 1204; x_wconf 75' lang='grc' dir='ltr'>δεινὸν,</span> 
     </span>
    </p>
   </div>
   <div class='ocr_carea' id='block_1_26' title="bbox 1890 1238 3473 1317">
    <p class='ocr_par' dir='ltr' id='par_1_26' title="bbox 1890 1238 3473 1317">
     <span class='ocr_line' id='line_1_26' title="bbox 1890 1238 3473 1317; baseline -0.005 -20"><span class='ocrx_word' id='word_1_204' title='bbox 1890 1247 1938 1298; x_wconf 83' lang='grc' dir='ltr'><strong>εί</strong></span> <span class='ocrx_word' id='word_1_205' title='bbox 1989 1245 2268 1317; x_wconf 84' lang='grc' dir='ltr'>σύμμαχοι</span> <span class='ocrx_word' id='word_1_206' title='bbox 2330 1243 2673 1305; x_wconf 65' lang='grc' dir='ltr'>ἐπιστάντες,</span> <span class='ocrx_word' id='word_1_207' title='bbox 2733 1240 2949 1295; x_wconf 81' lang='grc' dir='ltr'>πολλῶν</span> <span class='ocrx_word' id='word_1_208' title='bbox 3003 1241 3099 1293; x_wconf 78' lang='grc' dir='ltr'>καὶ</span> <span class='ocrx_word' id='word_1_209' title='bbox 3150 1238 3323 1293; x_wconf 78' lang='grc' dir='ltr'>ταῦτα</span> <span class='ocrx_word' id='word_1_210' title='bbox 3362 1238 3473 1292; x_wconf 87' lang='grc' dir='ltr'><strong>τῶν</strong></span> 
     </span>
    </p>
   </div>
   <div class='ocr_carea' id='block_1_27' title="bbox 1890 1332 3473 1406">
    <p class='ocr_par' dir='ltr' id='par_1_27' title="bbox 1890 1332 3473 1406">
     <span class='ocr_line' id='line_1_27' title="bbox 1890 1332 3473 1406; baseline -0.004 -15"><span class='ocrx_word' id='word_1_211' title='bbox 1890 1338 2293 1406; x_wconf 76' lang='grc' dir='ltr'>ἀναλωμάτων,</span> <span class='ocrx_word' id='word_1_212' title='bbox 2321 1336 2514 1390; x_wconf 77' lang='grc' dir='ltr'>Ιπειτα</span> <span class='ocrx_word' id='word_1_213' title='bbox 2544 1336 2876 1389; x_wconf 69' lang='grc' dir='ltr'>ἑσπείσασθε</span> <span class='ocrx_word' id='word_1_214' title='bbox 2911 1335 3013 1403; x_wconf 70' lang='grc' dir='ltr'>μιν</span> <span class='ocrx_word' id='word_1_215' title='bbox 3036 1336 3150 1396; x_wconf 74' lang='grc' dir='ltr'>τοῖς</span> <span class='ocrx_word' id='word_1_216' title='bbox 3171 1334 3383 1403; x_wconf 66' lang='grc' dir='ltr'>ἐχθροῖς</span> <span class='ocrx_word' id='word_1_217' title='bbox 3400 1332 3473 1385; x_wconf 77' lang='grc' dir='ltr'>δι’</span> 
     </span>
    </p>
   </div>
   <div class='ocr_carea' id='block_1_28' title="bbox 1893 1424 3475 1498">
    <p class='ocr_par' dir='ltr' id='par_1_28' title="bbox 1893 1424 3475 1498">
     <span class='ocr_line' id='line_1_28' title="bbox 1893 1424 3475 1498; baseline -0.002 -18"><span class='ocrx_word' id='word_1_218' title='bbox 1893 1427 1985 1490; x_wconf 83' lang='grc' dir='ltr'>οὓς</span> <span class='ocrx_word' id='word_1_219' title='bbox 2018 1428 2449 1498; x_wconf 78' lang='grc' dir='ltr'>προσεκλήθητι,</span> <span class='ocrx_word' id='word_1_220' title='bbox 2468 1428 2587 1495; x_wconf 77' lang='grc' dir='ltr'>μετ’</span> <span class='ocrx_word' id='word_1_221' title='bbox 2604 1427 2784 1479; x_wconf 80' lang='grc' dir='ltr'>αὐτῶν</span> <span class='ocrx_word' id='word_1_222' title='bbox 2799 1426 2857 1479; x_wconf 73' lang='grc' dir='ltr'><strong>δὲ</strong></span> <span class='ocrx_word' id='word_1_223' title='bbox 2877 1427 2974 1497; x_wconf 77' lang='grc' dir='ltr'>τὴν</span> <span class='ocrx_word' id='word_1_224' title='bbox 2995 1427 3272 1496; x_wconf 70' lang='grc' dir='ltr'>ἡμετέραν</span> <span class='ocrx_word' id='word_1_225' title='bbox 3294 1424 3475 1494; x_wconf 75' lang='grc' dir='ltr'>ληϊζε-</span> 
     </span>
    </p>
   </div>
   <div class='ocr_carea' id='block_1_29' title="bbox 1896 1518 3471 1589">
    <p class='ocr_par' dir='ltr' id='par_1_29' title="bbox 1896 1518 3471 1589">
     <span class='ocr_line' id='line_1_29' title="bbox 1896 1518 3471 1589; baseline -0.002 -17"><span class='ocrx_word' id='word_1_226' title='bbox 1896 1519 1989 1572; x_wconf 86' lang='grc' dir='ltr'><strong>σθε</strong></span> <span class='ocrx_word' id='word_1_227' title='bbox 2013 1536 2028 1581; x_wconf 84' lang='grc'><strong>;</strong></span> <span class='ocrx_word' id='word_1_228' title='bbox 2058 1520 2110 1572; x_wconf 87' lang='grc' dir='ltr'><strong>τί</strong></span> <span class='ocrx_word' id='word_1_229' title='bbox 2124 1519 2179 1571; x_wconf 67' lang='grc' dir='ltr'><strong>δὲ</strong></span> <span class='ocrx_word' id='word_1_230' title='bbox 2202 1520 2297 1572; x_wconf 76' lang='grc' dir='ltr'>καὶ</span> <span class='ocrx_word' id='word_1_231' title='bbox 2315 1518 2749 1589; x_wconf 80' lang='grc' dir='ltr'>ἀπολογούμενοι</span> <span class='ocrx_word' id='word_1_232' title='bbox 2766 1518 3087 1587; x_wconf 80' lang='grc' dir='ltr'>Χριστιανοὶ</span> <span class='ocrx_word' id='word_1_233' title='bbox 3107 1518 3471 1588; x_wconf 76' lang='grc' dir='ltr'>Χριστιανοὺς</span> 
     </span>
    </p>
   </div>
   <div class='ocr_carea' id='block_1_30' title="bbox 1901 1607 3472 1680">
    <p class='ocr_par' dir='ltr' id='par_1_30' title="bbox 1901 1607 3472 1680">
     <span class='ocr_line' id='line_1_30' title="bbox 1901 1607 3472 1680; baseline -0.001 -18"><span class='ocrx_word' id='word_1_234' title='bbox 1901 1611 1968 1663; x_wconf 89' lang='grc' dir='ltr'><strong>τά</strong></span> <span class='ocrx_word' id='word_1_235' title='bbox 1992 1609 2466 1680; x_wconf 75' lang='grc' dir='ltr'>ἀνήκεσταδρᾶτε,</span> <span class='ocrx_word' id='word_1_236' title='bbox 2486 1609 2562 1679; x_wconf 78' lang='grc' dir='ltr'><strong>τῷ</strong></span> <span class='ocrx_word' id='word_1_237' title='bbox 2596 1610 2671 1680; x_wconf 73' lang='grc' dir='ltr'>μὴ</span> <span class='ocrx_word' id='word_1_238' title='bbox 2700 1611 2757 1672; x_wconf 82' lang='grc' dir='ltr'>ἐς</span> <span class='ocrx_word' id='word_1_239' title='bbox 2777 1607 3045 1672; x_wconf 75' lang='grc' dir='ltr'>ἀναϐολάς</span> <span class='ocrx_word' id='word_1_240' title='bbox 3060 1608 3274 1672; x_wconf 77' lang='grc' dir='ltr'>θέσθαι,</span> <span class='ocrx_word' id='word_1_241' title='bbox 3308 1611 3472 1661; x_wconf 82' lang='grc' dir='ltr'>κακοὶ</span> 
     </span>
    </p>
   </div>
   <div class='ocr_carea' id='block_1_31' title="bbox 1893 1700 3476 1772">
    <p class='ocr_par' dir='ltr' id='par_1_31' title="bbox 1893 1700 3476 1772">
     <span class='ocr_line' id='line_1_31' title="bbox 1893 1700 3476 1772; baseline -0.003 -17"><span class='ocrx_word' id='word_1_242' title='bbox 1893 1703 2041 1769; x_wconf 76' lang='grc' dir='ltr'>δόξαι</span> <span class='ocrx_word' id='word_1_243' title='bbox 2085 1702 2274 1772; x_wconf 59' lang='grc' dir='ltr'>ῶστερ</span> <span class='ocrx_word' id='word_1_244' title='bbox 2313 1702 2659 1771; x_wconf 76' lang='grc' dir='ltr'>αἱρούμενοι;</span> <span class='ocrx_word' id='word_1_245' title='bbox 2697 1702 2762 1755; x_wconf 87' lang='grc' dir='ltr'><strong>Τί</strong></span> <span class='ocrx_word' id='word_1_246' title='bbox 2810 1704 2919 1770; x_wconf 83' lang='grc' dir='ltr'><strong>γάρ</strong></span> <span class='ocrx_word' id='word_1_247' title='bbox 2983 1702 3091 1755; x_wconf 89' lang='grc' dir='ltr'><strong>τῶν</strong></span> <span class='ocrx_word' id='word_1_248' title='bbox 3132 1700 3321 1754; x_wconf 83' lang='grc' dir='ltr'>κακῶν</span> <span class='ocrx_word' id='word_1_249' title='bbox 3371 1701 3476 1752; x_wconf 78' lang='grc' dir='ltr'>οὐκ</span> 
     </span>
    </p>
   </div>
   <div class='ocr_carea' id='block_1_32' title="bbox 1896 1782 3481 1864">
    <p class='ocr_par' dir='ltr' id='par_1_32' title="bbox 1896 1782 3481 1864">
     <span class='ocr_line' id='line_1_32' title="bbox 1896 1782 3481 1864; baseline 0 -19"><span class='ocrx_word' id='word_1_250' title='bbox 1896 1782 2189 1864; x_wconf 76' lang='grc' dir='ltr'>ἑῐργασθτ;</span> <span class='ocrx_word' id='word_1_251' title='bbox 2229 1795 2303 1847; x_wconf 72' lang='lat' dir='ltr'><strong>Oti</strong></span> <span class='ocrx_word' id='word_1_252' title='bbox 2330 1796 2512 1864; x_wconf 75' lang='grc' dir='ltr'>χώρας</span> <span class='ocrx_word' id='word_1_253' title='bbox 2535 1794 2997 1864; x_wconf 69' lang='grc' dir='ltr'>ἠνδραποδίσατες</span> <span class='ocrx_word' id='word_1_254' title='bbox 3060 1795 3159 1847; x_wconf 72' lang='grc' dir='ltr'>οὐκ</span> <span class='ocrx_word' id='word_1_255' title='bbox 3191 1794 3392 1863; x_wconf 68' lang='grc' dir='ltr'>ἄνδρας</span> <span class='ocrx_word' id='word_1_256' title='bbox 3425 1794 3481 1845; x_wconf 77' lang='grc' dir='ltr'><strong>ὲ-</strong></span> 
     </span>
    </p>
   </div>
   <div class='ocr_carea' id='block_1_33' title="bbox 206 1873 3482 1970">
    <p class='ocr_par' dir='ltr' id='par_1_33' title="bbox 206 1873 3482 1970">
     <span class='ocr_line' id='line_1_33' title="bbox 206 1873 3482 1970; baseline -0.005 -17"><span class='ocrx_word' id='word_1_257' title='bbox 206 1898 738 1970; x_wconf 75' lang='grc' dir='ltr'>νεμεσᾷνὲκφύγοι</span> <span class='ocrx_word' id='word_1_258' title='bbox 793 1895 854 1947; x_wconf 80' lang='grc' dir='ltr'>τὸ</span> <span class='ocrx_word' id='word_1_259' title='bbox 906 1894 1275 1963; x_wconf 81' lang='grc' dir='ltr'>νεμεσᾶσθαι;</span> <span class='ocrx_word' id='word_1_260' title='bbox 1338 1891 1627 1962; x_wconf 78' lang='grc' dir='ltr'>Μνήσθτιτε</span> <span class='ocrx_word' id='word_1_261' title='bbox 1690 1894 1796 1957; x_wconf 74' lang='grc' dir='ltr'><strong>γάρ</strong></span> <span class='ocrx_word' id='word_1_262' title='bbox 1829 1873 1871 1929; x_wconf 77' lang='grc' dir='ltr'><strong>Β</strong></span> <span class='ocrx_word' id='word_1_263' title='bbox 1902 1888 2181 1949; x_wconf 65' lang='lat' dir='ltr'><strong>malva-rs;</strong></span> <span class='ocrx_word' id='word_1_264' title='bbox 2230 1888 2290 1940; x_wconf 86' lang='grc' dir='ltr'><strong>ού</strong></span> <span class='ocrx_word' id='word_1_265' title='bbox 2323 1889 2493 1955; x_wconf 84' lang='grc' dir='ltr'>νήπια</span> <span class='ocrx_word' id='word_1_266' title='bbox 2518 1888 2613 1939; x_wconf 73' lang='grc' dir='ltr'>καὶ</span> <span class='ocrx_word' id='word_1_267' title='bbox 2676 1884 2985 1956; x_wconf 77' lang='grc' dir='ltr'>πρεσϐύτας</span> <span class='ocrx_word' id='word_1_268' title='bbox 3031 1884 3355 1955; x_wconf 80' lang='grc' dir='ltr'>ἀνθρώπους</span> <span class='ocrx_word' id='word_1_269' title='bbox 3403 1884 3482 1936; x_wconf 78' lang='lat' dir='ltr'><strong>ol-</strong></span> 
     </span>
    </p>
   </div>
   <div class='ocr_carea' id='block_1_34' title="bbox 208 1980 1792 2061">
    <p class='ocr_par' dir='ltr' id='par_1_34' title="bbox 208 1980 1792 2061">
     <span class='ocr_line' id='line_1_34' title="bbox 208 1980 1792 2061; baseline -0.006 -18"><span class='ocrx_word' id='word_1_270' title='bbox 208 1996 351 2061; x_wconf 75' lang='grc' dir='ltr'>πρὸς</span> <span class='ocrx_word' id='word_1_271' title='bbox 386 1994 627 2053; x_wconf 77' lang='grc' dir='ltr'>ἐκείνους</span> <span class='ocrx_word' id='word_1_272' title='bbox 664 1993 848 2059; x_wconf 79' lang='grc' dir='ltr'>χεῖρας</span> <span class='ocrx_word' id='word_1_273' title='bbox 903 1990 1277 2057; x_wconf 80' lang='grc' dir='ltr'>ἀνταίροντες,</span> <span class='ocrx_word' id='word_1_274' title='bbox 1338 1985 1479 2055; x_wconf 86' lang='grc' dir='ltr'>ὑπὲρ</span> <span class='ocrx_word' id='word_1_275' title='bbox 1518 1980 1592 2037; x_wconf 78' lang='grc' dir='ltr'>ὧν</span> <span class='ocrx_word' id='word_1_276' title='bbox 1623 1986 1792 2037; x_wconf 79' lang='grc' dir='ltr'>κινεῖν</span> 
     </span>
    </p>
   </div>
   <div class='ocr_carea' id='block_1_35' title="bbox 205 2076 1793 2153">
    <p class='ocr_par' dir='ltr' id='par_1_35' title="bbox 205 2076 1793 2153">
     <span class='ocr_line' id='line_1_35' title="bbox 205 2076 1793 2153; baseline -0.006 -16"><span class='ocrx_word' id='word_1_277' title='bbox 205 2086 353 2137; x_wconf 71' lang='grc' dir='ltr'>ὅπλα</span> <span class='ocrx_word' id='word_1_278' title='bbox 398 2084 530 2153; x_wconf 76' lang='grc' dir='ltr'>πρὸς</span> <span class='ocrx_word' id='word_1_279' title='bbox 560 2086 685 2144; x_wconf 75' lang='grc' dir='ltr'>τοὺς</span> <span class='ocrx_word' id='word_1_280' title='bbox 711 2080 863 2148; x_wconf 83' lang='grc' dir='ltr'>σφίσι</span> <span class='ocrx_word' id='word_1_281' title='bbox 893 2078 1264 2143; x_wconf 79' lang='grc' dir='ltr'>πολεμοῦντας</span> <span class='ocrx_word' id='word_1_282' title='bbox 1310 2076 1561 2146; x_wconf 75' lang='grc' dir='ltr'>μεγάλων</span> <span class='ocrx_word' id='word_1_283' title='bbox 1588 2076 1793 2145; x_wconf 82' lang='grc' dir='ltr'>ὡμολο-</span> 
     </span>
    </p>
   </div>
   <div class='ocr_carea' id='block_1_36' title="bbox 206 2168 1789 2246">
    <p class='ocr_par' dir='ltr' id='par_1_36' title="bbox 206 2168 1789 2246">
     <span class='ocr_line' id='line_1_36' title="bbox 206 2168 1789 2246; baseline -0.008 -16"><span class='ocrx_word' id='word_1_284' title='bbox 206 2180 419 2246; x_wconf 81' lang='grc' dir='ltr'>γήσατε</span> <span class='ocrx_word' id='word_1_285' title='bbox 467 2175 574 2227; x_wconf 82' lang='grc' dir='ltr'><strong>τῶν</strong></span> <span class='ocrx_word' id='word_1_286' title='bbox 604 2175 835 2243; x_wconf 90' lang='grc' dir='ltr'>μισθῶν.</span> <span class='ocrx_word' id='word_1_287' title='bbox 887 2172 1007 2231; x_wconf 84' lang='grc' dir='ltr'><strong>Πῶς</strong></span> <span class='ocrx_word' id='word_1_288' title='bbox 1056 2171 1112 2221; x_wconf 81' lang='grc' dir='ltr'><strong>δὲ</strong></span> <span class='ocrx_word' id='word_1_289' title='bbox 1143 2170 1347 2222; x_wconf 86' lang='grc' dir='ltr'>δίκαιον</span> <span class='ocrx_word' id='word_1_290' title='bbox 1385 2169 1483 2221; x_wconf 79' lang='grc' dir='ltr'>καὶ</span> <span class='ocrx_word' id='word_1_291' title='bbox 1536 2168 1789 2235; x_wconf 77' lang='grc' dir='ltr'>νόμιμον,</span> 
     </span>
    </p>
   </div>
   <div class='ocr_carea' id='block_1_37' title="bbox 206 2258 1791 2336">
    <p class='ocr_par' dir='ltr' id='par_1_37' title="bbox 206 2258 1791 2336">
     <span class='ocr_line' id='line_1_37' title="bbox 206 2258 1791 2336; baseline -0.006 -16"><span class='ocrx_word' id='word_1_292' title='bbox 206 2271 484 2336; x_wconf 81' lang='grc' dir='ltr'>κειμένων</span> <span class='ocrx_word' id='word_1_293' title='bbox 510 2266 617 2318; x_wconf 77' lang='grc' dir='ltr'>εἴτε</span> <span class='ocrx_word' id='word_1_294' title='bbox 667 2264 829 2317; x_wconf 86' lang='grc' dir='ltr'>θείων</span> <span class='ocrx_word' id='word_1_295' title='bbox 876 2263 984 2315; x_wconf 69' lang='grc' dir='ltr'>εἴτε</span> <span class='ocrx_word' id='word_1_296' title='bbox 1034 2264 1127 2315; x_wconf 80' lang='grc' dir='ltr'>καὶ</span> <span class='ocrx_word' id='word_1_297' title='bbox 1181 2261 1561 2331; x_wconf 81' lang='grc' dir='ltr'>ἀνθρωπίνων,</span> <span class='ocrx_word' id='word_1_298' title='bbox 1599 2258 1791 2311; x_wconf 83' lang='grc' dir='ltr'>θέσθαι</span> 
     </span>
    </p>
   </div>
   <div class='ocr_carea' id='block_1_38' title="bbox 211 2351 1791 2428">
    <p class='ocr_par' dir='ltr' id='par_1_38' title="bbox 211 2351 1791 2428">
     <span class='ocr_line' id='line_1_38' title="bbox 211 2351 1791 2428; baseline -0.006 -17"><span class='ocrx_word' id='word_1_299' title='bbox 211 2361 312 2428; x_wconf 79' lang='grc' dir='ltr'>μὲν</span> <span class='ocrx_word' id='word_1_300' title='bbox 343 2360 403 2409; x_wconf 76' lang='grc' dir='ltr'>ἐν</span> <span class='ocrx_word' id='word_1_301' title='bbox 426 2357 619 2427; x_wconf 77' lang='grc' dir='ltr'>ἀλογίᾳ</span> <span class='ocrx_word' id='word_1_302' title='bbox 648 2357 712 2408; x_wconf 77' lang='lat' dir='ltr'><strong>:‘z</strong></span> <span class='ocrx_word' id='word_1_303' title='bbox 759 2352 1156 2424; x_wconf 74' lang='grc' dir='ltr'>ὁμωμοσμένα,</span> <span class='ocrx_word' id='word_1_304' title='bbox 1196 2352 1449 2421; x_wconf 82' lang='grc' dir='ltr'>μεγάλων</span> <span class='ocrx_word' id='word_1_305' title='bbox 1484 2351 1539 2403; x_wconf 76' lang='grc' dir='ltr'><strong>δὲ</strong></span> <span class='ocrx_word' id='word_1_306' title='bbox 1574 2353 1791 2421; x_wconf 80' lang='grc' dir='ltr'>χρημά-</span> 
     </span>
    </p>
   </div>
   <div class='ocr_carea' id='block_1_39' title="bbox 213 2538 1793 2610">
    <p class='ocr_par' dir='ltr' id='par_1_39' title="bbox 213 2538 1793 2610">
     <span class='ocr_line' id='line_1_39' title="bbox 213 2538 1793 2610; baseline -0.003 -13"><span class='ocrx_word' id='word_1_307' title='bbox 213 2560 321 2598; x_wconf 84' lang='lat' dir='ltr'><strong>non</strong></span> <span class='ocrx_word' id='word_1_308' title='bbox 366 2543 545 2597; x_wconf 91' lang='lat' dir='ltr'><strong>solum</strong></span> <span class='ocrx_word' id='word_1_309' title='bbox 578 2540 838 2610; x_wconf 88' lang='lat' dir='ltr'><strong>quoniam</strong></span> <span class='ocrx_word' id='word_1_310' title='bbox 883 2541 955 2593; x_wconf 89' lang='lat' dir='ltr'><strong>ita</strong></span> <span class='ocrx_word' id='word_1_311' title='bbox 992 2538 1255 2594; x_wconf 90' lang='lat' dir='ltr'><strong>deliniunt</strong></span> <span class='ocrx_word' id='word_1_312' title='bbox 1281 2546 1334 2591; x_wconf 84' lang='lat' dir='ltr'><strong>et</strong></span> <span class='ocrx_word' id='word_1_313' title='bbox 1368 2538 1469 2593; x_wconf 89' lang='lat' dir='ltr'><strong>sibi</strong></span> <span class='ocrx_word' id='word_1_314' title='bbox 1497 2539 1672 2609; x_wconf 81' lang='lat' dir='ltr'><strong>magis</strong></span> <span class='ocrx_word' id='word_1_315' title='bbox 1702 2539 1793 2592; x_wconf 88' lang='lat' dir='ltr'><strong>de-</strong></span> 
     </span>
    </p>
   </div>
   <div class='ocr_carea' id='block_1_40' title="bbox 211 2631 1789 2702">
    <p class='ocr_par' dir='ltr' id='par_1_40' title="bbox 211 2631 1789 2702">
     <span class='ocr_line' id='line_1_40' title="bbox 211 2631 1789 2702; baseline -0.004 -15"><span class='ocrx_word' id='word_1_316' title='bbox 211 2638 459 2689; x_wconf 87' lang='lat' dir='ltr'><strong>vinciunt</strong></span> <span class='ocrx_word' id='word_1_317' title='bbox 512 2648 606 2688; x_wconf 82' lang='lat' dir='ltr'><strong>eos</strong></span> <span class='ocrx_word' id='word_1_318' title='bbox 643 2634 839 2702; x_wconf 81' lang='lat' dir='ltr'><strong>quibus</strong></span> <span class='ocrx_word' id='word_1_319' title='bbox 896 2633 1198 2699; x_wconf 88' lang='lat' dir='ltr'><strong>rependunt</strong></span> <span class='ocrx_word' id='word_1_320' title='bbox 1231 2640 1504 2700; x_wconf 78' lang='lat' dir='ltr'><strong>acceptant</strong></span> <span class='ocrx_word' id='word_1_321' title='bbox 1538 2631 1789 2700; x_wconf 82' lang='lat' dir='ltr'><strong>gratiam,</strong></span> 
     </span>
    </p>
   </div>
   <div class='ocr_carea' id='block_1_41' title="bbox 210 2724 1791 2802">
    <p class='ocr_par' dir='ltr' id='par_1_41' title="bbox 210 2724 1791 2802">
     <span class='ocr_line' id='line_1_41' title="bbox 210 2724 1791 2802; baseline -0.007 -14"><span class='ocrx_word' id='word_1_322' title='bbox 210 2737 305 2789; x_wconf 82' lang='lat' dir='ltr'><strong>sed</strong></span> <span class='ocrx_word' id='word_1_323' title='bbox 336 2734 421 2787; x_wconf 81' lang='lat' dir='ltr'><strong>vel</strong></span> <span class='ocrx_word' id='word_1_324' title='bbox 471 2734 515 2786; x_wconf 91' lang='lat' dir='ltr'><strong>si</strong></span> <span class='ocrx_word' id='word_1_325' title='bbox 551 2748 793 2802; x_wconf 67' lang='lat' dir='ltr'><strong>prmsens</strong></span> <span class='ocrx_word' id='word_1_326' title='bbox 828 2731 1038 2783; x_wconf 78' lang='lat' dir='ltr'><strong>fructus</strong></span> <span class='ocrx_word' id='word_1_327' title='bbox 1084 2726 1203 2794; x_wconf 87' lang='lat' dir='ltr'><strong>ejus</strong></span> <span class='ocrx_word' id='word_1_328' title='bbox 1259 2726 1385 2780; x_wconf 80' lang='lat' dir='ltr'><strong>facti</strong></span> <span class='ocrx_word' id='word_1_329' title='bbox 1418 2724 1597 2779; x_wconf 91' lang='lat' dir='ltr'><strong>nullus</strong></span> <span class='ocrx_word' id='word_1_330' title='bbox 1634 2724 1791 2788; x_wconf 82' lang='lat' dir='ltr'><strong>roret,</strong></span> 
     </span>
    </p>
   </div>
   <div class='ocr_carea' id='block_1_42' title="bbox 212 2818 1790 2897">
    <p class='ocr_par' dir='ltr' id='par_1_42' title="bbox 212 2818 1790 2897">
     <span class='ocr_line' id='line_1_42' title="bbox 212 2818 1790 2897; baseline -0.007 -15"><span class='ocrx_word' id='word_1_331' title='bbox 212 2829 474 2897; x_wconf 87' lang='lat' dir='ltr'><strong>quoniam</strong></span> <span class='ocrx_word' id='word_1_332' title='bbox 509 2828 561 2881; x_wconf 89' lang='lat' dir='ltr'><strong>id</strong></span> <span class='ocrx_word' id='word_1_333' title='bbox 595 2842 718 2882; x_wconf 88' lang='lat' dir='ltr'><strong>esse</strong></span> <span class='ocrx_word' id='word_1_334' title='bbox 759 2826 811 2878; x_wconf 93' lang='lat' dir='ltr'><strong>in</strong></span> <span class='ocrx_word' id='word_1_335' title='bbox 847 2832 1127 2893; x_wconf 87' lang='lat' dir='ltr'><strong>posterum</strong></span> <span class='ocrx_word' id='word_1_336' title='bbox 1182 2818 1545 2881; x_wconf 85' lang='lat' dir='ltr'><strong>conducibile,</strong></span> <span class='ocrx_word' id='word_1_337' title='bbox 1573 2818 1663 2886; x_wconf 88' lang='lat' dir='ltr'><strong>qui</strong></span> <span class='ocrx_word' id='word_1_338' title='bbox 1703 2832 1790 2871; x_wconf 88' lang='lat' dir='ltr'><strong>re-</strong></span> 
     </span>
    </p>
   </div>
   <div class='ocr_carea' id='block_1_43' title="bbox 210 2910 1793 2987">
    <p class='ocr_par' dir='ltr' id='par_1_43' title="bbox 210 2910 1793 2987">
     <span class='ocr_line' id='line_1_43' title="bbox 210 2910 1793 2987; baseline -0.01 -11"><span class='ocrx_word' id='word_1_339' title='bbox 210 2932 297 2976; x_wconf 84' lang='lat' dir='ltr'><strong>cte</strong></span> <span class='ocrx_word' id='word_1_340' title='bbox 330 2920 588 2985; x_wconf 79' lang='lat' dir='ltr'><strong>judicaut</strong></span> <span class='ocrx_word' id='word_1_341' title='bbox 616 2916 990 2987; x_wconf 66' lang='lat' dir='ltr'><strong>pratsentinnt,</strong></span> <span class='ocrx_word' id='word_1_342' title='bbox 1016 2915 1131 2983; x_wconf 89' lang='lat' dir='ltr'><strong>ipsa</strong></span> <span class='ocrx_word' id='word_1_343' title='bbox 1162 2919 1457 2968; x_wconf 77' lang='lat' dir='ltr'><strong>eventuum</strong></span> <span class='ocrx_word' id='word_1_344' title='bbox 1507 2910 1793 2978; x_wconf 76' lang='lat' dir='ltr'><strong>experien-</strong></span> 
     </span>
    </p>
   </div>
   <div class='ocr_carea' id='block_1_44' title="bbox 216 3001 1793 3081">
    <p class='ocr_par' dir='ltr' id='par_1_44' title="bbox 216 3001 1793 3081">
     <span class='ocr_line' id='line_1_44' title="bbox 216 3001 1793 3081; baseline -0.006 -16"><span class='ocrx_word' id='word_1_345' title='bbox 216 3015 285 3067; x_wconf 90' lang='lat' dir='ltr'><strong>tia</strong></span> <span class='ocrx_word' id='word_1_346' title='bbox 316 3026 540 3081; x_wconf 84' lang='lat' dir='ltr'><strong>semper</strong></span> <span class='ocrx_word' id='word_1_347' title='bbox 570 3010 766 3064; x_wconf 89' lang='lat' dir='ltr'><strong>deinde</strong></span> <span class='ocrx_word' id='word_1_348' title='bbox 819 3008 1176 3073; x_wconf 73' lang='lat' dir='ltr'><strong>suffragante.</strong></span> <span class='ocrx_word' id='word_1_349' title='bbox 1229 3003 1403 3057; x_wconf 84' lang='lat' dir='ltr'><strong>Porro</strong></span> <span class='ocrx_word' id='word_1_350' title='bbox 1436 3001 1793 3071; x_wconf 74' lang='lat' dir='ltr'><strong>praesentibus</strong></span> 
     </span>
    </p>
   </div>
   <div class='ocr_carea' id='block_1_45' title="bbox 212 3092 1789 3157">
    <p class='ocr_par' dir='ltr' id='par_1_45' title="bbox 212 3092 1789 3157">
     <span class='ocr_line' id='line_1_45' title="bbox 212 3092 1789 3157; baseline -0.008 -1"><span class='ocrx_word' id='word_1_351' title='bbox 212 3107 487 3157; x_wconf 83' lang='lat' dir='ltr'><strong>duntaxat</strong></span> <span class='ocrx_word' id='word_1_352' title='bbox 541 3104 819 3154; x_wconf 87' lang='lat' dir='ltr'><strong>attendere</strong></span> <span class='ocrx_word' id='word_1_353' title='bbox 879 3100 1069 3151; x_wconf 88' lang='lat' dir='ltr'><strong>inertis</strong></span> <span class='ocrx_word' id='word_1_354' title='bbox 1108 3106 1190 3151; x_wconf 90' lang='lat' dir='ltr'><strong>est</strong></span> <span class='ocrx_word' id='word_1_355' title='bbox 1231 3095 1396 3150; x_wconf 88' lang='lat' dir='ltr'><strong>animi</strong></span> <span class='ocrx_word' id='word_1_356' title='bbox 1430 3103 1485 3147; x_wconf 86' lang='lat' dir='ltr'><strong>et</strong></span> <span class='ocrx_word' id='word_1_357' title='bbox 1541 3094 1607 3145; x_wconf 89' lang='lat' dir='ltr'><strong>ad</strong></span> <span class='ocrx_word' id='word_1_358' title='bbox 1664 3092 1789 3147; x_wconf 89' lang='lat' dir='ltr'><strong>boni</strong></span> 
     </span>
    </p>
   </div>
   <div class='ocr_carea' id='block_1_46' title="bbox 213 3185 1790 3264">
    <p class='ocr_par' dir='ltr' id='par_1_46' title="bbox 213 3185 1790 3264">
     <span class='ocr_line' id='line_1_46' title="bbox 213 3185 1790 3264; baseline -0.004 -20"><span class='ocrx_word' id='word_1_359' title='bbox 213 3194 658 3264; x_wconf 62' lang='lat' dir='ltr'><strong>prosecutionem</strong></span> <span class='ocrx_word' id='word_1_360' title='bbox 724 3192 934 3245; x_wconf 82' lang='lat' dir='ltr'><strong>inﬁrma</strong></span> <span class='ocrx_word' id='word_1_361' title='bbox 1011 3192 1326 3258; x_wconf 88' lang='lat' dir='ltr'><strong>incertaque</strong></span> <span class='ocrx_word' id='word_1_362' title='bbox 1383 3185 1790 3251; x_wconf 77' lang='lat' dir='ltr'><strong>languescentis</strong></span> 
     </span>
    </p>
   </div>
   <div class='ocr_carea' id='block_1_47' title="bbox 217 3275 1795 3350">
    <p class='ocr_par' dir='ltr' id='par_1_47' title="bbox 217 3275 1795 3350">
     <span class='ocr_line' id='line_1_47' title="bbox 217 3275 1795 3350; baseline -0.004 -15"><span class='ocrx_word' id='word_1_363' title='bbox 217 3289 519 3339; x_wconf 74' lang='lat' dir='ltr'><strong>voluntate.</strong></span> <span class='ocrx_word' id='word_1_364' title='bbox 558 3283 884 3350; x_wconf 86' lang='lat' dir='ltr'><strong>Prospectus</strong></span> <span class='ocrx_word' id='word_1_365' title='bbox 932 3294 1059 3333; x_wconf 85' lang='lat' dir='ltr'><strong>vero</strong></span> <span class='ocrx_word' id='word_1_366' title='bbox 1108 3278 1296 3341; x_wconf 81' lang='lat' dir='ltr'><strong>futuri,</strong></span> <span class='ocrx_word' id='word_1_367' title='bbox 1323 3289 1378 3332; x_wconf 88' lang='lat' dir='ltr'><strong>et</strong></span> <span class='ocrx_word' id='word_1_368' title='bbox 1429 3275 1795 3332; x_wconf 81' lang='lat' dir='ltr'><strong>verisitniliter</strong></span> 
     </span>
    </p>
   </div>
   <div class='ocr_carea' id='block_1_48' title="bbox 216 3371 1794 3446">
    <p class='ocr_par' dir='ltr' id='par_1_48' title="bbox 216 3371 1794 3446">
     <span class='ocr_line' id='line_1_48' title="bbox 216 3371 1794 3446; baseline -0.007 -14"><span class='ocrx_word' id='word_1_369' title='bbox 216 3380 709 3446; x_wconf 75' lang='lat' dir='ltr'><strong>exspectandorum</strong></span> <span class='ocrx_word' id='word_1_370' title='bbox 735 3380 1063 3439; x_wconf 70' lang='grc' dir='ltr'>ργςῐ-ςιιιιψιο</span> <span class='ocrx_word' id='word_1_371' title='bbox 1098 3371 1407 3424; x_wconf 86' lang='lat' dir='ltr'><strong>sollicitudo</strong></span> <span class='ocrx_word' id='word_1_372' title='bbox 1423 3383 1794 3430; x_wconf 78' lang='lat' dir='ltr'><strong>succcssuum,</strong></span> 
     </span>
    </p>
   </div>
   <div class='ocr_carea' id='block_1_49' title="bbox 215 3462 1798 3539">
    <p class='ocr_par' dir='ltr' id='par_1_49' title="bbox 215 3462 1798 3539">
     <span class='ocr_line' id='line_1_49' title="bbox 215 3462 1798 3539; baseline -0.008 -15"><span class='ocrx_word' id='word_1_373' title='bbox 215 3485 473 3539; x_wconf 79' lang='lat' dir='ltr'><strong>can-pum</strong></span> <span class='ocrx_word' id='word_1_374' title='bbox 517 3468 623 3520; x_wconf 82' lang='lat' dir='ltr'><strong>late</strong></span> <span class='ocrx_word' id='word_1_375' title='bbox 656 3466 859 3533; x_wconf 67' lang='lat' dir='ltr'><strong>detegit</strong></span> <span class='ocrx_word' id='word_1_376' title='bbox 905 3462 1477 3530; x_wconf 66' lang='lat' dir='ltr'><strong>oenlisuploralricis</strong></span> <span class='ocrx_word' id='word_1_377' title='bbox 1509 3462 1798 3528; x_wconf 79' lang='lat' dir='ltr'><strong>providen-</strong></span> 
     </span>
    </p>
   </div>
   <div class='ocr_carea' id='block_1_50' title="bbox 218 3552 1799 3628">
    <p class='ocr_par' dir='ltr' id='par_1_50' title="bbox 218 3552 1799 3628">
     <span class='ocr_line' id='line_1_50' title="bbox 218 3552 1799 3628; baseline -0.007 -13"><span class='ocrx_word' id='word_1_378' title='bbox 218 3566 327 3626; x_wconf 64' lang='lat' dir='ltr'><strong>lim,</strong></span> <span class='ocrx_word' id='word_1_379' title='bbox 357 3562 522 3628; x_wconf 84' lang='lat' dir='ltr'><strong>eique</strong></span> <span class='ocrx_word' id='word_1_380' title='bbox 553 3560 709 3625; x_wconf 75' lang='lat' dir='ltr'><strong>lange</strong></span> <span class='ocrx_word' id='word_1_381' title='bbox 738 3557 1039 3607; x_wconf 65' lang='lat' dir='ltr'><strong>eottsnlenti</strong></span> <span class='ocrx_word' id='word_1_382' title='bbox 1067 3555 1240 3606; x_wconf 83' lang='lat' dir='ltr'><strong>nullas</strong></span> <span class='ocrx_word' id='word_1_383' title='bbox 1272 3552 1493 3605; x_wconf 80' lang='lat' dir='ltr'><strong>umbras</strong></span> <span class='ocrx_word' id='word_1_384' title='bbox 1521 3564 1609 3603; x_wconf 85' lang='lat' dir='ltr'><strong>aut</strong></span> <span class='ocrx_word' id='word_1_385' title='bbox 1632 3567 1799 3605; x_wconf 65' lang='lat' dir='ltr'><strong>meras</strong></span> 
     </span>
    </p>
   </div>
   <div class='ocr_carea' id='block_1_51' title="bbox 220 3647 1797 3720">
    <p class='ocr_par' dir='ltr' id='par_1_51' title="bbox 220 3647 1797 3720">
     <span class='ocr_line' id='line_1_51' title="bbox 220 3647 1797 3720; baseline -0.004 -15"><span class='ocrx_word' id='word_1_386' title='bbox 220 3656 487 3714; x_wconf 78' lang='lat' dir='ltr'><strong>latebras,</strong></span> <span class='ocrx_word' id='word_1_387' title='bbox 517 3652 715 3720; x_wconf 86' lang='lat' dir='ltr'><strong>quibus</strong></span> <span class='ocrx_word' id='word_1_388' title='bbox 764 3647 1007 3716; x_wconf 76' lang='lat' dir='ltr'><strong>suspicio</strong></span> <span class='ocrx_word' id='word_1_389' title='bbox 1049 3648 1270 3699; x_wconf 80' lang='lat' dir='ltr'><strong>subesse</strong></span> <span class='ocrx_word' id='word_1_390' title='bbox 1308 3647 1627 3700; x_wconf 85' lang='lat' dir='ltr'><strong>insidiarum</strong></span> <span class='ocrx_word' id='word_1_391' title='bbox 1658 3661 1797 3714; x_wconf 67' lang='lat' dir='ltr'><strong>pos~</strong></span> 
     </span>
    </p>
   </div>
   <div class='ocr_carea' id='block_1_52' title="bbox 218 3736 1799 3807">
    <p class='ocr_par' dir='ltr' id='par_1_52' title="bbox 218 3736 1799 3807">
     <span class='ocr_line' id='line_1_52' title="bbox 218 3736 1799 3807; baseline -0.005 -9"><span class='ocrx_word' id='word_1_392' title='bbox 218 3747 311 3807; x_wconf 85' lang='lat' dir='ltr'><strong>sit,</strong></span> <span class='ocrx_word' id='word_1_393' title='bbox 361 3743 500 3795; x_wconf 81' lang='lat' dir='ltr'><strong>nihil</strong></span> <span class='ocrx_word' id='word_1_394' title='bbox 550 3741 843 3794; x_wconf 90' lang='lat' dir='ltr'><strong>obscurum</strong></span> <span class='ocrx_word' id='word_1_395' title='bbox 873 3752 935 3791; x_wconf 87' lang='lat' dir='ltr'><strong>ac</strong></span> <span class='ocrx_word' id='word_1_396' title='bbox 970 3753 1075 3789; x_wconf 91' lang='lat' dir='ltr'><strong>non</strong></span> <span class='ocrx_word' id='word_1_397' title='bbox 1108 3736 1254 3790; x_wconf 84' lang='lat' dir='ltr'><strong>clare</strong></span> <span class='ocrx_word' id='word_1_398' title='bbox 1289 3748 1634 3806; x_wconf 83' lang='lat' dir='ltr'><strong>perspectum</strong></span> <span class='ocrx_word' id='word_1_399' title='bbox 1675 3750 1799 3790; x_wconf 87' lang='lat' dir='ltr'><strong>esse</strong></span> 
     </span>
    </p>
   </div>
   <div class='ocr_carea' id='block_1_53' title="bbox 218 3829 1797 3897">
    <p class='ocr_par' dir='ltr' id='par_1_53' title="bbox 218 3829 1797 3897">
     <span class='ocr_line' id='line_1_53' title="bbox 218 3829 1797 3897; baseline -0.004 -10"><span class='ocrx_word' id='word_1_400' title='bbox 218 3839 373 3889; x_wconf 69' lang='lat' dir='ltr'><strong>sinit.</strong></span> <span class='ocrx_word' id='word_1_401' title='bbox 411 3836 489 3886; x_wconf 77' lang='lat' dir='ltr'><strong>Ac</strong></span> <span class='ocrx_word' id='word_1_402' title='bbox 537 3832 691 3885; x_wconf 82' lang='lat' dir='ltr'><strong>vobis</strong></span> <span class='ocrx_word' id='word_1_403' title='bbox 723 3832 936 3897; x_wconf 82' lang='lat' dir='ltr'><strong>quidem</strong></span> <span class='ocrx_word' id='word_1_404' title='bbox 974 3832 1016 3881; x_wconf 92' lang='lat' dir='ltr'><strong>si</strong></span> <span class='ocrx_word' id='word_1_405' title='bbox 1060 3845 1087 3880; x_wconf 91' lang='lat' dir='ltr'><strong>a</strong></span> <span class='ocrx_word' id='word_1_406' title='bbox 1122 3830 1391 3896; x_wconf 86' lang='lat' dir='ltr'><strong>principio</strong></span> <span class='ocrx_word' id='word_1_407' title='bbox 1440 3829 1691 3882; x_wconf 77' lang='lat' dir='ltr'><strong>hostilem</strong></span> <span class='ocrx_word' id='word_1_408' title='bbox 1746 3829 1797 3881; x_wconf 87' lang='lat' dir='ltr'><strong>itt</strong></span> 
     </span>
    </p>
   </div>
   <div class='ocr_carea' id='block_1_54' title="bbox 219 3922 1802 3993">
    <p class='ocr_par' dir='ltr' id='par_1_54' title="bbox 219 3922 1802 3993">
     <span class='ocr_line' id='line_1_54' title="bbox 219 3922 1802 3993; baseline -0.003 -12"><span class='ocrx_word' id='word_1_409' title='bbox 219 3945 316 3982; x_wconf 84' lang='lat' dir='ltr'><strong>nos</strong></span> <span class='ocrx_word' id='word_1_410' title='bbox 352 3927 599 3979; x_wconf 85' lang='lat' dir='ltr'><strong>animum</strong></span> <span class='ocrx_word' id='word_1_411' title='bbox 653 3922 914 3993; x_wconf 78' lang='lat' dir='ltr'><strong>professis</strong></span> <span class='ocrx_word' id='word_1_412' title='bbox 961 3934 1244 3989; x_wconf 86' lang='lat' dir='ltr'><strong>susceptus</strong></span> <span class='ocrx_word' id='word_1_413' title='bbox 1288 3922 1584 3976; x_wconf 84' lang='lat' dir='ltr'><strong>deliberate</strong></span> <span class='ocrx_word' id='word_1_414' title='bbox 1610 3922 1802 3976; x_wconf 76' lang='lat' dir='ltr'><strong>luisset</strong></span> 
     </span>
    </p>
   </div>
   <div class='ocr_carea' id='block_1_55' title="bbox 221 4014 1798 4089">
    <p class='ocr_par' dir='ltr' id='par_1_55' title="bbox 221 4014 1798 4089">
     <span class='ocr_line' id='line_1_55' title="bbox 221 4014 1798 4089; baseline -0.003 -17"><span class='ocrx_word' id='word_1_415' title='bbox 221 4022 462 4089; x_wconf 86' lang='lat' dir='ltr'><strong>impetus</strong></span> <span class='ocrx_word' id='word_1_416' title='bbox 489 4029 664 4070; x_wconf 88' lang='lat' dir='ltr'><strong>terras</strong></span> <span class='ocrx_word' id='word_1_417' title='bbox 686 4015 1052 4069; x_wconf 82' lang='lat' dir='ltr'><strong>Romanorum</strong></span> <span class='ocrx_word' id='word_1_418' title='bbox 1079 4029 1240 4066; x_wconf 89' lang='lat' dir='ltr'><strong>manu</strong></span> <span class='ocrx_word' id='word_1_419' title='bbox 1262 4025 1468 4066; x_wconf 88' lang='lat' dir='ltr'><strong>armata</strong></span> <span class='ocrx_word' id='word_1_420' title='bbox 1491 4014 1798 4073; x_wconf 87' lang='lat' dir='ltr'><strong>invadendi.</strong></span> 
     </span>
    </p>
   </div>
   <div class='ocr_carea' id='block_1_56' title="bbox 218 4104 1797 4180">
    <p class='ocr_par' dir='ltr' id='par_1_56' title="bbox 218 4104 1797 4180">
     <span class='ocr_line' id='line_1_56' title="bbox 218 4104 1797 4180; baseline -0.004 -18"><span class='ocrx_word' id='word_1_421' title='bbox 218 4112 372 4180; x_wconf 80' lang='lat' dir='ltr'><strong>queri</strong></span> <span class='ocrx_word' id='word_1_422' title='bbox 402 4112 553 4179; x_wconf 76' lang='lat' dir='ltr'><strong>juste</strong></span> <span class='ocrx_word' id='word_1_423' title='bbox 581 4123 741 4161; x_wconf 88' lang='lat' dir='ltr'><strong>nemo</strong></span> <span class='ocrx_word' id='word_1_424' title='bbox 765 4117 969 4176; x_wconf 87' lang='lat' dir='ltr'><strong>posset.</strong></span> <span class='ocrx_word' id='word_1_425' title='bbox 998 4104 1149 4157; x_wconf 84' lang='lat' dir='ltr'><strong>Hand</strong></span> <span class='ocrx_word' id='word_1_426' title='bbox 1181 4108 1458 4160; x_wconf 88' lang='lat' dir='ltr'><strong>insuetum</strong></span> <span class='ocrx_word' id='word_1_427' title='bbox 1495 4116 1577 4159; x_wconf 87' lang='lat' dir='ltr'><strong>est</strong></span> <span class='ocrx_word' id='word_1_428' title='bbox 1601 4108 1797 4160; x_wconf 73' lang='lat' dir='ltr'><strong>etenim</strong></span> 
     </span>
    </p>
   </div>
   <div class='ocr_carea' id='block_1_57' title="bbox 223 4198 1798 4269">
    <p class='ocr_par' dir='ltr' id='par_1_57' title="bbox 223 4198 1798 4269">
     <span class='ocr_line' id='line_1_57' title="bbox 223 4198 1798 4269; baseline -0.004 -13"><span class='ocrx_word' id='word_1_429' title='bbox 223 4204 563 4263; x_wconf 80' lang='lat' dir='ltr'><strong>hominibus,</strong></span> <span class='ocrx_word' id='word_1_430' title='bbox 613 4198 916 4269; x_wconf 61' lang='lat' dir='ltr'><strong>praesertim</strong></span> <span class='ocrx_word' id='word_1_431' title='bbox 972 4199 1185 4266; x_wconf 82' lang='lat' dir='ltr'><strong>origine</strong></span> <span class='ocrx_word' id='word_1_432' title='bbox 1245 4200 1436 4254; x_wconf 85' lang='lat' dir='ltr'><strong>divisis</strong></span> <span class='ocrx_word' id='word_1_433' title='bbox 1463 4210 1516 4252; x_wconf 90' lang='lat' dir='ltr'><strong>et</strong></span> <span class='ocrx_word' id='word_1_434' title='bbox 1543 4215 1798 4268; x_wconf 83' lang='lat' dir='ltr'><strong>generum</strong></span> 
     </span>
    </p>
   </div>
   <div class='ocr_carea' id='block_1_58' title="bbox 223 4291 1804 4359">
    <p class='ocr_par' dir='ltr' id='par_1_58' title="bbox 223 4291 1804 4359">
     <span class='ocr_line' id='line_1_58' title="bbox 223 4291 1804 4359; baseline -0.004 -10"><span class='ocrx_word' id='word_1_435' title='bbox 223 4297 595 4353; x_wconf 84' lang='lat' dir='ltr'><strong>diversorum,</strong></span> <span class='ocrx_word' id='word_1_436' title='bbox 647 4291 909 4345; x_wconf 80' lang='lat' dir='ltr'><strong>dissidere</strong></span> <span class='ocrx_word' id='word_1_437' title='bbox 944 4291 1237 4344; x_wconf 81' lang='lat' dir='ltr'><strong>sententiis</strong></span> <span class='ocrx_word' id='word_1_438' title='bbox 1266 4292 1638 4359; x_wconf 80' lang='lat' dir='ltr'><strong>comtnittique</strong></span> <span class='ocrx_word' id='word_1_439' title='bbox 1664 4292 1804 4344; x_wconf 83' lang='lat' dir='ltr'><strong>odiis</strong></span> 
     </span>
    </p>
   </div>
   <div class='ocr_carea' id='block_1_59' title="bbox 222 4384 1803 4455">
    <p class='ocr_par' dir='ltr' id='par_1_59' title="bbox 222 4384 1803 4455">
     <span class='ocr_line' id='line_1_59' title="bbox 222 4384 1803 4455; baseline -0.004 -14"><span class='ocrx_word' id='word_1_440' title='bbox 222 4402 568 4455; x_wconf 71' lang='lat' dir='ltr'><strong>art-suosque</strong></span> <span class='ocrx_word' id='word_1_441' title='bbox 601 4384 734 4437; x_wconf 87' lang='lat' dir='ltr'><strong>istos</strong></span> <span class='ocrx_word' id='word_1_442' title='bbox 767 4399 959 4437; x_wconf 85' lang='lat' dir='ltr'><strong>sensus</strong></span> <span class='ocrx_word' id='word_1_443' title='bbox 990 4384 1274 4436; x_wconf 87' lang='lat' dir='ltr'><strong>conatibus</strong></span> <span class='ocrx_word' id='word_1_444' title='bbox 1306 4397 1627 4449; x_wconf 73' lang='lat' dir='ltr'><strong>expromere</strong></span> <span class='ocrx_word' id='word_1_445' title='bbox 1670 4384 1803 4435; x_wconf 80' lang='lat' dir='ltr'><strong>invi-</strong></span> 
     </span>
    </p>
   </div>
   <div class='ocr_carea' id='block_1_60' title="bbox 222 4475 1804 4544">
    <p class='ocr_par' dir='ltr' id='par_1_60' title="bbox 222 4475 1804 4544">
     <span class='ocr_line' id='line_1_60' title="bbox 222 4475 1804 4544; baseline 0 -15"><span class='ocrx_word' id='word_1_446' title='bbox 222 4498 335 4533; x_wconf 67' lang='grc' dir='ltr'>ριξιὲ</span> <span class='ocrx_word' id='word_1_447' title='bbox 389 4477 630 4532; x_wconf 74' lang='lat' dir='ltr'><strong>infestis.</strong></span> <span class='ocrx_word' id='word_1_448' title='bbox 671 4475 799 4530; x_wconf 84' lang='lat' dir='ltr'><strong>Jure</strong></span> <span class='ocrx_word' id='word_1_449' title='bbox 851 4476 1054 4544; x_wconf 81' lang='lat' dir='ltr'><strong>quippe</strong></span> <span class='ocrx_word' id='word_1_450' title='bbox 1092 4476 1367 4528; x_wconf 83' lang='lat' dir='ltr'><strong>communi</strong></span> <span class='ocrx_word' id='word_1_451' title='bbox 1423 4476 1570 4540; x_wconf 75' lang='lat' dir='ltr'><strong>genti</strong></span> <span class='ocrx_word' id='word_1_452' title='bbox 1629 4476 1804 4529; x_wconf 83' lang='lat' dir='ltr'><strong>Cuivis</strong></span> 
     </span>
    </p>
   </div>
   <div class='ocr_carea' id='block_1_61' title="bbox 1820 3231 1868 3295">
    <p class='ocr_par' dir='ltr' id='par_1_61' title="bbox 1820 3231 1868 3295">
     <span class='ocr_line' id='line_1_61' title="bbox 1820 3231 1868 3295; baseline 0 0"><span class='ocrx_word' id='word_1_453' title='bbox 1820 3231 1868 3295; x_wconf 77' lang='grc' dir='ltr'>Ο</span> 
     </span>
    </p>
   </div>
   <div class='ocr_carea' id='block_1_62' title="bbox 1902 1979 3479 2051">
    <p class='ocr_par' dir='ltr' id='par_1_62' title="bbox 1902 1979 3479 2051">
     <span class='ocr_line' id='line_1_62' title="bbox 1902 1979 3479 2051; baseline -0.003 -17"><span class='ocrx_word' id='word_1_454' title='bbox 1902 1983 2120 2051; x_wconf 79' lang='grc' dir='ltr'>κτροὺς,</span> <span class='ocrx_word' id='word_1_455' title='bbox 2144 1982 2212 2034; x_wconf 85' lang='grc' dir='ltr'><strong>τά</strong></span> <span class='ocrx_word' id='word_1_456' title='bbox 2246 1981 2345 2049; x_wconf 81' lang='grc' dir='ltr'>μὲν</span> <span class='ocrx_word' id='word_1_457' title='bbox 2371 1981 2614 2051; x_wconf 77' lang='grc' dir='ltr'>ἀνηλεῶς</span> <span class='ocrx_word' id='word_1_458' title='bbox 2634 1982 3024 2051; x_wconf 77' lang='grc' dir='ltr'>διεχρήσασθε,</span> <span class='ocrx_word' id='word_1_459' title='bbox 3057 1981 3185 2041; x_wconf 82' lang='grc' dir='ltr'>τοὺς</span> <span class='ocrx_word' id='word_1_460' title='bbox 3204 1979 3260 2031; x_wconf 76' lang='grc' dir='ltr'><strong>δὲ</strong></span> <span class='ocrx_word' id='word_1_461' title='bbox 3294 1981 3479 2032; x_wconf 82' lang='grc' dir='ltr'>πᾶσαν</span> 
     </span>
    </p>
   </div>
   <div class='ocr_carea' id='block_1_63' title="bbox 1904 2072 3479 2143">
    <p class='ocr_par' dir='ltr' id='par_1_63' title="bbox 1904 2072 3479 2143">
     <span class='ocr_line' id='line_1_63' title="bbox 1904 2072 3479 2143; baseline -0.001 -17"><span class='ocrx_word' id='word_1_462' title='bbox 1904 2075 2048 2127; x_wconf 85' lang='grc' dir='ltr'>ίὸἐαν</span> <span class='ocrx_word' id='word_1_463' title='bbox 2081 2072 2330 2143; x_wconf 76' lang='grc' dir='ltr'>βασάνων</span> <span class='ocrx_word' id='word_1_464' title='bbox 2368 2074 2669 2143; x_wconf 78' lang='grc' dir='ltr'>διενεγκεῖν</span> <span class='ocrx_word' id='word_1_465' title='bbox 2716 2076 3131 2140; x_wconf 80' lang='grc' dir='ltr'>ἀναγκάσαντες</span> <span class='ocrx_word' id='word_1_466' title='bbox 3157 2073 3351 2126; x_wconf 68' lang='grc' dir='ltr'>ἔπειτα</span> <span class='ocrx_word' id='word_1_467' title='bbox 3382 2075 3479 2125; x_wconf 67' lang='lat' dir='ltr'><strong>Ex-</strong></span> 
     </span>
    </p>
   </div>
   <div class='ocr_carea' id='block_1_64' title="bbox 1902 2165 3480 2239">
    <p class='ocr_par' dir='ltr' id='par_1_64' title="bbox 1902 2165 3480 2239">
     <span class='ocr_line' id='line_1_64' title="bbox 1902 2165 3480 2239; baseline 0.001 -21"><span class='ocrx_word' id='word_1_468' title='bbox 1902 2165 2079 2220; x_wconf 81' lang='grc' dir='ltr'>ποδῶν</span> <span class='ocrx_word' id='word_1_469' title='bbox 2104 2167 2324 2233; x_wconf 72' lang='grc' dir='ltr'>ἔθεσθες</span> <span class='ocrx_word' id='word_1_470' title='bbox 2362 2169 2427 2220; x_wconf 85' lang='grc' dir='ltr'>Τί</span> <span class='ocrx_word' id='word_1_471' title='bbox 2457 2170 2586 2237; x_wconf 85' lang='grc' dir='ltr'>ὑμῖν</span> <span class='ocrx_word' id='word_1_472' title='bbox 2619 2167 2714 2221; x_wconf 82' lang='grc' dir='ltr'>τοῦ</span> <span class='ocrx_word' id='word_1_473' title='bbox 2743 2170 3059 2239; x_wconf 81' lang='grc' dir='ltr'>πράκτορας</span> <span class='ocrx_word' id='word_1_474' title='bbox 3094 2167 3367 2222; x_wconf 85' lang='grc' dir='ltr'>τοσούτων</span> <span class='ocrx_word' id='word_1_475' title='bbox 3388 2184 3480 2236; x_wconf 64' lang='grc' dir='ltr'>γε-</span> 
     </span>
    </p>
   </div>
   <div class='ocr_carea' id='block_1_65' title="bbox 1901 2258 3481 2330">
    <p class='ocr_par' dir='ltr' id='par_1_65' title="bbox 1901 2258 3481 2330">
     <span class='ocr_line' id='line_1_65' title="bbox 1901 2258 3481 2330; baseline 0.002 -22"><span class='ocrx_word' id='word_1_476' title='bbox 1901 2258 2090 2311; x_wconf 82' lang='grc' dir='ltr'>νέσθαι</span> <span class='ocrx_word' id='word_1_477' title='bbox 2128 2259 2315 2311; x_wconf 82' lang='grc' dir='ltr'>κακῶν</span> <span class='ocrx_word' id='word_1_478' title='bbox 2357 2259 2562 2322; x_wconf 78' lang='grc' dir='ltr'>αίτιονς</span> <span class='ocrx_word' id='word_1_479' title='bbox 2618 2261 2836 2327; x_wconf 81' lang='grc' dir='ltr'>Καῖσαρ</span> <span class='ocrx_word' id='word_1_480' title='bbox 2888 2260 3158 2313; x_wconf 84' lang='grc' dir='ltr'>ἀπώλετο.</span> <span class='ocrx_word' id='word_1_481' title='bbox 3206 2259 3348 2311; x_wconf 77' lang='grc' dir='ltr'>Ἀλλ’</span> <span class='ocrx_word' id='word_1_482' title='bbox 3382 2260 3481 2330; x_wconf 77' lang='grc' dir='ltr'>οὐχ</span> 
     </span>
    </p>
   </div>
   <div class='ocr_carea' id='block_1_66' title="bbox 1902 2348 3474 2424">
    <p class='ocr_par' dir='ltr' id='par_1_66' title="bbox 1902 2348 3474 2424">
     <span class='ocr_line' id='line_1_66' title="bbox 1902 2348 3474 2424; baseline 0.003 -23"><span class='ocrx_word' id='word_1_483' title='bbox 1902 2351 2057 2419; x_wconf 71' lang='grc' dir='ltr'>ἡμῶν</span> <span class='ocrx_word' id='word_1_484' title='bbox 2092 2369 2150 2418; x_wconf 81' lang='grc' dir='ltr'><strong>γε</strong></span> <span class='ocrx_word' id='word_1_485' title='bbox 2182 2351 2465 2417; x_wconf 76' lang='grc' dir='ltr'>θελόντων,</span> <span class='ocrx_word' id='word_1_486' title='bbox 2519 2348 2659 2405; x_wconf 69' lang='grc' dir='ltr'>οἶδεν</span> <span class='ocrx_word' id='word_1_487' title='bbox 2690 2354 2718 2406; x_wconf 81' lang='grc' dir='ltr'>ὁ</span> <span class='ocrx_word' id='word_1_488' title='bbox 2770 2353 2927 2405; x_wconf 71' lang='grc' dir='ltr'>πάνθ’</span> <span class='ocrx_word' id='word_1_489' title='bbox 2974 2353 3117 2424; x_wconf 82' lang='grc' dir='ltr'>ὀρῶν</span> <span class='ocrx_word' id='word_1_490' title='bbox 3169 2352 3474 2424; x_wconf 70' lang='grc' dir='ltr'>ὀφθαλμός·</span> 
     </span>
    </p>
   </div>
   <div class='ocr_carea' id='block_1_67' title="bbox 1903 2535 3482 2609">
    <p class='ocr_par' dir='ltr' id='par_1_67' title="bbox 1903 2535 3482 2609">
     <span class='ocr_line' id='line_1_67' title="bbox 1903 2535 3482 2609; baseline 0.002 -19"><span class='ocrx_word' id='word_1_491' title='bbox 1903 2535 2423 2604; x_wconf 71' lang='lat' dir='ltr'><strong>avobls?Qttonam</strong></span> <span class='ocrx_word' id='word_1_492' title='bbox 2484 2552 2612 2592; x_wconf 88' lang='lat' dir='ltr'><strong>vero</strong></span> <span class='ocrx_word' id='word_1_493' title='bbox 2650 2553 2745 2594; x_wconf 85' lang='lat' dir='ltr'><strong>vos</strong></span> <span class='ocrx_word' id='word_1_494' title='bbox 2802 2538 3060 2608; x_wconf 81' lang='lat' dir='ltr'><strong>deinceps</strong></span> <span class='ocrx_word' id='word_1_495' title='bbox 3116 2547 3241 2609; x_wconf 75' lang='lat' dir='ltr'><strong>apto</strong></span> <span class='ocrx_word' id='word_1_496' title='bbox 3298 2540 3482 2608; x_wconf 75' lang='lat' dir='ltr'><strong>appel—</strong></span> 
     </span>
    </p>
   </div>
   <div class='ocr_carea' id='block_1_68' title="bbox 1903 2628 3468 2701">
    <p class='ocr_par' dir='ltr' id='par_1_68' title="bbox 1903 2628 3468 2701">
     <span class='ocr_line' id='line_1_68' title="bbox 1903 2628 3468 2701; baseline 0.002 -21"><span class='ocrx_word' id='word_1_497' title='bbox 1903 2628 2014 2682; x_wconf 87' lang='lat' dir='ltr'><strong>lare</strong></span> <span class='ocrx_word' id='word_1_498' title='bbox 2046 2633 2264 2685; x_wconf 87' lang='lat' dir='ltr'><strong>nomine</strong></span> <span class='ocrx_word' id='word_1_499' title='bbox 2316 2629 2535 2685; x_wconf 81' lang='lat' dir='ltr'><strong>licebit?</strong></span> <span class='ocrx_word' id='word_1_500' title='bbox 2583 2646 2651 2683; x_wconf 86' lang='lat' dir='ltr'><strong>an</strong></span> <span class='ocrx_word' id='word_1_501' title='bbox 2697 2634 2875 2689; x_wconf 77' lang='lat' dir='ltr'><strong>socios</strong></span> <span class='ocrx_word' id='word_1_502' title='bbox 2906 2632 3028 2701; x_wconf 91' lang='lat' dir='ltr'><strong>quis</strong></span> <span class='ocrx_word' id='word_1_503' title='bbox 3065 2630 3311 2686; x_wconf 75' lang='lat' dir='ltr'><strong>dixerit?</strong></span> <span class='ocrx_word' id='word_1_504' title='bbox 3360 2630 3468 2685; x_wconf 55' lang='lat' dir='ltr'><strong>Sed</strong></span> 
     </span>
    </p>
   </div>
   <div class='ocr_carea' id='block_1_69' title="bbox 1902 2722 3480 2795">
    <p class='ocr_par' dir='ltr' id='par_1_69' title="bbox 1902 2722 3480 2795">
     <span class='ocr_line' id='line_1_69' title="bbox 1902 2722 3480 2795; baseline 0.001 -22"><span class='ocrx_word' id='word_1_505' title='bbox 1902 2723 2054 2777; x_wconf 81' lang='lat' dir='ltr'><strong>vobis</strong></span> <span class='ocrx_word' id='word_1_506' title='bbox 2081 2724 2169 2777; x_wconf 90' lang='lat' dir='ltr'><strong>isti</strong></span> <span class='ocrx_word' id='word_1_507' title='bbox 2207 2722 2471 2777; x_wconf 88' lang='lat' dir='ltr'><strong>vocabulo</strong></span> <span class='ocrx_word' id='word_1_508' title='bbox 2522 2725 2839 2795; x_wconf 77' lang='lat' dir='ltr'><strong>przeeligere</strong></span> <span class='ocrx_word' id='word_1_509' title='bbox 2877 2724 3230 2779; x_wconf 76' lang='lat' dir='ltr'><strong>acerbitatem</strong></span> <span class='ocrx_word' id='word_1_510' title='bbox 3264 2722 3480 2778; x_wconf 74' lang='lat' dir='ltr'><strong>hostilis</strong></span> 
     </span>
    </p>
   </div>
   <div class='ocr_carea' id='block_1_70' title="bbox 1902 2815 3485 2887">
    <p class='ocr_par' dir='ltr' id='par_1_70' title="bbox 1902 2815 3485 2887">
     <span class='ocr_line' id='line_1_70' title="bbox 1902 2815 3485 2887; baseline 0 -18"><span class='ocrx_word' id='word_1_511' title='bbox 1902 2816 2137 2870; x_wconf 89' lang='lat' dir='ltr'><strong>nominis</strong></span> <span class='ocrx_word' id='word_1_512' title='bbox 2166 2816 2385 2884; x_wconf 83' lang='lat' dir='ltr'><strong>placuit.</strong></span> <span class='ocrx_word' id='word_1_513' title='bbox 2416 2815 2613 2871; x_wconf 84' lang='lat' dir='ltr'><strong>Hostes</strong></span> <span class='ocrx_word' id='word_1_514' title='bbox 2644 2816 2808 2887; x_wconf 79' lang='lat' dir='ltr'><strong>igitur</strong></span> <span class='ocrx_word' id='word_1_515' title='bbox 2838 2816 3127 2870; x_wconf 83' lang='lat' dir='ltr'><strong>vocemus?</strong></span> <span class='ocrx_word' id='word_1_516' title='bbox 3164 2815 3271 2870; x_wconf 68' lang='lat' dir='ltr'><strong>Sed</strong></span> <span class='ocrx_word' id='word_1_517' title='bbox 3303 2815 3485 2870; x_wconf 81' lang='lat' dir='ltr'><strong>obstat</strong></span> 
     </span>
    </p>
   </div>
   <div class='ocr_carea' id='block_1_71' title="bbox 1901 2909 3479 2978">
    <p class='ocr_par' dir='ltr' id='par_1_71' title="bbox 1901 2909 3479 2978">
     <span class='ocr_line' id='line_1_71' title="bbox 1901 2909 3479 2978; baseline 0.001 -19"><span class='ocrx_word' id='word_1_518' title='bbox 1901 2909 2064 2977; x_wconf 89' lang='lat' dir='ltr'><strong>quod,</strong></span> <span class='ocrx_word' id='word_1_519' title='bbox 2093 2923 2214 2963; x_wconf 89' lang='lat' dir='ltr'><strong>cum</strong></span> <span class='ocrx_word' id='word_1_520' title='bbox 2258 2924 2416 2964; x_wconf 89' lang='lat' dir='ltr'><strong>nemo</strong></span> <span class='ocrx_word' id='word_1_521' title='bbox 2449 2911 2636 2978; x_wconf 78' lang='lat' dir='ltr'><strong>utique</strong></span> <span class='ocrx_word' id='word_1_522' title='bbox 2669 2909 2922 2963; x_wconf 86' lang='lat' dir='ltr'><strong>mercede</strong></span> <span class='ocrx_word' id='word_1_523' title='bbox 2963 2923 3157 2978; x_wconf 84' lang='lat' dir='ltr'><strong>magna</strong></span> <span class='ocrx_word' id='word_1_524' title='bbox 3189 2909 3376 2963; x_wconf 85' lang='lat' dir='ltr'><strong>hostes</strong></span> <span class='ocrx_word' id='word_1_525' title='bbox 3411 2909 3479 2962; x_wconf 89' lang='lat' dir='ltr'><strong>ad</strong></span> 
     </span>
    </p>
   </div>
   <div class='ocr_carea' id='block_1_72' title="bbox 1901 3001 3485 3067">
    <p class='ocr_par' dir='ltr' id='par_1_72' title="bbox 1901 3001 3485 3067">
     <span class='ocr_line' id='line_1_72' title="bbox 1901 3001 3485 3067; baseline -0.001 -12"><span class='ocrx_word' id='word_1_526' title='bbox 1901 3002 2007 3055; x_wconf 86' lang='lat' dir='ltr'><strong>sibi</strong></span> <span class='ocrx_word' id='word_1_527' title='bbox 2042 3002 2341 3058; x_wconf 87' lang='lat' dir='ltr'><strong>nocendum</strong></span> <span class='ocrx_word' id='word_1_528' title='bbox 2380 3001 2731 3067; x_wconf 81' lang='lat' dir='ltr'><strong>conduxerit,</strong></span> <span class='ocrx_word' id='word_1_529' title='bbox 2757 3016 2855 3056; x_wconf 85' lang='lat' dir='ltr'><strong>vos</strong></span> <span class='ocrx_word' id='word_1_530' title='bbox 2902 3001 3110 3056; x_wconf 86' lang='lat' dir='ltr'><strong>accitos</strong></span> <span class='ocrx_word' id='word_1_531' title='bbox 3151 3016 3178 3055; x_wconf 87' lang='lat' dir='ltr'><strong>a</strong></span> <span class='ocrx_word' id='word_1_532' title='bbox 3221 3001 3381 3056; x_wconf 75' lang='lat' dir='ltr'><strong>nobis</strong></span> <span class='ocrx_word' id='word_1_533' title='bbox 3427 3012 3485 3054; x_wconf 85' lang='lat' dir='ltr'><strong>et</strong></span> 
     </span>
    </p>
   </div>
   <div class='ocr_carea' id='block_1_73' title="bbox 1902 3093 3481 3164">
    <p class='ocr_par' dir='ltr' id='par_1_73' title="bbox 1902 3093 3481 3164">
     <span class='ocr_line' id='line_1_73' title="bbox 1902 3093 3481 3164; baseline -0.001 -19"><span class='ocrx_word' id='word_1_534' title='bbox 1902 3093 2066 3163; x_wconf 88' lang='lat' dir='ltr'><strong>largis</strong></span> <span class='ocrx_word' id='word_1_535' title='bbox 2095 3104 2405 3148; x_wconf 84' lang='lat' dir='ltr'><strong>auctoratos</strong></span> <span class='ocrx_word' id='word_1_536' title='bbox 2449 3094 2738 3164; x_wconf 82' lang='lat' dir='ltr'><strong>stipendiis</strong></span> <span class='ocrx_word' id='word_1_537' title='bbox 2772 3094 2962 3149; x_wconf 89' lang='lat' dir='ltr'><strong>hostes</strong></span> <span class='ocrx_word' id='word_1_538' title='bbox 3003 3093 3109 3147; x_wconf 88' lang='lat' dir='ltr'><strong>dici</strong></span> <span class='ocrx_word' id='word_1_539' title='bbox 3156 3103 3349 3147; x_wconf 78' lang='lat' dir='ltr'><strong>contra</strong></span> <span class='ocrx_word' id='word_1_540' title='bbox 3395 3108 3481 3145; x_wconf 90' lang='lat' dir='ltr'><strong>ra-</strong></span> 
     </span>
    </p>
   </div>
   <div class='ocr_carea' id='block_1_74' title="bbox 1901 3180 3479 3255">
    <p class='ocr_par' dir='ltr' id='par_1_74' title="bbox 1901 3180 3479 3255">
     <span class='ocr_line' id='line_1_74' title="bbox 1901 3180 3479 3255; baseline -0.001 -15"><span class='ocrx_word' id='word_1_541' title='bbox 1901 3187 2101 3241; x_wconf 87' lang='lat' dir='ltr'><strong>tionem</strong></span> <span class='ocrx_word' id='word_1_542' title='bbox 2145 3200 2362 3241; x_wconf 88' lang='lat' dir='ltr'><strong>omnem</strong></span> <span class='ocrx_word' id='word_1_543' title='bbox 2397 3198 2500 3242; x_wconf 87' lang='lat' dir='ltr'><strong>est.</strong></span> <span class='ocrx_word' id='word_1_544' title='bbox 2546 3180 2712 3242; x_wconf 86' lang='lat' dir='ltr'><strong>Forie</strong></span> <span class='ocrx_word' id='word_1_545' title='bbox 2756 3186 3099 3255; x_wconf 87' lang='lat' dir='ltr'><strong>distinguens</strong></span> <span class='ocrx_word' id='word_1_546' title='bbox 3121 3185 3319 3255; x_wconf 83' lang='lat' dir='ltr'><strong>aliquis</strong></span> <span class='ocrx_word' id='word_1_547' title='bbox 3340 3198 3479 3239; x_wconf 85' lang='lat' dir='ltr'><strong>tern-</strong></span> 
     </span>
    </p>
   </div>
   <div class='ocr_carea' id='block_1_75' title="bbox 1903 3279 3480 3350">
    <p class='ocr_par' dir='ltr' id='par_1_75' title="bbox 1903 3279 3480 3350">
     <span class='ocr_line' id='line_1_75' title="bbox 1903 3279 3480 3350; baseline -0.001 -18"><span class='ocrx_word' id='word_1_548' title='bbox 1903 3295 2055 3350; x_wconf 85' lang='lat' dir='ltr'><strong>pora,</strong></span> <span class='ocrx_word' id='word_1_549' title='bbox 2090 3281 2239 3347; x_wconf 85' lang='lat' dir='ltr'><strong>prius</strong></span> <span class='ocrx_word' id='word_1_550' title='bbox 2289 3282 2470 3334; x_wconf 89' lang='lat' dir='ltr'><strong>socios</strong></span> <span class='ocrx_word' id='word_1_551' title='bbox 2502 3282 2672 3334; x_wconf 79' lang='lat' dir='ltr'><strong>fuisse</strong></span> <span class='ocrx_word' id='word_1_552' title='bbox 2704 3294 2822 3342; x_wconf 87' lang='lat' dir='ltr'><strong>vos,</strong></span> <span class='ocrx_word' id='word_1_553' title='bbox 2856 3279 3052 3334; x_wconf 87' lang='lat' dir='ltr'><strong>deinde</strong></span> <span class='ocrx_word' id='word_1_554' title='bbox 3097 3280 3321 3334; x_wconf 85' lang='lat' dir='ltr'><strong>mutatis</strong></span> <span class='ocrx_word' id='word_1_555' title='bbox 3361 3280 3480 3332; x_wconf 84' lang='lat' dir='ltr'><strong>atti-</strong></span> 
     </span>
    </p>
   </div>
   <div class='ocr_carea' id='block_1_76' title="bbox 1904 3374 3481 3442">
    <p class='ocr_par' dir='ltr' id='par_1_76' title="bbox 1904 3374 3481 3442">
     <span class='ocr_line' id='line_1_76' title="bbox 1904 3374 3481 3442; baseline 0.001 -17"><span class='ocrx_word' id='word_1_556' title='bbox 1904 3374 2006 3427; x_wconf 90' lang='lat' dir='ltr'><strong>mis</strong></span> <span class='ocrx_word' id='word_1_557' title='bbox 2039 3375 2208 3427; x_wconf 84' lang='lat' dir='ltr'><strong>factos</strong></span> <span class='ocrx_word' id='word_1_558' title='bbox 2241 3388 2360 3428; x_wconf 83' lang='lat' dir='ltr'><strong>esse</strong></span> <span class='ocrx_word' id='word_1_559' title='bbox 2396 3374 2581 3429; x_wconf 52' lang='lat' dir='ltr'><strong>hostes</strong></span> <span class='ocrx_word' id='word_1_560' title='bbox 2613 3374 2779 3429; x_wconf 82' lang='lat' dir='ltr'><strong>dicet.</strong></span> <span class='ocrx_word' id='word_1_561' title='bbox 2814 3374 2978 3442; x_wconf 80' lang='lat' dir='ltr'><strong>Atqui</strong></span> <span class='ocrx_word' id='word_1_562' title='bbox 3019 3374 3084 3427; x_wconf 87' lang='lat' dir='ltr'><strong>ad</strong></span> <span class='ocrx_word' id='word_1_563' title='bbox 3121 3385 3354 3429; x_wconf 83' lang='lat' dir='ltr'><strong>vestram</strong></span> <span class='ocrx_word' id='word_1_564' title='bbox 3393 3377 3481 3426; x_wconf 83' lang='lat' dir='ltr'><strong>ni-</strong></span> 
     </span>
    </p>
   </div>
   <div class='ocr_carea' id='block_1_77' title="bbox 1906 3464 3480 3536">
    <p class='ocr_par' dir='ltr' id='par_1_77' title="bbox 1906 3464 3480 3536">
     <span class='ocr_line' id='line_1_77' title="bbox 1906 3464 3480 3536; baseline 0.006 -21"><span class='ocrx_word' id='word_1_565' title='bbox 1906 3464 1976 3516; x_wconf 90' lang='lat' dir='ltr'><strong>hil</strong></span> <span class='ocrx_word' id='word_1_566' title='bbox 2029 3465 2131 3518; x_wconf 91' lang='lat' dir='ltr'><strong>hoc</strong></span> <span class='ocrx_word' id='word_1_567' title='bbox 2188 3467 2409 3536; x_wconf 84' lang='lat' dir='ltr'><strong>quidem</strong></span> <span class='ocrx_word' id='word_1_568' title='bbox 2479 3467 2677 3523; x_wconf 65' lang='lat' dir='ltr'><strong>foedius</strong></span> <span class='ocrx_word' id='word_1_569' title='bbox 2732 3484 3047 3523; x_wconf 73' lang='lat' dir='ltr'><strong>memorarr</strong></span> <span class='ocrx_word' id='word_1_570' title='bbox 3090 3472 3480 3526; x_wconf 87' lang='lat' dir='ltr'><strong>contumeliam</strong></span> 
     </span>
    </p>
   </div>
   <div class='ocr_carea' id='block_1_78' title="bbox 1902 3557 3482 3630">
    <p class='ocr_par' dir='ltr' id='par_1_78' title="bbox 1902 3557 3482 3630">
     <span class='ocr_line' id='line_1_78' title="bbox 1902 3557 3482 3630; baseline 0.006 -25"><span class='ocrx_word' id='word_1_571' title='bbox 1902 3566 2084 3621; x_wconf 84' lang='lat' dir='ltr'><strong>queat.</strong></span> <span class='ocrx_word' id='word_1_572' title='bbox 2116 3557 2253 3623; x_wconf 85' lang='lat' dir='ltr'><strong>Quid</strong></span> <span class='ocrx_word' id='word_1_573' title='bbox 2283 3560 2427 3611; x_wconf 89' lang='lat' dir='ltr'><strong>enim</strong></span> <span class='ocrx_word' id='word_1_574' title='bbox 2458 3562 2608 3614; x_wconf 82' lang='lat' dir='ltr'><strong>vobis</strong></span> <span class='ocrx_word' id='word_1_575' title='bbox 2646 3562 2807 3630; x_wconf 64' lang='lat' dir='ltr'><strong>oltjici</strong></span> <span class='ocrx_word' id='word_1_576' title='bbox 2839 3562 3084 3618; x_wconf 86' lang='lat' dir='ltr'><strong>odiosius</strong></span> <span class='ocrx_word' id='word_1_577' title='bbox 3113 3564 3198 3618; x_wconf 89' lang='lat' dir='ltr'><strong>vel</strong></span> <span class='ocrx_word' id='word_1_578' title='bbox 3236 3564 3303 3618; x_wconf 90' lang='lat' dir='ltr'><strong>ab</strong></span> <span class='ocrx_word' id='word_1_579' title='bbox 3334 3578 3482 3617; x_wconf 85' lang='lat' dir='ltr'><strong>ama-</strong></span> 
     </span>
    </p>
   </div>
   <div class='ocr_carea' id='block_1_79' title="bbox 1904 3647 3483 3721">
    <p class='ocr_par' dir='ltr' id='par_1_79' title="bbox 1904 3647 3483 3721">
     <span class='ocr_line' id='line_1_79' title="bbox 1904 3647 3483 3721; baseline 0.007 -25"><span class='ocrx_word' id='word_1_580' title='bbox 1904 3647 2138 3700; x_wconf 85' lang='lat' dir='ltr'><strong>rissimis</strong></span> <span class='ocrx_word' id='word_1_581' title='bbox 2187 3647 2651 3705; x_wconf 72' lang='lat' dir='ltr'><strong>obtreCtator-ihus</strong></span> <span class='ocrx_word' id='word_1_582' title='bbox 2702 3655 2871 3720; x_wconf 86' lang='lat' dir='ltr'><strong>possit</strong></span> <span class='ocrx_word' id='word_1_583' title='bbox 2901 3669 3065 3721; x_wconf 87' lang='lat' dir='ltr'><strong>quam</strong></span> <span class='ocrx_word' id='word_1_584' title='bbox 3101 3655 3202 3709; x_wconf 85' lang='lat' dir='ltr'><strong>llde</strong></span> <span class='ocrx_word' id='word_1_585' title='bbox 3234 3668 3329 3707; x_wconf 86' lang='lat' dir='ltr'><strong>vos</strong></span> <span class='ocrx_word' id='word_1_586' title='bbox 3373 3654 3483 3707; x_wconf 87' lang='lat' dir='ltr'><strong>l&#39;ra-</strong></span> 
     </span>
    </p>
   </div>
   <div class='ocr_carea' id='block_1_80' title="bbox 1905 3742 3483 3814">
    <p class='ocr_par' dir='ltr' id='par_1_80' title="bbox 1905 3742 3483 3814">
     <span class='ocr_line' id='line_1_80' title="bbox 1905 3742 3483 3814; baseline 0.006 -24"><span class='ocrx_word' id='word_1_587' title='bbox 1905 3748 2010 3804; x_wconf 90' lang='lat' dir='ltr'><strong>cta,</strong></span> <span class='ocrx_word' id='word_1_588' title='bbox 2034 3754 2194 3809; x_wconf 85' lang='lat' dir='ltr'><strong>quam</strong></span> <span class='ocrx_word' id='word_1_589' title='bbox 2241 3742 2428 3795; x_wconf 85' lang='lat' dir='ltr'><strong>amicis</strong></span> <span class='ocrx_word' id='word_1_590' title='bbox 2481 3745 3004 3814; x_wconf 86' lang='lat' dir='ltr'><strong>oppigneraveratis,</strong></span> <span class='ocrx_word' id='word_1_591' title='bbox 3038 3747 3294 3801; x_wconf 76' lang='lat' dir='ltr'><strong>maximis</strong></span> <span class='ocrx_word' id='word_1_592' title='bbox 3325 3748 3378 3801; x_wconf 90' lang='lat' dir='ltr'><strong>in</strong></span> <span class='ocrx_word' id='word_1_593' title='bbox 3409 3745 3483 3799; x_wconf 55' lang='lat' dir='ltr'><strong>si.</strong></span> 
     </span>
    </p>
   </div>
   <div class='ocr_carea' id='block_1_81' title="bbox 1907 3834 3481 3907">
    <p class='ocr_par' dir='ltr' id='par_1_81' title="bbox 1907 3834 3481 3907">
     <span class='ocr_line' id='line_1_81' title="bbox 1907 3834 3481 3907; baseline 0.006 -25"><span class='ocrx_word' id='word_1_594' title='bbox 1907 3846 2007 3884; x_wconf 88' lang='lat' dir='ltr'><strong>nus</strong></span> <span class='ocrx_word' id='word_1_595' title='bbox 2039 3846 2133 3897; x_wconf 88' lang='lat' dir='ltr'><strong>per</strong></span> <span class='ocrx_word' id='word_1_596' title='bbox 2189 3847 2379 3887; x_wconf 81' lang='lat' dir='ltr'><strong>ntanus</strong></span> <span class='ocrx_word' id='word_1_597' title='bbox 2425 3834 2638 3888; x_wconf 91' lang='lat' dir='ltr'><strong>illorum</strong></span> <span class='ocrx_word' id='word_1_598' title='bbox 2673 3846 2881 3892; x_wconf 88' lang='lat' dir='ltr'><strong>vestros</strong></span> <span class='ocrx_word' id='word_1_599' title='bbox 2916 3839 3300 3907; x_wconf 74' lang='lat' dir='ltr'><strong>largitionibus</strong></span> <span class='ocrx_word' id='word_1_600' title='bbox 3349 3839 3481 3893; x_wconf 71' lang='grc' dir='ltr'>επ...</span> 
     </span>
    </p>
   </div>
   <div class='ocr_carea' id='block_1_82' title="bbox 1904 3924 3479 4002">
    <p class='ocr_par' dir='ltr' id='par_1_82' title="bbox 1904 3924 3479 4002">
     <span class='ocr_line' id='line_1_82' title="bbox 1904 3924 3479 4002; baseline 0.004 -26"><span class='ocrx_word' id='word_1_601' title='bbox 1904 3924 1998 3985; x_wconf 86' lang='lat' dir='ltr'><strong>sis,</strong></span> <span class='ocrx_word' id='word_1_602' title='bbox 2061 3936 2282 3991; x_wconf 88' lang='lat' dir='ltr'><strong>repente</strong></span> <span class='ocrx_word' id='word_1_603' title='bbox 2342 3927 2635 3995; x_wconf 83' lang='lat' dir='ltr'><strong>depravata</strong></span> <span class='ocrx_word' id='word_1_604' title='bbox 2702 3929 2976 3985; x_wconf 84' lang='lat' dir='ltr'><strong>voluntate</strong></span> <span class='ocrx_word' id='word_1_605' title='bbox 3030 3932 3205 3986; x_wconf 72' lang='lat' dir='ltr'><strong>ltedus</strong></span> <span class='ocrx_word' id='word_1_606' title='bbox 3259 3933 3479 4002; x_wconf 88' lang='lat' dir='ltr'><strong>quidem</strong></span> 
     </span>
    </p>
   </div>
   <div class='ocr_carea' id='block_1_83' title="bbox 1906 4013 3483 4091">
    <p class='ocr_par' dir='ltr' id='par_1_83' title="bbox 1906 4013 3483 4091">
     <span class='ocr_line' id='line_1_83' title="bbox 1906 4013 3483 4091; baseline 0.006 -26"><span class='ocrx_word' id='word_1_607' title='bbox 1906 4013 2063 4067; x_wconf 81' lang='lat' dir='ltr'><strong>icisse</strong></span> <span class='ocrx_word' id='word_1_608' title='bbox 2096 4031 2218 4067; x_wconf 84' lang='lat' dir='ltr'><strong>cum</strong></span> <span class='ocrx_word' id='word_1_609' title='bbox 2273 4016 2525 4071; x_wconf 83' lang='lat' dir='ltr'><strong>hostibus</strong></span> <span class='ocrx_word' id='word_1_610' title='bbox 2554 4031 2746 4073; x_wconf 89' lang='lat' dir='ltr'><strong>contra</strong></span> <span class='ocrx_word' id='word_1_611' title='bbox 2790 4034 2932 4089; x_wconf 83' lang='lat' dir='ltr'><strong>quos</strong></span> <span class='ocrx_word' id='word_1_612' title='bbox 2978 4023 3152 4075; x_wconf 79' lang='lat' dir='ltr'><strong>vocati</strong></span> <span class='ocrx_word' id='word_1_613' title='bbox 3202 4022 3483 4091; x_wconf 81' lang='lat' dir='ltr'><strong>suppetias</strong></span> 
     </span>
    </p>
   </div>
   <div class='ocr_carea' id='block_1_84' title="bbox 1902 4104 3479 4181">
    <p class='ocr_par' dir='ltr' id='par_1_84' title="bbox 1902 4104 3479 4181">
     <span class='ocr_line' id='line_1_84' title="bbox 1902 4104 3479 4181; baseline 0.006 -26"><span class='ocrx_word' id='word_1_614' title='bbox 1902 4104 2090 4168; x_wconf 76' lang='lat' dir='ltr'><strong>eratis,</strong></span> <span class='ocrx_word' id='word_1_615' title='bbox 2137 4105 2428 4173; x_wconf 85' lang='lat' dir='ltr'><strong>conjuncta</strong></span> <span class='ocrx_word' id='word_1_616' title='bbox 2466 4123 2596 4162; x_wconf 90' lang='lat' dir='ltr'><strong>vero</strong></span> <span class='ocrx_word' id='word_1_617' title='bbox 2628 4124 2748 4162; x_wconf 90' lang='lat' dir='ltr'><strong>cum</strong></span> <span class='ocrx_word' id='word_1_618' title='bbox 2799 4110 2993 4165; x_wconf 90' lang='lat' dir='ltr'><strong>iisdem</strong></span> <span class='ocrx_word' id='word_1_619' title='bbox 3040 4110 3287 4166; x_wconf 89' lang='lat' dir='ltr'><strong>hostibus</strong></span> <span class='ocrx_word' id='word_1_620' title='bbox 3316 4127 3479 4181; x_wconf 89' lang='lat' dir='ltr'><strong>opera</strong></span> 
     </span>
    </p>
   </div>
   <div class='ocr_carea' id='block_1_85' title="bbox 1903 4197 3482 4271">
    <p class='ocr_par' dir='ltr' id='par_1_85' title="bbox 1903 4197 3482 4271">
     <span class='ocr_line' id='line_1_85' title="bbox 1903 4197 3482 4271; baseline 0.006 -24"><span class='ocrx_word' id='word_1_621' title='bbox 1903 4206 1955 4247; x_wconf 87' lang='lat' dir='ltr'><strong>et</strong></span> <span class='ocrx_word' id='word_1_622' title='bbox 1993 4197 2069 4248; x_wconf 79' lang='lat' dir='ltr'><strong>ira</strong></span> <span class='ocrx_word' id='word_1_623' title='bbox 2107 4204 2279 4251; x_wconf 85' lang='lat' dir='ltr'><strong>terras</strong></span> <span class='ocrx_word' id='word_1_624' title='bbox 2316 4199 2639 4265; x_wconf 88' lang='lat' dir='ltr'><strong>amicorum,</strong></span> <span class='ocrx_word' id='word_1_625' title='bbox 2678 4201 2742 4255; x_wconf 86' lang='lat' dir='ltr'><strong>ad</strong></span> <span class='ocrx_word' id='word_1_626' title='bbox 2786 4216 2924 4270; x_wconf 92' lang='lat' dir='ltr'><strong>quos</strong></span> <span class='ocrx_word' id='word_1_627' title='bbox 2955 4203 3229 4271; x_wconf 72' lang='lat' dir='ltr'><strong>iuvandos</strong></span> <span class='ocrx_word' id='word_1_628' title='bbox 3260 4218 3482 4257; x_wconf 85' lang='lat' dir='ltr'><strong>venera-</strong></span> 
     </span>
    </p>
   </div>
   <div class='ocr_carea' id='block_1_86' title="bbox 1909 4288 3479 4365">
    <p class='ocr_par' dir='ltr' id='par_1_86' title="bbox 1909 4288 3479 4365">
     <span class='ocr_line' id='line_1_86' title="bbox 1909 4288 3479 4365; baseline 0.005 -26"><span class='ocrx_word' id='word_1_629' title='bbox 1909 4289 1997 4343; x_wconf 92' lang='lat' dir='ltr'><strong>tis.</strong></span> <span class='ocrx_word' id='word_1_630' title='bbox 2031 4288 2122 4353; x_wconf 89' lang='lat' dir='ltr'><strong>qui</strong></span> <span class='ocrx_word' id='word_1_631' title='bbox 2160 4290 2335 4358; x_wconf 89' lang='lat' dir='ltr'><strong>ampla</strong></span> <span class='ocrx_word' id='word_1_632' title='bbox 2397 4291 2552 4345; x_wconf 86' lang='lat' dir='ltr'><strong>vobis</strong></span> <span class='ocrx_word' id='word_1_633' title='bbox 2588 4306 3010 4347; x_wconf 80' lang='lat' dir='ltr'><strong>numeraveram</strong></span> <span class='ocrx_word' id='word_1_634' title='bbox 3038 4296 3331 4363; x_wconf 82' lang='lat' dir='ltr'><strong>stipendia,</strong></span> <span class='ocrx_word' id='word_1_635' title='bbox 3360 4298 3479 4365; x_wconf 89' lang='lat' dir='ltr'><strong>pari</strong></span> 
     </span>
    </p>
   </div>
   <div class='ocr_carea' id='block_1_87' title="bbox 1912 4378 3484 4455">
    <p class='ocr_par' dir='ltr' id='par_1_87' title="bbox 1912 4378 3484 4455">
     <span class='ocr_line' id='line_1_87' title="bbox 1912 4378 3484 4455; baseline 0.006 -25"><span class='ocrx_word' id='word_1_636' title='bbox 1912 4378 2095 4434; x_wconf 81' lang='lat' dir='ltr'><strong>furore</strong></span> <span class='ocrx_word' id='word_1_637' title='bbox 2129 4383 2484 4437; x_wconf 76' lang='lat' dir='ltr'><strong>tlcvastasse?</strong></span> <span class='ocrx_word' id='word_1_638' title='bbox 2540 4385 2693 4453; x_wconf 81' lang='lat' dir='ltr'><strong>Agite</strong></span> <span class='ocrx_word' id='word_1_639' title='bbox 2731 4386 2987 4454; x_wconf 72' lang='lat' dir='ltr'><strong>proferte,</strong></span> <span class='ocrx_word' id='word_1_640' title='bbox 3021 4390 3065 4441; x_wconf 89' lang='lat' dir='ltr'><strong>si</strong></span> <span class='ocrx_word' id='word_1_641' title='bbox 3114 4387 3242 4455; x_wconf 92' lang='lat' dir='ltr'><strong>quid</strong></span> <span class='ocrx_word' id='word_1_642' title='bbox 3272 4388 3484 4441; x_wconf 86' lang='lat' dir='ltr'><strong>habetis</strong></span> 
     </span>
    </p>
   </div>
   <div class='ocr_carea' id='block_1_88' title="bbox 1910 4473 3485 4547">
    <p class='ocr_par' dir='ltr' id='par_1_88' title="bbox 1910 4473 3485 4547">
     <span class='ocr_line' id='line_1_88' title="bbox 1910 4473 3485 4547; baseline 0.005 -23"><span class='ocrx_word' id='word_1_643' title='bbox 1910 4473 1962 4525; x_wconf 89' lang='lat' dir='ltr'><strong>in</strong></span> <span class='ocrx_word' id='word_1_644' title='bbox 1994 4475 2401 4528; x_wconf 76' lang='lat' dir='ltr'><strong>excusationem</strong></span> <span class='ocrx_word' id='word_1_645' title='bbox 2430 4485 2693 4544; x_wconf 84' lang='lat' dir='ltr'><strong>vestram,</strong></span> <span class='ocrx_word' id='word_1_646' title='bbox 2722 4494 2830 4546; x_wconf 90' lang='lat' dir='ltr'><strong>quo</strong></span> <span class='ocrx_word' id='word_1_647' title='bbox 2855 4479 3147 4532; x_wconf 79' lang='lat' dir='ltr'><strong>videamini</strong></span> <span class='ocrx_word' id='word_1_648' title='bbox 3178 4479 3260 4533; x_wconf 79' lang='lat' dir='ltr'><strong>vel</strong></span> <span class='ocrx_word' id='word_1_649' title='bbox 3290 4479 3341 4532; x_wconf 91' lang='lat' dir='ltr'><strong>in</strong></span> <span class='ocrx_word' id='word_1_650' title='bbox 3366 4493 3485 4547; x_wconf 79' lang='lat' dir='ltr'><strong>Spe-</strong></span> 
     </span>
    </p>
   </div>
   <div class='ocr_carea' id='block_1_89' title="bbox 224 4564 3484 4640">
    <p class='ocr_par' dir='ltr' id='par_1_89' title="bbox 224 4564 3484 4640">
     <span class='ocr_line' id='line_1_89' title="bbox 224 4564 3484 4640; baseline -0.001 -14"><span class='ocrx_word' id='word_1_651' title='bbox 224 4576 345 4628; x_wconf 80' lang='lat' dir='ltr'><strong>licet</strong></span> <span class='ocrx_word' id='word_1_652' title='bbox 382 4582 476 4625; x_wconf 87' lang='lat' dir='ltr'><strong>aut</strong></span> <span class='ocrx_word' id='word_1_653' title='bbox 506 4584 691 4639; x_wconf 85' lang='lat' dir='ltr'><strong>pacem</strong></span> <span class='ocrx_word' id='word_1_654' title='bbox 727 4581 849 4619; x_wconf 87' lang='lat' dir='ltr'><strong>cum</strong></span> <span class='ocrx_word' id='word_1_655' title='bbox 884 4566 986 4617; x_wconf 89' lang='lat' dir='ltr'><strong>alia</strong></span> <span class='ocrx_word' id='word_1_656' title='bbox 1019 4566 1196 4619; x_wconf 82' lang='lat' dir='ltr'><strong>Colere</strong></span> <span class='ocrx_word' id='word_1_657' title='bbox 1227 4574 1319 4616; x_wconf 85' lang='lat' dir='ltr'><strong>aut</strong></span> <span class='ocrx_word' id='word_1_658' title='bbox 1368 4564 1510 4618; x_wconf 85' lang='lat' dir='ltr'><strong>bello</strong></span> <span class='ocrx_word' id='word_1_659' title='bbox 1548 4569 1795 4619; x_wconf 84' lang='lat' dir='ltr'><strong>eamdem</strong></span> <span class='ocrx_word' id='word_1_660' title='bbox 1834 4580 1880 4637; x_wconf 79' lang='grc' dir='ltr'><strong>υ</strong></span> <span class='ocrx_word' id='word_1_661' title='bbox 1906 4566 2042 4620; x_wconf 81' lang='lat' dir='ltr'><strong>ciem</strong></span> <span class='ocrx_word' id='word_1_662' title='bbox 2088 4566 2379 4622; x_wconf 79' lang='lat' dir='ltr'><strong>defendere</strong></span> <span class='ocrx_word' id='word_1_663' title='bbox 2448 4567 2658 4623; x_wconf 82' lang='lat' dir='ltr'><strong>facinus</strong></span> <span class='ocrx_word' id='word_1_664' title='bbox 2712 4570 2813 4624; x_wconf 89' lang='lat' dir='ltr'><strong>hoc</strong></span> <span class='ocrx_word' id='word_1_665' title='bbox 2863 4582 3127 4635; x_wconf 87' lang='lat' dir='ltr'><strong>vestrttm,</strong></span> <span class='ocrx_word' id='word_1_666' title='bbox 3186 4586 3294 4640; x_wconf 92' lang='lat' dir='ltr'><strong>quo</strong></span> <span class='ocrx_word' id='word_1_667' title='bbox 3324 4570 3484 4624; x_wconf 86' lang='lat' dir='ltr'><strong>Chri—</strong></span> 
     </span>
    </p>
   </div>
   <div class='ocr_carea' id='block_1_90' title="bbox 224 4657 1801 4735">
    <p class='ocr_par' dir='ltr' id='par_1_90' title="bbox 224 4657 1801 4735">
     <span class='ocr_line' id='line_1_90' title="bbox 224 4657 1801 4735; baseline -0.006 -18"><span class='ocrx_word' id='word_1_668' title='bbox 224 4678 561 4735; x_wconf 82' lang='lat' dir='ltr'><strong>oppuguare.</strong></span> <span class='ocrx_word' id='word_1_669' title='bbox 600 4660 890 4727; x_wconf 81' lang='lat' dir='ltr'><strong>Postquam</strong></span> <span class='ocrx_word' id='word_1_670' title='bbox 934 4668 1112 4710; x_wconf 87' lang='lat' dir='ltr'><strong>autem</strong></span> <span class='ocrx_word' id='word_1_671' title='bbox 1154 4658 1221 4708; x_wconf 86' lang='lat' dir='ltr'><strong>ad</strong></span> <span class='ocrx_word' id='word_1_672' title='bbox 1265 4657 1639 4710; x_wconf 76' lang='lat' dir='ltr'><strong>auxiliandum</strong></span> <span class='ocrx_word' id='word_1_673' title='bbox 1704 4674 1801 4709; x_wconf 87' lang='lat' dir='ltr'><strong>no-</strong></span> 
     </span>
    </p>
   </div>
   <div class='ocr_carea' id='block_1_91' title="bbox 226 4750 1804 4817">
    <p class='ocr_par' dir='ltr' id='par_1_91' title="bbox 226 4750 1804 4817">
     <span class='ocr_line' id='line_1_91' title="bbox 226 4750 1804 4817; baseline -0.004 -7"><span class='ocrx_word' id='word_1_674' title='bbox 226 4761 305 4813; x_wconf 84' lang='lat' dir='ltr'><strong>bis</strong></span> <span class='ocrx_word' id='word_1_675' title='bbox 346 4756 676 4810; x_wconf 69' lang='lat' dir='ltr'><strong>bellantibus</strong></span> <span class='ocrx_word' id='word_1_676' title='bbox 734 4752 908 4802; x_wconf 70' lang='lat' dir='ltr'><strong>vocati</strong></span> <span class='ocrx_word' id='word_1_677' title='bbox 947 4750 1133 4803; x_wconf 85' lang='lat' dir='ltr'><strong>hostes</strong></span> <span class='ocrx_word' id='word_1_678' title='bbox 1190 4765 1286 4802; x_wconf 84' lang='lat' dir='ltr'><strong>vos</strong></span> <span class='ocrx_word' id='word_1_679' title='bbox 1334 4750 1520 4802; x_wconf 81' lang='lat' dir='ltr'><strong>Statim</strong></span> <span class='ocrx_word' id='word_1_680' title='bbox 1588 4751 1804 4817; x_wconf 82' lang='lat' dir='ltr'><strong>injuriis</strong></span> 
     </span>
    </p>
   </div>
   <div class='ocr_carea' id='block_1_92' title="bbox 228 4840 1800 4914">
    <p class='ocr_par' dir='ltr' id='par_1_92' title="bbox 228 4840 1800 4914">
     <span class='ocr_line' id='line_1_92' title="bbox 228 4840 1800 4914; baseline -0.006 -11"><span class='ocrx_word' id='word_1_681' title='bbox 228 4850 530 4907; x_wconf 83' lang='lat' dir='ltr'><strong>atrocibus,</strong></span> <span class='ocrx_word' id='word_1_682' title='bbox 570 4844 731 4914; x_wconf 79' lang='lat'><strong>566</strong></span> <span class='ocrx_word' id='word_1_683' title='bbox 778 4844 915 4910; x_wconf 89' lang='lat' dir='ltr'><strong>quod</strong></span> <span class='ocrx_word' id='word_1_684' title='bbox 974 4840 1125 4893; x_wconf 59' lang='lat' dir='ltr'><strong>nefas</strong></span> <span class='ocrx_word' id='word_1_685' title='bbox 1173 4852 1278 4903; x_wconf 84' lang='lat' dir='ltr'><strong>est,</strong></span> <span class='ocrx_word' id='word_1_686' title='bbox 1327 4842 1547 4907; x_wconf 86' lang='lat' dir='ltr'><strong>polliciti</strong></span> <span class='ocrx_word' id='word_1_687' title='bbox 1603 4848 1800 4905; x_wconf 82' lang='lat' dir='ltr'><strong>socios,</strong></span> 
     </span>
    </p>
   </div>
   <div class='ocr_carea' id='block_1_93' title="bbox 228 4933 1800 5004">
    <p class='ocr_par' dir='ltr' id='par_1_93' title="bbox 228 4933 1800 5004">
     <span class='ocr_line' id='line_1_93' title="bbox 228 4933 1800 5004; baseline -0.005 -10"><span class='ocrx_word' id='word_1_688' title='bbox 228 4939 597 4996; x_wconf 81' lang='lat' dir='ltr'><strong>monstrastis,</strong></span> <span class='ocrx_word' id='word_1_689' title='bbox 657 4935 933 5004; x_wconf 80' lang='lat' dir='ltr'><strong>quomodo</strong></span> <span class='ocrx_word' id='word_1_690' title='bbox 978 4933 1069 4999; x_wconf 91' lang='lat' dir='ltr'><strong>qui</strong></span> <span class='ocrx_word' id='word_1_691' title='bbox 1117 4946 1210 4984; x_wconf 84' lang='lat' dir='ltr'><strong>vos</strong></span> <span class='ocrx_word' id='word_1_692' title='bbox 1260 4948 1488 4999; x_wconf 74' lang='lat' dir='ltr'><strong>arguere</strong></span> <span class='ocrx_word' id='word_1_693' title='bbox 1544 4934 1800 4995; x_wconf 83' lang='lat' dir='ltr'><strong>noluerit,</strong></span> 
     </span>
    </p>
   </div>
   <div class='ocr_carea' id='block_1_94' title="bbox 228 5022 1802 5093">
    <p class='ocr_par' dir='ltr' id='par_1_94' title="bbox 228 5022 1802 5093">
     <span class='ocr_line' id='line_1_94' title="bbox 228 5022 1802 5093; baseline -0.003 -12"><span class='ocrx_word' id='word_1_694' title='bbox 228 5033 477 5083; x_wconf 85' lang='lat' dir='ltr'><strong>meritam</strong></span> <span class='ocrx_word' id='word_1_695' title='bbox 516 5027 631 5093; x_wconf 86' lang='lat' dir='ltr'><strong>ipse</strong></span> <span class='ocrx_word' id='word_1_696' title='bbox 656 5024 843 5089; x_wconf 85' lang='lat' dir='ltr'><strong>judicii</strong></span> <span class='ocrx_word' id='word_1_697' title='bbox 898 5038 1084 5087; x_wconf 87' lang='lat' dir='ltr'><strong>parum</strong></span> <span class='ocrx_word' id='word_1_698' title='bbox 1120 5022 1257 5089; x_wconf 63' lang='lat' dir='ltr'><strong>{equi</strong></span> <span class='ocrx_word' id='word_1_699' title='bbox 1312 5033 1363 5073; x_wconf 86' lang='lat' dir='ltr'><strong>et</strong></span> <span class='ocrx_word' id='word_1_700' title='bbox 1399 5024 1539 5075; x_wconf 84' lang='lat' dir='ltr'><strong>malo</strong></span> <span class='ocrx_word' id='word_1_701' title='bbox 1571 5022 1802 5077; x_wconf 80' lang='lat' dir='ltr'><strong>laventis</strong></span> 
     </span>
    </p>
   </div>
   <div class='ocr_carea' id='block_1_95' title="bbox 228 5113 1801 5189">
    <p class='ocr_par' dir='ltr' id='par_1_95' title="bbox 228 5113 1801 5189">
     <span class='ocr_line' id='line_1_95' title="bbox 228 5113 1801 5189; baseline -0.006 -20"><span class='ocrx_word' id='word_1_702' title='bbox 228 5120 705 5189; x_wconf 61' lang='lat' dir='ltr'><strong>repriltensionem</strong></span> <span class='ocrx_word' id='word_1_703' title='bbox 768 5128 872 5165; x_wconf 92' lang='lat' dir='ltr'><strong>non</strong></span> <span class='ocrx_word' id='word_1_704' title='bbox 926 5114 1209 5165; x_wconf 78' lang='lat' dir='ltr'><strong>incurrat?</strong></span> <span class='ocrx_word' id='word_1_705' title='bbox 1257 5113 1658 5167; x_wconf 73' lang='lat' dir='ltr'><strong>Cttltscicmiam</strong></span> <span class='ocrx_word' id='word_1_706' title='bbox 1716 5118 1801 5169; x_wconf 76' lang='lat' dir='ltr'><strong>hic</strong></span> 
     </span>
    </p>
   </div>
   <div class='ocr_carea' id='block_1_96' title="bbox 227 5205 1802 5280">
    <p class='ocr_par' dir='ltr' id='par_1_96' title="bbox 227 5205 1802 5280">
     <span class='ocr_line' id='line_1_96' title="bbox 227 5205 1802 5280; baseline -0.003 -15"><span class='ocrx_word' id='word_1_707' title='bbox 227 5227 463 5280; x_wconf 83' lang='lat' dir='ltr'><strong>provoco</strong></span> <span class='ocrx_word' id='word_1_708' title='bbox 498 5218 763 5267; x_wconf 72' lang='lat' dir='ltr'><strong>vestram,</strong></span> <span class='ocrx_word' id='word_1_709' title='bbox 808 5209 992 5271; x_wconf 86' lang='lat' dir='ltr'><strong>utique</strong></span> <span class='ocrx_word' id='word_1_710' title='bbox 1046 5205 1449 5258; x_wconf 80' lang='lat' dir='ltr'><strong>recordantium</strong></span> <span class='ocrx_word' id='word_1_711' title='bbox 1484 5222 1579 5258; x_wconf 77' lang='lat' dir='ltr'><strong>vos</strong></span> <span class='ocrx_word' id='word_1_712' title='bbox 1612 5224 1802 5260; x_wconf 81' lang='lat' dir='ltr'><strong>n-unns</strong></span> 
     </span>
    </p>
   </div>
   <div class='ocr_carea' id='block_1_97' title="bbox 226 5297 1803 5369">
    <p class='ocr_par' dir='ltr' id='par_1_97' title="bbox 226 5297 1803 5369">
     <span class='ocr_line' id='line_1_97' title="bbox 226 5297 1803 5369; baseline -0.003 -13"><span class='ocrx_word' id='word_1_713' title='bbox 226 5306 277 5356; x_wconf 89' lang='lat' dir='ltr'><strong>in</strong></span> <span class='ocrx_word' id='word_1_714' title='bbox 307 5321 404 5356; x_wconf 87' lang='lat' dir='ltr'><strong>eos</strong></span> <span class='ocrx_word' id='word_1_715' title='bbox 436 5304 584 5369; x_wconf 88' lang='lat' dir='ltr'><strong>ipsos</strong></span> <span class='ocrx_word' id='word_1_716' title='bbox 618 5300 880 5352; x_wconf 80' lang='lat' dir='ltr'><strong>violentas</strong></span> <span class='ocrx_word' id='word_1_717' title='bbox 910 5297 1190 5366; x_wconf 69' lang='lat' dir='ltr'><strong>iniecisse,</strong></span> <span class='ocrx_word' id='word_1_718' title='bbox 1223 5309 1412 5350; x_wconf 86' lang='lat' dir='ltr'><strong>contra</strong></span> <span class='ocrx_word' id='word_1_719' title='bbox 1445 5313 1672 5364; x_wconf 77' lang='lat' dir='ltr'><strong>quorum</strong></span> <span class='ocrx_word' id='word_1_720' title='bbox 1708 5301 1803 5352; x_wconf 88' lang='lat' dir='ltr'><strong>ho-</strong></span> 
     </span>
    </p>
   </div>
   <div class='ocr_carea' id='block_1_98' title="bbox 223 5390 1797 5457">
    <p class='ocr_par' dir='ltr' id='par_1_98' title="bbox 223 5390 1797 5457">
     <span class='ocr_line' id='line_1_98' title="bbox 223 5390 1797 5457; baseline -0.003 -10"><span class='ocrx_word' id='word_1_721' title='bbox 223 5407 327 5450; x_wconf 77' lang='lat' dir='ltr'><strong>stes</strong></span> <span class='ocrx_word' id='word_1_722' title='bbox 360 5408 513 5446; x_wconf 84' lang='lat' dir='ltr'><strong>arma</strong></span> <span class='ocrx_word' id='word_1_723' title='bbox 552 5401 817 5451; x_wconf 79' lang='lat' dir='ltr'><strong>moturos,</strong></span> <span class='ocrx_word' id='word_1_724' title='bbox 861 5390 1070 5457; x_wconf 72' lang='lat' dir='ltr'><strong>magnis</strong></span> <span class='ocrx_word' id='word_1_725' title='bbox 1116 5390 1169 5445; x_wconf 91' lang='lat' dir='ltr'><strong>in</strong></span> <span class='ocrx_word' id='word_1_726' title='bbox 1219 5390 1322 5441; x_wconf 89' lang='lat' dir='ltr'><strong>hoc</strong></span> <span class='ocrx_word' id='word_1_727' title='bbox 1350 5391 1618 5443; x_wconf 85' lang='lat' dir='ltr'><strong>auctorati</strong></span> <span class='ocrx_word' id='word_1_728' title='bbox 1653 5407 1797 5444; x_wconf 89' lang='lat' dir='ltr'><strong>mer-</strong></span> 
     </span>
    </p>
   </div>
   <div class='ocr_carea' id='block_1_99' title="bbox 223 5480 1802 5550">
    <p class='ocr_par' dir='ltr' id='par_1_99' title="bbox 223 5480 1802 5550">
     <span class='ocr_line' id='line_1_99' title="bbox 223 5480 1802 5550; baseline -0.001 -13"><span class='ocrx_word' id='word_1_729' title='bbox 223 5488 465 5547; x_wconf 76' lang='lat' dir='ltr'><strong>cedibus,</strong></span> <span class='ocrx_word' id='word_1_730' title='bbox 496 5480 853 5550; x_wconf 68' lang='lat' dir='ltr'><strong>t&#39;é&#39;ceperatis.</strong></span> <span class='ocrx_word' id='word_1_731' title='bbox 880 5480 976 5535; x_wconf 81' lang='lat' dir='ltr'><strong>Cui</strong></span> <span class='ocrx_word' id='word_1_732' title='bbox 1010 5488 1189 5533; x_wconf 84' lang='lat' dir='ltr'><strong>autem</strong></span> <span class='ocrx_word' id='word_1_733' title='bbox 1215 5481 1381 5534; x_wconf 85' lang='lat' dir='ltr'><strong>videri</strong></span> <span class='ocrx_word' id='word_1_734' title='bbox 1403 5481 1609 5549; x_wconf 86' lang='lat' dir='ltr'><strong>justum</strong></span> <span class='ocrx_word' id='word_1_735' title='bbox 1636 5494 1802 5549; x_wconf 85' lang='lat' dir='ltr'><strong>queat</strong></span> 
     </span>
    </p>
   </div>
   <div class='ocr_carea' id='block_1_100' title="bbox 223 5573 1798 5646">
    <p class='ocr_par' dir='ltr' id='par_1_100' title="bbox 223 5573 1798 5646">
     <span class='ocr_line' id='line_1_100' title="bbox 223 5573 1798 5646; baseline -0.002 -18"><span class='ocrx_word' id='word_1_736' title='bbox 223 5586 274 5628; x_wconf 83' lang='lat' dir='ltr'><strong>et</strong></span> <span class='ocrx_word' id='word_1_737' title='bbox 301 5577 517 5646; x_wconf 77' lang='lat' dir='ltr'><strong>legibus</strong></span> <span class='ocrx_word' id='word_1_738' title='bbox 550 5589 643 5627; x_wconf 85' lang='lat' dir='ltr'><strong>seu</strong></span> <span class='ocrx_word' id='word_1_739' title='bbox 686 5574 883 5626; x_wconf 82' lang='lat' dir='ltr'><strong>divinis</strong></span> <span class='ocrx_word' id='word_1_740' title='bbox 916 5590 1008 5626; x_wconf 89' lang='lat' dir='ltr'><strong>seu</strong></span> <span class='ocrx_word' id='word_1_741' title='bbox 1063 5573 1312 5626; x_wconf 86' lang='lat' dir='ltr'><strong>humanis</strong></span> <span class='ocrx_word' id='word_1_742' title='bbox 1343 5585 1798 5637; x_wconf 84' lang='lat' dir='ltr'><strong>consentaneum,</strong></span> 
     </span>
    </p>
   </div>
   <div class='ocr_carea' id='block_1_101' title="bbox 224 5665 1800 5735">
    <p class='ocr_par' dir='ltr' id='par_1_101' title="bbox 224 5665 1800 5735">
     <span class='ocr_line' id='line_1_101' title="bbox 224 5665 1800 5735; baseline -0.001 -14"><span class='ocrx_word' id='word_1_743' title='bbox 224 5671 428 5723; x_wconf 72' lang='lat' dir='ltr'><strong>rullam</strong></span> <span class='ocrx_word' id='word_1_744' title='bbox 459 5667 677 5734; x_wconf 85' lang='lat' dir='ltr'><strong>quidem</strong></span> <span class='ocrx_word' id='word_1_745' title='bbox 711 5676 988 5735; x_wconf 83' lang='lat' dir='ltr'><strong>pactorum</strong></span> <span class='ocrx_word' id='word_1_746' title='bbox 1034 5666 1338 5735; x_wconf 85' lang='lat' dir='ltr'><strong>juratorum</strong></span> <span class='ocrx_word' id='word_1_747' title='bbox 1400 5665 1665 5718; x_wconf 86' lang='lat' dir='ltr'><strong>rationem</strong></span> <span class='ocrx_word' id='word_1_748' title='bbox 1701 5667 1800 5719; x_wconf 88' lang='lat' dir='ltr'><strong>du-</strong></span> 
     </span>
    </p>
   </div>
   <div class='ocr_carea' id='block_1_102' title="bbox 219 5756 1798 5829">
    <p class='ocr_par' dir='ltr' id='par_1_102' title="bbox 219 5756 1798 5829">
     <span class='ocr_line' id='line_1_102' title="bbox 219 5756 1798 5829; baseline -0.001 -17"><span class='ocrx_word' id='word_1_749' title='bbox 219 5776 365 5822; x_wconf 79' lang='lat' dir='ltr'><strong>cere,</strong></span> <span class='ocrx_word' id='word_1_750' title='bbox 404 5776 505 5828; x_wconf 85' lang='lat' dir='ltr'><strong>pro</strong></span> <span class='ocrx_word' id='word_1_751' title='bbox 550 5759 857 5829; x_wconf 76' lang='lat' dir='ltr'><strong>ingentibus</strong></span> <span class='ocrx_word' id='word_1_752' title='bbox 891 5768 1069 5810; x_wconf 88' lang='lat' dir='ltr'><strong>autem</strong></span> <span class='ocrx_word' id='word_1_753' title='bbox 1110 5756 1352 5825; x_wconf 64' lang='lat' dir='ltr'><strong>pecuniae</strong></span> <span class='ocrx_word' id='word_1_754' title='bbox 1384 5758 1634 5819; x_wconf 85' lang='lat' dir='ltr'><strong>summis,</strong></span> <span class='ocrx_word' id='word_1_755' title='bbox 1662 5772 1798 5825; x_wconf 85' lang='lat' dir='ltr'><strong>quas</strong></span> 
     </span>
    </p>
   </div>
   <div class='ocr_carea' id='block_1_103' title="bbox 224 5850 1793 5923">
    <p class='ocr_par' dir='ltr' id='par_1_103' title="bbox 224 5850 1793 5923">
     <span class='ocr_line' id='line_1_103' title="bbox 224 5850 1793 5923; baseline -0.004 -14"><span class='ocrx_word' id='word_1_756' title='bbox 224 5854 273 5909; x_wconf 87' lang='lat' dir='ltr'><strong>iu</strong></span> <span class='ocrx_word' id='word_1_757' title='bbox 296 5871 396 5911; x_wconf 73' lang='lat' dir='ltr'><strong>vos</strong></span> <span class='ocrx_word' id='word_1_758' title='bbox 417 5854 802 5923; x_wconf 81' lang='lat' dir='ltr'><strong>impendimus,</strong></span> <span class='ocrx_word' id='word_1_759' title='bbox 829 5852 1059 5910; x_wconf 75' lang='lat' dir='ltr'><strong>impetus</strong></span> <span class='ocrx_word' id='word_1_760' title='bbox 1104 5851 1155 5902; x_wconf 87' lang='lat' dir='ltr'><strong>in</strong></span> <span class='ocrx_word' id='word_1_761' title='bbox 1192 5865 1287 5905; x_wconf 90' lang='lat' dir='ltr'><strong>nos</strong></span> <span class='ocrx_word' id='word_1_762' title='bbox 1325 5850 1548 5903; x_wconf 87' lang='lat' dir='ltr'><strong>hostiles</strong></span> <span class='ocrx_word' id='word_1_763' title='bbox 1574 5854 1793 5919; x_wconf 68' lang='lat' dir='ltr'><strong>rependi</strong></span> 
     </span>
    </p>
   </div>
   <div class='ocr_carea' id='block_1_104' title="bbox 1914 4658 3483 4731">
    <p class='ocr_par' dir='ltr' id='par_1_104' title="bbox 1914 4658 3483 4731">
     <span class='ocr_line' id='line_1_104' title="bbox 1914 4658 3483 4731; baseline 0.002 -19"><span class='ocrx_word' id='word_1_764' title='bbox 1914 4658 2072 4712; x_wconf 85' lang='lat' dir='ltr'><strong>stiaui</strong></span> <span class='ocrx_word' id='word_1_765' title='bbox 2103 4658 2442 4714; x_wconf 84' lang='lat' dir='ltr'><strong>Christianos</strong></span> <span class='ocrx_word' id='word_1_766' title='bbox 2477 4662 2968 4717; x_wconf 84' lang='lat' dir='ltr'><strong>vehementissimis</strong></span> <span class='ocrx_word' id='word_1_767' title='bbox 2999 4662 3483 4731; x_wconf 77' lang='lat' dir='ltr'><strong>aﬂicitisinjnriis;</strong></span> 
     </span>
    </p>
   </div>
   <div class='ocr_carea' id='block_1_105' title="bbox 1916 4750 3490 4822">
    <p class='ocr_par' dir='ltr' id='par_1_105' title="bbox 1916 4750 3490 4822">
     <span class='ocr_line' id='line_1_105' title="bbox 1916 4750 3490 4822; baseline 0.004 -21"><span class='ocrx_word' id='word_1_768' title='bbox 1916 4750 2013 4802; x_wconf 86' lang='lat' dir='ltr'><strong>nisi</strong></span> <span class='ocrx_word' id='word_1_769' title='bbox 2051 4765 2156 4801; x_wconf 91' lang='lat' dir='ltr'><strong>non</strong></span> <span class='ocrx_word' id='word_1_770' title='bbox 2188 4752 2453 4806; x_wconf 84' lang='lat' dir='ltr'><strong>recusatis</strong></span> <span class='ocrx_word' id='word_1_771' title='bbox 2483 4752 2612 4822; x_wconf 89' lang='lat' dir='ltr'><strong>quin</strong></span> <span class='ocrx_word' id='word_1_772' title='bbox 2646 4752 2852 4815; x_wconf 86' lang='lat' dir='ltr'><strong>statim,</strong></span> <span class='ocrx_word' id='word_1_773' title='bbox 2875 4753 3014 4807; x_wconf 89' lang='lat' dir='ltr'><strong>citra</strong></span> <span class='ocrx_word' id='word_1_774' title='bbox 3048 4753 3358 4808; x_wconf 82' lang='lat' dir='ltr'><strong>ulteriorem</strong></span> <span class='ocrx_word' id='word_1_775' title='bbox 3402 4755 3490 4808; x_wconf 80' lang='lat' dir='ltr'><strong>in-</strong></span> 
     </span>
    </p>
   </div>
   <div class='ocr_carea' id='block_1_106' title="bbox 1911 4844 3480 4916">
    <p class='ocr_par' dir='ltr' id='par_1_106' title="bbox 1911 4844 3480 4916">
     <span class='ocr_line' id='line_1_106' title="bbox 1911 4844 3480 4916; baseline 0.003 -23"><span class='ocrx_word' id='word_1_776' title='bbox 1911 4844 2155 4911; x_wconf 74' lang='lat' dir='ltr'><strong>quirendi</strong></span> <span class='ocrx_word' id='word_1_777' title='bbox 2216 4861 2443 4905; x_wconf 82' lang='lat' dir='ltr'><strong>morant,</strong></span> <span class='ocrx_word' id='word_1_778' title='bbox 2496 4846 2747 4901; x_wconf 81' lang='lat' dir='ltr'><strong>crudeles</strong></span> <span class='ocrx_word' id='word_1_779' title='bbox 2811 4848 3107 4915; x_wconf 80' lang='lat' dir='ltr'><strong>perﬁdique</strong></span> <span class='ocrx_word' id='word_1_780' title='bbox 3134 4846 3480 4916; x_wconf 79' lang='lat' dir='ltr'><strong>jutlicelttini,</strong></span> 
     </span>
    </p>
   </div>
   <div class='ocr_carea' id='block_1_107' title="bbox 1913 4937 3482 5007">
    <p class='ocr_par' dir='ltr' id='par_1_107' title="bbox 1913 4937 3482 5007">
     <span class='ocr_line' id='line_1_107' title="bbox 1913 4937 3482 5007; baseline 0.004 -22"><span class='ocrx_word' id='word_1_781' title='bbox 1913 4937 2053 5001; x_wconf 84' lang='lat' dir='ltr'><strong>quod</strong></span> <span class='ocrx_word' id='word_1_782' title='bbox 2105 4951 2227 4989; x_wconf 87' lang='lat' dir='ltr'><strong>esse</strong></span> <span class='ocrx_word' id='word_1_783' title='bbox 2279 4937 2420 4990; x_wconf 93' lang='lat' dir='ltr'><strong>ultro</strong></span> <span class='ocrx_word' id='word_1_784' title='bbox 2475 4938 2741 5007; x_wconf 59' lang='lat' dir='ltr'><strong>elegistis.</strong></span> <span class='ocrx_word' id='word_1_785' title='bbox 2777 4939 2916 5004; x_wconf 84' lang='lat' dir='ltr'><strong>Quid</strong></span> <span class='ocrx_word' id='word_1_786' title='bbox 2961 4940 3107 4992; x_wconf 89' lang='lat' dir='ltr'><strong>enim</strong></span> <span class='ocrx_word' id='word_1_787' title='bbox 3150 4940 3275 4992; x_wconf 80' lang='lat' dir='ltr'><strong>mali</strong></span> <span class='ocrx_word' id='word_1_788' title='bbox 3310 4954 3417 4993; x_wconf 89' lang='lat' dir='ltr'><strong>non</strong></span> <span class='ocrx_word' id='word_1_789' title='bbox 3452 4954 3482 4991; x_wconf 85' lang='lat' dir='ltr'><strong>a</strong></span> 
     </span>
    </p>
   </div>
   <div class='ocr_carea' id='block_1_108' title="bbox 1914 5029 3482 5101">
    <p class='ocr_par' dir='ltr' id='par_1_108' title="bbox 1914 5029 3482 5101">
     <span class='ocr_line' id='line_1_108' title="bbox 1914 5029 3482 5101; baseline 0.004 -24"><span class='ocrx_word' id='word_1_790' title='bbox 1914 5029 2065 5080; x_wconf 86' lang='lat' dir='ltr'><strong>vobis</strong></span> <span class='ocrx_word' id='word_1_791' title='bbox 2095 5030 2418 5082; x_wconf 84' lang='lat' dir='ltr'><strong>actumest?</strong></span> <span class='ocrx_word' id='word_1_792' title='bbox 2453 5046 2630 5085; x_wconf 88' lang='lat' dir='ltr'><strong>nonne</strong></span> <span class='ocrx_word' id='word_1_793' title='bbox 2656 5030 2816 5101; x_wconf 76' lang='lat'><strong>567</strong></span> <span class='ocrx_word' id='word_1_794' title='bbox 2849 5047 2944 5086; x_wconf 90' lang='lat' dir='ltr'><strong>vos</strong></span> <span class='ocrx_word' id='word_1_795' title='bbox 2976 5043 3117 5085; x_wconf 85' lang='lat' dir='ltr'><strong>totas</strong></span> <span class='ocrx_word' id='word_1_796' title='bbox 3150 5032 3482 5100; x_wconf 45' lang='lat' dir='ltr'><strong>provinci».</strong></span> 
     </span>
    </p>
   </div>
   <div class='ocr_carea' id='block_1_109' title="bbox 1914 5120 3485 5188">
    <p class='ocr_par' dir='ltr' id='par_1_109' title="bbox 1914 5120 3485 5188">
     <span class='ocr_line' id='line_1_109' title="bbox 1914 5120 3485 5188; baseline 0.004 -19"><span class='ocrx_word' id='word_1_797' title='bbox 1914 5120 2093 5188; x_wconf 83' lang='lat' dir='ltr'><strong>pueris</strong></span> <span class='ocrx_word' id='word_1_798' title='bbox 2134 5130 2187 5172; x_wconf 92' lang='lat' dir='ltr'><strong>et</strong></span> <span class='ocrx_word' id='word_1_799' title='bbox 2219 5121 2535 5177; x_wconf 82' lang='lat' dir='ltr'><strong>mulieribus</strong></span> <span class='ocrx_word' id='word_1_800' title='bbox 2586 5126 2853 5177; x_wconf 77' lang='lat' dir='ltr'><strong>servitum</strong></span> <span class='ocrx_word' id='word_1_801' title='bbox 2902 5123 3175 5188; x_wconf 85' lang='lat' dir='ltr'><strong>abductis,</strong></span> <span class='ocrx_word' id='word_1_802' title='bbox 3208 5124 3340 5177; x_wconf 87' lang='lat' dir='ltr'><strong>viris</strong></span> <span class='ocrx_word' id='word_1_803' title='bbox 3372 5133 3485 5176; x_wconf 90' lang='lat' dir='ltr'><strong>tru-</strong></span> 
     </span>
    </p>
   </div>
   <div class='ocr_carea' id='block_1_110' title="bbox 1913 5212 3483 5282">
    <p class='ocr_par' dir='ltr' id='par_1_110' title="bbox 1913 5212 3483 5282">
     <span class='ocr_line' id='line_1_110' title="bbox 1913 5212 3483 5282; baseline 0 -17"><span class='ocrx_word' id='word_1_804' title='bbox 1913 5212 2125 5273; x_wconf 83' lang='lat' dir='ltr'><strong>cidatis,</strong></span> <span class='ocrx_word' id='word_1_805' title='bbox 2154 5213 2488 5267; x_wconf 79' lang='lat' dir='ltr'><strong>desolastis?</strong></span> <span class='ocrx_word' id='word_1_806' title='bbox 2522 5214 2706 5267; x_wconf 83' lang='lat' dir='ltr'><strong>Nonne</strong></span> <span class='ocrx_word' id='word_1_807' title='bbox 2748 5216 2800 5269; x_wconf 92' lang='lat' dir='ltr'><strong>in</strong></span> <span class='ocrx_word' id='word_1_808' title='bbox 2843 5216 2908 5270; x_wconf 89' lang='lat' dir='ltr'><strong>iis</strong></span> <span class='ocrx_word' id='word_1_809' title='bbox 2962 5216 3217 5282; x_wconf 85' lang='lat' dir='ltr'><strong>parvulos</strong></span> <span class='ocrx_word' id='word_1_810' title='bbox 3246 5225 3300 5268; x_wconf 85' lang='lat' dir='ltr'><strong>et</strong></span> <span class='ocrx_word' id='word_1_811' title='bbox 3325 5229 3483 5269; x_wconf 88' lang='lat' dir='ltr'><strong>senes</strong></span> 
     </span>
    </p>
   </div>
   <div class='ocr_carea' id='block_1_111' title="bbox 1912 5304 3483 5377">
    <p class='ocr_par' dir='ltr' id='par_1_111' title="bbox 1912 5304 3483 5377">
     <span class='ocr_line' id='line_1_111' title="bbox 1912 5304 3483 5377; baseline 0.001 -21"><span class='ocrx_word' id='word_1_812' title='bbox 1912 5304 2195 5367; x_wconf 76' lang='lat' dir='ltr'><strong>inVaIidos,</strong></span> <span class='ocrx_word' id='word_1_813' title='bbox 2243 5308 2454 5359; x_wconf 68' lang='lat' dir='ltr'><strong>tut-baro</strong></span> <span class='ocrx_word' id='word_1_814' title='bbox 2516 5309 2906 5372; x_wconf 83' lang='lat' dir='ltr'><strong>miserabilem,</strong></span> <span class='ocrx_word' id='word_1_815' title='bbox 2958 5310 3077 5362; x_wconf 86' lang='lat' dir='ltr'><strong>illos</strong></span> <span class='ocrx_word' id='word_1_816' title='bbox 3129 5310 3348 5377; x_wconf 85' lang='lat' dir='ltr'><strong>quidem</strong></span> <span class='ocrx_word' id='word_1_817' title='bbox 3382 5309 3483 5361; x_wconf 90' lang='lat' dir='ltr'><strong>im-</strong></span> 
     </span>
    </p>
   </div>
   <div class='ocr_carea' id='block_1_112' title="bbox 1912 5398 3481 5470">
    <p class='ocr_par' dir='ltr' id='par_1_112' title="bbox 1912 5398 3481 5470">
     <span class='ocr_line' id='line_1_112' title="bbox 1912 5398 3481 5470; baseline 0.003 -21"><span class='ocrx_word' id='word_1_818' title='bbox 1912 5398 2219 5451; x_wconf 81' lang='lat' dir='ltr'><strong>manissime</strong></span> <span class='ocrx_word' id='word_1_819' title='bbox 2249 5401 2619 5465; x_wconf 77' lang='lat' dir='ltr'><strong>transﬂxistis,</strong></span> <span class='ocrx_word' id='word_1_820' title='bbox 2649 5402 3037 5470; x_wconf 89' lang='lat' dir='ltr'><strong>discerpsistis.</strong></span> <span class='ocrx_word' id='word_1_821' title='bbox 3074 5403 3173 5456; x_wconf 89' lang='lat' dir='ltr'><strong>hos</strong></span> <span class='ocrx_word' id='word_1_822' title='bbox 3194 5410 3397 5460; x_wconf 85' lang='lat' dir='ltr'><strong>autem,</strong></span> <span class='ocrx_word' id='word_1_823' title='bbox 3425 5414 3481 5453; x_wconf 94' lang='lat' dir='ltr'><strong>nt</strong></span> 
     </span>
    </p>
   </div>
   <div class='ocr_carea' id='block_1_113' title="bbox 1910 5492 3480 5561">
    <p class='ocr_par' dir='ltr' id='par_1_113' title="bbox 1910 5492 3480 5561">
     <span class='ocr_line' id='line_1_113' title="bbox 1910 5492 3480 5561; baseline 0.003 -20"><span class='ocrx_word' id='word_1_824' title='bbox 1910 5492 2196 5543; x_wconf 82' lang='lat' dir='ltr'><strong>thesauros</strong></span> <span class='ocrx_word' id='word_1_825' title='bbox 2246 5492 2497 5545; x_wconf 87' lang='lat' dir='ltr'><strong>videlicet</strong></span> <span class='ocrx_word' id='word_1_826' title='bbox 2545 5492 2859 5560; x_wconf 87' lang='lat' dir='ltr'><strong>proderent.</strong></span> <span class='ocrx_word' id='word_1_827' title='bbox 2892 5493 3287 5548; x_wconf 84' lang='lat' dir='ltr'><strong>crudelissimis</strong></span> <span class='ocrx_word' id='word_1_828' title='bbox 3331 5494 3480 5561; x_wconf 85' lang='lat' dir='ltr'><strong>prius</strong></span> 
     </span>
    </p>
   </div>
   <div class='ocr_carea' id='block_1_114' title="bbox 1911 5584 3476 5650">
    <p class='ocr_par' dir='ltr' id='par_1_114' title="bbox 1911 5584 3476 5650">
     <span class='ocr_line' id='line_1_114' title="bbox 1911 5584 3476 5650; baseline 0.001 -17"><span class='ocrx_word' id='word_1_829' title='bbox 1911 5585 2196 5636; x_wconf 81' lang='lat' dir='ltr'><strong>tormentis</strong></span> <span class='ocrx_word' id='word_1_830' title='bbox 2233 5584 2602 5648; x_wconf 75' lang='lat' dir='ltr'><strong>excruciatos,</strong></span> <span class='ocrx_word' id='word_1_831' title='bbox 2628 5585 2940 5640; x_wconf 77' lang='lat' dir='ltr'><strong>enecastis?</strong></span> <span class='ocrx_word' id='word_1_832' title='bbox 2979 5584 3118 5650; x_wconf 83' lang='lat' dir='ltr'><strong>Quid</strong></span> <span class='ocrx_word' id='word_1_833' title='bbox 3159 5601 3256 5639; x_wconf 83' lang='lat' dir='ltr'><strong>vos</strong></span> <span class='ocrx_word' id='word_1_834' title='bbox 3297 5592 3476 5637; x_wconf 82' lang='lat' dir='ltr'><strong>autem</strong></span> 
     </span>
    </p>
   </div>
   <div class='ocr_carea' id='block_1_115' title="bbox 1908 5674 3476 5746">
    <p class='ocr_par' dir='ltr' id='par_1_115' title="bbox 1908 5674 3476 5746">
     <span class='ocr_line' id='line_1_115' title="bbox 1908 5674 3476 5746; baseline 0.003 -21"><span class='ocrx_word' id='word_1_835' title='bbox 1908 5674 2118 5741; x_wconf 87' lang='lat' dir='ltr'><strong>impulit</strong></span> <span class='ocrx_word' id='word_1_836' title='bbox 2148 5675 2213 5727; x_wconf 86' lang='lat' dir='ltr'><strong>ad</strong></span> <span class='ocrx_word' id='word_1_837' title='bbox 2252 5683 2360 5728; x_wconf 87' lang='lat' dir='ltr'><strong>tam</strong></span> <span class='ocrx_word' id='word_1_838' title='bbox 2407 5677 2764 5731; x_wconf 72' lang='lat' dir='ltr'><strong>exsecrabilis</strong></span> <span class='ocrx_word' id='word_1_839' title='bbox 2801 5676 3115 5746; x_wconf 78' lang='lat' dir='ltr'><strong>patranda?</strong></span> <span class='ocrx_word' id='word_1_840' title='bbox 3148 5675 3331 5731; x_wconf 58' lang='lat' dir='ltr'><strong>Caesar</strong></span> <span class='ocrx_word' id='word_1_841' title='bbox 3377 5691 3476 5745; x_wconf 85' lang='lat' dir='ltr'><strong>pe-</strong></span> 
     </span>
    </p>
   </div>
   <div class='ocr_carea' id='block_1_116' title="bbox 1907 5767 3476 5839">
    <p class='ocr_par' dir='ltr' id='par_1_116' title="bbox 1907 5767 3476 5839">
     <span class='ocr_line' id='line_1_116' title="bbox 1907 5767 3476 5839; baseline 0.002 -19"><span class='ocrx_word' id='word_1_842' title='bbox 1907 5767 2031 5828; x_wconf 82' lang='lat' dir='ltr'><strong>riit;</strong></span> <span class='ocrx_word' id='word_1_843' title='bbox 2067 5767 2160 5820; x_wconf 88' lang='lat' dir='ltr'><strong>sed</strong></span> <span class='ocrx_word' id='word_1_844' title='bbox 2207 5768 2363 5821; x_wconf 83' lang='lat' dir='ltr'><strong>nobis</strong></span> <span class='ocrx_word' id='word_1_845' title='bbox 2412 5768 2629 5835; x_wconf 89' lang='lat' dir='ltr'><strong>quidem</strong></span> <span class='ocrx_word' id='word_1_846' title='bbox 2673 5769 2816 5823; x_wconf 86' lang='lat' dir='ltr'><strong>haud</strong></span> <span class='ocrx_word' id='word_1_847' title='bbox 2852 5770 3156 5825; x_wconf 85' lang='lat' dir='ltr'><strong>volentibus</strong></span> <span class='ocrx_word' id='word_1_848' title='bbox 3208 5770 3335 5839; x_wconf 91' lang='lat' dir='ltr'><strong>(scit</strong></span> <span class='ocrx_word' id='word_1_849' title='bbox 3386 5772 3476 5835; x_wconf 79' lang='lat' dir='ltr'><strong>qui</strong></span> 
     </span>
    </p>
   </div>
   <div class='ocr_carea' id='block_1_117' title="bbox 1907 5859 3473 5934">
    <p class='ocr_par' dir='ltr' id='par_1_117' title="bbox 1907 5859 3473 5934">
     <span class='ocr_line' id='line_1_117' title="bbox 1907 5859 3473 5934; baseline 0.003 -25"><span class='ocrx_word' id='word_1_850' title='bbox 1907 5867 2098 5911; x_wconf 74' lang='lat' dir='ltr'><strong>cuncta</strong></span> <span class='ocrx_word' id='word_1_851' title='bbox 2132 5859 2274 5912; x_wconf 86' lang='lat' dir='ltr'><strong>videt</strong></span> <span class='ocrx_word' id='word_1_852' title='bbox 2309 5860 2496 5916; x_wconf 79' lang='lat' dir='ltr'><strong>oculus</strong></span> <span class='ocrx_word' id='word_1_853' title='bbox 2522 5859 2664 5931; x_wconf 88' lang='lat' dir='ltr'><strong>Dei),</strong></span> <span class='ocrx_word' id='word_1_854' title='bbox 2692 5871 2746 5917; x_wconf 88' lang='lat' dir='ltr'><strong>at</strong></span> <span class='ocrx_word' id='word_1_855' title='bbox 2779 5876 2939 5916; x_wconf 83' lang='lat' dir='ltr'><strong>manu</strong></span> <span class='ocrx_word' id='word_1_856' title='bbox 2966 5862 3177 5918; x_wconf 88' lang='lat' dir='ltr'><strong>illorum</strong></span> <span class='ocrx_word' id='word_1_857' title='bbox 3205 5862 3473 5934; x_wconf 73' lang='lat' dir='ltr'><strong>quilnnga</strong></span> 
     </span>
    </p>
   </div>
  </div>
