4190 6438
724 334 828 395 629

1913 349 1960 401 G
1974 347 2233 408 EORGll
2268 351 2744 411 PACHYMEILE

3874 356 3903 408 ε
3918 353 3983 417 tt)

725 454 821 505 ναὶ
865 454 1067 522 μᾶλλον
1098 456 1173 517 εἰς
1206 457 1518 510 τ’λῦναντίον
1554 460 1903 525 συνέπιπτεν,
1948 467 2021 528 (τις
2064 467 2156 517 ἐπὶ
2188 470 2301 531 τοῖς
2335 481 2374 533 Α
2410 470 2594 523 πολλοὶ
2632 470 2730 531 τῆς
2767 469 2955 528 νυκτὸς
2987 468 3389 537 ξυνδραμόντες
3413 468 3629 537 ἐκείνης
3665 469 3762 531 τὰς
3795 473 3984 533 (λυσίας

724 548 868 607 ὅλοις
903 548 994 598 ἐπὶ
1044 548 1236 601 τούτου
1285 551 1354 603 τὰ
1396 551 1689 619 Ῥωμαίων
1736 556 2031 623 ἐφθάρθαι.
2058 559 2185 610 ὅσον
2224 563 2303 620 εἰς

728 640 1001 709 διέγερσιν
1029 643 1104 711 τῷ
1152 642 1327 705 οὕτως
1374 645 1784 715 αὐτονομοῧντι.
1822 648 1986 703 Ὥστε
2020 651 2113 704 καὶ
2154 654 2209 705 ὲν
2242 652 2305 723 [Ρ

729 733 854 804 407]
889 736 988 803 μιᾷ
1036 735 1358 799 λιτανεύσας
1404 740 1525 790 κατ’
1562 741 1732 810 αὐτὴν
1779 740 1994 810 ἡμέραν
2045 744 2304 813 ἑσπέρας,

729 828 836 878 ἀπὸ
867 827 965 891 τῆς
999 829 1109 880 τῶν
1144 830 1395 896 κυνηγῶν
1429 829 1731 900 λεγομένης
1783 833 1959 903 πύλης
2011 836 2172 904 μέχρι
2214 838 2309 889 καὶ

733 919 831 985 τῆς
877 919 970 971 τοῦ
1013 920 1330 990 Προδρόμου
1389 921 1575 990 μονῆς.
1637 925 1819 975 πᾶσιν
1870 931 1968 992 τὴν
2031 926 2311 997 ὑπώρειαν

730 1012 947 1079 ἐκείνην
993 1012 1054 1065 τὸ
1112 1013 1223 1082 πῦρ
1274 1015 1423 1066 huic
1441 1014 1534 1065 δὸν
1568 1017 1954 1085 ,ἐτ.ημάουνε,
2006 1019 2235 1071 πλοῦτον
2266 1020 2309 1072 δ’

732 1103 943 1154 ἐκεῖνον
981 1103 1105 1154 δεον
1154 1107 1458 1173 ὲμπορικ’ν
1490 1110 1584 1158 καλ.
1637 1110 1820 1159 πᾶσαν
1876 1108 2041 1178 ἄλλην
2087 1111 2313 1162 πολυτέ-

732 1193 883 1244 λειαν
907 1195 1146 1259 εὐγενῶν
1173 1198 1252 1259 εἰς
1281 1197 1340 1247 τὸ
1378 1200 1546 1264 μηδὲν
1578 1201 1946 1266 ἀπηκόντισεν
1969 1242 1982 1254 .
2037 1200 2093 1253 ’0
2123 1201 2185 1268 δὴ
2221 1202 2313 1252 καὶ

737 1287 1004 1355 πρῐτερον
1039 1288 1129 1339 ἐπὶ
1152 1288 1251 1355 τῆς
1273 1289 1439 1341 αὑτοῦ
1466 1294 1839 1361 πατριαρχίας
1862 1293 2095 1357 ἐγένετο.
2128 1291 2313 1362 Ταύτῃ

734 1392 817 1426 τοι
852 1377 947 1429 καὶ
978 1377 1399 1447 διελοιδοροῦντό
1432 1398 1574 1442 τινες
1614 1382 1687 1442 ὡς
1733 1382 1821 1434 διὰ
1866 1383 1964 1450 τὴν
1996 1382 2205 1434 ἐκείνου
2240 1385 2315 1433 λι-

736 1469 960 1521 τανείαν
985 1471 1315 1539 γεγενῆσθαι
1344 1474 1441 1541 τὴν
1466 1474 1733 1541 τοσαύτην
1765 1474 2128 1544 πυρπόλησιν.
2175 1476 2233 1527 Ὀ
2259 1476 2315 1528 δὲ.

735 1558 835 1626 τὴν
880 1560 1107 1613 ἐκείνων
1161 1564 1298 1631 πρὸς
1338 1566 1433 1626 τὰς
1473 1566 1714 1628 ἱκετείας
1769 1568 2058 1636 ῥᾳστώνην
2112 1574 2208 1619 καὶ
2256 1568 2319 1619 τὸ

738 1653 1256 1722 ὲρῤᾳοτωνευμένον
1314 1654 1407 1707 τοῦ
1473 1656 1586 1726 βίου
1641 1659 1736 1710 καὶ
1788 1658 1987 1725 ἀμελὲς
2036 1659 2177 1727 ὑπὲρ
2211 1662 2318 1712 πᾶν

741 1745 868 1796 ἄλλο
915 1744 1011 1809 τῆς
1060 1745 1353 1817 θεομηνίας
1404 1753 1724 1819 κατῃτιᾶτο.
1784 1752 2070 1818 Ὀπίτεροι
2129 1752 2181 1805 δὲ
2224 1752 2317 1804 τοῦ

2409 565 2516 616 τῶν
2538 563 2842 632 ἀνθρώπιον
2866 563 3159 630 ὲξεφὸρουν
3184 561 3580 630 διαρπάζοντες
3601 577 3614 590 ⁸
3638 562 3669 628 ἠ
3692 563 3801 632 γὰρ
3831 566 3983 615 nisa

2410 650 2592 719 κρίσις
2634 650 2876 720 ἀρχῆθεν
2926 649 3006 719 τῷ
3033 650 3355 720 πατριάρχῃ
3390 652 3838 720 προσανετίθετο,
3887 653 3984 704 τοῦ

2417 741 2680 809 βασιλέως
2711 739 2973 804 ἐνδόντος,
2994 741 3071 810 τῷ
3103 741 3201 810 μὲν
3221 743 3640 812 φαινομένη)ὂή
3669 745 3727 795 τὸ
3748 744 3989 813 καθαρὸν
4033 781 4043 788 .

2413 832 2523 884 τῶν
2562 833 2890 901 λημμάτων,
2929 834 3007 903 τῷ
3039 834 3083 886 δ’
3116 834 3500 902 ὑπονοουμένῳ
3542 837 3602 888 τὸ
3628 836 3735 887 ἀπὸ
3763 838 3990 889 πάντων

2412 923 2615 975 αἰδοῖον
2647 927 2740 976 καὶ
2776 924 2905 992 φοὸε
2919 927 3009 994 ρδν
3042 927 3459 995 περιποιοῦντος
3500 927 3579 995 τῷ
3611 929 3875 997 κρίνοντι,
3916 931 3993 990 ὡς

2414 1013 2668 1066 ἐντεῦθεν
2692 1016 2771 1077 νὲκ
2800 1016 3017 1084 πρωῖας
3049 1017 3241 1085 μέχρις
3279 1019 3520 1086 ἑσπέρας
3554 1019 3993 1086 ὀχλαγωγεῖσϐαι

2414 1107 2504 1157 τὸν
2535 1106 2707 1173 ἱερέα,
2743 1107 2903 1175 ὄχλου
2943 1109 3140 1177 μυρίον
3174 1110 3267 1161 ἐπὶ
3294 1112 3395 1177 τὴν
3428 1112 3595 1178 μονὴν
3629 1109 3719 1162 τοῦ
3753 1112 3994 1177 μεγάλου

2414 1197 2781 1267 λογαριαστοῦ
2830 1201 2969 1267 (ἐκεῖ
2999 1201 3108 1269 γὰρ
3142 1203 3205 1252 ἐκ
3234 1201 3330 1254 τοῦ
3367 1202 3460 1252 ἐπὶ
3498 1201 3750 1253 πλεῖστον
3779 1203 3995 1271 δῆγεν)

2420 1289 2602 1341 ιλαδῦν
2640 1290 3050 1358 συντρέχοντος.

2643 1433 2731 1480 ια’.
2777 1429 2915 1496 Περὶ
2951 1429 3057 1482 τοῦ
3090 1431 3374 1500 Ἀνδρέου
3413 1436 3783 1502 Μουκίσκου.

2491 1559 2553 1631 [Ρ
2580 1560 2709 1633 408]
2740 1563 2851 1630 Πρὸ
2872 1563 2929 1616 δὲ
2956 1565 3050 1616 τοῦ
3084 1565 3357 1636 ἁλωοῆναι
3390 1569 3642 1621 Μάδυτον
3676 1570 3999 1639 πολτορκου-

2423 1656 2590 1723 μένην
2621 1655 2725 1707 ὑπὸ
2754 1654 2847 1707 τοῦ
2876 1657 3120 1727 Φαρέντα
3157 1658 3363 1729 Τζιμμῆ,
3399 1661 3683 1727 ἐφίσταται
3707 1661 4001 1731 ἀμηρά).ης

2432 1748 2686 1818 Ἀνδρέας
2753 1749 3067 1817 Μουρίσκος
3135 1753 3465 1815 ἀποσταλεὶς
3529 1754 3679 1823 παρᾶ
3734 1755 3999 1823 βασιλέως

740 1836 979 1905 αὶηοοῦς
1012 1842 1440 1911 κατηυστόχουν,
1475 1844 1655 1910 λέγειν
1679 1847 1778 1898 οὐκ
1814 1845 1940 1914 ἔχει).
1974 1845 2115 1898 Ἀλλ’
2155 1848 2318 1915 ἀφορ-
2350 1828 2393 1887 Β
2425 1841 2774 1909 σιταρκήσων
2822 1841 2882 1892 τὸ
2933 1841 3194 1912 φρούριον
3242 1843 3608 1909 λειποσιτοῦν,
3646 1846 3864 1915 σύναμα
3910 1847 4004 1899 δῦο

748 1930 845 1981 tui.
878 1931 985 1983 τῶν
1024 1931 1395 2004 δικαστηρίων
1424 1935 1500 2003 τῷ
1529 1938 1847 2009 πατριάρχῃ
1880 1936 2130 1989 ἐντεῦθεν
2168 1943 2320 2007 ἐσχε-

742 2021 1030 2087 διάζοντο,
1082 2025 1144 2078 οὐ
1208 2028 1367 2094 μόνον
1419 2029 1883 2097 πυρποληὺἐντιυν
1933 2029 2042 2081 τῶν
2094 2031 2151 2082 ὲν
2199 2031 2318 2092 ταῖς

747 2115 1040 2183 Ξμπορὶιις
1098 2117 1446 2186 συμϐολαίων
1495 2122 1878 2191 γραμμάτων,
1930 2121 2045 2174 ἀλλ’
2094 2122 2177 2175 ὅτι
2226 2121 2322 2173 καὶ

753 2296 850 2346 hoc
881 2294 999 2361 ejus
1034 2294 1248 2348 demum
1285 2298 1652 2365 patriarcbatu
1688 2315 1773 2352 res
1809 2316 2017 2354 summa
2050 2300 2325 2354 Romano-

755 2404 868 2438 rum
911 2378 1369 2452 prius‘Couvussa
1422 2390 1575 2456 plane
1614 2392 1727 2460 jam
1785 2393 2326 2461 irreparabiliterque

749 2480 1068 2544 conciderit,
1100 2480 1213 2546 ipsa
1244 2484 1407 2535 etiam
1457 2482 1614 2549 hujus
1660 2498 1851 2538 secura
1906 2485 2083 2550 legum
2130 2497 2183 2539 et
2231 2500 2327 2553 pro

752 2572 905 2624 libitu
947 2583 1137 2625 ruente
1176 2575 1513 2640 gubernandi
1568 2576 1739 2629 forma
1793 2578 2084 2644 impulsqu
2133 2579 2180 2631 ei
2232 2593 2328 2645 pro

751 2679 843 2714 sua
894 2671 1046 2730 parte
1075 2664 1306 2717 addente
1344 2666 1408 2719 ad
1446 2666 1655 2719 ruinam
1685 2678 1737 2719 et
1773 2668 1826 2719 in
1859 2682 2098 2735 praeor-ps
2143 2668 2328 2720 omnia

756 2757 1019 2809 trmlentc.
1050 2754 1159 2809 Nec
1188 2764 1391 2810 temere
1424 2758 1537 2822 rapi
1574 2757 1713 2811 forte
1758 2768 1921 2828 queat
1964 2760 2015 2811 in
2063 2759 2220 2823 hujus
2252 2759 2329 2813 rei

756 2845 966 2912 signum
1018 2855 1072 2900 et
1115 2847 1391 2916 specimen
1444 2848 1654 2902 fructus
1704 2851 1927 2903 istarmu
1981 2851 2329 2915 litauiarum,

760 2941 899 3005 quod
928 2938 1158 3006 quadam
1182 2940 1413 3002 diermn,
1442 2956 1547 3008 qua
1582 2942 1698 2994 illas
1733 2942 1844 3009 ipse
1879 2957 2332 3011 prtescnsmagno

758 3029 962 3080 ambitu
998 3028 1261 3093 ohivcrat,
1305 3030 1470 3085 ferale
1522 3037 1622 3085 sub
1674 3048 1953 3100 vesperam
1999 3033 2204 3085 exarsit
2256 3033 2334 3084 in-

2425 1933 2651 1984 ναυσίν·
2711 1934 2805 1986 καὶ
2845 1933 2908 2002 δὴ
2957 1936 3185 1996 ἐπιστὰς
3247 1936 3399 2006 μόλις
3442 1940 3655 2005 εἰτάγει
3701 1940 3793 1991 τὸν
3834 1942 4003 1993 σῖτον.

2438 2022 2677 2075 Ἐκεῖθεν
2713 2023 2758 2075 δ’
2814 2021 2969 2085 αὖθις
3007 2025 3133 2091 περί
3188 2043 3293 2078 που
3343 2026 3442 2097 τὴν
3499 2027 3724 2098 Ἴμϐρον
3767 2028 4000 2097 ἐχώρει·

2427 2113 2583 2184 ἔτυχε
2614 2116 2723 2184 γὰρ
2755 2116 2943 2185 μαθὼν
2965 2118 3039 2179 ὡς
3070 2118 3368 2187 ἀνάγονται
3393 2121 3486 2174 δύο
3515 2120 3641 2190 νῆες
3667 2124 3729 2174 ὲκ
3751 2122 4003 2183 Σικελίας

2429 2294 2682 2362 deinceps
2711 2295 2870 2366 583
2897 2304 2949 2349 ut
2976 2296 3187 2366 propria
3212 2308 3512 2352 servantes.
3539 2298 3661 2352 lude
3682 2300 3841 2367 igitur
3872 2311 4009 2352 naue

2430 2390 2816 2442 controversiae
2832 2390 3130 2443 Athanasio
3150 2390 3509 2459 dijudicanda:
3541 2392 3843 2445 veniebant.
3870 2390 4005 2444 Nam

2428 2480 2518 2548 jus
2548 2494 2709 2534 omne
2746 2481 3142 2549 arbitriumque
3189 2484 3550 2550 qua-stionum
3600 2483 3897 2537 forensium
3942 2486 4011 2538 ab

2436 2571 2591 2627 initio
2629 2574 2848 2627 secundi
2888 2574 3289 2642 patriarchatus
3324 2575 3625 2628 Athanasio
3673 2575 3725 2629 in
3775 2576 4011 2630 solidum

2434 2673 2711 2729 cesserat,
2763 2665 3071 2732 indulgente
3104 2666 3347 2735 Augusto
3388 2666 3458 2720 ob
3500 2682 3616 2720 eam
3651 2668 3864 2734 quidem
3893 2710 3908 2731 ,
3956 2678 4018 2719 nt

2437 2756 2603 2809 videri
2636 2758 2873 2819 volebat,
2911 2757 3201 2823 rationem,
3230 2758 3369 2825 quod
3406 2772 3433 2809 a
3464 2759 3738 2811 notissima
3769 2758 3889 2824 eius
3921 2758 4018 2810 ab-

2437 2848 2691 2901 stinentia
2739 2864 2930 2917 puram
2982 2859 3033 2903 et
3090 2850 3289 2903 nullius
3335 2860 3638 2918 suspectam
3680 2851 4017 2918 acceptionis

2439 2956 2721 2994 munerum
2755 2943 3179 3009 exspectandam
3231 2957 3354 2995 eSse
3405 2944 3839 3012 iurisdietionem
3900 2956 4019 2995 crc-

2437 3033 2638 3086 deret:
2673 3034 2764 3085 sed
2808 3049 2912 3087 non
2951 3034 3151 3086 latebat
3198 3035 3538 3102 perspicaces
3589 3035 3693 3087 alia
3740 3035 4014 3087 occultata

758 3123 1033 3187 cendinm,
1065 3141 1171 3193 quo
1201 3142 1227 3176 a
1270 3136 1420 3196 porta
1469 3126 1810 3196 Cynegorum
1864 3127 2005 3179 dicta
2055 3141 2222 3194 usque
2266 3127 2331 3179 ad
2362 3170 2403 3225 Ο
2440 3122 2754 3191 profumlius
2782 3124 2937 3177 istius
2965 3124 3340 3175 altribntionis
3370 3137 3558 3175 causa.
3593 3122 3798 3189 Nempe
3835 3121 4012 3188 impe-

765 3220 1149 3272 mouasterium
1182 3220 1489 3283 Prodromi,
1526 3231 1670 3275 totus
1704 3221 1791 3275 ille.
1824 3221 1970 3273 urbis
2015 3236 2172 3286 quam
2224 3219 2333 3275 late

764 3322 905 3372 patet
941 3312 1379 3378 frequentissime
1413 3312 1687 3365 habitatus
1720 3312 1890 3364 clivus
1926 3313 2135 3363 flamma
2182 3326 2335 3380 gras-

762 3416 913 3456 sanie
949 3405 1153 3458 deletus
1182 3415 1286 3469 est,
1318 3408 1535 3458 redacta
1572 3406 1621 3456 iu
1657 3405 1892 3457 cinerem
1930 3419 1990 3456 ac
2033 3404 2189 3471 plane
2218 3419 2336 3472 per-

766 3497 871 3545 dita
905 3498 990 3548 illa
1020 3498 1289 3564 opulentia
1326 3496 1437 3548 illic
1487 3507 1742 3563 congesta
1792 3497 2051 3550 mercium
2095 3512 2126 3549 e
2174 3497 2336 3563 longo

768 3591 1129 3653 advectarmn,
1162 3589 1245 3640 illa
1279 3590 1674 3655 magnificentia
1707 3590 2063 3654 superbarum
2100 3590 2296 3641 aedium
2319 3630 2333 3651 ,

768 3681 965 3747 pariter
991 3697 1093 3733 una
1133 3697 1253 3734 eum
1286 3682 1681 3749 pretiosissima
1713 3681 2026 3750 supellectili
2058 3680 2340 3750 splendide

768 3774 819 3825 iu
855 3774 920 3827 iis
948 3775 1336 3828 dim-rsantium
1376 3774 1634 3828 nobilium
1681 3773 2043 3839 familiarum;
2087 3774 2262 3843 qualis
2289 3783 2343 3827 et

769 3875 925 3918 antea
961 3867 1241 3920 calamitas
1284 3868 1382 3920 sub
1430 3867 1547 3933 ejus
1594 3868 1964 3935 patriarchatu
2016 3866 2339 3934 contigerat.

770 3957 896 4011 lude
944 3975 1047 4012 non
1081 3960 1304 4014 defuere
1337 3962 1428 4028 qui
1477 3961 1779 4014 Athanasio
1811 3975 1994 4016 coram
2030 3959 2080 4012 in
2131 3975 2192 4014 os
2240 3960 2343 4029 ipsi

769 4050 1096 4117 exprobrare
1131 4065 1237 4102 non
1286 4050 1596 4105 dubitarent
1643 4050 1930 4117 praeclaras
1968 4051 2101 4103 iSIas
2131 4049 2247 4117 ejus
2280 4049 2341 4100 li-

774 4140 949 4192 tanias
988 4138 1155 4192 facem
1212 4139 1377 4192 fuisse
1424 4140 1753 4195 luculentam
1784 4156 1901 4209 qua:
1944 4149 2146 4193 tantam
2187 4140 2344 4193 istam

774 4229 923 4282 urbis
965 4240 1172 4297 partem
1204 4212 1591 4284 inflammando
1627 4234 1981 4301 corrupisset.
2011 4232 2219 4297 Quibus
2262 4233 2349 4284 ille

776 4326 1066 4393 reponebat
1107 4340 1213 4379 non
1248 4324 1491 4388 litanias,
1542 4327 1634 4379 sed
1672 4326 1909 4394 ipsorqu
1943 4327 2033 4394 qni
2089 4327 2168 4380 sic
2202 4342 2348 4378 mur-

777 4429 1077 4481 murarent,
1109 4419 1158 4470 in
1205 4433 1267 4471 ea
1303 4419 1615 4486 precatione
1648 4432 1711 4471 ac
1756 4417 1965 4471 cmteris
2011 4419 2113 4485 piis
2161 4418 2350 4471 officiis

2441 3226 2588 3270 rator
2626 3215 2896 3270 hominem
2934 3216 3108 3283 palam
3149 3230 3369 3268 exosum
3400 3254 3416 3278 ,
3465 3231 3623 3282 quem
3670 3231 3697 3267 a
3741 3214 4020 3281 popularis

2440 3309 2724 3363 insultibus
2752 3308 2966 3361 invidiae
3001 3318 3053 3361 et
3081 3307 3313 3377 querelis
3343 3305 3871 3360 increbresceutihus
3902 3320 4021 3357 om-

2440 3402 2593 3455 nium
2624 3415 2766 3471 a‘gre
2811 3409 2920 3453 tota
2956 3399 3004 3451 vi
3043 3414 3134 3450 sua
3169 3397 3518 3462 defenderet,
3551 3396 3762 3449 efficere
3795 3396 3897 3448 hac
3931 3411 4019 3447 ra-

2442 3496 2589 3549 tione
2614 3494 2863 3547 studebat
2893 3502 2952 3545 ut
2984 3492 3228 3560 plerique
3252 3498 3641 3544 venerarentur
3660 3497 3711 3541 et
3741 3488 4023 3547 timerent,

2442 3588 2519 3641 uti
2553 3602 2675 3641 eum
2724 3601 2753 3639 a
2804 3601 2912 3654 quo
2966 3598 3274 3653 supremam
3324 3583 3707 3636 auctoritatem
3745 3581 4027 3634 obtinente

2438 3683 2737 3753 iudicandi,
2765 3697 2891 3736 suas
2916 3695 3057 3751 saepe
3088 3681 3325 3750 pemlere
3355 3679 3603 3733 fortunas
3631 3679 4027 3748 intelligerent.

2444 3776 2617 3843 Quam
2661 3790 2809 3843 spem
2864 3774 3038 3841 ipsum
3086 3787 3298 3841 quoque
3334 3772 3632 3841 apparebat
3666 3773 4026 3824 Athanasium

2447 3869 2630 3937 seq'ni,
2663 3865 2789 3919 dmn
2822 3864 3139 3919 assiduitate
3172 3863 3619 3917 constantissima
3649 3877 3823 3931 usque
3852 3879 3881 3915 a
3913 3864 4024 3932 pri-

2452 3976 2538 4012 mo
2592 3974 2750 4012 mane
2788 3958 2853 4011 ad
2888 3956 3065 4011 noctis
3105 3955 3481 4023 crepusculum
3531 3953 3703 4007 turbis
3746 3970 3869 4008 sese
3918 3966 4029 4007 tru-

2449 4052 2700 4105 dentibus
2734 4049 3110 4103 altercantium
3142 4062 3508 4115 compressus,
3550 4060 3719 4100 sacrae
3750 4044 4028 4115 fastigium

2451 4142 2731 4213 dignitatis
2764 4140 2830 4194 ad
2865 4139 3225 4208 cognitionem
3263 4136 3564 4190 recularum
3598 4137 3782 4189 vilium
3827 4138 4031 4189 demit-

2455 4247 2568 4290 tere
2598 4234 2837 4304 pontifex
2875 4231 3223 4293 sustinebat,
3272 4229 3539 4283 immensa
3584 4243 3796 4297 semper
3843 4229 4031 4297 populi

2455 4331 2578 4384 lites
2610 4326 2885 4395 sequentis
2923 4324 3267 4378 multitudine
3299 4323 3364 4376 ad
3416 4323 3803 4376 monasterium
3848 4322 4033 4390 magni

2460 4423 2763 4489 legar-iustae
2796 4418 2892 4486 (ibi
2922 4417 3064 4470 enim
3113 4417 3432 4485 plerumque
3479 4413 3725 4483 degebat)
3773 4422 4037 4483 perpetuo

780 4509 881 4563 rite
928 4510 1298 4576 pcrsolvendis
1333 4525 1395 4563 ac
1445 4509 1731 4577 fnngendis
1760 4509 2005 4577 supinam
2041 4513 2343 4563 socordiam
2381 4511 2423 4564 D
2452 4531 2570 4569 eam
2600 4514 2671 4568 ob
2702 4528 2814 4567 rem
2843 4510 3038 4564 amuxn
3068 4517 3445 4561 concurrente.

775 4616 998 4656 causam
1040 4602 1270 4655 incendii
1310 4600 1497 4656 fuisse.
1531 4601 1776 4654 Addebat
1809 4602 2008 4670 impetu
2037 4602 2161 4654 hinc
2193 4612 2348 4668 capto

779 4698 1034 4749 ardentes
1069 4694 1364 4748 invectivas
1398 4695 1448 4748 in
1487 4695 1748 4762 reliquam
1792 4708 1983 4748 eorum
2019 4694 2339 4749 dissolutam

781 4790 1144 4857 voluptatibus
1190 4798 1243 4844 et
1293 4790 1651 4857 negligentem
1703 4802 1881 4841 rerum
1932 4788 2236 4841 divinarum
2269 4786 2353 4837 vi-

782 4893 913 4943 tam,
951 4897 980 4935 e
1008 4896 1111 4949 qua
1141 4895 1304 4950 super
1332 4895 1493 4933 omne
1514 4879 1655 4932 aliud
1688 4880 1764 4932 ira
1799 4878 1888 4932 Dei
1923 4879 2151 4932 vindicis
2182 4880 2232 4931 in
2258 4894 2357 4931 nos

782 4974 1033 5027 smvieudi
1068 4987 1259 5026 causas
1295 4973 1533 5026 duceret.
1565 4970 1681 5026 Utri
1723 4972 1913 5025 hormn
1950 4986 2059 5024 rem
2096 4986 2192 5024 acu
2230 4973 2353 5023 teti-

784 5070 981 5131 gerint,
1010 5067 1237 5120 definire
1271 5080 1500 5131 nequeo.
1530 5066 1794 5119 Caeterum
1827 5066 2143 5118 occasiones
2180 5065 2356 5116 litium

784 5162 847 5212 ad
878 5161 1104 5214 densius
1135 5160 1388 5226 deinceps
1439 5160 1859 5226 constipandum
1912 5160 2233 5226 patriarcbre
2279 5158 2359 5213 fo—

788 5268 901 5304 nnn
937 5252 1061 5305 hinc
1086 5252 1367 5313 ex5titere,
1400 5266 1505 5304 non
1539 5252 1710 5305 solum
1732 5251 1985 5319 quoniam
2019 5252 2359 5319 consumptis

786 5342 1106 5413 syngraphis
1133 5350 1188 5395 et
1222 5340 1425 5395 chartis
1459 5340 1705 5409 plurimis
1742 5342 1883 5409 apud
1914 5341 2058 5393 mdes
2084 5341 2205 5409 igne
2230 5356 2361 5395 con-

784 5446 1025 5503 sumptas
1049 5446 1409 5488 mereatormu
1440 5432 1678 5485 confusa:
1706 5433 2016 5487 necessario
2038 5444 2163 5487 sunt
2191 5435 2354 5485 tleblll

786 5540 839 5581 et
874 5528 1032 5583 soluti
1069 5529 1326 5589 rationes,
1360 5528 1453 5581 sed
1489 5528 1651 5579 etiam
1682 5526 1807 5595 quia
1842 5538 1998 5580 nocte
2035 5526 2124 5579 illa
2177 5525 2359 5595 plures

786 5632 1175 5677 concurrentes
1210 5623 1387 5690 specie
1415 5622 1825 5677 commodandae
1854 5635 2034 5689 operae
2065 5630 2357 5689 exportan-

783 5718 865 5769 dis
923 5717 974 5767 in
1031 5723 1201 5767 tutum
1247 5714 1409 5767 rebus
1456 5714 1520 5766 ab
1571 5713 1693 5782 igne
1728 5712 2165 5779 periclitantibus
2218 5709 2360 5762 furta

785 5808 948 5861 multa
994 5807 1255 5871 fecerant,
1310 5806 1486 5861 aliena
1532 5806 1581 5860 in
1656 5816 1826 5858 tomus
1858 5803 2103 5875 proprias
2151 5811 2360 5870 portata

2881 4647 2967 4701 11.
3010 4644 3083 4699 De
3113 4644 3318 4698 Δηώ-θα
3354 4641 3604 4696 Murisco.

2529 4787 2683 4840 Prius
2726 4798 2887 4852 porro
2929 4797 3089 4850 quam
3124 4788 3410 4849 caperetur
3450 4778 3697 4848 Madytus
3740 4778 3965 4832 obsessa
4011 4795 4036 4830 a

2461 4876 2738 4929 Phareoda
2789 4873 2997 4935 Tzime,
3039 4871 3283 4924 Andreas
3339 4869 3602 4924 Mnriscus
3654 4869 3721 4923 ad
3750 4870 3872 4937 ejus
3904 4870 4042 4923 vici—

2461 4970 2605 5023 niam
2648 4980 2707 5020 se
2742 4965 3041 5019 contulerat
3076 4963 3415 5033 imperatoris
3445 4962 3598 5031 jussu
3641 4978 3764 5016 cum
3804 4964 4040 5017 naribus

2461 5062 2695 5117 duabtts,
2724 5066 3081 5119 commeatus,
3116 5056 3159 5110 si
3186 5072 3287 5123 qua
3321 5064 3521 5125 posset,
3558 5056 3955 5123 importaturns
3991 5058 4040 5108 in

2462 5166 2641 5206 arcem
2690 5150 2837 5202 illam
2877 5145 3258 5199 alimentorum
3302 5146 3524 5213 penuria
3565 5142 3927 5197 laborantem.
3983 5145 4038 5198 Et

2464 5247 2727 5298 hactenus
2748 5241 2962 5311 quidem
2993 5238 3276 5292 consilium
3303 5236 3593 5298 successit,
3624 5246 3701 5298 ut,
3725 5250 3867 5304 aegre
3892 5237 4040 5295 licet,

2465 5338 2680 5391 tandem
2718 5343 2898 5387 tamen
2928 5331 3162 5395 aliquam
3207 5329 3462 5383 frumenti
3497 5330 3710 5397 copiam
3768 5327 4043 5381 Muriseus

2466 5430 2517 5483 in
2550 5429 2602 5481 id
2623 5436 2861 5480 castrum
2891 5424 3229 5477 immitteret.
3258 5422 3375 5487 Quo
3399 5422 3541 5475 facto
3563 5436 3685 5475 cum
3709 5421 3774 5472 ad
3801 5419 4041 5473 Imbrum

2468 5520 2805 5580 recessisset,
2838 5517 3052 5586 cognito
3090 5516 3197 5570 illic
3230 5517 3365 5568 duas
3395 5514 3585 5569 adduci
3618 5513 3985 5581 AmOgabaris
4018 5530 4043 5561 c

2467 5612 2649 5667 Sicilia
2686 5625 2874 5674 naves,
2917 5610 3106 5663 harmu
3149 5606 3329 5661 studio
3381 5606 3939 5675 przeocmtpandamm
3987 5620 4048 5656 eo

2468 5724 2570 5775 qua
2601 5705 2885 5759 veniebant
2909 5716 3126 5756 cursum
3156 5700 3405 5753 intendit.
3440 5698 3545 5751 Illa:
3581 5708 3759 5749 autem
3791 5698 4045 5750 inobser-

2472 5812 2600 5851 xata'
2635 5797 2843 5861 longius
2894 5810 3055 5865 quam
3112 5793 3279 5846 nostri
3319 5793 3595 5846 crederent
3641 5800 4043 5857 prmesscrau.
