4190 6438
756 425 821 483 Μ
846 432 856 477 l

1932 404 2255 471 GEORGII
2304 394 2781 464 ΡΑΕΗῩΜΕΒΕ

3894 378 4002 450 ιιι

760 538 1022 599 σωθέντος
1058 538 1119 588 ἐκ
1184 529 1413 595 παλαιᾶς
1475 530 1652 601 φιλίας
1704 527 2010 580 Φιλίππου·
2077 526 2325 578 κάκεῖνος
2363 529 2400 579 Α
2432 519 2524 571 τοῦ
2553 516 2907 583 πολίσματος,
2946 510 3112 578 πυρὸς
3168 508 3224 561 δὲ
3277 508 3342 561 τά
3394 506 3569 560 πάντα
3606 504 3790 558 θέσθαι
3821 505 4002 555 δαπά-

762 632 866 700 γάρ
902 629 1066 685 πάλαι
1098 628 1225 679 ποτὲ
1263 627 1366 680 ὑπὸ
1396 625 1709 694 Μουρὶσκου
1745 622 1906 683 άλοὺς
1941 620 2082 673 κατὰ
2124 617 2322 671 θάλατ-

756 740 853 773 ταν
884 720 1298 790 πειρατεύοντος
1320 718 1510 787 ἔτυχεν
1549 715 1832 783 εὐμενοῦς,
1860 713 2003 765 ὥστε
2042 717 2137 765 καί⁸
2175 710 2321 777 ὠνῆς

760 812 1221 882 ἀπεμποληθῆναι
1253 810 1503 879 μετρίας.
1548 808 1647 862 Διά
1687 825 1770 859 τοι
1805 804 1977 858 ταῦτα
2028 803 2123 856 καὶ
2164 802 2325 864 αὐτὸς

759 906 973 957 ἐκείνου
1007 904 1081 963 ὡς
1111 904 1312 970 ἥκιστα
1358 901 1545 969 ἔτυχεν
1589 898 1904 967 ἀχαρίστου,
1951 894 2085 947 ἀλλὰ
2113 892 2326 963 μικρῶν

758 997 926 1065 τριῶν
969 993 1222 1063 χιλιάδων
1273 991 1500 1062 χρυσίου
1550 988 1911 1058 ἁπεμπόλησε
1956 986 2144 1039 τοῦτον
2190 987 2327 1055 πρὸς

761 1088 983 1139 Τένεδον
1015 1085 1146 1154 θείῳ
1182 1084 1392 1136 ἐκείνου
1423 1082 1539 1133 ὲκεῐ
1565 1081 1815 1150 παρόντι.
1860 1078 2236 1147 ’Ᾱμογάϐαροι
2270 1077 2329 1130 δὲ

760 1180 880 1238 ταῖς
910 1176 1139 1243 τόλμαις
1179 1172 1665 1242 ἀναθαρρήσαντες
1691 1171 1793 1222 οὐκ
1822 1169 2037 1236 ὀλίγους
2069 1167 2175 1219 τῶν
2202 1169 2331 1237 περὶ

790 1269 989 1336 Λτίνην
1044 1266 1269 1334 Περσῶν
1335 1264 1660 1334 συμμάχους
1715 1263 2146 1331 διεπεραίωσαν,
2206 1259 2332 1329 περί

762 1379 865 1413 που
917 1358 1159 1428 χιλιάδας
1218 1357 1330 1410 δύο.
1364 1356 1773 1424 Ἐπιμιξάντων
1801 1356 1893 1406 καὶ
1932 1352 2221 1420 Ῥωμαίων
2274 1349 2334 1414 ἐξ

763 1452 1047 1519 ἀνατολῆς,
1077 1451 1277 1519 ἄθρουν
1306 1448 1592 1516 γεγονότες
1618 1448 1817 1515 πλῆθος
1853 1444 2199 1513 ἐξώρμησαν.
2225 1444 2335 1496 Καὶ

761 1546 859 1603 τὰς
910 1544 1009 1611 μὲν
1048 1540 1349 1611 δυσχωρίας
1399 1538 1492 1591 τοῦ
1532 1539 1703 1591 Γάνου
1751 1539 1844 1589 καὶ
1890 1536 2012 1589 λίαν
2051 1535 2336 1603 διεφυλάτ-

763 1653 955 1701 τοντο,
1013 1634 1080 1688 τὰ
1143 1633 1315 1703 πέριξ
1353 1632 1409 1685 δὲ
1450 1632 1545 1684 καὶ
1600 1631 2012 1701 διαδραμόντες,
2047 1627 2156 1679 ἀπὸ
2205 1626 2336 1693 γοῦν

768 1728 1001 1781 Καλλίου
1030 1727 1192 1795 μέχρι
1217 1730 1310 1778 καὶ
1342 1723 1701 1793 Τζουρουλοῦ,
1730 1724 1791 1774 τὸ
1813 1722 1959 1783 ἐντὸς
1981 1722 2126 1774 ἅπαν
2150 1719 2336 1778 κακῶς

764 1819 1049 1880 διετίθουν,
1083 1818 1388 1879 κτείνοντες
1441 1816 1761 1884 παμπληθεὶ
1821 1815 1895 1876 ὡς
1959 1814 2035 1875 είς
2088 1811 2335 1881 χιλιάδας

2429 626 2592 678 νημα,
2630 606 2773 658 κατὰ
2814 603 3118 673 Σηλυϐρίαν
3171 601 3216 653 δ’
3254 598 3656 668 ἐγκλεισθῆναι)
3680 638 3694 660 ,
3745 596 3817 657 ὼς
3853 592 4003 663 εἶχον

2428 701 2587 761 εὐθὺς
2635 692 2927 763 Ῥαιδεστῷ
2954 690 3377 761 προσϐάλλουσι.
3413 690 3523 741 Καὶ
3552 689 3676 741 ὅσον
3710 686 3807 754 μὲν
3838 683 4004 745 me;

2428 787 2855 859 προκατέλαϐον,
2879 786 3089 839 άνοικτ)⁵
3117 782 3420 836 κτείνουσιν
3449 779 3524 843 ὡς
3560 778 3772 830 κεῖσθαι
3805 775 4003 827 πεσόν-

2428 894 2523 945 τας
2549 884 2614 935 ἐκ
2639 882 2747 933 τῶν
2776 879 2944 948 τριῶν
2979 874 3285 944 ἑκκλησιῶν
3322 874 3485 943 μέχρι
3523 867 3813 924 καὶ-αὺτοῦ
3853 866 4005 919 Ῥαι-

2427 974 2617 1030 δεστοῦ
2642 969 2993 1041 παμπόλλους
3019 968 3118 1021 άνθ
3128 968 3344 1037 ρώπων,
3367 966 3460 1017 τὸν
3480 964 3535 1016 δὲ
3558 963 3769 1031 πύργον
3785 958 4002 1012 πολλῶν

2429 1062 2852 1131 ἐγκλεισθέντων
2885 1059 3343 1128 περικαθίσαντες
3390 1054 3585 1125 ἤθελον
3629 1052 3851 1116 ἐξελεῖν.
3890 1051 4003 1101 Καὶ

2430 1155 2554 1208 ἐπεὶ
2616 1154 2856 1207 ἀδύνατα
2907 1148 2976 1224 ἦν
3037 1150 3217 1219 σφίσιν
3250 1149 3426 1218 αἱρεῖν
3486 1144 3840 1215 μαχομένοις,
3875 1140 3999 1195 καθ’

2431 1248 2720 1317 ὁμολογίας
2772 1247 3075 1317 ἐπειρῶντο
3114 1242 3451 1314 χειροῦσθαι.
3487 1238 3633 1291 ’Δλλ⁹
3674 1236 3785 1289 οὐδ’
3826 1234 4002 1297 οὕτως

2433 1338 2577 1412 εἶχον
2596 1358 2611 1374 ο
2640 1340 2815 1409 ταύτῃ
2834 1353 2913 1392 τοι
2939 1340 3031 1391 καὶ
3060 1337 3386 1404 ἀπογνόντες
3426 1334 3787 1401 ὑπέστρεφον.

2630 1474 2711 1542 ’βὀ
2748 1473 2888 1541 Περὶ
2915 1470 3022 1525 τοῦ
3064 1471 3468 1539 Ῥομοφορτου
3508 1466 3790 1521 Λατίνου.

2506 1609 2570 1681 [Ρ
2597 1609 2726 1681 410]
2753 1610 2886 1661 Τότε
2918 1608 3014 1661 καὶ
3038 1609 3141 1676 τῆς
3174 1606 3493 1674 Αὐγούστης
3524 1604 3763 1672 Εἰρήνης
3802 1603 4004 1654 ἐπανα-

2436 1702 2804 1769 ζευγνυοιῐσης
2840 1703 2904 1754 ἐκ
2947 1700 3343 1766 Θεσσαλονίκης
3378 1699 3471 1750 καὶ
3514 1696 3770 1763 σταθμοῖς
3799 1694 4005 1763 βασιλι-

2438 1797 2552 1856 κοῖς
2595 1793 2726 1845 ὡσεὶ
2755 1794 2883 1845 δέκα
2935 1790 3263 1855 ὲξανυούσης
3294 1788 3362 1841 τά
3405 1789 3503 1857 τῆς
3544 1786 3683 1850 όδοῦ,
3736 1784 4005 1853 ἀγγελθὲν

768 1912 1009 1973 πίπτειν,
1037 1878 1163 1973 ζῶα
1193 1911 1285 1963 καὶ
1319 1910 1442 1977 βοῦς
1474 1878 1746 1978 ἀροτῆρας
1774 1909 2027 1971 ζευγῖτας
2060 1878 2328 1974 άνδραττο-
2368 1911 2404 1963 Β
2439 1886 2647 1955 βασιλεῖ
2676 1885 2898 1953 πέμψας
2920 1884 3255 1978 ἀξήγγειλεγ
3281 1882 3643 1978 ῧπξστρέφεξν
3664 1897 3677 1908 ’
3728 1880 3874 1978 in}?
3894 1878 4004 1978 γὰρ

764 2004 1027 2064 δίζοντες,
1057 2003 1149 2055 καὶ
1194 2003 1365 2054 ταῦτα
1401 2006 1458 2054 ἐν
1503 2000 1682 2069 καιρῷ
1730 2001 1943 2069 ἀρότου,
1998 1998 2085 2050 ὅτε
2135 1998 2183 2048 οἱ
2235 1996 2332 2063 μὲν

766 2094 1114 2161 ἐστάττοντο,
1144 2094 1260 2146 ὅσοι
1294 2095 1347 2145 δὲ
1377 2095 1468 2146 καὶ
1508 2092 1752 2159 ἔφθασαν
1785 2092 2213 2160 προσφυγόντες,
2250 2089 2335 2138 ὲν-

764 2186 853 2246 re;
888 2186 986 2254 τῆς
1020 2186 1229 2247 πόλεως
1279 2184 1632 2253 παρεδύοντο.
1686 2184 1850 2236 Αὐτοὶ
1890 2183 1944 2235 δὲ
1990 2182 2055 2234 τά
2105 2182 2337 2250 μέγιστα

764 2275 873 2324 τῶν
926 2274 1111 2325 κακῶν
1177 2274 1571 2342 εἰργασμένοι,
1652 2272 1774 2324 ἐπεὶ
1833 2270 2337 2338 ἀποκεκλεισμένην

777 2359 1106 2432 Ἡράκλειαν
1133 2363 1333 2432 ήκουον
1359 2362 1650 2431 Κειρθασαν
1681 2362 1791 2430 γὰρ
1834 2363 1882 2414 oi
1931 2361 2055 2429 τῇδε
2100 2360 2176 2427 τῷ
2207 2362 2339 2411 cirro-

770 2454 972 2519 γνῶναι
1004 2457 1105 2523 τὴν
1143 2453 1471 2521 ἀσφάλειαν,
1505 2454 1599 2506 καὶ
1638 2452 1838 2522 μᾶλλον
1871 2450 2025 2520 παρὰ
2067 2449 2172 2503 τῶν
2211 2449 2340 2517 ἠγε-

769 2543 943 2613 μόνων
971 2543 1401 2613 ὲξοτρυνόμενοι,
1432 2541 1766 2596 καταϐαλεῖν
1806 2544 1906 2613 μὲν
1935 2542 2058 2593 ὅσον
2107 2541 2339 2609 ίσχυσαν

768 2742 950 2781 sarum
988 2725 1102 2778 fere
1153 2722 1318 2776 duum
1379 2722 1611 2776 millium
1671 2735 1956 2776 numerum
2024 2722 2339 2791 explebant.

768 2818 973 2883 Quibus
1005 2816 1155 2869 multi
1186 2829 1403 2883 quoque
1444 2813 1589 2866 misti
1621 2812 1916 2868 Orientalis
1950 2813 2080 2867 olim
2130 2822 2338 2869 tractus

770 2907 959 2959 incola:
987 2905 1238 2968 Romani,
1272 2917 1412 2957 nunc
1460 2904 1701 2958 omnium
1752 2903 1942 2970 inopes
1987 2918 2164 2973 eoque
2195 2921 2339 2973 qua-

769 2998 1097 3066 lemcunque
1178 2995 1414 3049 oblatam
1468 2994 1681 3048 vivendi
1729 2995 2093 3048 conditionem
2144 2995 2345 3063 ample-

767 3100 999 3149 ctentes.
1077 3088 1260 3155 cepias
1331 3086 1384 3139 in
1459 3085 1861 3139 formidabilem
1944 3087 2340 3140 multitudinem

768 3180 1196 3249 Antogaharicas
1249 3188 1538 3232 auxerunt.
1579 3176 1692 3231 Hac
1733 3177 1816 3231 usi
1850 3179 2253 3245 opportunitate
2288 3178 2336 3230 itt

770 3286 882 3321 rem
912 3284 1064 3321 suam
1094 3268 1259 3321 duces
1299 3267 1447 3320 illius
1487 3267 1662 3331 gentis
1694 3280 2053 3335 prreterquam
2082 3267 2255 3320 saltus
2286 3276 2338 3319 et
2365 3240 2407 3297 (ἶ

764 3362 891 3429 juga
924 3369 1197 3427 praerupta
1256 3358 1456 3412 montis
1484 3357 1623 3411 Gani
1680 3357 1874 3410 validis
1902 3372 2122 3411 suorum
2177 3356 2341 3426 586

770 3452 1038 3517 praesidiis
1070 3452 1280 3502 insessa
1327 3447 1529 3501 nostris
1574 3446 1720 3500 invia
1770 3446 2037 3511 fecerunt,
2084 3450 2243 3500 etiam
2277 3464 2341 3501 ex

771 3539 1086 3593 abundante
1118 3541 1273 3594 turba
1327 3539 1509 3592 varias
1561 3536 1827 3591 conﬂatus
1882 3552 2075 3590 manus
2104 3554 2344 3606 quoquo-

773 3643 990 3680 versum
1040 3629 1372 3689 emittentes,
1404 3636 1599 3680 cuncta
1641 3642 1761 3695 qua:
1788 3627 1934 3680 circa
1979 3627 2188 3681 Canum
2218 3637 2347 3681 sunt

772 3734 942 3787 usque
995 3717 1291 3772 Tzurulum
1356 3719 1518 3771 saevis
1588 3718 1985 3772 incursionibus
2040 3718 2344 3784 vastabant,

774 3809 1107 3863 trucidantes
1151 3810 1348 3877 passim
1383 3810 1596 3871 obvios,
1636 3818 1693 3859 ut
1730 3808 1978 3874 pluribus
2023 3810 2345 3862 cadaverum

774 3897 1011 3952 millibus
1041 3901 1200 3953 strati
1223 3908 1346 3968 post
1370 3900 1560 3952 horum
1599 3899 1888 3953 transitum
1919 3900 2095 3968 campi
2123 3915 2350 3968 appare-

777 4001 919 4058 r‘eut,
981 4006 1170 4057 greges
1221 4000 1578 4056 arutentaqne
1637 3989 1994 4054 abducentes,
2057 4003 2123 4042 ne
2177 3990 2350 4043 bobus

773 4084 993 4151 quidem
1028 4082 1315 4135 arantibus
1347 4080 1638 4148 parcendo,
1673 4095 1814 4149 quos
1846 4081 1914 4135 ab
1948 4093 2112 4149 opere
2138 4078 2349 4134 abstra-

776 4174 994 4235 hebant,
1022 4173 1146 4229 licet
1186 4173 1397 4242 publice
1438 4173 1554 4225 utili
1580 4182 1633 4226 et
1676 4175 1746 4227 ob
1770 4173 1896 4227 anni
1922 4183 2132 4241 tempus
2154 4187 2353 4242 oppor-

777 4276 927 4319 tuno.
989 4264 1128 4319 iliuc
1184 4279 1382 4333 magna
1437 4263 1639 4317 scilicet
1711 4268 2085 4318 eoosternatio
2136 4264 2351 4318 miserae

776 4355 945 4422 plebis
988 4369 1084 4422 per
1117 4365 1343 4406 cunczas
1376 4353 1498 4405 illas
1535 4353 1781 4421 regiones
1823 4363 1961 4411 erat.
2011 4356 2225 4407 cunctis
2258 4354 2348 4420 qui

778 4461 965 4500 necem
996 4446 1229 4498 evadere
1258 4454 1544 4511 potuerant
1580 4444 1631 4495 iu
1666 4444 1856 4497 urbem
1887 4441 2351 4507 confugientibus,

777 4549 841 4586 ac
873 4536 1012 4585 intra
1038 4548 1155 4586 eam
1178 4546 1394 4599 quoque
1422 4541 1629 4584 terrore
1648 4531 1881 4584 durante
1907 4532 2014 4585 illic
2038 4531 2093 4584 iu
2121 4531 2353 4587 latebras

776 4641 836 4679 se
860 4625 1201 4679 abdentibus.
1235 4623 1403 4676 Porro
1436 4623 1650 4676 barbari
1683 4624 1841 4677 editis
1873 4624 2198 4677 immanibus
2239 4635 2353 4677 toto

780 4722 870 4774 illo
900 4728 1074 4772 lt‘acttt
1135 4718 1390 4771 inaudita:
1435 4717 1776 4769 crudelitatis
1831 4716 2117 4782 exemplis,
2168 4716 2255 4769 ubi
2294 4730 2352 4770 se

780 4811 1030 4864 exclusos
1064 4823 1159 4875 spe
1189 4817 1477 4861 senserunt
1510 4806 1801 4871 Heracleae,
1842 4818 2001 4873 prout
2035 4805 2351 4860 destinave-

784 4916 927 4965 rant,
964 4901 1294 4969 occupanda:
1331 4898 1609 4968 (quoniam
1657 4897 2052 4952 lleracleenscs
2096 4903 2354 4967 despera-

785 4997 927 5048 tione
964 4994 1294 5056 securitatis,
1335 5001 1389 5045 ct
1434 4991 1673 5045 maxime
1709 4990 1980 5059 praefectis
2012 4993 2353 5058 urgentibus,

788 5088 933 5139 urbis
993 5088 1090 5155 ipsi
1134 5100 1245 5139 sua:
1286 5094 1548 5148 quantum
1592 5099 1752 5136 manu
1807 5094 2031 5151 potuere
2071 5093 2353 5150 postquam

783 5180 1085 5241 diruerant,
1114 5177 1333 5246 reliquis
1364 5177 1487 5244 igne
1510 5175 1754 5238 subjecto
1786 5177 1925 5228 intra
1962 5175 2272 5244 Selybriam
2301 5189 2358 5228 se

785 5270 1208 5336 concluserant),
1232 5278 1346 5322 toto
1367 5270 1563 5335 impetu
1587 5268 1927 5320 Rittedestum
1948 5269 2356 5335 aggrediuntur.

786 5365 860 5415 Ac
918 5362 1190 5414 exteriora
1245 5361 1468 5428 quidem
1521 5361 1702 5412 omnia
1758 5374 1852 5425 per
1904 5356 2190 5413 circut’t'nm
2244 5359 2358 5426 ejus

787 5454 963 5521 oppidi
1004 5452 1181 5521 primo
1241 5452 1461 5504 incursu
1506 5458 1793 5518 occupant,
1839 5449 1955 5503 sine
1988 5450 2359 5503 misericordia

791 5543 1154 5603 trut-idantes,
1201 5540 1276 5592 ita
1324 5550 1382 5591 ιιι
1438 5555 1465 5591 a
1530 5541 1701 5592 tribus
1772 5537 2023 5592 ecclesiis
2086 5540 2151 5591 ad
2220 5539 2361 5606 ipsas

793 5648 963 5701 usque
990 5631 1258 5685 ltluedesti
1278 5642 1464 5700 portas
1483 5642 1695 5697 strages
1712 5631 1903 5697 ingens
1917 5630 2361 5684 obtruncatorum

791 5725 1292 5792 pluritoujacetet:
1335 5725 1525 5776 turrim
1551 5733 1729 5777 autem
1764 5737 2051 5776 numeroso
2092 5722 2363 5775 insessam

792 5815 1039 5882 praesidio
1074 5817 1252 5871 exorsi
1304 5830 1637 5886 Oppugoarc,
1673 5824 1947 5882 utcunque
1993 5827 2258 5869 summam
2311 5813 2362 5864 iu

2440 1978 2646 2030 ἀνυστά
2680 1980 2725 2028 οἱ
2756 1978 2889 2045 προς
2925 1968 3022 2044 τῆν
3054 1975 3312 2027 ἐπάνοδον
3345 1968 3505 2034 εἶναι,
3538 1973 3644 2025 τῶν
3676 1971 3815 2024 κατὰ
3850 1970 4001 2023 δύσιν

2441 2070 2783 2137 πραγμάτων
2834 2071 2896 2120 ὲκ
2942 2068 3039 2133 τῆς
3067 2066 3173 2118 τῶν
3206 2066 3418 2135 ἐχθρῶν
3458 2063 3754 2126 ἐπιθέσεως
3798 2078 4005 2129 συγχυ-

2441 2159 2659 2213 θέντων.
2690 2160 2856 2220 Abte;
2882 2159 2937 2211 δὲ
2964 2159 3040 2220 ὡς
3064 2158 3289 2209 δυνατὸν
3314 2153 3841 2222 ἀντιπαλαμώμενος
3866 2152 4003 2221 πρδς

2438 2253 2705 2319 τοσαύτην
2758 2249 2957 2303 κακίαν
2989 2248 3256 2319 (ἔφθασαν
3288 2248 3397 2317 γὰρ
3446 2247 3631 2300 καὶτὸ
3671 2245 3997 2314 Ἐξαμίλιον,

2441 2343 2706 2414 φρούριον
2731 2342 2876 2396 οὕτω
2907 2342 3224 2410 λεγόμενον,
3258 2339 3726 2408 προκατασχόντες
3755 2339 3803 2389 οἱ
3832 2334 4005 2403 Τοῢρ-

2441 2453 2547 2496 κοι,
2583 2430 2663 2497 οἷς
2695 2436 2758 2505 δὴ
2794 2436 2958 2501 συνῆν
2992 2434 3087 2485 καὶ
3113 2433 3142 2484 ό
3184 2430 3552 2501 Ῥομοφόρτος
3589 2429 3944 2493 Κατελάνος),
3976 2430 4004 2480 ό

2439 2526 2496 2580 δὲ
2549 2527 2803 2597 βασιλεὺς
2852 2522 3259 2596 παραπέστειλε
3326 2525 3418 2575 τὸν
3468 2522 3558 2574 ἰπὶ
3623 2518 3719 2572 τοῦ
3772 2517 4008 2589 στρατοῦ

2445 2707 2545 2761 hoc
2580 2707 2982 2761 contentionem
3013 2706 3364 2769 adhibebant,
3397 2705 3594 2759 frustra
3619 2710 3795 2756 erant.
3824 2701 4010 2769 Itaque

2444 2798 2727 2865 desperata
2754 2798 3156 2866 expugnatione
3191 2811 3288 2866 per
3310 2797 3416 2850 vim
3447 2807 3713 2863 apertam,
3754 2794 4009 2861 pellicere

2443 2889 2699 2942 obsessos
2757 2891 2821 2942 ad
2884 2889 3214 2943 deditionem
3268 2886 3675 2943 conditionibus
3718 2883 4012 2939 oil'ereudis

2446 2983 2801 3043 conabantur,
2836 2981 3004 3032 nihilo
3029 2978 3270 3033 feliciore
3309 2979 3546 3046 incepto.
3585 2976 3769 3043 Quare
3804 2976 4011 3030 omisso

2447 3074 2590 3127 vires
2622 3073 2853 3139 ipsorum
2898 3071 3199 3126 excedente
3248 3072 3486 3141 negmio,
3540 3071 3681 3123 unde
3724 3077 4008 3129 venerant,

2449 3173 2805 3217 τονυτιειιιιιι.

2838 3299 2920 3353 ιε.
2961 3298 3031 3352 De
3071 3296 3373 3365 Romofurto
3416 3294 3627 3348 Latino.

2517 3433 2627 3488 liae
2682 3435 2799 3489 vice
2860 3449 3039 3487 rerum
3110 3433 3345 3501 Augusta
3406 3428 3560 3483 lrcnc
3613 3424 4007 3481 Thessalonica

2444 3526 2966 3593 Constantinopolim
3001 3530 3324 3582 reverterit»,
3358 3536 3423 3572 ac.
3468 3521 3578 3585 jam
3610 3519 3799 3570 decem
3840 3516 4014 3569 circi-

2449 3627 2532 3670 ter
2557 3618 2742 3669 diebus
2768 3631 2831 3669 eo
2864 3615 3055 3669 itinere
3086 3628 3395 3682 progressa,
3429 3611 3521 3663 sed
3563 3624 3623 3661 ea
3659 3607 3819 3676 587
3858 3607 4021 3659 lenti-

2452 3708 2637 3762 tudine
2677 3721 2781 3775 qua
2820 3709 2996 3759 solent
3032 3706 3231 3773 regina:
3262 3704 3577 3772 procedere,
3630 3702 3929 3767 imperator
3960 3710 4021 3749 re

2450 3800 2635 3852 amiita
2683 3799 2830 3851 misit
2863 3798 2909 3850 ei
2943 3797 3157 3851 obviam
3182 3796 3274 3863 qui
3304 3810 3332 3847 a
3370 3808 3429 3847 se
3473 3804 3797 3860 magnopere
3826 3802 4017 3842 mone-

2454 3898 2574 3940 rent
2615 3897 2671 3940 ut
2721 3902 2939 3940 cursum
2987 3883 3312 3946 reﬂecteret,
3345 3880 3695 3948 diﬂ'erretqoe
3742 3880 3794 3931 itt
3828 3878 4021 3931 urbem

2454 3981 2682 4036 reditum
2740 3979 2829 4032 tali
2876 3988 3117 4047 tempore
3172 3976 3271 4045 ipsi
3327 3970 3733 4043 periculosum:
3770 3983 3896 4021 nam
3950 3967 4024 4019 ob

2454 4073 2796 4126 incursiones
2843 4069 3067 4123 hostiles
3116 4077 3263 4120 tanta
3305 4079 3424 4120 esse
3454 4062 3861 4132 perturbatione
3890 4073 4024 4113 cou-

2454 4164 2628 4220 fusum
2654 4162 2952 4217 Occiduum
2991 4169 3222 4214 tractum
3260 4157 3594 4219 universum,
3636 4152 3869 4209 utnulla
3895 4166 4024 4220 spes

2453 4266 2596 4311 esset
2643 4254 2766 4307 illac
2823 4269 2942 4307 eam
2992 4250 3223 4305 transire
3254 4262 3441 4304 secure
3478 4262 3656 4316 posse.
3704 4245 3874 4299 Porro
3909 4246 4028 4312 ipse

2457 4350 2717 4402 adversus
2757 4355 2863 4399 tam
2900 4345 3247 4399 vehementes
3296 4341 3532 4395 iusultus
3581 4338 3812 4391 hostium
3856 4350 4030 4403 quan-

2457 4449 2589 4492 tam'
2646 4447 2854 4507 poterat
2913 4448 3193 4504 opponens
3249 4431 3649 4487 contentionem
3716 4427 4031 4488 resistendi,

2386 4563 2428 4615 ο
2459 4540 2742 4598 postquam
2772 4526 3112 4595 cognovisset
3135 4521 3342 4576 Turcos
3370 4523 3421 4574 in
3448 4521 3608 4589 paulo
3635 4528 3761 4571 ante
3793 4518 3864 4570 ab
3896 4518 4032 4584 ipsis

2456 4629 2717 4688 occupata
2748 4616 2994 4670 Examilii
3030 4630 3154 4668 arce
3188 4613 3380 4667 stativa
3420 4613 3644 4676 habere,
3681 4609 3767 4662 ubi
3800 4624 3925 4662 cum
3964 4610 4031 4660 iis

2457 4718 2576 4764 crat
2632 4707 2982 4760 Romolortus
3022 4719 3235 4772 quoque
3284 4703 3592 4764 Catelanus,
3647 4699 3911 4753 Marulem
3963 4715 4029 4750 ex

2460 4816 2652 4870 magno
2710 4800 2968 4853 archonte
3021 4798 3210 4850 ducem
3246 4794 3518 4847 exercitus
3550 4801 3793 4847 creatum
3836 4792 4031 4860 jussit,

2459 4893 2736 4948 attributis
2771 4892 2817 4943 ei
2860 4901 3091 4958 quantas
3117 4888 3373 4955 expedire
3405 4901 3502 4953 pro
3547 4893 3786 4950 tempore
3834 4882 4032 4949 potuit,

2461 4987 2689 5041 modicis
2749 4984 2942 5052 copiis,
2979 4982 3122 5034 circa
3168 4980 3343 5033 locum
3379 4977 3524 5044 Apro
3575 4977 3778 5028 dictum
3831 4982 4035 5027 castris

2460 5080 2684 5129 munitis
2735 5074 3037 5127 considere.
3091 5072 3169 5123 Ad
3225 5070 3365 5121 htutc
3413 5070 3513 5120 isto
3560 5067 3854 5119 lunrentem
3915 5068 4037 5117 loco

2462 5167 2808 5223 Romoiortus
2835 5164 3039 5219 nuntiis
3064 5164 3204 5217 clam
3242 5161 3423 5214 missis
3452 5160 3653 5212 ἰιιιιιοςιι
3688 5158 3931 5225 cogitare
3979 5172 4036 5209 se

2465 5262 2822 5329 transfugium
2861 5260 2926 5311 ad
2964 5258 3343 5324 imperatorem
3381 5268 3506 5306 cum
3552 5251 3619 5304 iis
3656 5264 3792 5318 quos
3820 5263 3891 5301 ex
3934 5264 4035 5301 sua

2463 5364 2622 5426 gente
2682 5368 2864 5407 secum
2919 5350 3141 5403 haberet
3188 5345 3534 5414 peculiariter
3579 5341 3877 5394 obnoxios:
3909 5354 4036 5391 nam

2464 5450 2528 5500 de
2579 5446 2793 5506 Turcis,
2862 5442 3056 5510 quibus
3115 5441 3361 5506 precario
3421 5444 3699 5504 prreesset,
3762 5432 4037 5497 spondere

2465 5540 2599 5593 nihil
2644 5550 2822 5606 posse.
2883 5533 3052 5585 Erant
3082 5541 3257 5583 autem
3295 5541 3431 5595 quos
3469 5536 3621 5578 certo
3650 5522 3956 5577 conﬁderet
3983 5539 4039 5576 se

2466 5629 2845 5687 adducturum,
2880 5620 3098 5675 circiter
3144 5616 3379 5670 ducenti.
3417 5614 3521 5665 Sed
3554 5624 3846 5678 antequam
3878 5628 4039 5666 accc.

2468 5721 2639 5781 deret,
2693 5728 2892 5783 cupere
2938 5727 2998 5766 se
3034 5709 3198 5762 nobili
3251 5718 3305 5760 et
3344 5705 3419 5757 rei
3460 5704 3716 5756 Romana:
3760 5702 3811 5754 in
3845 5704 4039 5768 primis

2470 5813 2584 5865 utili
2627 5810 2865 5863 facinore
2920 5805 3192 5875 specimen
3246 5807 3300 5855 et
3350 5799 3503 5867 quasi
3554 5798 3743 5865 pignus
3798 5793 3926 5847 ﬁdei
3979 5809 4038 5844 ac
