4190 6438
192 394 289 453 bi‘l

1072 391 1170 449 DE
1215 385 1646 448 ANDRONICO
1680 382 2137 447 ΡΑωΕΟιΟοΟ
2181 386 2315 443 LIB.
2370 389 2493 445 ’ν’Ξί.

3320 387 3427 453 659

191 506 514 557 Κατεὶανσον
547 504 795 570 αἴσθησιν
832 503 979 572 ἠξίου
1019 505 1145 573 περὶ
1182 501 1446 564 σπονδῶν,
1482 501 1556 563 ὡς
1591 499 1750 552 αὐτῦο
1783 503 1824 556 Δ
1853 496 1946 550 τοῦ
1968 497 2153 550 λαϐεῖν
2176 498 2353 551 θέλειν
2382 499 2478 562 τὰς
2505 500 2765 568 συζύγους
2797 503 2922 564 τοὺς
2950 501 3418 569 Τουρκοπούλους.

189 601 273 650 θεν
312 599 709 666 ἀποστατήσων
771 595 1197 667 Ἀμογαϐἀρων,
1245 596 1340 647 καὶ
1366 595 1464 646 ὅσα
1497 593 1606 653 τοῖς
1655 590 1748 642 τοῦ

189 690 448 757 βασιλέως
506 689 741 741 συνοίσει
792 686 1084 756 πράγμασι
1121 685 1260 737 κατά
1295 685 1357 736 τὸ
1396 682 1649 741 δυνατὸν,
1675 682 1750 743 ὡς

186 783 318 849 εχει,
357 780 816 848 διαπραξόμενος,
847 779 1029 848 ἧγοῦν
1070 777 1258 830 αὐτόθι
1293 777 1489 846 μένων,
1522 776 1569 827 εί
1591 775 1751 827 δυνα-

184 875 269 925 τδν
290 868 383 941 ἦν,
416 872 447 943 ἦ
477 872 567 924 καὶ
602 873 693 923 ἐπὶ
721 873 835 931 τοῖς
862 869 1161 939 ἀντιπέραν
1188 870 1284 921 σὺν
1310 869 1424 936 ἰδίῳ
1452 864 1569 935 λαῷ
1597 866 1748 933 γενό-

189 981 363 1033 μενος.
403 962 669 1025 Βασιλεὺς
722 962 778 1014 δὲ
806 962 913 1014 τῶν
945 960 1137 1012 δεινῶν
1179 957 1451 1027 ὁσημέραι
1484 956 1753 1025 πληθύνο-

186 1058 361 1122 μένων
424 1055 518 1106 καὶ
579 1056 655 1124 μὴ
688 1054 899 1107 ἐώντων
934 1053 1060 1107 ἄλλο
1110 1069 1162 1104 τι
1219 1048 1575 1120 βουλεύεσθαι
1618 1049 1652 1119 ἢ
1692 1049 1753 1101 τὸ

184 1149 348 1216 χεὲρω
375 1147 551 1199 ποιεῖν
584 1146 652 1198 τά
685 1147 791 1199 τῶν
816 1144 1025 1215 ἐχθρῶν
1050 1143 1191 1196 κατά
1224 1158 1346 1194 τινα
1374 1140 1590 1193 σύνεσιν
1624 1141 1753 1212 (ἄλ-

182 1240 285 1300 λως
316 1239 431 1307 γαρ
480 1239 865 1303 ἀντιπράττειν
933 1236 1031 1289 καὶ
1062 1235 1323 1297 πολεμεῖν
1349 1232 1458 1285 οὐδ’
1486 1233 1622 1294 ὅλως
1647 1227 1753 1300 ἦν)

183 1330 441 1397 ἀσμένως
489 1330 745 1401 προσίετο
791 1328 893 1396 τὴν
927 1326 1247 1399 πρεσϐείαν,
1282 1326 1377 1379 καὶ
1405 1324 1752 1394 ἀντιπέμψας

185 1425 272 1475 διά
296 1440 443 1484 τινος
480 1424 715 1492 Πέρσου,
756 1420 831 1490 μὴ
856 1419 1141 1489 φωραθείη
1167 1418 1325 1486 δῆθεν
1353 1417 1412 1469 τὸ
1437 1415 1753 1485 μελετώμε-

186 1532 297 1577 νον,
323 1512 510 1566 δοῦναι
548 1516 646 1582 μὲν
675 1514 754 1574 εἰς
790 1513 1028 1578 γυναῖκα
1060 1510 1120 1562 τὸ
1148 1509 1241 1562 τοῦ
1272 1506 1507 1560 παλαιοῦ
1544 1506 1753 1558 ἐκείνου

188 1607 377 1673 Maii-pc
438 1606 729 1674 θυγάτριον
790 1603 866 1674 τῷ
932 1601 1227 1671 Περσάρχῃ
1286 1598 1752 1665 καθυπισχνεῖτο,

186 1700 451 1768 παρέχειν
473 1697 528 1749 δὶ
560 1696 660 1749 ὅσα
691 1712 749 1747 τε
776 1692 919 1746 κατά
953 1694 1154 1762 προῖκα
1182 1691 1277 1743 καὶ
1310 1690 1407 1741 ὃσα
1440 1689 1559 1741 κατ’
1587 1687 1754 1756 ἀλλην

184 1790 500 1856 φιλοτιμίαν
537 1788 601 1841 τά
638 1786 817 1840 ίκανά.
860 1783 1021 1836 ’Λλλά
1044 1783 1248 1835 τούτων
1290 1781 1563 1850 ὁσημέραι
1601 1780 1754 1846 διαγ-

184 1881 549 1948 γελλομένων,
578 1879 697 1932 καθ’
722 1877 1047 1945 ὑποσχέσεις
1077 1873 1169 1927 τοῦ
1200 1874 1297 1928 καὶ
1320 1868 1477 1933 αὖθις
1504 1887 1753 1941 προσχω·

188 1974 301 2037 ρεῑν
328 1973 457 2032 τοὺς
490 1969 975 2037 ἀποστατήσαντας
1006 1965 1111 2019 Του
1124 1962 1455 2034 ρκοπούλους
1497 1961 1658 2013 αὐτοῦ
1689 1978 1752 2028 γε

188 2063 661 2131 συμπράττοντος,
714 2061 760 2112 εί
792 2059 954 2127 μόνον
1002 2059 1308 2126 πέμποιντο
1331 2054 1387 2106 ai
1415 2051 1621 2105 τούτων
1654 2067 1753 2116 γυ-

186 2156 397 2214 ναῖκες,
450 2151 590 2214 πλὴν
625 2150 740 2219 μετ’
788 2147 1091 2219 ἀσφαλείας
1125 2144 1217 2197 τοῦ
1252 2145 1324 2212 μή
1352 2160 1404 2195 τι
1436 2140 1755 2209 παραϐῆναι

188 2247 309 2297 κατ’
346 2247 568 2312 ἀπάτην
601 2243 709 2296 τῶν
738 2240 1139 2308 συγκειμένων,
1170 2237 1243 2298 ὡς
1275 2233 1407 2303 γοῦν
1434 2231 1584 2284 ταῦτ’
1612 2228 1755 2301 ᾠκο-

188 2336 422 2402 νόμηντο
446 2336 539 2385 καὶ
565 2334 664 2403 ἤδη
708 2332 1042 2399 ἐπέμποντο,
1094 2328 1345 2396 φωρᾶται
1377 2324 1489 2385 τοῖς
1513 2322 1755 2390 ’Δμογα-

187 2427 378 2495 ϐαροις
421 2426 481 2477 τὸ
515 2426 724 2492 δρᾶμα,
768 2423 862 2475 καὶ
897 2419 1264 2488 Ῥομοφόρτος
1294 2416 1384 2468 τὸν
1430 2414 1756 2481 Περσὰρχην

188 2518 265 2578 είς
288 2520 475 2583 κρίσιν
505 2516 646 2580 ἄγει,
675 2513 769 2567 καὶ
797 2514 912 2566 ὅσοι
960 2508 1331 2576 συνεμελέτων
1380 2504 1530 2572 αὐτῷ
1556 2504 1625 2555 τά
1658 2503 1757 2570 τῆς

187 2609 633 2675 ἀποστατήσεως.
694 2607 818 2666 Τοῖς
862 2604 918 2656 δὲ
953 2602 1027 2671 μὴ
1055 2601 1270 2670 ἔχουσιν
1303 2598 1440 2657 ὅλως
1468 2594 1759 2659 ἀπολογεί-

190 2702 335 2763 σθαι,
366 2700 425 2751 ἓν
450 2701 527 2761 είς
553 2696 846 2764 ἀπολογίαν
877 2692 1246 2763 προύτείνετο,
1268 2688 1327 2740 τὸ
1358 2686 1574 2760 ἀπατᾷν
1619 2683 1759 2750 ὑπὲρ

186 2894 310 2933 cum
338 2891 403 2929 co
430 2875 571 2927 inire
597 2873 927 2927 admitteret.
963 2867 1241 2923 Offerebat
1270 2873 1448 2918 autem
1491 2879 1549 2917 se
1576 2865 1758 2918 statim

189 2969 511 3021 relicturum
548 2965 1009 3033 Amogabarorum
1060 2968 1263 3030 partes,
1310 2970 1364 3013 et
1389 2958 1649 3029 quidquid
1692 2959 1759 3009 ad

188 3076 277 3114 res
315 3069 369 3111 et
401 3057 641 3111 ratiOnes
704 3054 1047 3124 imperatoris
1100 3053 1355 3121 expedire
1412 3051 1758 3116 intelligeret.

1857 590 2004 658 Πλὴν
2031 590 2421 658 ὑπονοηθέντες
2458 592 2706 646 ἐντεῦθεν
2733 594 2832 656 τὰς
2867 597 2946 657 εἰς
2978 594 3178 658 αὐτοὺς
3216 594 3423 665 πληροο

1855 682 2050 751 φορίας
2107 681 2213 733 τῶν
2284 683 2681 752 Ἀμογαϐἀρων
2726 686 2984 740 ἀπέλυον.
3042 685 3207 739 Ὅθεν
3245 687 3339 743 καὶ
3367 686 3427 751 ἐξ

1853 774 2020 842 αὐτῆς
2048 776 2350 846 ἀντιπερᾷν
2379 778 2695 846 ἐγνώκεσαν
2725 778 2815 829 τὸν
2860 778 3210 848 Περσάρχην.
3261 778 3426 832 Αὐτοὶ

1851 866 1908 918 δὲ
1930 866 2071 918 κατά
2107 865 2191 938 [Ρ.
2216 868 2339 938 M4]
2373 870 2543 923 νώτου
2576 869 2822 931 λιπόντες
2854 870 2979 931 τοὺς
3026 872 3265 938 Πέρσας,
3290 871 3423 937 περί

1858 974 1957 1009 που
1988 957 2054 1008 τὰ
2084 957 2182 1026 τῆς
2203 958 2455 1013 Μαδύτου
2492 961 2657 1031 μέρη,
2684 962 2836 1014 ἐνθεν
2871 962 2971 1032 μὲν
3003 964 3123 1025 ταῖς
3149 964 3279 1031 παρ’
3324 964 3426 1015 αύ-

1854 1050 1963 1109 τοῖς
1993 1051 2244 1118 τριήρεσι
2267 1050 2541 1118 χρώμενοι
2564 1053 2622 1104 τὸ
2658 1054 2966 1123 προστυχὶν
2994 1054 3274 1121 ὲληῖζοντο
3293 1056 3421 1123 τρό-

1856 1155 1957 1190 πον
1993 1140 2267 1209 πειρατῶν
2295 1142 2432 1193 κατά
2460 1142 2755 1205 Θάλασσαν,
2800 1147 2940 1198 κατά
2970 1146 3025 1198 δὲ
3067 1146 3240 1214 ξηρὰν
3276 1146 3428 1198 ἔθεον

1857 1231 2201 1299 παμπληθεὶ,
2260 1234 2357 1284 καὶ
2407 1234 2765 1303 προσδόκιμοι
2803 1230 2942 1302 ἦσαν
2971 1238 3301 1305 προσϐαλεῖν
3333 1239 3426 1290 καὶ

1855 1322 2045 1375 πόλει·
2079 1325 2468 1391 προσετόλμων
2497 1326 2554 1379 δὲ
2582 1329 2673 1379 καὶ
2701 1328 2836 1395 πρὸς
2870 1327 3096 1397 βασιλέα
3125 1330 3427 1398 πρεσϐείαν

1858 1414 2120 1481 πέμπειν,
2150 1416 2245 1466 καὶ
2284 1417 2467 1480 ἀξιοῦν
2496 1417 2698 1471 διδόναι
2739 1420 2836 1487 μὲν
2866 1421 2993 1482 τοὺς
3024 1421 3274 1489 μισθοὺς,
3305 1440 3428 1475 συν-

1854 1503 2113 1557 ωνεῖσθαι
2151 1504 2206 1557 δὲ
2266 1508 2359 1558 καὶ
2413 1508 2481 1559 τὰ
2534 1507 2922 1573 σκυλευθέντα,
2978 1513 3073 1562 καὶ
3127 1512 3269 1565 οὕτω
3308 1514 3426 1582 μετ’

1857 1594 2077 1659 είρῇνης
2106 1593 2201 1645 ἐπὶ
2231 1594 2376 1662 νηῶν
2408 1597 2647 1665 πέμπειν
2682 1598 2877 1660 αὐτοὺς
2906 1599 2984 1659 εἰς
3008 1599 3077 1650 τὰ
3110 1599 3239 1655 ἴδια.
3275 1602 3429 1656 Ἐπεὶ

1854 1683 1909 1737 δὲ
1936 1684 2087 1738 ταῦτ’
2139 1687 2241 1738 οὐκ
2289 1686 2533 1756 ἐχώρουν
2586 1689 2856 1754 γίνεσθαι,
2894 1690 3155 1759 ἄπρακτα
3187 1693 3254 1745 τά
3311 1695 3427 1763 τῇδ’

1853 1774 2014 1849 ἦσαν,
2055 1780 2244 1847 μόναις
2274 1781 2331 1834 δὲ
2361 1785 2483 1845 ταῖς
2518 1772 2651 1852 πρὸς
2697 1784 2831 1836 Θεὸν
2884 1786 3145 1849 ἱκετείαις
3198 1789 3428 1857 ἤλπιζον

1858 1868 2152 1932 σώζεσθαι,
2200 1868 2267 1932 ἃς
2321 1872 2523 1940 συχνὰς
2567 1875 2595 1924 ὁ
2633 1877 3052 1943 πατριαρχιύων
3109 1878 3430 1948 παμπληθεὶ

1854 1959 2228 2028 διεπράττετο,
2289 1962 2438 2026 Τέως
2474 1963 2530 2015 δὲ
2568 1965 2658 2016 καὶ
2687 1965 2756 2037 5a
2785 1966 2879 2017 τοῦ
2935 1968 3234 2033 Κοσμιδίου
3268 1970 3431 2038 φρού-

1858 2064 1994 2116 ριον,
2023 2048 2272 2101 δεδιότων
2325 2052 2399 2120 μὴ
2450 2052 2771 2114 ἐπιστάντες
2810 2055 3189 2121 κατάσχοιντο.
3230 2055 3295 2106 ὲκ
3331 2056 3427 2123 μέ-

1860 2153 1983 2201 ρους
2004 2139 2358 2207 κατήρειπτο,
2383 2140 2476 2191 καὶ
2507 2139 2720 2203 ξενικὰς
2743 2141 3001 2209 δυνάμεις
3024 2142 3085 2194 ἐκ
3102 2145 3149 2194 τ’
3178 2144 3429 2213 Ἰϐηρίας

1860 2225 2057 2293 (κάκεί
2095 2227 2204 2297 γάρ
2258 2228 2605 2281 ἀποστέλλων
2656 2228 2907 2296 βασιλεὺς
2944 2234 3072 2300 περὶ
3106 2234 3429 2303 συμμαχίας

1857 2315 2045 2383 ⁴Ιῑξίου)
2072 2315 2135 2367 εκ
2184 2333 2243 2368 τε
2272 2316 2532 2380 Γεννούσς
2579 2319 2959 2390 ἀπεξεδέχετο.
3007 2323 3141 2374 υύδὲ
3172 2326 3277 2393 γὰρ
3308 2326 3432 2379 οὐδὲ

1857 2407 1925 2458 τά
1959 2407 2112 2468 ἐντὸς
2160 2408 2375 2474 ἐσάπαξ
2425 2411 2681 2477 ἀσφαλῶς
2729 2406 2875 2481 εἶχον
2907 2414 2984 2482 τῷ
3021 2414 3253 2482 βασιλεῖ,
3312 2418 3430 2469 ἀλλ’

1860 2499 2010 2551 ἐνθεν
2045 2499 2144 2568 μέν
2171 2517 2253 2560 τις
2284 2500 2393 2553 τῶν
2425 2502 2739 2572 ὲπιρῤήτων
2774 2505 2838 2555 ὲκ
2870 2503 3097 2566 δύσεως,
3132 2505 3434 2575 ἱερωσύνης

1862 2593 2223 2662 περικτᾶσθαι
2256 2594 2415 2657 δόξας
2447 2595 2665 2662 ἀξίωμα
2698 2597 2788 2649 καὶ
2816 2595 2921 2665 πρὸ
2952 2597 3158 2667 χρόνων
3183 2616 3436 2669 προσχω-

1864 2689 2031 2755 ρήσας
2062 2685 2271 2741 ἐκεῖθεν
2298 2686 2376 2756 τῷ
2414 2686 2646 2756 βασιλεῖ,
2681 2688 2709 2741 ὁ
2737 2688 2979 2753 τοιοῦτος
3002 2690 3212 2759 Δριμὺς
3240 2691 3437 2747 τούπί-

1864 2867 2141 2920 retrahere
2203 2880 2400 2920 uxores
2456 2863 2910 2935 Tttrcopulorum.
2989 2864 3175 2919 Fidem
3224 2865 3436 2921 Invenit

1863 2956 2005 3025 apud
2039 2957 2407 3022 Amogabaros
2440 2956 2741 3025 plausibilis
2794 2958 3092 3009 excusatio.
3150 2955 3327 3024 Atque
3361 2956 3435 3011 ita

1866 3061 2060 3112 magno
2088 3047 2141 3097 dt
2162 3046 2328 3098 functi
2358 3046 2604 3115 periculo
2634 3046 2926 3114 conjurati,
2976 3045 3288 3102 l‘ersarcbte
3316 3047 3437 3102 Me.

193 3166 289 3214 pro
330 3147 478 3201 virili
512 3157 783 3206 acturum,
806 3145 917 3198 sive
962 3144 1071 3197 illic
1103 3144 1188 3195 ubi
1217 3151 1357 3205 erat,
1390 3142 1434 3193 si
1469 3140 1583 3194 fieri
1637 3154 1760 3207 pos-
1789 3183 1830 3239 C
1867 3137 1983 3190 loco
2035 3146 2421 3205 persuaserunt
2492 3138 2730 3190 velocem
2792 3137 2845 3190 in
2881 3137 3067 3192 Asiam
3130 3137 3435 3205 trajectum,

192 3247 289 3293 set.
324 3235 691 3303 persistendo,
723 3234 835 3287 sive
870 3234 923 3286 in
949 3234 1233 3285 adversam
1280 3244 1403 3283 cum
1444 3228 1560 3281 suis
1591 3229 1760 3293 coniis

194 3324 605 3382 tiansl'retando
640 3325 1026 3376 cuntinentem.
1054 3319 1148 3372 llis
1182 3320 1479 3385 imperator
1533 3316 1761 3380 auditis,

193 3427 462 3485 reputans
490 3414 647 3467 malis
676 3412 919 3480 quotidie
944 3407 1447 3479 ingravescentibus
1472 3422 1578 3460 non
1600 3407 1758 3460 aliam

189 3511 408 3563 aliunde
432 3521 581 3575 spem
643 3502 870 3557 remedii
905 3502 1143 3561 ostendi,
1204 3500 1427 3570 quando
1485 3500 1762 3552 exhaustae

189 3615 315 3663 opes
343 3598 560 3665 imperii
623 3594 933 3647 facultatem
993 3592 1264 3658 negabant
1310 3592 1441 3659 justi
1492 3590 1762 3643 exercitus

193 3694 489 3747 rebellibus
518 3687 850 3757 opponendi,
886 3700 1047 3753 quam
1080 3686 1117 3737 a‘
1159 3682 1526 3749 procuranda.
1578 3682 1624 3736 si
1653 3697 1761 3750 qua

192 3792 371 3851 posset
430 3790 550 3833 arte
599 3778 813 3840 confici,
862 3774 1237 3829 debilitatione
1280 3784 1443 3839 atque
1501 3772 1761 3824 itmnittu-

193 3878 335 3925 tione
376 3869 637 3940 potentiae
669 3867 902 3929 hostilis,
965 3865 1295 3933 perlibenter
1357 3864 1567 3930 excepit
1619 3863 1766 3930 lega-

192 3968 411 4020 tio:.em.
442 3970 497 4013 et
538 3964 767 4012 remisso
806 3956 872 4009 ad
906 3956 1177 4009 Melecum
1211 3955 1377 4007 Persa
1418 3956 1651 4019 quodam
1698 3954 1762 4004 li-

193 4057 277 4114 do,
314 4062 373 4102 nt
407 4066 497 4103 res
528 4050 698 4101 tutius
744 4049 956 4106 lateret,
1009 4043 1256 4112 promisit
1282 4058 1340 4097 se
1401 4042 1474 4095 illi
1505 4042 1761 4097 daturum

193 4144 243 4194 in
276 4156 501 4193 uxorem
531 4138 851 4207 antiquioris
886 4137 1028 4189 illius
1069 4133 1253 4188 Meleci
1286 4133 1473 4193 filiam,
1503 4133 1758 4201 adjectu-

196 4252 421 4299 rnmque
446 4233 625 4285 dotem
655 4229 908 4296 amplam,
935 4241 1031 4280 nec
1056 4227 1107 4278 in
1135 4226 1369 4287 caeteris,
1392 4224 1603 4292 quoties
1629 4224 1767 4277 foret

192 4343 324 4390 opus
372 4338 467 4377 aut
511 4324 626 4390 ipse
671 4318 737 4372 ad
776 4332 927 4373 suam
968 4315 1387 4371 munificentiam
1442 4314 1762 4383 appellaret,

194 4429 539 4485 negaturum.
576 4412 638 4466 Et
669 4410 992 4478 procedebat
1048 4406 1281 4461 feliciter
1338 4406 1585 4459 tractatio
1634 4406 1764 4457 mis-

1864 3241 2021 3296 quem
2057 3228 2102 3280 is
2132 3228 2270 3280 clam
2300 3228 2683 3283 administrare
2727 3243 2793 3283 eo
2842 3229 3180 3283 commodius
3235 3233 3432 3297 potuit,

1862 3321 2004 3386 quod
2036 3320 2189 3387 quasi
2225 3319 2383 3373 soluti
2408 3319 2520 3387 jam
2542 3333 2671 3373 cura
2712 3320 2976 3384 Catelani,
3004 3318 3185 3387 Persis
3214 3334 3244 3371 a
3280 3329 3436 3388 tergo

1864 3411 2067 3465 relictis
2099 3411 2242 3464 circa
2275 3419 2454 3479 partes
2484 3409 2708 3482 Madyti,
2738 3412 2865 3465 hinc
2924 3412 3137 3480 quidem
3199 3413 3438 3466 triremi-

1864 3502 1964 3555 bus
2015 3501 2329 3555 conscensis
2389 3517 2539 3555 mare
2602 3503 3000 3556 latrocinantes
3082 3500 3436 3569 infestabant,

1865 3594 1987 3646 inde
2050 3603 2226 3645 autem
2276 3596 2625 3648 terrestribus
2682 3595 2851 3661 copiis
2916 3595 3021 3647 late
3086 3595 3433 3661 pradabundi

1867 3684 2112 3752 regiones
2145 3684 2517 3747 incursabant,
2571 3685 2668 3752 ipsi
2713 3698 2929 3753 quoque
2970 3684 3087 3737 urbi
3136 3683 3433 3743 formidati,

1868 3778 2028 3828 anxia
2065 3790 2253 3828 eorum
2321 3776 2730 3843 exspectatione
2793 3775 3059 3837 sollicitae,
3113 3777 3327 3844 quando
3383 3786 3437 3829 et

1866 3868 1981 3921 ausi
2018 3880 2141 3921 sunt
2174 3882 2313 3920 nova
2341 3868 2719 3934 imperatorem
2773 3868 3036 3935 legatione
3077 3867 3307 3934 superbe
3343 3866 3433 3919 la-

1866 3974 2106 4021 cessere,
2133 3975 2233 4026 qua
2264 3959 2518 4026 petebant
2546 3958 2679 4010 solvi
2715 3958 2819 4011 sibi
2850 3958 3010 4027 plane
3050 3958 3315 4025 stipendia
3350 3973 3435 4009 re-

1866 4058 1949 4100 tro
1977 4047 2178 4110 debita,
2211 4059 2320 4099 tum
2368 4062 2486 4114 qua:
2536 4057 2691 4113 rapta
2730 4049 2781 4099 itt
2844 4047 3091 4100 manibus
3152 4046 3435 4107 baberent,

1866 4137 1971 4189 alia
1996 4137 2233 4205 ipsorum
2258 4136 2521 4189 arbitratu
2562 4136 2794 4189 taxanda
2842 4135 3067 4203 pecunia
3111 4136 3338 4201 redimi;
3370 4138 3437 4189 iis

1867 4230 2097 4295 peractis
2132 4228 2357 4294 praeberi
2412 4228 2515 4282 sibi
2558 4228 2624 4281 ab
2676 4228 3004 4295 imperatore
3046 4241 3231 4289 naves,
3269 4235 3327 4280 et
3356 4229 3435 4279 sic

1868 4331 1991 4371 Cum
2028 4317 2232 4385 pacein
2272 4317 2503 4382 patriam
2553 4316 2779 4370 retttitti.
2836 4314 3037 4370 Niltzec
3089 4316 3299 4378 fierent,
3356 4317 3438 4367 itt—

1871 4408 2205 4460 terttecinum
2228 4409 2604 4459 adextremum
2634 4404 3029 4459 denuntiabant
3053 4406 3273 4458 bellum.
3312 4405 3439 4459 Haec

192 4510 263 4561 sis
291 4508 434 4561 ultio
470 4505 715 4570 citroque
748 4498 986 4570 quotidie
1012 4497 1480 4557 commeantibus;
1526 4511 1754 4564 quorum
1787 4508 1838 4565 ι)
1868 4514 1987 4552 cttttt
2036 4498 2245 4549 admitti
2303 4497 2449 4549 nullo
2477 4496 2636 4549 ntodo
2666 4506 2905 4565 possent,
2936 4498 3111 4567 palam
3143 4511 3259 4551 erat
3303 4512 3439 4551 cutt-

192 4602 409 4666 (Illitialll
448 4611 479 4648 a
521 4593 720 4646 Meleeo
774 4589 1039 4644 nuntiavit
1077 4589 1175 4656 ipsi
1229 4587 1397 4640 videri
1430 4602 1590 4655 posse
1626 4586 1768 4640 Tur-

192 4689 414 4756 cupidos
452 4700 483 4737 a
517 4685 775 4738 societate
814 4679 1194 4733 Catelanorum
1252 4678 1499 4732 abscindi
1534 4686 1588 4730 et
1646 4678 1769 4729 dato

193 4783 390 4832 idoneo
432 4778 557 4831 fidei
590 4777 815 4844 pignore
878 4772 1139 4827 Romanis
1196 4772 1500 4832 conciliari,
1558 4771 1601 4823 si
1657 4785 1769 4823 sua:

192 4868 627 4934 ipsismulieres,
667 4878 802 4932 quas
862 4872 1051 4930 captas
1101 4862 1170 4914 ab
1215 4860 1403 4914 Alanis
1452 4861 1765 4927 imperatori

190 4960 399 5011 «lt-duas
437 4956 650 5009 dictum
680 4962 787 5019 est,
846 4952 913 5006 ab
945 4953 1048 5006 boc
1089 4953 1192 5005 illis
1248 4953 1622 5005 redderentur.
1670 4950 1766 5004 ll‘s

190 5053 350 5105 facile
381 5062 652 5103 annuente
673 5048 915 5111 Augusto
937 5055 988 5100 et
1048 5045 1362 5097 mulieribus
1402 5044 1513 5109 jam
1560 5043 1762 5106 missis,

189 5140 618 5210 deprehenditur
634 5138 702 5190 ab
727 5136 1081 5201 Anmgabaris
1110 5150 1305 5188 arcana
1330 5133 1556 5199 molitio,
1585 5133 1766 5198 Ouare

194 5233 543 5288 ilomofortns
600 5231 664 5282 ad
702 5228 967 5297 judicium
1001 5226 1353 5281 Persarcham
1411 5226 1568 5287 citat,
1602 5223 1762 5293 592

190 5340 392 5393 eosque
436 5336 636 5377 omnes
686 5335 821 5389 quos
853 5319 1177 5373 defectionis
1241 5333 1362 5371 cum
1419 5330 1483 5369 eo
1514 5317 1762 5384 cogitata:

194 5417 434 5483 suspicio
461 5412 829 5481 contingebat.
884 5409 977 5466 His
1027 5424 1250 5464 causam
1286 5407 1578 5470 dillicilcm,
1613 5409 1760 5461 exitu

191 5524 320 5561 sane
352 5504 605 5572 ancipiti.
633 5502 938 5555 dicentibus
967 5514 1091 5552 cum
1133 5515 1238 5552 non
1268 5508 1577 5552 occurreret
1629 5499 1759 5566 quid

190 5599 332 5650 aliud
378 5593 744 5647 verisimiliter
814 5592 1136 5660 allegat-ent,
1204 5590 1763 5643 ineoconsensertmt

193 5702 245 5739 ut
278 5689 619 5739 allirmarent
645 5698 748 5736 non
780 5696 903 5735 vere
961 5680 1192 5734 deﬁcere
1250 5693 1308 5733 se
1350 5679 1603 5742 voluisse,
1668 5679 1759 5732 sed

190 5780 514 5835 calculanda
569 5775 700 5827 falso
729 5774 845 5840 t-jtts
882 5773 959 5825 rei
1014 5773 1287 5825 voluntate
1329 5771 1397 5825 ab
1433 5771 1760 5838 itttpet'ntore

472 5873 739 5934 Pnnoc.
791 5872 902 5931 GR.
952 5867 1205 5928 CXLIV.

1873 4592 1974 4643 ctis
2009 4605 2158 4657 spem
2187 4590 2560 4642 conventionis
2585 4590 2783 4642 nullam
2812 4602 3117 4656 superesse.
3152 4590 3329 4656 Quare
3382 4593 3434 4645 in

1872 4682 1984 4734 sola
2016 4680 2211 4735 ﬁducia
2245 4680 2414 4732 divini
2464 4679 2649 4733 auxilii
2708 4679 2963 4746 precibus
2996 4681 3255 4733 exorandi
3293 4680 3441 4735 saltt—

1876 4772 1945 4823 tis
1976 4769 2201 4837 publicae
2249 4767 2481 4823 facultas
2516 4778 2570 4823 et
2605 4770 2746 4823 ratio
2770 4770 3059 4838 pendebat,
3088 4770 3230 4824 haud
3283 4773 3438 4840 segni

1871 4864 1935 4913 ad
1992 4862 2038 4913 id
2084 4862 2320 4916 oflicium
2377 4860 2707 4928 patriarcha,
2790 4860 2884 4927 qui
2938 4861 3193 4915 maximis
3244 4864 3439 4915 crebro

1871 4953 2233 5007 conventibus
2270 4953 2458 5007 solitas
2489 4968 2615 5007 suas
2664 4952 2876 5007 litanias
2912 4954 3162 5008 iterabat.
3213 4953 3434 5008 interim

1869 5053 2045 5097 autem
2087 5046 2242 5112 periti
2301 5060 2482 5098 rerum
2533 5046 2871 5110 bellicarum,
2930 5054 2988 5098 ttt
3020 5045 3231 5099 defendi
3298 5045 3433 5099 satis

1870 5148 2050 5205 posset
2084 5151 2179 5189 arx
2214 5136 2486 5190 Cosmodii
2516 5145 2785 5201 verentes,
2850 5137 3023 5190 deseri
3064 5145 3116 5190 et
3159 5152 3221 5189 ex
3282 5145 3438 5202 parte

1870 5225 2106 5277 subverti
2140 5240 2382 5279 suasere.
2415 5224 2714 5293 imperator
2764 5235 2941 5281 autem
2977 5226 3161 5293 copias
3212 5227 3437 5279 auxilia-

1870 5329 1955 5367 res
1993 5331 2053 5367 ει
2084 5313 2254 5368 Iberia
2281 5323 2333 5368 et
2361 5315 2427 5369 ab
2464 5317 2595 5368 urbe
2654 5316 2865 5378 Genua,
2922 5316 3064 5369 unde
3094 5328 3434 5383 poposcerat,

1868 5408 2217 5473 exspectabat
2250 5422 2313 5458 eo
2342 5408 2612 5476 cupidius,
2646 5422 2756 5475 quo
2790 5423 2855 5461 ne
2888 5409 3150 5462 interiora
3214 5410 3435 5477 quidem

1866 5497 2016 5549 urbis
2039 5496 2195 5566 593
2230 5506 2311 5551 sat
2354 5498 2459 5553 sibi
2490 5510 2601 5551 tnta
2647 5501 2911 5555 sentiebat
2942 5510 3160 5569 propter
3203 5502 3437 5554 subodo-

1866 5600 2013 5641 ratas
2042 5590 2398 5657 quorumdam
2429 5592 2851 5646 machinationes
2873 5592 3231 5661 proditorum.
3266 5592 3436 5645 Nimi-

1866 5695 1982 5731 rnm
2002 5679 2220 5748 quidam
2255 5692 2607 5748 cegnomcnto
2661 5682 2892 5754 Drimys,
2944 5685 3034 5753 qui
3086 5685 3212 5738 olim
3280 5685 3437 5739 fama:

1866 5786 2052 5839 parum
2087 5778 2236 5827 boum
2269 5773 2472 5827 dudum
2502 5790 2565 5828 cx
2602 5774 2840 5833 Occiiluo
2893 5786 3070 5831 tractu
3106 5777 3172 5831 ad
3206 5778 3437 5847 impcra~

2960 5873 3030 5933 21
