4190 6438
750 390 859 457 683

1936 394 2261 453 GEORGII
2299 392 2775 455 l’ACllYMElle

3899 389 4011 457 est

755 520 856 575 χης
889 502 1053 572 οὔσης
1086 504 1175 555 καί
1202 502 1294 554 τοῦ
1320 501 1564 554 κινδύνου
1590 502 1995 571 ἐπηρτημένου.
2032 504 2147 574 Κᾶν
2173 504 2319 553 ἐκιν-
2352 511 2397 564 Α
2428 502 2528 565 κζ’.
2551 506 2839 569 Πρεσϐεία
2863 502 3240 557 ιἐννουντών
3262 503 3384 575 ,ἅμα
3404 505 3499 557 καί
3519 503 3828 569 ,ϐασιλέως
3852 524 4010 574 προς

754 595 999 657 δύνευον,
1035 595 1098 663 ἢν
1137 594 1209 663 μή
1239 610 1321 654 τις
1352 594 1457 645 τῶν
1497 593 1812 644 ἐπισκόπων
1838 590 2138 659 συμπαρὼν
2166 589 2318 656 σφίσι

759 691 852 741 καὶ
892 689 987 739 σὺν
1022 685 1168 753 αύτῷ
1208 685 1357 737 ἄλλοι
1383 684 1474 735 τὸν
1508 683 1784 753 βάρϐαρον
1815 684 2115 734 ἱκετεύουσι
2148 680 2221 748 μὴ
2255 679 2322 731 ἂν

758 783 918 833 τόσον
975 778 1315 845 ἐργάσασθαι
1372 776 1549 843 φόνον.
1588 775 1743 843 ’Ἅμα
1785 774 1839 826 δέ
1865 791 1925 841 γε
1964 775 2053 825 καὶ
2077 774 2321 841 συμϐου-

760 872 1030 934 λεύουσιν,
1069 870 1141 931 ὠς
1198 869 1434 933 ἐλέγετο,
1495 867 1618 929 τοὺς
1647 866 1740 919 τοῦ
1790 864 2064 935 βαρϐάρου
2117 862 2323 929 θυμοὺς

759 965 1169 1022 κολακεύοντες,
1207 959 1282 1022 ὡς
1336 958 1600 1020 εύθίκτως
1656 958 1751 1009 καὶ
1800 956 1949 1008 ἄλλοι
1981 954 2229 1023 προδοῖεν
2260 953 2325 1005 ἂν

759 1060 890 1119 ίσως
918 1058 1039 1116 ταῖς
1067 1052 1471 1121 φιλανθρώποις
1521 1052 1585 1102 ἐκ
1628 1052 1811 1117 φήμης
1873 1044 2325 1114 μετεωρισθέντες

758 1147 963 1199 ἐλπίσι.
981 1142 1166 1197 Ταῦτα
1189 1142 1439 1208 λέγοντες
1468 1142 1534 1208 τῇ
1563 1138 1827 1205 δεινότητι
1850 1136 1955 1187 τῶν
1976 1135 2146 1202 λόγων
2173 1130 2327 1201 μόλις

756 1242 849 1294 τὸν
882 1237 1156 1308 βάρδαρον
1186 1231 1637 1301 κατεργάζονται.
1695 1231 1803 1282 Καὶ
1841 1228 1907 1281 τὰ
1943 1227 2041 1296 μὲν
2073 1227 2328 1295 χρήματα

759 1333 1094 1402 ἀφαιρεῖται.
1151 1326 1334 1394 γυμνὰ
1364 1324 1421 1376 δέ
1458 1322 1563 1375 τῶν
1614 1323 1839 1374 ἐνόντων
1872 1320 1938 1371 τά
1972 1317 2199 1385 σώματα
2232 1332 2327 1367 κα-

761 1425 1035 1484 ταλείπει,
1087 1418 1217 1471 ὥστ’
1254 1419 1303 1469 εί
1351 1417 1450 1486 μὲν
1501 1415 1682 1483 μένειν
1723 1414 1948 1474 θέλοιεν,
2003 1408 2327 1477 κηδεμονίας

762 1515 905 1574 τινος
945 1508 1245 1573 ἀξιοῦσθαι,
1286 1508 1331 1557 εἰ
1357 1506 1401 1556 δ’
1435 1502 1550 1564 οὖν,
1584 1503 1696 1554 ἀλλ’
1722 1503 1793 1563 ὡς
1830 1502 2041 1567 ἔχουσιν
2074 1499 2131 1561 ἐξ
2158 1492 2330 1565 αὐτῆς

762 1601 1226 1656 ἀπαλλάττεσθαι.
1263 1598 1475 1665 Προῆγε
1508 1596 1561 1646 δὲ
1592 1594 1999 1660 τὰςδυνάμεις,
2040 1590 2147 1642 ἀπὸ
2170 1591 2331 1657 ῥυτῆ-

767 1714 859 1766 ρος
910 1695 1168 1754 ἐλαύνων,
1234 1690 1327 1741 καὶ
1359 1690 1452 1740 ἐπὶ
1510 1686 1576 1737 τὰ
1606 1685 1768 1736 λοιπὰ
1802 1684 2059 1752 φρούρια.
2092 1682 2251 1748 Φήμη
2284 1678 2329 1730 δ’

764 1791 914 1842 ἵκετο
968 1784 1366 1853 συμπεριάγειν
1426 1781 1519 1831 καὶ
1570 1781 1659 1829 τὶν
1696 1777 1993 1829 ἐπίσκοπον
2028 1772 2251 1843 (Πανίου
2283 1774 2328 1824 δ’

765 1870 919 1936 οὗτος
949 1870 1016 1944 ἦν
1036 1873 1051 1943 )
1074 1875 1166 1924 καὶ
1208 1872 1274 1922 τὰ
1298 1869 1472 1921 πολλὰ
1503 1873 1599 1920 καὶ
1622 1868 1781 1918 αὑτὸν
1808 1868 2169 1933 ἐφιστάμενον
2202 1881 2329 1915 συν-

766 1969 947 2036 εργεῖν
978 1967 1087 2026 τοῖς
1118 1962 1357 2032 ἐχθροῖς,
1388 1958 1474 2027 ἐφ’
1509 1953 1553 2025 ᾧ
1578 1957 1874 2027 προδιδοῖεν
1898 1958 1952 2008 αἱ
1981 1955 2186 2017 πόλεις.
2223 1953 2331 2006 Καὶ

763 2061 852 2112 διὰ
876 2056 1044 2111 ταῦτα
1074 2056 1149 2118 ὡς
1171 2054 1313 2114 εἰκὸς
1343 2055 1439 2104 καὶ
1462 2050 1612 2119 παρὰ
1635 2051 1729 2116 τῆς
1773 2047 2099 2112 Ἐκκλησίας
2131 2048 2333 2107 ἐκεῖνος

768 2148 1052 2216 ηύθύνετο,
1090 2143 1185 2195 καὶ
1214 2144 1245 2211 ή
1272 2142 1393 2209 δίκη
1430 2138 1771 2207 πατριάρχου
1828 2136 2152 2205 γράμμασιν
2208 2133 2333 2202 ἐδη-

768 2240 925 2293 λοῦτο
976 2238 1052 2307 τῷ
1112 2232 1581 2288 καταδικασθέντι.
1650 2231 1886 2290 Ἐκεῖνος
1937 2227 1992 2278 δέ
2050 2226 2185 2295 πρὸς
2234 2227 2334 2295 τὴν

769 2337 958 2404 φήμην
1015 2331 1217 2385 καὶτὰ
1272 2327 1371 2396 τῆς
1421 2324 1674 2392 ποινίμου
1734 2322 1889 2390 δίκης
1926 2321 2334 2390 ὑπεραλγήσας,

769 2426 960 2495 καιροῦ
990 2410 1325 2492 δραξάμενος
1359 2417 1572 2485 φεύγει,
1596 2415 1693 2469 καὶ
1716 2413 1813 2484 τὴν
1846 2414 2110 2483 ταχίστην
2141 2411 2216 2481 τῷ
2242 2411 2337 2479 βα-

772 2520 908 2572 σιλεῖ
941 2514 1323 2587 παραγίνεται.

772 2789 1055 2859 probatum
1102 2785 1165 2837 iri
1216 2781 1643 2836 Christianorum
1701 2792 1797 2849 per
1850 2777 2190 2833 Christianos
2230 2791 2338 2832 cae-

771 2884 893 2934 dem
920 2880 1034 2932 fieri
1069 2886 1297 2930 tantam.
1326 2873 1708 2943 Adjungebant
1730 2872 1996 2925 interesse
2023 2885 2119 2924 sua
2144 2870 2337 2938 ipsius,

775 2968 1210 3027 mansuetudinis
1256 2964 1397 3036 apud
1443 2979 1622 3018 arcem
1669 2961 1836 3016 Helia:
1875 2971 2086 3029 partam
2137 2962 2337 3014 famam

772 3066 859 3120 ltic
888 3076 1101 3132 quoque
1139 3059 1301 3113 tueri.
1335 3055 1437 3111 Ubi
1482 3056 1625 3110 enim
1676 3069 1783 3107 non
1821 3068 1926 3107 uno
1946 3052 2057 3120 jam
2124 3051 2338 3120 experi-

2979 574 3435 642 Ἀμογαϐἀρουᾳ

2498 683 2581 754 [Ρ.
2626 681 2749 754 455]
2776 684 3040 747 Βασιλεὺς
3068 685 3124 737 δὲ
3159 688 3278 748 ταῖς
3304 685 3412 738 ἀπὸ
3434 686 3543 738 τῶν
3566 688 3794 752 ξενικῶν
3820 688 4006 739 ἐλπίσι

2428 778 2700 845 μετέωρος
2739 777 2814 828 ὢν
2870 777 2969 845 τὴν
3001 775 3200 845 ψυχὴν,
3240 779 3390 844 ὅμως
3421 780 3516 831 καὶ
3556 780 3648 845 αφ’
3683 782 3880 833 ἑαυτου
3935 782 4007 833 τὰ.
4046 814 4051 819 ~

2426 866 2596 919 πολλὰ
2617 868 2871 935 ἐτεχνᾶτο
2895 867 3261 930 ὑποσπόνδους
3282 870 3346 920 ἐκ
3373 871 4005 939 τιμημὰσωνιιπροςάγεο

2429 959 2551 1012 σθαι
2607 962 2731 1023 τοὺς
2783 960 3111 1032 ἀλάστορας.
3172 958 3481 1013 Γεννουῖται
3531 965 3629 1030 μὲν
3658 962 3749 1015 οὖν
3778 966 3828 1015 οἱ
3858 969 4007 1017 κατὰ

2429 1051 2584 1104 πόλιν
2618 1053 2745 1121 ἄρτι
2781 1052 3014 1123 πρώτως
3040 1055 3190 1123 παρὰ
3221 1054 3314 1105 τοῦ
3349 1055 3498 1120 σφῶν
3521 1056 3805 1124 συνεδρίου
3824 1056 4005 1108 ἁόὁᾶν

2430 1142 2710 1213 δεξάμενοι
2762 1142 2948 1213 (δηλοί
2980 1145 3095 1212 est;
3133 1145 3290 1212 φωνὴ
3324 1145 3414 1197 τὸν
3453 1145 3779 1214 ἡγούμενον,
3813 1146 3930 1211 ἔχει
3963 1148 4007 1199 δ’

2430 1227 2585 1300 οὗτος
2601 1236 2697 1304 τὴν
2717 1235 2810 1289 τοῦ
2838 1236 3010 1302 δήμου
3035 1238 3393 1306 προστασίαν,
3423 1237 3499 1300 ὡς
3528 1238 3678 1305 παρὰ
3712 1236 4009 1305 Ῥωμαίοις

2430 1328 2458 1378 ό
2498 1325 2746 1397 πραίτωρ
2770 1326 2863 1379 τοῦ
2905 1327 3077 1396 δήμου
3120 1326 3327 1395 πάλαι)
3376 1328 3781 1397 Ἀμογαὸάροις
3813 1328 4009 1397 ἡθελον

2429 1414 2869 1470 διιιλλάταιιιεσθιιιι⁸
2899 1417 3019 1470 οὐδὲ
3053 1417 3162 1487 γάρ
3208 1413 3355 1486 εἶχον
3387 1416 3562 1478 ἄλλως
3591 1419 3689 1487 τὴν
3724 1419 3873 1470 κάτω
3895 1418 4011 1469 δια·

2433 1506 2766 1570 πλωῖξεσθαι
2789 1510 2932 1562 κατὰ
2960 1509 3056 1571 τὰς
3082 1508 3261 1562 αὐτῶν
3289 1510 3671 1576 πραγματείας
3703 1509 4007 1562 θάλασσαν.

2434 1602 2618 1677 Ἰξαύτῃ
2640 1617 2726 1677 τοι.
2748 1602 2841 1652 καὶ
2874 1600 2943 1651 τά
2973 1600 3071 1667 τῆς
3105 1600 3405 1667 πρεσϐείας
3433 1601 3461 1652 ὁ
3490 1598 4007 1669 ἁϐδᾶξὰνεδέχετο.

2435 1672 2544 1749 Καὶ
2575 1672 2782 1764 βασιλεῖ
2804 1694 3063 1760 γνωσθὲν,
3090 1695 3212 1744 ἐπεὶ
3236 1694 3467 1759 στρατὸν
3499 1693 3662 1763 βάρος
3682 1695 3882 1761 ἔχοντα
3908 1696 4011 1746 οὐκ

2434 1782 2546 1855 εἶχε
2578 1787 2839 1855 πέμπειν,
2860 1784 2997 1838 ἀλλά
3018 1800 3141 1837 τινα
3166 1783 3276 1836 τῶν
3297 1783 3532 1851 ψιλικῶν
3556 1785 3859 1855 ταγμάτων
3878 1803 3949 1836 πε
3960 1789 4011 1853 pi.

2431 1880 2525 1930 τὸν
2563 1878 2737 1947 μέγαν
2768 1876 3155 1945 ἐταιρειάρχην
3189 1871 3329 1943 ἦσαν
3364 1874 3455 1927 τὸν
3490 1876 3719 1941 Δούκαν,
3745 1875 3839 1938 οὓς
3870 1871 4013 1945 ἦγεν

2435 1971 2510 2022 ὢν
2544 1970 2638 2022 ἐπὶ
2663 1966 2755 2021 τοῦ
2783 1966 3017 2036 στρατοῦ
3046 1967 3336 2037 πρότερον,
3366 1967 3431 2037 ἣν
3460 1967 3537 2037 πή
3569 1983 3702 2020 ποτε
3732 1970 4011 2037 κρυφηῖὸν

2434 2062 2528 2113 aut
2574 2060 2634 2124 ἐξ
2668 2060 2909 2128 ’ἐνέδρας
2944 2055 3340 2128 προσϐάλλοιεν
3394 2058 3491 2127 (οὐ
3522 2057 3630 2126 γὰρ
3658 2053 3726 2129 ἦν
3757 2059 4012 2125 φανερῶς

2434 2150 2913 2219 ἀντιτάττεσθαι),
2946 2148 3036 2202 διὰ
3064 2148 3238 2202 ταῦτα
3266 2148 3366 2202 οὐκ
3393 2144 3461 2218 ἦν
3494 2149 3862 2219 ἀποδέχεσθαι
3886 2149 4016 2200 Γεν-

2435 2242 2649 2304 νουῖτας
2683 2241 2820 2311 πρὸς
2853 2239 3084 2310 ἐχθροὺς
3099 2239 3210 2293 τῶν
3248 2238 3541 2309 Ῥωμαίων
3565 2241 3795 2311 εἰρήνην
3828 2242 4015 2293 συντί-

2437 2331 2624 2387 θεσθαι
2678 2331 2953 2394 θέλοντας.
3009 2330 3205 2384 Ἔνθεν
3261 2331 3357 2384 καὶ
3394 2331 3612 2402 πρῶτον
3658 2332 3758 2402 μὲν
3786 2334 4015 2403 πέμψας

2438 2424 2786 2477 ἀναστέλλειν
2803 2423 3063 2493 ἐπειρᾶτο
3084 2425 3144 2475 τὸ
3175 2421 3443 2493 βούλημα,
3469 2425 3544 2488 ὡς
3572 2424 3618 2478 δ’
3637 2425 3736 2478 οὐκ
3770 2425 4012 2491 ἔπειθεν,

2437 2510 2580 2569 εἶναι
2644 2515 2745 2585 μὶν
2775 2514 2868 2569 καὶ
2897 2514 3061 2569 πάλιν
3108 2514 3261 2569 οὐδὲν
3297 2508 3461 2585 ἦττον
3509 2516 3650 2584 σφᾶς
3681 2516 3871 2586 φίλους
3918 2522 4018 2572 καὶ

2442 2787 2535 2841 tati
2561 2794 2829 2849 metuens,
2866 2783 3151 2839 occasione
3181 2794 3398 2854 arrepta
3426 2783 3566 2854 fugit
3598 2799 3629 2841 e
3653 2787 3855 2841 castris
3902 2787 4016 2841 Ro-

2441 2879 2683 2941 muforti,
2740 2888 2794 2932 et
2847 2876 3168 2932 festinanter
3216 2876 3601 2946 imperatorem
3646 2882 3796 2934 adiit.

2437 2991 2528 3046 27.
2588 2990 2806 3062 Legatio
2861 2988 3217 3044 Cannensium
3255 2990 3418 3062 simul
3468 3001 3517 3045 et
3576 2992 3913 3060 imperatoris
3948 2997 4020 3047 ad

3039 3062 3079 3111 Α
3090 3060 3419 3129 mogabaros.

771 3167 954 3212 mento
988 3162 1324 3220 compertum
1356 3146 1519 3219 623
1551 3146 1911 3199 incrcbuisset
1942 3144 2116 3197 lenem
2135 3149 2190 3196 et
2212 3157 2343 3197 exo-
2369 3183 2413 3241 c
2512 3151 2627 3205 11.ιο
2661 3160 2803 3204 statu
2856 3165 3037 3203 rerum
3070 3152 3387 3219 imperator,
3436 3153 3539 3207 etsi
3597 3154 4020 3221 exspectatione

773 3248 993 3304 rabilcm
1031 3242 1402 3299 Romofortum
1443 3254 1585 3300 esse,
1608 3237 1727 3290 aliae
1757 3245 1960 3290 tractus
1982 3235 2139 3288 istius
2181 3248 2337 3288 arces

772 3342 929 3396 facile
979 3337 1378 3391 adducerentur
1408 3332 1473 3385 ad
1519 3331 1568 3385 ei
1610 3344 1670 3383 se
1709 3328 2008 3382 dedendas.
2064 3326 2141 3379 Ne
2173 3326 2338 3394 igitur

770 3445 1079 3495 successus,
1132 3427 1316 3497 gloriae
1362 3423 1465 3477 sibi
1500 3436 1709 3490 magna:
1756 3434 1818 3472 ac
1848 3418 2073 3503 quazstui
2106 3417 2334 3480 futuros,

773 3525 1152 3591 intempestivo
1181 3517 1429 3587 gratuita
1485 3512 1847 3567 immanitatis
1895 3506 2187 3577 opprobrio
2217 3524 2340 3561 cor-

771 3624 1070 3685 rumperet,
1122 3622 1380 3678 tanquam
1417 3608 1466 3659 ei
1508 3603 1767 3659 benevole
1803 3602 2183 3667 consulentes,
2213 3602 2339 3654 dum

772 3711 968 3764 blande
1000 3708 1373 3763 obsecrarent,
1406 3699 1490 3752 vix
1529 3697 1745 3751 tandem
1802 3694 2112 3764 eloquentia
2143 3703 2192 3747 et
2220 3708 2343 3764 gra-

774 3805 845 3855 tia
894 3802 1242 3853 exarmarunt
1298 3793 1555 3846 ferociam
1608 3788 1749 3851 viri,
1805 3787 2182 3857 persuadendo
2241 3787 2342 3855 ipsi

776 3904 835 3946 ιιι
861 3889 1104 3961 spoliatis
1154 3885 1302 3939 omni
1340 3883 1568 3952 pecunia
1605 3890 1659 3933 et
1695 3879 2015 3948 supellectili
2080 3879 2345 3932 dedititiis

773 3985 897 4037 viva
918 3981 1091 4037 solum
1125 3987 1180 4034 et
1208 3977 1378 4031 libera
1429 3986 1658 4042 corpora
1702 3972 2051 4039 relinqueret.
2080 3967 2344 4037 Impetra-

776 4084 889 4129 tum
947 4071 1167 4138 insuper
1224 4074 1276 4119 et
1325 4062 1476 4126 illud,
1531 4068 1590 4114 ut
1639 4058 1813 4126 siqui
1868 4056 2341 4111 Illnedestinorum

775 4178 998 4221 manere
1046 4165 1098 4217 in
1136 4162 1254 4215 loco
1284 4158 1383 4213 sub
1418 4155 1643 4212 victoris
1696 4161 1963 4223 potestate
2010 4151 2151 4205 ultro
2180 4150 2346 4218 elige-

775 4265 919 4318 rent,
964 4253 1075 4308 illic
1105 4261 1163 4306 ut
1188 4247 1389 4305 subditi
1440 4261 1572 4301 cura
1613 4246 1970 4315 dignarentur
2014 4242 2219 4311 aliqua,
2260 4240 2345 4295 sin

776 4350 922 4404 aliud
982 4345 1227 4409 mallent,
1275 4340 1459 4398 statim
1500 4352 1830 4409 quocunque
1885 4336 2079 4391 liberet
2112 4335 2348 4406 migrare

777 4443 1105 4496 sinerentur.
1166 4433 1296 4489 Inde
1355 4430 1707 4487 Romofortus
1760 4442 1960 4498 pronas
1985 4429 2072 4495 ,ad
2114 4425 2348 4480 fortuna:

2447 3246 2766 3312 ρθτρειιιιω,
2814 3257 2972 3311 quam
3004 3256 3293 3296 accersere
3325 3243 3629 3313 satagebat,
3664 3245 3870 3298 militia:
3892 3261 4022 3300 sus-

2447 3348 2671 3400 pensum
2715 3331 2951 3386 habebat
2988 3333 3257 3397 animum,
3327 3343 3510 3387 tamen
3565 3349 3633 3387 ex
3673 3351 3730 3389 se
3776 3351 4021 3404 quoque,

2446 3426 2489 3478 si
2516 3439 2617 3492 qua
2644 3432 2827 3493 posset
2855 3424 3218 3482 comminisci.
3246 3426 3508 3477 malorum
3548 3426 3782 3479 remedia
3816 3431 4021 3493 exqui-

2447 3530 2594 3581 rens,
2639 3531 2743 3569 uon
2788 3515 3115 3569 abhorrebat
3146 3530 3175 3569 a
3212 3522 3465 3570 tentanda
3507 3517 3576 3570 de
3598 3533 3739 3570 novo
3774 3534 4025 3571 reconci-

2448 3607 2666 3660 liatione
2697 3606 2957 3661 ferocium
2987 3608 3198 3661 illorum
3237 3617 3292 3661 et
3350 3610 3672 3661 immanium
3717 3610 4026 3677 Amogaba-

2450 3713 2656 3763 rorum,
2683 3708 2865 3753 certus
2900 3714 3005 3752 non
3045 3714 3271 3765 parcere
3302 3699 3559 3767 impensis
3588 3700 3754 3753 etiam
3787 3702 4023 3769 magnis,

2449 3790 2494 3843 si
2528 3789 2909 3858 largitionibus
2946 3790 3187 3856 pecunia
3212 3794 3277 3841 ad
3308 3793 3458 3857 pacis
3493 3792 3567 3844 illi
3598 3792 3828 3845 consilia
3860 3791 4023 3845 infle-

2450 3882 2519 3935 cti
2557 3898 2614 3936 se
2644 3885 2907 3937 sinerent.
2950 3884 3111 3937 Tales
3152 3894 3333 3938 mente
3384 3886 3742 3955 cogitationes
3775 3888 4027 3955 Augusto

2453 3985 2725 4035 versante,
2760 3974 2901 4028 forte
2926 3975 3121 4028 accidit
3151 3978 3338 4029 venire
3370 3985 3496 4030 tunc
3552 3979 3784 4045 primum
3818 3979 3887 4033 ad
3917 3978 4028 4032 Ge-

2450 4077 2684 4117 nuenses
2732 4062 2898 4135 624
2940 4065 3410 4134 Constantinopoli
3458 4066 3717 4135 degentes
3770 4070 4024 4122 destina-

2454 4163 2565 4208 tum
2624 4154 2691 4209 iis
2749 4156 2997 4224 regendis
3055 4158 3123 4209 ab
3174 4157 3414 4223 ipsorum
3469 4160 3783 4227 metr0polis
3830 4171 4027 4214 senatu

2453 4246 2823 4313 magistratum
2853 4260 3187 4315 supremum,
3215 4261 3373 4313 quem
3401 4248 3586 4301 dicunt
3620 4250 3854 4312 Abbatn,
3894 4266 4029 4306 voce

2454 4338 2771 4411 pra-fectum
2805 4349 2896 4393 aut
2955 4332 3305 4409 praepositum
3355 4350 3607 4395 sonante.
3640 4339 3738 4395 Hic
3767 4344 4032 4412 praeditus

2455 4433 2781 4487 auctoritate
2834 4432 2889 4485 in
2937 4432 3190 4500 populum
3241 4441 3326 4485 est
3352 4431 3472 4500 ejus
3495 4432 3659 4487 simili
3694 4448 3860 4501 quam
3892 4435 4027 4489 olim
4100 4488 4103 4489 ν

778 4531 994 4584 obvium
1056 4526 1296 4581 favorem
1364 4524 1603 4577 habenas
1651 4522 1863 4583 laxans,
1926 4515 2348 4573 circumferebat
2377 4532 2422 4590 ι)
2453 4525 2593 4594 apud
2630 4525 2899 4577 nontam»;
2944 4530 3140 4591 praetor
3204 4523 3383 4591 populi
3427 4524 3678 4577 habebat,
3712 4524 3881 4591 Hujus
3915 4542 4018 4580 οε-

778 4622 1078 4677 exercitum
1104 4633 1203 4687 per
1235 4630 1390 4670 arces
1422 4615 1661 4682 reliquas
1696 4613 1882 4666 finium
1911 4611 2124 4665 illorum
2152 4649 2167 4674 ,
2199 4609 2347 4663 subi-

778 4714 966 4784 gendis
986 4712 1050 4765 iis
1082 4710 1395 4772 imminens,
1433 4707 1486 4760 in
1511 4720 1619 4781 quo
1650 4706 1908 4760 tentando
1939 4718 2045 4758 non
2084 4701 2345 4756 ineﬂicaci

778 4806 857 4859 uti
891 4818 1055 4869 Opera
1096 4800 1371 4854 ferebatur
1405 4798 1646 4866 episcopi
1687 4795 1993 4863 cujusdam,
2031 4808 2192 4863 quem
2240 4792 2349 4846 cir-

777 4890 1159 4944 cumducebat.
1202 4885 1489 4941 Paniensis
1516 4886 1607 4939 hic
1636 4896 1775 4948 erat.
1799 4888 1865 4939 de
1894 4899 2000 4953 quo
2052 4883 2193 4937 fama
2221 4897 2345 4951 per-

779 4985 883 5035 lata
919 4981 973 5034 in
1013 4979 1198 5032 urbem
1232 4990 1316 5033 est
1347 4976 1630 5045 cuoperari
1663 4990 1797 5031 eum
1838 4976 2079 5029 victoriis
2127 4975 2349 5029 Latino-

777 5089 923 5136 rum,
962 5068 1241 5126 suadendo
1286 5068 1544 5123 Romanis
1586 5069 1705 5138 ejus
1752 5078 1958 5122 tractus
1998 5081 2064 5122 ne
2114 5082 2237 5121 sese
2292 5074 2348 5119 et

777 5181 916 5235 quas
974 5161 1311 5219 custodirent
1346 5176 1501 5215 arces
1563 5172 1658 5214 aut
1714 5161 1876 5214 urbes
1932 5160 2248 5213 dubitarent
2282 5160 2347 5212 iis

778 5256 1017 5310 tradere.
1047 5253 1102 5306 In
1128 5267 1237 5323 quo
1277 5251 1489 5319 culpam
1542 5250 1831 5304 admittere
1857 5249 2054 5301 merito
2090 5248 2236 5300 visus
2265 5254 2350 5299 est

776 5344 1147 5401 ecclesiastica
1186 5342 1655 5398 animadversione
1711 5340 1951 5411 dignam.
2000 5337 2144 5393 Reus
2183 5340 2349 5407 igitur

776 5438 974 5491 citatur
999 5435 1197 5489 litteris
1224 5434 1290 5488 ad
1340 5448 1466 5487 eum
1490 5433 1670 5486 missis
1703 5430 2029 5499 patriarcha:
2050 5467 2067 5493 ,
2098 5445 2220 5483 cum
2254 5431 2350 5484 de-

777 5530 1137 5592 nuntiatione,
1170 5528 1276 5582 nisi
1318 5526 1685 5581 vadimonium
1731 5527 1954 5581 sisteret
1979 5537 2033 5578 et
2056 5524 2347 5580 satisface-

773 5629 877 5685 ret,
915 5632 1087 5687 pruna:
1129 5630 1426 5681 canonicaa,
1461 5615 1659 5670 debita:
1705 5614 1943 5669 hostium
2002 5614 2306 5669 fautoribus
2330 5653 2345 5679 ,

772 5709 1129 5779 incuirrendae.
1171 5707 1287 5764 Hoc
1332 5707 1421 5763 ille
1459 5707 1742 5777 perculsus
1770 5707 1998 5772 nuntio,
2049 5708 2237 5762 dolens
2280 5705 2349 5759 ob

770 5802 1049 5858 mfatuiam
1075 5808 1408 5855 contractam
1455 5807 1510 5856 et
1541 5796 1791 5871 supplicii
1817 5799 2140 5871 gravitatem
2175 5798 2322 5853 inteu

2452 4616 2673 4669 casione
2699 4614 2983 4677 adventus,
3021 4616 3394 4668 consultantes
3429 4615 3495 4668 de
3524 4617 3685 4670 rebus
3712 4618 3827 4671 suis
3856 4616 4027 4671 Galil-

2451 4708 2546 4761 ιίιιὶ
2584 4686 2901 4760 Genuenses
2940 4689 3061 4757 -llﬂ0
3112 4719 3334 4757 assensu
3368 4716 3743 4757 convenerunt
3773 4721 4030 4759 necessa-

2450 4799 2534 4853 rio
2571 4798 2673 4853 sibi
2707 4797 3010 4851 faciendam
3045 4810 3169 4849 cum
3196 4795 3559 4863 Amogabaris
3588 4810 3775 4864 pacem
3817 4814 3830 4849 :
3868 4798 4031 4851 aliter

2452 4891 2597 4944 enim
2630 4905 2794 4959 quam
2832 4889 2900 4942 iis
2948 4903 3045 4957 per
3068 4901 3131 4941 ea
3166 4888 3281 4941 loca
3333 4887 3756 4954 praevalentibus
3788 4888 3841 4941 in
3876 4904 4030 4939 cont-

2451 4981 2775 5051 positionem
2810 4993 2993 5033 secum
3044 4978 3313 5041 adductis,
3346 4978 3547 5033 liberas
3581 4978 3712 5047 ipsis
3746 4993 3809 5032 ac
3866 4992 4030 5033 secu-

2450 5087 2540 5126 ras
2570 5086 2675 5125 non
2710 5070 2827 5125 fore
2850 5070 3228 5138 navigationes
3264 5069 3540 5124 Euxinum
3578 5085 3771 5124 versus
3804 5072 3870 5123 ad
3896 5086 4019 5125 em-

2451 5164 2600 5232 poria
2634 5161 2845 5215 illarum
2874 5162 3145 5229 partium,
3181 5176 3212 5215 e
3250 5175 3480 5227 quorum
3512 5163 3860 5215 commerciis
3902 5179 4028 5230 spes

2451 5269 2513 5308 ac
2543 5256 2787 5307 rationes
2823 5263 3168 5315 mercaturae,
3213 5252 3299 5306 cui
3332 5253 3673 5322 potissimum
3732 5256 4027 5319 vacabant,

2455 5362 2647 5416 magna
2675 5361 2739 5398 ex
2770 5356 2923 5412 parte
2959 5345 3277 5413 penderent.
3314 5345 3389 5397 Eo
3425 5359 3690 5399 consensu
3721 5356 3776 5400 et
3813 5348 3889 5400 rei
3930 5362 4023 5402 re—

2454 5436 2857 5490 risimilitudine
2887 5435 3055 5503 ipsius
3072 5435 3254 5489 Abbas
3276 5443 3451 5489 motus
3476 5435 3799 5505 legationem
3837 5439 3887 5491 ei
3909 5438 4029 5509 paci

2453 5530 2741 5580 tractandae
2775 5541 2869 5595 per
2893 5540 2952 5579 se
2978 5512 3281 5580 obeundam
3312 5529 3379 5580 ad
3408 5527 3785 5595 Atnogabaros
3841 5545 4027 5583 susce-

2453 5620 2549 5688 pit.
2611 5619 2911 5673 lndicatum
2955 5619 3005 5672 id
3060 5619 3345 5673 consilium
3398 5620 3715 5689 imperatori
3758 5631 3844 5674 est
3911 5632 4023 5677 tum

2455 5711 2714 5771 maxime,
2746 5719 2803 5762 ιιι
2843 5711 3047 5763 dictum
3104 5723 3207 5776 εει,
3250 5712 3459 5765 intento
3487 5713 3868 5781 excogitandis
3911 5730 4027 5771 mo-

2454 5802 2535 5856 dis
2571 5802 2859 5858 resistendi
2884 5802 3267 5873 Amogabaris.
3302 5804 3616 5861 Exercitum
3644 5806 3787 5859 enim
3818 5806 4025 5872 justum
