4190 6438
200 394 315 448 ὺὟζ

1065 392 1162 453 DE
1200 392 1645 454 ANDRONICO
1678 393 2137 455 P.\L/EOLOGO
2180 396 2326 455 LIB.
2374 398 2476 457 Vll

3352 397 3453 458 (illi

197 498 411 559 ἄγουσι
438 498 546 552 τῶν
591 498 803 557 Ἰταλῶν
838 501 1193 565 ἐπιτίθενται,
1248 505 1339 555 καὶ
1373 504 1508 575 δόλῳ
1543 504 1785 557 κτείναν-
1820 513 1862 563 Α
1892 504 2157 572 ἀπόλογον
2212 509 2577 569 καταστάντες
2634 511 2935 578 προφάσεις
2991 508 3318 563 ἐπλάττοντο
3361 509 3462 569 τὰς

198 607 299 652 τες
336 590 444 643 ἀνὰ
479 592 680 663 κράτος
712 594 802 646 ἐπ’
833 595 1110 661 αίγιαλοὺς
1142 597 1544 667 ἐφυγομάχουν,
1577 599 1651 659 ὡς
1672 600 1789 660 ταῖς

202 680 311 733 τοῦ
352 681 622 752 βασιλέως
651 684 809 737 ναυσὶ
860 687 1384 757 περαιωθησόμενοι.
1451 691 1514 740 '0
1552 689 1615 759 δὴ
1654 706 1790 757 γνωο

206 772 370 830 σίλὲν.
400 774 772 845 ἐκθυμότερον
798 776 829 844 ἦ
861 776 935 839 ὡς
964 776 1071 829 ἔδει
1102 778 1396 842 ἐλάσαντες
1419 780 1791 849 ’Δμογάδαροι

199 866 618 937 προσϐάλλουσι
670 871 909 937 φυγάσιν
962 873 1211 936 ἐκείνοις.
1258 875 1374 927 Κάν
1400 876 1496 943 τῆς
1539 876 1789 945 Εὑδήμου

204 960 400 1029 μάχης
438 962 714 1032 συστάσης
739 958 999 1016 πίπτουσι
1049 966 1146 1035 μὲν
1178 967 1403 1019 καὶτῶν
1444 968 1661 1020 Ἰταλῶν
1691 969 1788 1021 οὐκ

196 1047 412 1113 ὀλίγοι,
446 1050 561 1102 ἀλλ’
588 1052 737 1120 ὅμως
771 1053 909 1122 ὑπὲρ
942 1055 1068 1117 τοὺς
1102 1054 1406 1119 διακοσίους
1429 1057 1537 1109 τῶν
1567 1058 1790 1127 Περσῶν

198 1141 496 1193 πεσόντων
524 1145 663 1196 κατά
697 1146 895 1214 κράτος
935 1145 1085 1214 σφῶν
1108 1150 1261 1199 αὐτοὶ
1296 1149 1581 1219 περιῆσαν.
1619 1151 1706 1210 Ὠς
1733 1150 1790 1202 δὲ

202 1236 304 1285 καὶ
337 1230 496 1296 αὖθις
527 1236 736 1305 Πέρσαι
768 1238 906 1307 πρὸς
934 1238 1175 1299 ἐκείνους
1218 1240 1529 1302 ἀπέκλινον,
1561 1242 1621 1293 ού
1656 1242 1791 1310 πρό-

200 1342 373 1393 τερον
430 1327 611 1388 αὐτοῖς
669 1329 1015 1383 ἐνεπίστευον
1045 1331 1111 1384 τὰ
1144 1332 1244 1401 τῆς
1287 1334 1628 1403 συμμαχίας,
1659 1335 1789 1403 πρὶν

196 1419 270 1470 ἂν
300 1420 624 1490 παραδοῖεν,
651 1422 749 1491 οὐχ
774 1424 920 1487 ὅπως
945 1425 1035 1476 τὸν
1073 1426 1259 1479 Ἰσαάκ
1283 1426 1494 1497 Μελὴκ.
1532 1428 1668 1481 ἀλλὰ
1696 1430 1792 1483 καὶ

199 1510 296 1561 τον
326 1510 483 1578 σφῶν
516 1512 880 1580 ἐξηγούμενον
929 1516 1369 1587 Ταχαγτξιάριν,
1409 1519 1467 1583 ὃς
1504 1521 1646 1584 ιδίως
1686 1516 1789 1591 ἦγε

199 1604 334 1664 τοὺς
367 1604 837 1672 Τουρκοπούλους,
872 1609 932 1662 οὐ
974 1608 1081 1678 μὴν
1108 1608 1165 1663 δέ
1196 1610 1331 1663 ἀλλὰ
1363 1613 1459 1666 καὶ
1485 1613 1665 1683 τρίτον
1691 1614 1791 1666 αὐ-

199 1700 298 1749 τὸν
323 1700 421 1752 τὸν
474 1702 810 1770 αὐτάδελφον
838 1703 931 1757 τοῦ
993 1706 1179 1759 Ἰσαὰκ
1214 1706 1425 1776 Μελὴκ,
1460 1706 1535 1768 ὡς
1568 1708 1790 1775 φανέντι

201 1791 254 1841 οί
285 1791 709 1858 προστεθέντας.
737 1787 838 1846 ⁷ον
857 1796 951 1849 καὶ
969 1797 1337 1866 προδοθέντων
1364 1798 1454 1851 τὸν
1490 1798 1588 1867 μὶν
1605 1800 1791 1854 Ἰσαὰκ

204 1883 391 1951 φιτρῷ
419 1884 514 1936 καὶ
545 1884 686 1952 ξίφει
715 1885 1129 1957 διεχειρίσαντο,
1161 1890 1221 1942 οὐ
1257 1890 1414 1960 μόνον
1436 1891 1619 1954 αὐτὸν,
1654 1891 1791 1945 ἀλλά

204 1976 306 2027 καὶ
333 1976 428 2030 τὸν
456 1978 810 2047 αὐτάδελφον,
858 1981 955 2042 τὰς
984 1982 1231 2050 κεφαλὰς
1278 1982 1459 2036 αὐτῶν
1488 1986 1545 2035 ἐν
1582 1986 1659 2052 τῷ
1697 2002 1793 2051 φο-

207 2067 395 2121 νεύειν
426 2070 569 2122 κατά
591 2071 696 2139 γῆς
725 2072 1125 2137 ἐπαλλάξαντες
1151 2073 1233 2145 [Ρ.
1268 2074 1393 2146 Ml]
1438 2076 1511 2138 ὡς
1550 2075 1665 2143 ἅμα
1694 2075 1792 2147 τὴν

208 2160 390 2230 τομὴν
416 2160 669 2227 γενέσθαι
702 2164 798 2215 καὶ
829 2164 1181 2233 ἀμφοτέρων.
1214 2161 1346 2220 Εἶτα
1376 2166 1434 2219 δέ
1468 2166 1791 2236 περιδύσαν-

208 2270 301 2312 τες
328 2254 389 2304 το
422 2253 702 2321 βασιλικὸν
732 2256 870 2325 πρὸς
906 2258 1114 2310 ἐκεῖνον
1136 2258 1527 2327 χρυσόὸουλλον
1560 2260 1651 2312 ἐπὶ
1687 2261 1790 2330 μά-

207 2345 312 2412 λης
340 2339 504 2415 εὖρον
526 2347 918 2417 ἐξηρτημένον,
946 2350 1082 2419 ὅπερ
1106 2351 1431 2418 ἀναγνόντες
1467 2350 1679 2419 σύναμα
1701 2355 1792 2405 καὶ

206 2438 396 2502 ἄλλοις
426 2444 538 2503 τοῖς
588 2442 697 2494 τῶν
733 2446 875 2495 κατὰ
921 2443 1072 2497 δύσιν
1124 2444 1512 2515 ἐξηγουμένοις
1567 2446 1791 2516 Περσῶν

210 2529 495 2598 εὕρισκον,
532 2532 651 2585 καθ’
689 2535 1011 2604 ὑποσχέσεις
1058 2537 1106 2588 εί
1138 2539 1492 2589 ἀποστατοῖεν
1527 2538 1790 2605 μεγάλας.

211 2623 309 2673 καὶ
336 2622 401 2673 τὸ
441 2621 535 2673 τοῦ
566 2622 942 2694 Ἰάχαγτζιάρι
1000 2625 1201 2694 ὄνομα·
1254 2624 1337 2692 ἐφ’
1373 2619 1453 2688 οἷς
1488 2627 1687 2678 ἐκεῖνοι
1715 2628 1792 2688 είς

212 2803 440 2866 armati,
471 2812 523 2857 et
558 2805 745 2857 ulcisci
793 2805 1127 2861 obsistentes
1166 2810 1365 2877 parati,
1412 2823 1602 2863 versus
1633 2813 1795 2866 maris

217 2892 404 2947 littora
437 2892 813 2957 intenderunt,
844 2895 931 2947 ubi
957 2896 1201 2962 quaedam
1233 2894 1353 2949 illos
1376 2896 1795 2965 opperiebantur

215 2986 569 3053 imperatoris
614 3000 801 3049 naves,
836 2986 1034 3057 quibus
1069 2995 1183 3042 tuto
1220 2988 1272 3041 iu
1326 2988 1511 3042 Asiam
1543 2990 1794 3059 deporta-

219 3087 431 3132 rentur.
491 3076 545 3132 ld
597 3079 759 3133 simul
811 3090 972 3149 atque
1030 3093 1403 3151 cognoverunt
1448 3084 1791 3155 Aruogabari,

1894 599 2034 665 σφᾶς
2061 598 2398 666 ὠφελούσας.
2433 601 2617 671 Ταύτῃ
2654 620 2732 655 τοι
2760 604 2852 655 καὶ
2885 603 2975 654 τὸν
3004 602 3162 671 φόνον
3198 600 3295 668 μὲν
3320 602 3466 655 ἀνεῖ-

1893 704 2008 755 χον,
2065 688 2329 755 φυλακαῖς
2382 691 2426 742 δ’
2456 690 2662 743 ἐδίδουν
2714 693 2831 754 ταῖς
2864 691 3323 761 ἀσφαλεστάταις.
3377 691 3465 753 Ὠς

1893 779 2023 847 γοῦν
2048 782 2141 833 καὶ
2170 781 2325 846 αὖθις
2350 784 2417 836 τά
2450 784 2619 837 πιστά
2644 786 2774 854 πρὶς
2815 786 3028 855 Πέρσας
3072 785 3331 848 λαϐόντες
3372 787 3465 837 καὶ

1891 872 2070 937 δόντες
2094 873 2317 941 ἔμελλον
2340 876 2430 928 ἐπὶ
2448 876 2783 947 Τζουρουλοῦ
2807 876 3133 943 ἐξελαύνειν,
3165 877 3263 929 οὐκ
3291 878 3467 940 ἄλλως

1894 966 2275 1035 συμπροάγειν
2315 967 2496 1036 σφίσιν
2525 969 2714 1039 ήθελον
2742 970 2790 1022 οί
2841 968 3269 1035 Τουρκόττουλοι,
3311 970 3361 1020 εί
3392 970 3464 1038 μή

1894 1073 1955 1123 γε
1986 1056 2085 1125 τῆς
2136 1060 2357 1126 εἱρκτῆς
2392 1060 2421 1109 δ
2459 1059 2607 1126 σφῶν
2652 1058 3018 1129 ἐξηγούμενος
3058 1057 3467 1128 Ταχαγτζιάρις

1892 1148 2212 1218 ἀπολυθείη.
2245 1148 2355 1203 Καὶ
2380 1150 2576 1218 γέγονε
2602 1149 2780 1213 τοῦτο,
2804 1152 2932 1219 μιᾶς
2950 1150 3175 1220 γνώμης
3209 1150 3466 1212 συνόλων,

1891 1240 1967 1303 ὡς
1998 1242 2183 1311 ἐῴκει,
2246 1243 2567 1311 γινομένων,
2620 1243 2710 1294 ὅτε
2745 1243 2839 1295 καὶ
2892 1242 3157 1308 δοξάντων
3198 1242 3331 1294 εὐθὺ
3365 1240 3470 1308 τῆς

1892 1334 2102 1395 πόλεως
2148 1333 2393 1387 ἐλαύνειν
2422 1334 2518 1387 καὶ
2551 1332 2708 1398 αὖθις
2741 1335 2793 1386 oi
2844 1334 3000 1397 ἐκτὸς
3030 1335 3464 1401 ἐσκευαγώγουν,

1892 1423 2048 1494 οὓςή
2092 1426 2287 1494 ἀρότου
2344 1426 2503 1495 χρεία
2532 1428 2873 1495 παραμένειν
2926 1426 3278 1494 κατήπειγεν.
3331 1426 3468 1477 Ἀλλ’

1892 1518 2087 1569 ἐκεῖνοι
2110 1515 2428 1586 Τζουρουλῷ
2448 1518 2842 1586 προσδαλόντες
2864 1519 2955 1570 ἐπὶ
2978 1517 3070 1571 τοῦ
3098 1518 3472 1587 ὑστερήματος

1894 1605 2263 1673 ἐγεγόνεισαν,
2294 1605 2401 1659 τῶν
2430 1606 2577 1669 ἐντὸς
2605 1608 2960 1675 ἀντεχόντων.
2992 1608 3035 1658 Τ
3038 1605 3393 1676 αχαγτζιάρις
3416 1605 3473 1657 δὲ

1894 1699 2085 1762 νυκτὸς
2139 1698 2356 1768 σύναμα
2415 1699 2695 1762 πλείστοις
2734 1700 2844 1756 τῶν
2902 1698 3473 1770 Τουρκοπούλωνὰπδ

1897 1790 2131 1862 ῥυτῆρος
2176 1791 2410 1859 ἤλαυνον
2463 1790 2601 1860 πρὸς
2640 1790 2943 1861 Τζαράπην
2996 1791 3090 1843 ἐπὶ
3121 1790 3344 1861 Ἀπρῳ,
3380 1791 3475 1843 καὶ

1895 1882 2340 1953 προσεδέχθησαν
2368 1883 2695 1946 ἐπιστάντες
2716 1885 3195 1952 προϋπηργμένων
3220 1887 3282 1937 ἐκ
3309 1898 3471 1953 μηνυ-

1898 1980 2083 2047 μάτων
2110 1977 2219 2030 τῶν
2252 1975 2559 2045 ὁμολογιῶν
2586 1977 2684 2046 τῆς
2714 1976 3155 2046 αύτομολήσεως.
3192 1976 3256 2029 Οί
3285 1975 3471 2046 μέντοι

1894 2088 1955 2138 γε
2012 2071 2121 2124 τῶν
2152 2069 2380 2140 Περσῶν
2413 2070 2837 2139 ἀπολειφθέντες
2887 2072 2946 2122 ἐν
2977 2068 3323 2139 Τζουρουλῷ,
3363 2086 3470 2139 μα-

1894 2164 2079 2225 θόντες
2101 2163 2161 2216 τὸ
2185 2164 2388 2231 δρᾶμα,
2417 2163 2577 2225 εὐθὺς
2612 2163 2717 2217 ἀνά
2740 2164 2938 2231 κράτος
2967 2165 3053 2216 ἐπ’
3086 2163 3367 2232 αἰγιαλοὺς
3394 2161 3471 2224 ὡς

1893 2254 2491 2323 διαπεραιωθησόμενοι
2542 2254 2807 2322 φεύγουσι
2865 2253 2943 2323 τῷ
3000 2256 3123 2317 ταῖς
3172 2254 3333 2308 ναυσὶ
3357 2253 3465 2305 τῶν

1907 2344 2126 2397 Ἰταλῶν
2160 2344 2486 2414 χρήσασθαι.
2511 2342 2587 2398 Οὐ
2617 2345 2722 2415 μὴν
2750 2344 2806 2397 δέ
2835 2344 2973 2398 ἀλλά
3014 2345 3108 2397 καὶ
3137 2344 3335 2398 Ἰταλοὶ
3366 2344 3466 2413 τὴν

1896 2438 2095 2507 χλεύην
2127 2436 2202 2506 μὴ
2232 2436 2545 2504 ἐνεγκόντες
2573 2437 2799 2489 κατόπιν
2836 2435 3116 2489 διώκουσι.
3358 2430 3361 2431 ν

2270 2529 2311 2579 λ’
2343 2528 2481 2596 Περὶ
2512 2528 2617 2583 τοῦ
2640 2528 2906 2595 Φαρέντα
2940 2527 3130 2596 Τᾷμῆ.

1968 2622 2052 2693 {P.
2089 2620 2216 2693 ΗΞ]
2251 2622 2356 2673 Καὶ
2383 2620 2573 2687 ἔδοξαν
2605 2620 2786 2688 ἀγαθά
2814 2618 2989 2674 ταῦτα
3032 2619 3346 2691 Ῥωμαίοις,
3379 2619 3473 2674 καὶ

1898 2808 2264 2873 impetrarunt
2296 2802 2610 2857 dilationem
2638 2801 2824 2867 caadis,
2854 2803 3123 2857 contentis
3151 2803 3202 2854 in
3237 2814 3473 2870 prazsens

1897 2896 2255 2965 Amogaharis
2306 2896 2359 2949 in
2404 2896 2683 2949 custodias
2718 2910 2909 2949 omnes
2959 2896 3190 2947 condere
3236 2894 3475 2947 securis-

1897 2992 2083 3043 simas.
2118 2988 2208 3042 Sic
2254 2988 2599 3043 reconciliata
2647 2988 2750 3042 sihi
2803 2987 3020 3042 Persica
3070 2987 3284 3048 militia,
3340 2997 3393 3041 et
3423 2984 3470 3039 ei

1902 3081 2143 3134 vicissim
2188 3076 2289 3146 ipsi
2341 3092 2555 3147 quoque
2596 3076 2771 3130 Latini
2815 3077 3010 3147 placati
3052 3092 3110 3132 ac
3152 3078 3256 3145 iam
3300 3077 3476 3131 denuo

219 3183 448 3239 repente
481 3173 558 3225 ira
598 3172 798 3242 ingenti
843 3186 1238 3243 consurgentes
1285 3176 1529 3231 institere
1581 3192 1793 3231 summa
1824 3175 1868 3232 ϐ
1906 3176 2156 3237 lideutes,
2187 3186 2310 3225 cum
2360 3170 2561 3225 vellent
2596 3170 2781 3239 copias
2821 3178 3012 3223 contra
3049 3168 3341 3222 Tzurulum
3372 3168 3475 3221 du~

219 3264 269 3315 vi
314 3263 621 3334 fugacibus.
660 3264 1036 3332 Deprehensos
1085 3266 1199 3320 acri
1256 3266 1431 3320 adorti
1485 3268 1669 3337 praelia
1706 3281 1797 3321 ea-

219 3355 362 3408 dunt
390 3354 714 3424 caeduntque
740 3356 1003 3418 vicissim,
1032 3360 1245 3411 tandem
1281 3368 1458 3412 tamen
1484 3374 1586 3412 non
1614 3360 1798 3429 paucis

222 3461 449 3499 suorum
483 3448 720 3509 amissis,
763 3448 856 3501 sed
895 3445 1079 3503 Persis
1114 3448 1269 3518 longe
1304 3450 1567 3517 pluribus,
1607 3467 1800 3521 nempe

222 3552 391 3605 sopra
421 3537 685 3592 ducentos
719 3538 1043 3602 interfectis,
1096 3541 1238 3595 haud
1284 3540 1448 3595 dubie
1492 3544 1801 3611 superiores

221 3629 488 3692 evadunt,
551 3630 856 3700 Persasque
917 3648 1104 3688 rursus
1156 3635 1210 3687 in
1260 3650 1416 3689 suatu
1479 3648 1800 3706 poteStatem

225 3724 497 3793 redigunt.
545 3723 609 3777 lli
641 3740 765 3777 cum
799 3724 943 3780 aliud
976 3740 1080 3778 non
1114 3735 1356 3794 possent,
1400 3728 1593 3782 iterum
1644 3730 1801 3784 incli-

225 3815 431 3867 nabant
453 3814 519 3868 ad
544 3815 884 3870 militandum
914 3818 1294 3886 Amogabaris,
1314 3828 1372 3871 ut
1395 3828 1575 3874 antea.
1598 3819 1798 3876 Verum

225 3909 373 3974 ipsos
409 3910 458 3961 hi
488 3909 782 3963 admittere
826 3925 887 3963 se
918 3910 1053 3965 velle
1092 3911 1144 3964 iu
1177 3916 1354 3966 socios
1386 3924 1675 3981 negarunt,
1707 3926 1803 3971 aut

225 4004 451 4057 omnino
483 4004 549 4058 iis
572 4004 761 4069 ﬁdere,
786 4006 889 4060 nisi
909 4006 1059 4073 prius
1080 4009 1179 4061 sibi
1210 4009 1487 4063 traderent
1512 4024 1617 4062 non
1648 4010 1806 4064 modo

229 4096 495 4151 lsaacium
528 4096 814 4161 Melecuut,
839 4100 931 4153 sed
968 4100 1211 4170 ipsorum
1236 4116 1453 4172 quoque
1486 4102 1805 4171 praefectum

227 4189 675 4255 Tachanlziarin,
728 4192 819 4260 qui
860 4194 1077 4261 proprie
1134 4193 1473 4264 Turcopulos
1522 4196 1804 4257 ductabat,

1901 3281 2046 3331 cere,
2073 3263 2369 3334 Turcopuli
2393 3270 2735 3331 negaruntse
2760 3264 2952 3325 ituros,
2975 3262 3077 3315 nisi
3102 3261 3209 3314 dux
3232 3262 3475 3327 ipsorum

1901 3358 2320 3416 Tachantziaris
2339 3355 2490 3425 prius
2506 3355 2750 3409 custodia
2772 3355 3117 3408 liberaretur.
3142 3355 3474 3408 Concessum

1903 3454 2006 3507 hoc
2041 3452 2147 3505 illis
2174 3460 2277 3512 est,
2323 3449 2394 3503 ita
2426 3457 2484 3501 ut
2532 3446 2799 3501 universa:
2824 3446 2937 3515 jam
2982 3446 3150 3516 copiae
3181 3447 3481 3500 concordes

1901 3554 1956 3600 et
1979 3544 2044 3597 ad
2069 3542 2284 3611 quidvis
2312 3554 2422 3594 uno
2444 3540 2627 3595 animo
2650 3540 2916 3607 agetidum
2947 3540 3086 3594 satis
3118 3539 3245 3608 ipsis
3274 3548 3481 3607 parata:

1903 3638 2239 3690 viderentur.
2299 3633 2435 3689 Hinc
2498 3648 2691 3689 rursus
2743 3634 2911 3687 didita
2973 3632 3116 3687 fama
3176 3643 3259 3687 est
3308 3642 3480 3686 totqu

1906 3729 2056 3783 illum
2093 3727 2392 3782 exercitum
2430 3735 2579 3781 recta
2630 3726 2685 3780 in
2738 3726 2925 3780 urbem
2958 3739 3378 3794 processurum;
3415 3739 3481 3779 ex

1905 3838 2012 3891 quo
2042 3838 2176 3875 nova
2214 3821 2437 3876 incessit
2463 3821 2753 3890 trepidatio
2783 3821 3017 3875 rusticos
3034 3821 3295 3875 sementis
3319 3835 3479 3874 causa

1910 3914 2179 3969 facienda
2222 3930 2347 3970 rure
2387 3914 2653 3970 hactenus
2710 3924 2969 3978 moratos,
3009 3924 3068 3969 ut
3117 3929 3484 3971 convasarent

1910 4009 2010 4075 ipsi
2044 4009 2154 4074 jam
2189 4022 2428 4078 quoque,
2461 4023 2629 4075 seque
2664 4024 2727 4063 ac
2780 4024 2875 4062 sua
2905 4010 3049 4062 intra
3083 4010 3235 4064 urbis
3282 4012 3478 4064 triennia

1909 4100 2186 4151 conditum
2210 4107 2518 4154 currerent.
2540 4098 2742 4153 Verum
2769 4100 3092 4171 Amogabari
3116 4111 3242 4156 tunc
3264 4104 3482 4171 quidem

1911 4191 2366 4257 oppugnationem
2408 4191 2631 4246 Tzuruli
2673 4194 3005 4261 aggressioni
3050 4194 3203 4247 urbis
3251 4208 3486 4253 ormver-

227 4282 355 4350 quin
378 4291 431 4335 et
449 4282 667 4336 tertium
683 4283 871 4337 lsaacii
894 4284 1075 4340 Meleei
1098 4289 1810 4356 germanum.qnomaxime
1914 4283 2131 4337 tendam
2168 4283 2267 4337 rati
2295 4282 2494 4351 Oppido
2524 4298 2584 4338 se
2619 4283 2709 4337 isli
2746 4285 3128 4349 adllloverttnl.
3164 4286 3304 4338 haud
3337 4285 3483 4353 quali

233 4374 424 4427 visoad
445 4373 801 4429 defectionem
831 4378 1038 4431 inducti
1057 4379 1417 4445 putabantur.
1443 4381 1539 4435 His
1564 4382 1808 4443 traditis,

1911 4386 2269 4443 speraverant
2299 4390 2551 4429 successu
2589 4392 2604 4428 :
2638 4376 2814 4429 valida
2834 4376 3033 4444 quippe
3064 4375 3483 4430 Tzuruleusium

235 4463 438 4519 lsaaeio
464 4466 681 4532 quidem
694 4466 848 4535 jusso
880 4467 1078 4522 collum
1106 4471 1263 4538 cippo
1297 4472 1604 4539 apprimere
1649 4483 1811 4543 caput,
1914 4464 2233 4519 defensione
2261 4465 2463 4534 repulsi
2502 4466 2700 4519 damna
2733 4480 2841 4519 non
2897 4480 3063 4532 parva
3108 4466 3479 4534 patiebantur.

230 4556 411 4625 gladio
437 4557 825 4624 absciderunt;
873 4574 973 4614 nec
1010 4558 1160 4613 illum
1199 4562 1397 4626 solum,
1444 4565 1535 4617 sed
1585 4572 1641 4617 et
1685 4564 1806 4633 ejus
1839 4553 1883 4609 D
1915 4557 2012 4611 llic
2070 4566 2229 4624 capto
2283 4567 2525 4626 tempore
2584 4556 2999 4611 Tachantziaris
3046 4573 3167 4610 cum
3213 4558 3486 4627 plerisque

233 4647 460 4701 fratrem
517 4646 663 4703 ferro
704 4650 908 4716 pariter
956 4650 1006 4701 in
1056 4649 1322 4703 cervicem
1372 4652 1608 4717 impacto
1649 4668 1802 4721 pere—

236 4747 473 4801 merunt,
504 4737 731 4804 deiectis
782 4737 940 4790 simul
980 4740 1031 4789 in
1065 4747 1266 4792 terram
1304 4740 1574 4808 capitibus
1621 4744 1805 4796 ambo—

240 4844 378 4891 rum,
398 4830 540 4895 qnod
565 4843 671 4880 uno
693 4838 934 4896 tempore
952 4828 1129 4883 fuerat
1148 4832 1366 4899 utrique
1389 4833 1526 4885 ictus
1545 4832 1800 4888 inflictos.

238 4917 484 4971 Truncos
548 4919 669 4971 inde
738 4920 1033 4987 spoliantes
1102 4920 1509 4986 imperatorium
1571 4923 1802 4989 diploma

238 5010 501 5062 munitum
534 5023 698 5063 aurea
742 5010 883 5062 bulla
922 5025 1085 5077 super
1122 5011 1407 5065 humerum
1444 5010 1635 5067 lsaacii
1677 5029 1807 5082 peu—

241 5099 375 5152 dens
404 5100 506 5151 sub
530 5109 678 5151 veste
701 5102 1009 5167 reperiunt;
1038 5116 1147 5170 quo
1171 5101 1310 5155 lecto
1343 5102 1394 5154 in
1429 5117 1495 5155 eo
1516 5104 1807 5158 observant

247 5191 562 5244 nominatim
596 5192 853 5246 invitatos
889 5194 1097 5262 magnis
1131 5196 1367 5262 przemiis
1398 5196 1689 5263 propositis
1741 5199 1805 5248 ad

246 5284 627 5336 transeundum
677 5284 731 5337 in
776 5293 959 5353 partes
1004 5288 1369 5353 imperatoris,
1399 5288 1562 5358 633
1616 5299 1808 5357 praeter

245 5378 409 5429 duces
441 5390 631 5430 omnes
677 5376 871 5430 Persas
914 5378 966 5431 in
998 5379 1238 5433 Occiduo
1290 5390 1400 5432 tum
1458 5390 1630 5434 tractu
1665 5382 1805 5433 mili-

250 5477 441 5528 tantes,
469 5467 632 5518 etiam
684 5466 1314 5525 Tachantziarin.-Unde
1352 5472 1553 5536 injecta
1598 5475 1809 5527 cunctis

250 5557 351 5607 illis
394 5558 703 5611 sollicitudo
736 5571 816 5612 est
852 5574 913 5613 se
961 5562 1184 5627 viritim,
1222 5572 1277 5614 ut
1324 5564 1553 5632 quisque
1606 5567 1809 5632 optime

251 5650 440 5712 potuit,
495 5664 521 5699 a
564 5652 782 5716 cogitati
838 5652 1122 5723 transfugii
1164 5656 1470 5724 suspicione
1522 5658 1806 5725 purgandi.

258 5741 508 5794 Iunones
550 5759 679 5809 ergo
737 5752 981 5797 ceutatim
1037 5750 1100 5799 ad
1156 5750 1204 5801 id
1258 5764 1408 5818 aptas
1458 5762 1809 5809 (μιικειιηιιοδ

259 5833 571 5900 alirgztbant,
619 5852 723 5889 non
771 5853 993 5906 prorsus
1037 5842 1290 5895 tuuti'im
1368 5843 1453 5895 l‘vt
1520 5846 1613 5896 llas
1665 5862 1806 5895 unm

1908 4650 2337 4718 Turcopuloruut
2397 4661 2559 4703 noctu
2622 4648 2853 4719 aufugit,
2909 4650 2977 4704 ad
3032 4649 3313 4720 Tzarapen
3371 4652 3483 4705 arci

1912 4746 2055 4804 Apro
2084 4744 2242 4796 dictae
2264 4743 2576 4809 praefectum
2602 4757 2762 4795 cursu
2782 4752 3043 4797 contento
3074 4758 3133 4798 se
3163 4742 3482 4809 conferens;

1908 4846 1961 4889 et
2030 4836 2299 4889 admissus
2347 4852 2373 4886 a
2435 4836 2789 4903 praesidiariis
2842 4837 2982 4890 intra
3030 4847 3268 4891 castrum
3328 4837 3480 4903 illud,

1912 4928 2049 4980 facta
2088 4928 2235 4995 prius
2286 4928 2493 4982 idoneis
2551 4928 2766 4982 indiciis
2818 4927 2923 4982 ﬁde
2956 4929 3069 4982 veri
3100 4929 3382 4997 transfugii
3413 4938 3480 4982 ad

1911 5028 2091 5086 partes
2131 5019 2519 5073 Romanorum.
2546 5019 2729 5073 Persa:
2761 5031 2938 5073 autem
2965 5020 3137 5075 relicti
3172 5020 3237 5073 ad
3273 5022 3486 5074 'l‘zuru~

1909 5112 2042 5169 lum,
2086 5109 2207 5177 fuga
2256 5109 2685 5178 Turcopulorum
2736 5114 2976 5179 cognita,
3031 5112 3212 5168 subito
3264 5124 3318 5166 et
3384 5114 3482 5183 ipsi

1912 5219 2103 5255 versus
2158 5202 2341 5254 littora
2398 5201 2629 5267 fugiunt,
2678 5201 2767 5256 ubi
2823 5210 2973 5257 stare
3026 5204 3268 5259 sciebant
3320 5221 3483 5259 naves

1913 5295 2165 5348 Italorum
2214 5309 2433 5356 vacuas,
2466 5294 2667 5362 quibus
2713 5296 2764 5349 vi
2806 5298 3089 5365 occupatis
3140 5297 3387 5365 trajicere
3429 5298 3480 5350 in

1913 5388 2098 5439 Asiam
2160 5400 2217 5438 se
2279 5387 2574 5451 sperabant
2636 5400 2815 5452 posse.
2882 5386 2996 5440 Hac
3065 5389 3308 5454 ipsorum
3364 5387 3480 5439 itali

1916 5474 2135 5539 perfidia
2158 5486 2432 5539 comperta
2458 5484 2605 5528 retro
2630 5476 2883 5540 fugitivos
2916 5479 3298 5544 insequuntur,
3320 5477 3486 5549 634

1914 5564 2311 5633 gratulantihus
2359 5562 2620 5619 Romanis
2660 5565 2841 5621 hostes
2898 5582 3026 5622 suos
3060 5568 3201 5622 civili
3251 5569 3481 5621 invicem

1914 5657 2139 5707 discidio
2171 5660 2516 5710 commissos.

2316 5748 2403 5799 50.
2455 5748 2525 5799 De
2566 5746 2844 5801 Pharemla
2880 5750 3070 5801 Turne.

1985 5844 2083 5896 τη)ςὶ
2111 5856 2158 5895 ιι
2192 5857 2349 5911 ιιμιιοι
2388 5841 2450 5897 iis
2495 5852 2607 5897 erat
2639 5844 2903 5913 gaudendi
2930 5862 3113 5910 caiisa,
3180 5846 3315 5913 quod
3345 5842 3482 5898 Pha-
