4190 6438
863 398 967 462 701

2018 398 2332 458 GEORGII
2373 398 2838 479 menmium

3935 393 4048 454 703

864 507 1260 575 σκευοφύλακος
1294 505 1473 569 ἀλλου,
1502 507 1592 558 καὶ
1617 505 1849 572 καθεξῆς
1874 505 1976 556 τῶν
1995 506 2215 555 λοιπῶν.
2239 505 2395 554 Ξένον
2423 476 2833 568 Α’μαρτυὶρησει
2862 499 2952 549 καὶ
2982 497 3028 548 οἱ
3059 496 3331 557 ἐλεοῦντες
3364 496 3528 563 ἡμᾶς.
3560 491 3689 547 Εῐτα
3723 494 3766 545 τί
3796 493 3940 556 εδοξε
3978 501 4047 564 τῇ

861 596 958 649 οὖν
1011 598 1059 648 εί
1112 597 1330 646 ἐκείνων
1383 596 1767 663 ἀφαιρεθέντες
1816 596 1884 646 τά
1937 595 2011 661 μὴ
2059 593 2394 660 προσήκοντα

864 682 1263 751 ἀπαιτούμεθα.
1299 682 1442 743 Τέως
1466 684 1520 735 δὲ
1545 682 1637 735 καὶ
1663 683 1852 749 συχνώ
1877 682 2079 748 γραφαὶ
2106 681 2202 747 τῆς
2233 682 2396 745 ἀγιω-

866 773 1031 840 σύνης
1085 789 1177 824 σου
1214 775 1291 833 είς
1333 771 1490 823 τοῦτο
1538 773 1935 836 ἀναγκάζουσιν
1973 773 2114 839 ἡμᾶς
2146 772 2225 832 είς
2261 772 2393 835 ὅπερ

863 864 912 913 οί
965 862 1197 930 πατέρες
1254 862 1421 928 ἡμῶν,
1459 861 1718 927 νηπιὸθεν
1763 863 1902 928 ἡμᾶς
1938 860 2176 926 ἐδίδαξαν
2221 864 2312 911 καὶ.
2346 862 2393 910 cl

861 951 1388 1019 παιδαγωγήσαντες.
1420 950 1551 1004 Εῐτα
1589 950 1645 1003 δὶ
1684 953 1777 1003 καὶ
1806 951 2064 1018 πολυετὴς
2092 946 2241 1012 οὗτος
2269 951 2396 1018 χρόα

860 1059 967 1106 νος,
1000 1042 1118 1094 καθ’
1147 1042 1206 1108 δν
1240 1044 1303 1110 τῇ
1342 1031 1633 1108 Ἐκκλησία
1662 1039 1754 1091 τοῦ
1789 1039 1920 1090 Θεοῦ
1945 1038 2395 1108 ’προσεδρεύομεν

860 1137 951 1183 καί
976 1132 1305 1199 σχολάζομιν
1335 1129 1643 1197 μεθ’,ίερῶν
1669 1128 1996 1192 ἐνδυμάτων.
2029 1127 2210 1179 Ταῦτα
2238 1128 2398 1196 ζητη-

860 1225 1027 1290 σάσης
1056 1223 1150 1289 τῆς
1189 1221 1492 1287 ἁγιωσύνης
1525 1235 1619 1270 σου
1669 1220 2002 1288 πράττομεν,
2036 1220 2094 1269 οὐ
2132 1217 2285 1268 τόσον
2327 1215 2393 1268 δι’

859 1314 1073 1380 ἐντολὴν
1117 1313 1382 1379 πατρικὴν
1435 1313 1554 1360 ὅσον
1612 1311 1702 1360 καὶ
1758 1312 1887 1376 ἡμῖν
1930 1298 2108 1368 αὐτοῖς
2148 1308 2232 1377 ΙΡ.
2267 1308 2391 1377 450]

858 1402 1300 1471 περιποιούμενοι
1357 1401 1451 1469 τὴν
1505 1402 1692 1467 τιμήν.
1750 1400 1966 1465 ’Λληῡὲς
1997 1399 2048 1448 δὲ
2081 1399 2172 1450 ὑπ’
2220 1399 2394 1463 ὀλίγον

853 1491 1227 1560 ἠμελήσαμεν.
1277 1492 1383 1540 Καὶ
1433 1490 1466 1551 ἡ
1513 1490 1656 1539 αίτία
1691 1490 1786 1539 οὐκ
1835 1487 1924 1554 ἀφ’
1966 1488 2139 1555 ἡμῶν.
2177 1488 2395 1555 Ἐπειδὴ

854 1582 1051 1651 ιπέστη
1081 1582 1113 1650 ἠ
1145 1581 1422 1648 ἀγιωσύνη
1461 1597 1574 1638 σου,
1607 1579 1793 1646 ὥσπερ
1827 1580 1889 1629 ἂν
1921 1579 1996 1646 μὴ
2026 1574 2171 1646 εἶχεν
2207 1579 2237 1644 ὴ
2277 1578 2395 1628 Ἐκ·-

853 1669 1048 1740 κλησία
1080 1672 1296 1740 κλῆρον,
1336 1671 1502 1730 οὕτως
1533 1671 1682 1737 ἤρξω
1705 1671 1839 1737 πρὸς
1872 1673 2012 1738 ἡμᾶς
2038 1669 2392 1730 διατίθεσθαι,
2427 1704 2466 1756 Β

855 1762 930 1828 μὴ
959 1761 1256 1829 φροντίζων
1287 1760 1441 1827 ἡμῶν
1470 1759 1530 1810 τὸ
1559 1758 1796 1821 σύνολον,
1825 1760 1958 1827 μήτε
1989 1759 2231 1826 μείζονος
2259 1760 2394 1826 μήτε

852 1850 1154 1910 ἐλάττονος.
1216 1851 1326 1901 Καὶ
1384 1851 1518 1916 πρὸς
1563 1848 1818 1914 τοιαύτην
1873 1847 2272 1917 ἀκυϐερνησίαν
2330 1850 2397 1898 τα

850 1939 1021 1990 πολλά
1052 1940 1148 2006 τῆς
1191 1939 1513 2008 προσεδρίας
1544 1936 2017 2004 κατημελήσαμεν,
2062 1938 2142 1987 ὅτι
2180 1937 2278 1987 ούκ
2300 1937 2397 1999 ὀφ-

850 2029 1030 2096 φίκιον
1062 2028 1365 2102 ἐνηργεῖτο,
1392 2029 1508 2077 οὐδὲ
1537 2027 1660 2077 ἀλλο
1686 2043 1753 2088 τι,
1788 2027 1819 2092 ἦ
1857 2027 2112 2094 πρόσοδος
2139 2027 2170 2095 ἢ
2205 2024 2334 2093 τιμὴ
2361 2027 2394 2091 ἢ

849 2118 981 2189 ζωὴ,
1021 2120 1227 2170 ἐκεῖθεν
1278 2119 1545 2184 ἐφαίνετο.
1603 2121 1699 2169 Διά
1753 2119 1907 2169 τούτο
1946 2119 2396 2186 προσεδράμομεν

846 2213 927 2270 είς
974 2211 1064 2261 τὸν
1097 2209 1274 2260 κοινὸν
1329 2208 1626 2274 εὐεργέτην
1684 2208 1838 2273 ἡμῶν
1890 2208 1980 2257 τὸν
2034 2207 2258 2274 βασιλέα
2306 2208 2396 2258 τὸν

847 2299 1021 2362 ἅγιον.
1054 2298 1161 2349 Καὶ
1185 2295 1376 2347 ὁπόθεν
1406 2296 1485 2345 ὲνε
1501 2293 1716 2360 ποδίσθη
1743 2297 1773 2359 ἡ
1808 2293 2090 2343 ἀπεκεῖθεν
2113 2293 2394 2361 εὐεργεσία

844 2389 875 2441 ὁ
906 2388 1034 2447 Θεὸς
1066 2381 1227 2438 οἶδεν.
1279 2388 1466 2454 Ὅμως
1510 2386 1734 2448 διετάξω
1766 2384 1962 2436 διδόναι
2000 2385 2057 2435 τὸ
2101 2388 2267 2452 ἥμισυ
2299 2386 2394 2451 τῆς

850 2479 1035 2545 ρόγας.
1071 2478 1179 2528 Καὶ
1204 2479 1230 2527 ὁ
1263 2456 1516 2543 βασιλεὺς
1543 2476 1721 2540 ὀλίγον
1749 2469 1885 2524 εἶναι
1919 2474 2205 2541 διέκρινεν.
2235 2475 2394 2525 Ἀλλὰ

845 2567 897 2619 τί
939 2568 1038 2618 κᾶν
1070 2564 1227 2618 τοῦτο
1267 2568 1511 2630 γενεταις
1546 2564 1613 2614 Ἦ
1658 2565 1713 2613 έν
1745 2564 1884 2630 λόγῳ
1921 2565 2026 2614 τινί
2059 2568 2222 2630 ἐσμεν
2254 2565 2286 2632 ἢ
2340 2565 2395 2615 ὲν

843 2659 1014 2726 τιμῆς
1058 2656 1295 2721 Ὀπόσην
1349 2655 1406 2704 δὲ
1459 2651 1828 2705 κακοπάθειαν
1886 2653 2120 2718 ἔχομεν,
2179 2654 2206 2703 δ
2267 2652 2395 2712 Θεὸς

844 2832 1194 2902 diligentiam,
1219 2831 1497 2899 aliquoties
1515 2831 1681 2884 abhis
1701 2835 1976 2888 cessando.
1995 2834 2098 2888 Sed
2110 2851 2264 2891 causa
2287 2836 2406 2904 ejus

846 2926 920 2975 rei
963 2937 990 2972 a
1019 2921 1171 2973 nobis
1204 2936 1307 2973 non
1339 2929 1439 2982 cst,
1471 2936 1566 2973 nee
1619 2931 1812 2974 nostra:
1860 2926 2025 2988 culpa!
2074 2929 2398 2993 imputanda.

845 3012 940 3065 Est
966 3023 1139 3063 autum
1179 3010 1309 3063 haec.
1348 3009 1423 3062 Ex
1449 3026 1551 3076 quo
1574 3000 1765 3078 praeest
1805 3021 1893 3064 tua
1948 3017 2225 3076 sanctitas,
2249 3019 2400 3083 quasi

2498 587 2771 656 ἁγιωσύνῃ
2817 602 2907 636 σου
2951 587 3096 653 ἡμᾶς
3130 583 3549 647 ἐπισκέψασθαι,
3582 583 3676 634 καὶ
3704 582 3865 635 τοῦτο
3896 589 4048 650 μετά

2499 677 2760 744 πικρίας;
2808 672 3210 740 Ὀνειδιζόμεθα
3260 669 3366 739 γὰρ
3420 673 3494 733 ὡς
3547 671 4050 738 καιροσκοποῦντες

2497 767 2760 834 Μαρτίους
2788 766 2877 816 καὶ
2893 763 3311 831 Σεπτεμϐρίους.
3343 763 3446 812 Καὶ
3469 763 3562 812 ἐπὶ
3583 763 3789 822 τούτοις
3813 764 3845 825 ἠ
3877 761 4050 826 δρυλ-

2498 855 2728 924 λουμένη
2761 856 2906 914 δόσις
2936 856 3002 906 sit
3031 853 3089 914 ἒξ
3123 850 3405 920 ὑπέρπυρα
3438 851 3469 918 ἦ
3513 853 3600 902 καὶ
3651 850 3813 903 ὀκτὼ.
3847 851 3912 902 Δί
3957 847 4046 911 αῖ,

2495 947 2745 1007 δέσποτα,
2771 944 2822 995 τί
2858 943 2992 1012 πρὸς
3015 942 3178 994 τοῦτα
3210 943 3498 994 διανοεῖται
3532 942 3564 1010 ἡ
3595 939 3869 1009 ἀγιωσύνη
3904 955 4048 1003 σονς

2496 1035 2687 1104 Θαῦμα
2726 1035 2800 1102 μὰ
2825 1035 2920 1101 τὴν
2943 1032 3218 1102 ἀλήθειαν,
3247 1032 3380 1098 ὅπερ
3408 1033 3484 1088 εἰς
3521 1033 3665 1097 ἡμᾶς
3691 1032 4048 1097 δια-πράττει.

2501 1124 2626 1176 Ὅτε
2656 1125 2842 1190 καιρὸς
2870 1123 3086 1183 δόσεως,
3130 1121 3163 1187 ἠ
3209 1120 3422 1186 ἀνάγκη
3464 1117 3574 1170 τῶν
3618 1116 3984 1186 πραγμάτων,
4017 1117 4053 1185 ἡ

2502 1213 2590 1280 βία
2620 1213 2711 1264 καὶ
2745 1212 2803 1264 τὸ
2845 1211 3100 1280 δυσχερὲς
3142 1210 3233 1261 τοῦ
3263 1207 3483 1275 καιροῦ.
3516 1209 3906 1275 Καμνέτωσαν,
3947 1220 4054 1256 sa-

2497 1303 2978 1370 λαιπωρείτωσαν·
3025 1297 3176 1367 κοινὴ
3210 1299 3317 1364 γάρ
3371 1300 3403 1364 ἠ
3456 1298 3761 1366 δυσχέρεια.
3815 1297 3946 1348 Ὅτε
3993 1294 4056 1345 εδ

2497 1393 2686 1460 καιρὸς
2749 1391 3033 1454 δουλείας,
3096 1391 3345 1448 ἀπαιτεῖς
3389 1390 3532 1455 ἡμᾶς
3585 1388 3754 1447 οὕτως
3801 1385 4056 1437 δουλείαν

2496 1483 2682 1551 ὥσπερ
2733 1485 2779 1533 εί
2837 1481 3055 1549 εἴχομεν
3112 1478 3310 1540 ἱκανῶς
3356 1480 3464 1528 τῶν
3501 1475 3817 1538 οίκονομιῶν
3863 1475 4055 1544 ἡμῶν.

2497 1576 2662 1626 Ὅταν
2690 1574 2744 1626 δὲ
2773 1573 3167 1640 ἀπαντήσωμεν
3198 1572 3273 1631 είς
3303 1570 3398 1620 τὸν
3423 1569 3554 1620 ναὸν
3584 1567 3675 1619 τοῦ
3701 1567 3855 1626 Θεοῦ.
3893 1564 4052 1634 ττρῶ-

2494 1679 2582 1715 τον
2605 1663 2817 1730 ἀμειδὲς
2842 1656 2972 1728 ἦθος
2997 1665 3085 1711 καὶ
3107 1661 3480 1728 ἀπροσήγορον
3504 1657 3869 1725 λαμϐάνομεν.
3893 1655 4053 1714 Τέως

2495 1754 2551 1804 δὲ
2582 1754 2712 1820 εὐχὴ
2737 1751 2990 1817 ἀνεθῆναι
3019 1751 3125 1803 τῶν
3163 1749 3436 1818 δυσχερῶν
3462 1752 3552 1800 καὶ
3586 1747 3675 1798 τδν
3706 1747 3861 1811 ἅγιον
3897 1743 4058 1811 βασις

2498 1843 2592 1893 λέα
2626 1841 2802 1909 ἡμῶν.
2839 1842 2941 1892 Καὶ
2975 1841 3097 1892 τότε
3150 1836 3604 1907 ἀναδραμούμεθα
3643 1837 3780 1901 πρὸς
3805 1836 3869 1884 τὸ
3903 1834 4056 1886 θεῖον

2497 1937 2693 2004 κράτος
2723 1935 2907 1994 αὑτοῦ,
2954 1935 3045 1985 καὶ
3087 1935 3218 2001 ὅπερ
3252 1932 3316 1984 ἂν
3347 1932 3505 1996 νεύσῃ
3541 1931 3572 1996 ἠ
3607 1929 3734 1993 ἀγία
3771 1924 3920 1992 ψυχὴ
3953 1923 4055 1989 τῆς

2501 2023 2768 2092 βασιλείας
2794 2019 2982 2080 αὑτοῦ,
3009 2019 3164 2071 τοῦτο
3204 2019 3298 2069 καὶ
3328 2020 3633 2083 γενήσεται·
3669 2015 3717 2063 εί
3749 2012 3805 2062 δὲ
3833 2019 3930 2061 και
3959 2008 4057 2058 οἶ)-

2497 2133 2600 2175 τως
2632 2115 2785 2181 ὁρὲσῃ
2831 2110 3095 2164 δουλεύειν
3127 2109 3269 2176 ἡμᾶς
3291 2147 3305 2170 ,
3341 2108 3389 2157 οί
3415 2101 3831 2168 καταδεξάμενοι
3886 2111 4058 2164 προσο

2498 2205 2834 2268 κυνήσουσιν.
2905 2200 3092 2268 Ἡμεῖς
3140 2200 3194 2250 δὲ
3249 2200 3407 2248 πλέον
3462 2197 3560 2246 οὐκ
3618 2194 3817 2260 ιἔχομεν
3873 2190 4056 2254 λέγειν

2497 2295 2631 2361 πρὸς
2660 2295 2756 2361 τὴν
2789 2294 2884 2360 σὴν
2913 2292 3191 2356 ἀγιότητα.
3240 2290 3286 2339 εί
3339 2287 3413 2355 μὴ
3443 2290 3520 2338 ὅτι
3550 2287 3605 2335 ὲν
3652 2287 3718 2350 τῇ
3756 2277 4059 2347 Ἐκκλησία

2497 2384 2586 2435 τοῦ
2617 2383 2748 2434 Θεοῦ
2772 2383 2862 2433 καὶ
2892 2379 3252 2446 ἐγεννήθημεν
3293 2378 3384 2428 καὶ
3407 2376 3719 2442 ἐτράφημεν
3741 2371 3830 2420 καὶ
3853 2367 4060 2434 ὲγηράο

2499 2488 2700 2538 σαμεν,
2742 2471 2833 2520 καὶ
2866 2470 2919 2518 ὲν
2964 2469 3029 2535 τῇ
3071 2464 3362 2531 Ἐκκλησία
3411 2462 3568 2514 παλιν
3624 2455 3892 2524 μενοῦμεν
3949 2454 4048 2504 καὶ

2497 2562 2632 2611 κατὰ
2665 2561 2721 2611 τὸ
2747 2559 2967 2610 δυνατὸν
2999 2559 3127 2625 ἡμῖν
3156 2553 3529 2619 δουλεύσομεν.
3574 2550 3637 2599 Ἢ
3669 2547 3723 2599 δὲ
3768 2547 3834 2613 σὴ
3873 2544 4055 2610 ἁγιω-

2498 2653 2627 2721 σύνη
2652 2647 2784 2702 οἶδεν
2809 2651 2836 2700 ὅ
2867 2665 2916 2700 τι
2945 2647 3101 2707 ποιεί,
3126 2647 3203 2696 ὅτι
3228 2645 3319 2695 καὶ
3345 2643 3439 2693 ἐὰν
3464 2641 3554 2693 καί
3583 2655 3633 2690 τι
3659 2632 4055 2700 ἐναπολειφθιν

2507 2837 2596 2880 aut
2621 2825 2701 2881 vis
2731 2823 3121 2878 antdiﬂicultas
3170 2818 3444 2887 temporis.
3496 2815 3628 2868 Tum
3676 2809 4058 2878 additur,’per-

2508 2926 2630 2985 gant
2662 2930 2787 2980 ergo
2808 2913 3123 2966 conﬂictari.
3152 2911 3436 2977 perdurent
3465 2908 3515 2959 in
3542 2904 3787 2966 miseria;
3816 2913 4062 2954 commu-

2506 3006 2553 3055 ni
2583 3005 2776 3070 quippe
2800 3014 2984 3052 omnes
3027 3013 3261 3051 aarnnma
3315 2996 3625 3061 premimur.
3680 2990 3908 3056 Quando
3959 3001 4058 3039 au-

845 3116 948 3154 non
985 3101 1200 3154 haberet
1228 3099 1460 3152 Ecclesia
1493 3102 1714 3164 clerum,
1746 3105 1824 3154 sic
1857 3111 1908 3154 te
1959 3103 2230 3156 nobiscum
2267 3077 2395 3172 ges.
2425 3092 2465 3146 C
2499 3093 2602 3146 tem
2629 3093 2776 3144 adest
2808 3094 2933 3142 liora
2969 3087 3271 3148 ministerii,
3305 3094 3427 3138 tunc
3448 3086 3516 3136 ita
3543 3082 3818 3135 servitium
3843 3092 3876 3129 a
3901 3077 4056 3129 nobis

843 3192 982 3253 sist‘,
1015 3191 1210 3242 nullam
1243 3191 1393 3257 plane
1421 3205 1600 3243 curam
1641 3195 1925 3244 ostendens
1991 3204 2081 3245 aut
2138 3197 2395 3249 rationem

845 3279 1045 3330 habens
1074 3279 1412 3345 cujusquam‘
1443 3291 1705 3342 nostrum,
1752 3282 1969 3344 majoris
2023 3295 2116 3336 aut
2157 3287 2400 3337 minoris.

847 3361 969 3414 llzec
999 3364 1378 3430 przetermissio
1407 3374 1508 3415 tua:
1533 3365 1583 3416 in
1617 3379 1710 3418 nos
1762 3370 2106 3433 providentiae
2154 3374 2406 3423 cessatio-

846 3467 969 3503 nem
1010 3455 1174 3503 suasit
1209 3464 1508 3505 nostrorum
1532 3453 1909 3521 obsequiorum
1951 3468 2003 3508 et
2033 3459 2394 3511 remissiooem

846 3542 1180 3594 assiduitatis
1211 3543 1260 3592 iu
1281 3543 1628 3597 ministrando
1644 3555 1838 3598 nostra:
1870 3548 2120 3614 pristinae,
2147 3553 2395 3616 quomam

816 3639 818 3641 ’
847 3648 1018 3700 neque
1043 3648 1107 3683 ex
1143 3647 1238 3684 usu
1278 3631 1432 3685 oflicii
1475 3635 1625 3688 nobis
1659 3623 1906 3704 adempto
1944 3639 2228 3704 quidquam
2256 3655 2398 3692 emo-

846 3722 1064 3772 lnmcnti
1096 3723 1438 3787 percipimus,
1477 3738 1643 3790 neque
1696 3727 1837 3778 aliud
1889 3727 2164 3794 undepiatn
2222 3731 2398 3784 suhsi-

843 3815 989 3865 dium
1019 3825 1256 3878 apparet,
1293 3815 1415 3862 Slati
1454 3826 1737 3878 proventus
1761 3827 1851 3866 aut
1873 3819 2136 3868 honorarii
2163 3822 2394 3874 nomine.

845 3904 985 3955 unde
1018 3915 1178 3954 vitam
1211 3903 1514 3955 toleremus.
1552 3902 1768 3969 Propter
1813 3905 1910 3956 hoc
1964 3908 2287 3960 rccurrimus
2333 3911 2397 3960 ad

843 4008 1177 4044 communem
1219 3992 1607 4046 henefactorem
1634 4004 1686 4045 et
1711 3995 1979 4047 dominum
2028 4008 2264 4050 nostrum
2297 3999 2398 4050 im-

844 4095 1147 4154 peratorem
1180 4097 1443 4140 sanctum:
1481 4102 1509 4137 a
1540 4101 1644 4154 quo
1672 4098 1849 4139 autem
1886 4089 2133 4156 impedita
2162 4093 2403 4158 sitquam

844 4179 972 4230 inde
1020 4193 1426 4246 speraveramus
1470 4177 1837 4241 beneficentia,
1893 4179 2032 4232 Deus
2064 4182 2184 4236 scit.
2247 4183 2408 4251 646

843 4267 1042 4321 Tamen
1069 4267 1362 4336 praecepisti
1410 4269 1522 4318 dari
1578 4269 1727 4319 nobis
1782 4269 2054 4322 dimidium
2105 4275 2404 4337 pensionis-

2493 3183 2681 3252 exigis,
2717 3181 2866 3248 quasi
2901 3179 3014 3246 ejus
3035 3173 3731 3230 auetoramentactidoneas
3759 3169 4058 3227 mercedes,

2495 3276 2677 3329 solitas
2708 3273 2910 3326 scilicet
2936 3271 3060 3323 olim
3109 3269 3258 3320 nobis
3311 3261 3708 3334 subministrari
3753 3258 4061 3328 pensiones,

2500 3380 2642 3419 nunc
2674 3363 3026 3418 cummaxime
3061 3359 3399 3412 haberemus.
3441 3356 3570 3407 Cum
3612 3361 3784 3404 autem
3813 3347 4059 3402 occurri-

2501 3469 2620 3506 mus
2639 3453 2703 3503 ‘in
2742 3466 2946 3503 sacram
2970 3448 3133 3499 aedem
3175 3446 3399 3510 primum
3443 3453 3593 3494 torvo
3643 3438 3810 3498 vultu,
3870 3435 4058 3488 obtutu

2506 3541 2800 3595 truculento
2830 3536 3175 3603 despicimur.
3209 3532 3313 3584 Sed
3349 3539 3400 3582 et
3451 3529 3701 3596 praeclare
3734 3537 3920 3578 secum
3971 3522 4057 3590 agi

2504 3630 2750 3685 dominus
2783 3628 2896 3694 ipse
2929 3634 3106 3678 noster
3130 3624 3399 3690 Augustus
3426 3618 3709 3682 putaverit,
3743 3616 3787 3667 si
3816 3615 3863 3667 ei
3910 3612 4058 3666 fron-

2504 3733 2556 3776 te
2588 3722 2725 3773 forte
2750 3717 3025 3771 amceniori
3059 3715 3232 3780 excipi
3264 3713 3555 3776 conlingat.
3590 3709 3657 3760 At
3687 3718 3938 3759 vovemus
3953 3717 4054 3755 nos

2504 3811 2714 3877 quidem
2746 3823 2807 3862 ac
2834 3820 3114 3876 precamur
3146 3801 3356 3854 liberari
3389 3814 3505 3850 cum
3532 3783 3619 3849 aui
3652 3794 3837 3847 saltem
3888 3790 4056 3844 levari

2501 3899 2693 3964 quibus
2723 3909 2860 3948 nunc
2890 3893 3143 3961 premitur
3173 3889 3538 3943 incommodis.
3590 3884 3736 3938 Tunc
3781 3881 3926 3936 enim
3973 3894 4057 3931 re-

2502 4000 2778 4041 curremus
2842 3987 3032 4043 iterum
3082 3984 3148 4036 ad
3201 3995 3408 4034 sacram
3492 3979 3607 4045 ejus
3699 3974 4050 4041 majestate-tn,

2509 4087 2563 4130 et
2597 4075 2850 4144 quidquid
2896 4074 3123 4126 innuerit
3166 4072 3341 4123 anima
3364 4070 3479 4135 ejus
3529 4075 3738 4125 sancta,
3779 4063 3908 4115 illud
3941 4063 4052 4113 et.

2514 4171 2604 4224 Vel
2634 4173 2676 4223 si
2709 4181 2814 4222 tam
2855 4167 2984 4220 dura
3038 4177 3093 4218 ut
3125 4166 3378 4218 hactenus
3431 4163 3632 4214 servire
3689 4159 3740 4209 in
3789 4164 4055 4221 posterum

2511 4275 2718 4330 quoque
2755 4274 2849 4312 nos
2877 4258 3179 4310 conditione
3211 4251 3525 4313 decreverit,
3553 4249 3641 4314 qui
3673 4249 3773 4299 hoc
3817 4247 3888 4298 ita
3923 4259 4058 4311 pra-

843 4359 996 4423 Quod
1027 4359 1312 4426 imperator
1345 4371 1528 4424 parum
1559 4371 1675 4408 esse
1700 4356 1977 4424 judicavit,
2016 4331 2206 4413 merito
2242 4375 2405 4415 sane:
2440 4392 2484 4446 υ
2513 4354 2766 4417 scriptum
2801 4349 3096 4411 admittent,
3151 4346 3365 4410 insuper
3393 4340 3553 4394 etiam
3607 4334 3920 4391 adorabunt.
3975 4331 4054 4385 De

845 4465 948 4501 non
984 4450 1122 4500 enim
1146 4464 1237 4516 per
1261 4451 1358 4501 hoc
1392 4457 1498 4500 tam
1526 4448 1772 4517 exiguum
1813 4448 1864 4498 in
1912 4447 2177 4502 meliorem
2221 4454 2399 4518 reponi

841 4540 1200 4592 conditionem
1254 4553 1556 4607 possumus,
1623 4548 1713 4591 aut
1767 4538 1951 4607 gradui
2005 4544 2401 4594 convenientem

844 4641 1028 4682 nostro
1060 4644 1377 4696 recuperare
1405 4630 1736 4696 dignitatem;
1796 4631 1922 4696 quin
1969 4645 2064 4683 nec
2117 4630 2163 4682 a‘
2207 4633 2403 4699 probro

847 4733 902 4787 in
930 4733 1035 4782 quo
1063 4732 1248 4770 sumus
1281 4733 1344 4770 ac
1365 4718 1614 4784 despectu
1650 4719 1923 4770 vindicari.
1968 4716 2173 4782 Quanta
2227 4728 2402 4770 autem

845 4820 912 4859 ex
938 4804 1110 4871 inopia
1136 4817 1370 4860 extrema
1395 4807 1682 4871 patiamur,
1725 4806 1904 4858 teStari
1935 4804 2094 4867 Deus,
2121 4808 2208 4873 qui
2237 4808 2406 4877 novit,

844 4895 1063 4965 potet-it,
1089 4902 1142 4946 et
1167 4897 1380 4961 quidam
1401 4897 1692 4956 hominum,
1721 4897 1911 4962 quibus
1938 4897 2157 4962 contigit
2197 4906 2410 4948 nostras

845 4999 1111 5041 aerumnas
1152 4985 1515 5048 introspicere,
1565 5000 1666 5036 non
1719 4990 1828 5037 sine
1887 4988 1994 5038 acri
2053 4989 2408 5042 niiseratiOnis

845 5095 1030 5135 sensu.
1063 5075 1260 5130 Deinde
1289 5077 1417 5142 quid
1453 5075 1520 5126 ita
1554 5078 1716 5128 visum
1750 5087 1830 5129 est
1865 5080 2130 5131 siinctitati
2162 5091 2263 5131 tua:
2280 5079 2406 5131 ani-

846 5173 1180 5225 madvertere
1225 5169 1275 5220 in
1314 5180 1430 5227 nos,
1481 5166 1633 5232 idque
1681 5182 1798 5218 cum
1831 5169 2169 5220 acerbitate?
2207 5169 2406 5237 Expro-

848 5264 1032 5315 bratur
1058 5263 1200 5312 enim
1233 5257 1386 5312 nobis
1410 5258 1560 5324 quasi
1589 5256 1739 5307 avide
1768 5269 2140 5324 exspectemus
2188 5257 2403 5310 Martios

845 5358 902 5402 et
930 5346 1293 5415 Septembres.
1327 5345 1391 5398 Ει
1411 5358 1570 5412 super
1598 5343 1680 5395 his
1712 5345 1986 5397 decantata
2024 5346 2267 5415 largitio:
2312 5363 2405 5399 sex

849 5440 1180 5510 ﬂyperpyra,
1218 5437 1299 5489 vel
1331 5439 1493 5490 etiam
1524 5444 1670 5488 octo.
1709 5432 1819 5506 lleu
1857 5435 1977 5496 heu,
2006 5436 2238 5499 domine,
2278 5438 2404 5504 quid

821 5545 1006 5598 .snper
1039 5530 1122 5582 bis
1153 5528 1349 5594 cogitat
1374 5527 1634 5581 sanctitas
1658 5533 1748 5578 tua
1771 5525 1792 5576 ἲ
1818 5523 2006 5578 Mirum
2043 5535 2144 5590 cst,
2179 5542 2273 5594 per
2321 5542 2409 5580 ve-

852 5621 1091 5683 ritatem,
1125 5620 1264 5685 quod
1294 5633 1415 5686 erga
1446 5632 1543 5672 nos
1575 5617 1705 5685 agit.
1736 5614 1871 5668 Dum
1903 5616 2048 5668 venit
2069 5625 2278 5682 tempus
2299 5624 2409 5668 sta-

853 5722 920 5766 ta:
949 5708 1271 5781 largitionis,
1298 5709 1557 5779 allegatur
1584 5719 1674 5764 aut
1725 5710 2018 5765 necessitas
2075 5711 2404 5778 negotiorum

2514 4447 2722 4514 reliquo
2782 4458 2885 4496 non
2947 4443 3200 4495 habemus
3247 4448 3386 4490 nunc
3432 4433 3558 4501 quid
3631 4430 3858 4499 amplius
3905 4426 4053 4480 dica-

2503 4551 2620 4588 mus
2724 4533 2989 4588 sanetitati
3077 4541 3197 4592 tuae,
3234 4528 3334 4580 nisi
3387 4537 3439 4581 et
3513 4525 3567 4577 in
3649 4521 3742 4575 Dei
3819 4517 4052 4572 Ecclesia

2501 4625 2660 4695 647
2713 4640 2809 4678 nos
2866 4634 3016 4675 natos
3043 4632 3091 4672 et
3129 4621 3380 4673 educatos
3400 4617 3582 4678 fuisse,
3606 4614 3657 4666 in
3681 4611 3865 4664 eadem
3886 4607 4048 4661 etiam

2507 4718 2767 4776 senuisse,
2801 4726 3069 4780 porroque
3101 4715 3152 4762 in
3186 4725 3246 4762 ea
3277 4717 3660 4775 permansuros
3693 4713 3860 4767 usque
3885 4699 3950 4749 ad
3979 4698 4047 4748 -

2503 4819 2648 4863 nem.
2681 4814 2734 4857 et
2759 4803 2930 4871 quoad
2978 4811 3159 4854 nostra
3193 4798 3419 4851 facultas
3447 4809 3506 4849 ac
3539 4795 3679 4846 vires
3721 4790 3910 4848 ferent,
3937 4799 4049 4838 sero

2505 4896 2725 4946 vituros.
2787 4891 2898 4944 Tua
2931 4906 3061 4944 vero
3094 4890 3355 4943 sanctitas
3389 4887 3494 4940 scit
3541 4883 3668 4950 quid
3719 4878 3900 4932 faciat.
3943 4874 4047 4930 Nec

2514 4988 2745 5053 ignorat,
2792 4985 2835 5036 si
2883 4982 3008 5049 quid
3046 4990 3351 5034 nostrorum
3386 4983 3740 5042 proventunm
3771 4968 3838 5021 ab
3873 4967 4047 5021 hostili

2514 5061 2685 5130 adhuc
2705 5076 3030 5154 ’vastatione
3091 5074 3327 5124 immune
3371 5062 3750 5136 permanserit,
3802 5070 4047 5125 tanquam

2512 5178 2660 5221 tuum
2697 5149 2868 5232 colligi
2904 5181 2931 5216 a
2966 5174 3313 5231 procuratore
3335 5157 3532 5222 juriqu
3561 5165 3793 5206 tuorum.
3824 5149 3931 5202 Hoc
3953 5165 4048 5200 au-

2515 5270 2616 5312 tem
2669 5274 2791 5311 num
2839 5272 3047 5324 aequum
3081 5254 3202 5307 est?
3249 5250 3506 5303 Caeterum
3563 5245 3660 5298 hoc
3711 5243 3897 5298 saltem
3928 5253 4048 5293 orso

2516 5367 2654 5411 mus,
2710 5359 2767 5401 ut
2815 5347 3067 5415 quoniam
3105 5358 3236 5410 quas
3269 5339 3541 5407 scriptitas
3591 5335 3744 5390 nobis
3775 5332 4048 5388 censorias

2512 5441 2763 5507 epistolas
2803 5439 3015 5506 pradegi
3039 5435 3194 5504 jubes
3225 5434 3279 5484 in
3329 5429 3484 5498 plena
3515 5429 3738 5497 synodo,
3769 5433 3824 5478 et
3857 5424 4046 5476 fratres

2513 5531 2679 5584 nostri
2736 5529 3002 5597 praepositi
3056 5521 3502 5577 monasteriorum
3557 5519 3670 5571 suis
3701 5513 4046 5581 comprobant

2508 5620 2776 5687 suffragiis
2810 5614 3138 5686 quaacunque
3172 5612 3442 5665 sanctitati
3481 5611 3608 5662 libet
3645 5617 3746 5659 tua
3788 5602 4048 5656 dicende

2515 5712 2688 5777 nobis,
2724 5721 2906 5767 nostra
2934 5709 3043 5763 haec
3067 5719 3277 5776 quoque
3308 5706 3566 5760 rccitetur
3592 5697 3817 5768 epistola
3840 5694 3940 5749 illis
3959 5707 4051 5748 au-
