4190 6438
159 350 273 412 70‘.)

1146 345 1240 403 DE
1282 344 1729 403 ANDRONICU
1765 342 2228 403 PALAEOLOGO
2262 344 2406 405 LIB.
2445 342 2579 406 VII.

3324 346 3429 407 710

158 460 335 538 ᾖτῶν
374 463 657 533 ἡμετέρων
695 458 1017 530 οἰκονομιῶν
1069 459 1175 512 ἀπὸ
1222 458 1331 511 τῶν
1381 460 1620 527 ἐχθρῶν,
1657 458 1747 510 καὶ
1782 466 1821 518 Α
1856 460 2181 524 πνεύματος.
2234 460 2417 511 Ταῦτα
2462 460 2623 527 ἡμεῖς
2654 456 2965 527 βιασθέντες
3011 458 3260 528 εἴπομεν,
3292 462 3431 530 πλὴν

159 556 299 607 αὐτὸ
350 554 706 624 περισυναγει
755 555 781 604 ὁ
830 553 933 604 τῶν
970 550 1076 602 σῶν
1123 550 1345 601 δικαίων
1377 552 1587 620 ἔφορος.
1640 549 1747 601 Καὶ

159 646 326 699 τοῦτο
355 647 557 710 καλνὶνς
615 644 755 713 Πλὴν
791 644 847 695 δὲ
900 640 1059 694 τοῦτο
1092 642 1253 705 μόνον
1301 640 1746 709 παρχκαλοῦμεν,

158 738 242 790 ὅτι
279 736 409 788 ἐπεὶ
446 735 542 797 τὰς
576 740 670 795 σὰς
710 734 925 801 γραφὰς
956 733 1053 794 τὰς
1102 734 1237 801 πρὸς
1268 733 1411 800 ἡμᾶς
1458 729 1749 793 συνοδικῶς

158 828 533 897 προστάττεις
571 822 1066 891 ἀναγινώσκεσθαι,
1119 824 1213 873 καὶ
1262 824 1309 873 οἱ
1344 821 1563 889 ἀδελφοὶ
1589 822 1747 890 ἡμῶν

160 919 248 990 [Ρ.
284 920 422 990 451]
449 922 499 971 oi
526 918 815 987 ἡγούμενοι
844 915 1269 985 ἐπιψηφίζονται
1296 916 1429 983 ἡμῖν
1450 918 1517 967 τὶ
1545 915 1747 983 ἀρεστά

158 1016 226 1078 τῇ
265 1011 552 1078 ἁγιωσύνῃ
585 1026 700 1069 σου,
734 1010 821 1061 ἵνα
850 1006 1174 1096 ἀναεγνωσθῇ
1211 1008 1305 1057 καὶ
1334 1004 1528 1074 αὖτηὴ
1560 1005 1747 1075 γραφὴ

162 1103 352 1169 ἱμῶν,
392 1102 485 1152 καὶ
524 1102 552 1152 ὃ
585 1118 633 1151 τι
672 1100 738 1153 ἂν
771 1097 1122 1168 διακρίνωσιν
1161 1098 1235 1159 ὡς
1270 1098 1606 1167 Χριστιανοί.
1644 1098 1749 1149 Καὶ

160 1195 294 1245 ἄλλο
326 1194 504 1256 πιέζει
527 1194 673 1261 ἡμᾶς
696 1193 1017 1261 δεινότερον,
1048 1191 1107 1243 τὸ
1133 1191 1223 1245 ἰπὶ
1247 1191 1515 1251 τοσούτοις
1540 1190 1749 1256 κρίνοις

158 1285 610 1353 ἀπροειὸἀστους
655 1284 929 1350 διαμένειν
966 1284 1133 1351 ἡμᾶς.
1172 1280 1356 1344 Ἔδοξε
1408 1280 1567 1332 τοῦτο
1598 1280 1747 1347 ὑμῖν,

162 1381 258 1427 καὶ
294 1376 465 1428 ἔστω.
500 1376 668 1427 Ὅπου
719 1377 751 1443 ἡ
799 1374 968 1443 ζημία
1018 1375 1231 1435 πίπτει,
1265 1376 1290 1425 ὁ
1336 1372 1555 1431 συνετὸς
1589 1368 1744 1422 οἶδεν.

163 1471 239 1519 Τὸ
266 1469 323 1519 δὲ
360 1468 456 1519 κιὶ
481 1466 588 1519 τῶν
622 1468 899 1535 προσόδων
944 1465 1055 1518 τῶν
1101 1462 1373 1532 ὀφφικίων
1400 1462 1559 1532 ἡμῶν
1621 1480 1743 1514 στεο

166 1559 392 1626 ρείσθαι
423 1561 513 1611 καὶ
534 1558 643 1611 ἀπὸ
664 1558 825 1628 λιμοῦ
850 1558 1235 1625 ἀποθνήσκειν,
1267 1557 1415 1618 ποῖος
1446 1554 1622 1606 κανῶν
1652 1557 1749 1623 τῆς

174 1649 564 1719 Ἐκκλησίαςῆ
599 1650 726 1702 ποία
767 1648 873 1699 τῶν
921 1647 1176 1715 Πατέρων
1211 1646 1402 1715 πρᾶξις
1450 1645 1480 1714 ἢ
1516 1648 1642 1697 ποῖα
1677 1645 1750 1695 δι-

1850 555 1924 616 ὼς
1970 554 2228 622 Ῥωμαῖοι
2264 555 2354 605 καὶ
2387 557 2443 604 ἐν
2468 552 2691 623 Χριστῷ
2726 552 3126 622 ἀπελεύθεροι,
3163 555 3223 605 οὐ
3262 571 3431 608 κατα-

1850 644 2190 712 δουλούμενοι
2215 644 2313 713 τὴν
2344 644 2675 711 ὲλωθερῐαν.
2714 643 2903 695 Καίτοι
2950 660 3013 710 γε
3050 644 3292 713 Σευήρου
3335 645 3432 697 καὶ

1862 736 2179 789 Ἀντωνίνου
2230 733 2442 787 ἀσεϐῶν
2518 733 2783 801 βασιλέων
2836 734 3171 799 ἀντιγραφαὶ
3241 734 3424 797 καλῶς

1850 828 2073 895 ἔχουσαι
2116 830 2209 879 καὶ
2266 828 2359 875 ἐπὶ
2408 826 2516 885 τοῖς
2552 824 2799 877 εὐσεϐέσι
2846 824 3185 892 κατέχονται,
3225 826 3298 888 ὡς
3352 828 3427 896 μὴ

1851 919 2253 984 ἀναγκάζεσθαι
2282 920 2429 986 παρά
2454 918 2683 983 δύναμιν
2718 920 2843 979 τοὺς
2870 916 3091 977 δούλους
3116 916 3218 969 κᾶν
3247 920 3428 971 ὁπωσ-

1850 1011 2071 1079 δήποτε.
2105 1005 2257 1063 alii-:1
2302 1012 2368 1061 τὰ
2402 1010 2746 1077 δικαιώματα
2777 1008 2870 1060 τοῦ
2900 1009 3034 1061 Θεοῦ
3068 1010 3144 1071 ὡς
3179 1011 3268 1062 ἐπ’
3304 1012 3429 1061 Ἐκ-

1852 1102 2081 1170 κλησίας
2126 1102 2443 1165 ἱσταμένους
2493 1102 2648 1161 ὅλους
2689 1099 3101 1169 ὲστηλωμένους
3136 1096 3279 1154 εἶναι
3310 1101 3431 1170 Θεῷ

1852 1193 1949 1255 δεῖ,
1987 1192 2153 1260 μηδὲν
2180 1190 2313 1256 πρὸς
2339 1192 2619 1257 ἀλλήλους,
2648 1190 2749 1242 κᾶν
2780 1192 3055 1257 ἀναγκαία
3081 1193 3431 1261 παρεμπέσοι

1852 1285 2028 1349 χρεία,
2071 1283 2129 1333 τὸ
2160 1280 2366 1333 οίονοῦν
2401 1281 2738 1349 ὁμιλοῦντας,
2778 1285 2871 1334 καὶ
2907 1282 3065 1334 τοῦτο
3093 1283 3299 1351 ἔπρεπε
3337 1286 3431 1336 καὶ

1853 1376 1981 1440 ἡμῖν
2004 1374 2270 1439 γίνεσθαι,
2293 1373 2531 1425 δέσποτα
2553 1390 2566 1437 ;
2593 1375 2640 1424 εί
2670 1377 2807 1426 κατὰ
2842 1376 3109 1444 μοναχοὺς
3127 1378 3221 1427 καὶ
3243 1378 3427 1444 ἡμείο,

1852 1464 1926 1525 ὡς
1972 1467 2167 1516 ἐκεῖνοι
2225 1464 2759 1533 ἐκκλησιαζῶμεθα,
2806 1464 2943 1516 ὥστε
2987 1468 3059 1533 μὴ
3099 1466 3276 1526 καλῶς
3313 1468 3434 1518 ἐπι-

1856 1555 2092 1621 φὼσκειν
2122 1558 2217 1624 τὴν
2252 1557 2463 1623 ἡμέραν
2511 1561 2601 1606 καί
2640 1557 2917 1620 ἀπολύειν,
2962 1559 3119 1626 μηδὲ,
3136 1575 3286 1619 τινας
3324 1559 3432 1609 τῶν

1857 1640 1959 1705 ἔξω
1984 1646 2392 1711 προσαπαντᾷν.
2436 1644 2548 1693 Νῦν
2587 1643 2643 1694 δὲ
2677 1645 2738 1694 ἐκ
2775 1647 3135 1713 μεσονυκτίου
3166 1648 3221 1708 ἐς
3260 1646 3433 1717 μέσην

164 1741 467 1808 καιώματα
494 1741 705 1792 δίδωσιν
730 1757 743 1804 ;
778 1740 971 1809 Ὅμως
997 1738 1133 1790 ἔστω
1160 1742 1253 1790 καὶ
1284 1737 1461 1792 τοῦτο.
1489 1738 1635 1807 Πλὴν
1667 1737 1751 1788 ἵνα
1790 1728 1827 1782 Β
1858 1733 2066 1803 ἡμέραν
2092 1734 2383 1801 ίστάμεθα,
2417 1736 2507 1785 καὶ
2534 1734 2658 1794 λαὸς
2684 1737 2775 1786 καὶ
2802 1737 3003 1806 πλῆθος
3037 1740 3129 1790 καὶ
3159 1738 3373 1790 κὼδωνε
3392 1758 3429 1805 -,

167 1836 242 1904 μὴ
304 1833 635 1901 αὑτοφόνται
705 1830 1035 1901 γενώμεθα,
1090 1832 1188 1892 τὰς
1256 1830 1357 1882 τῶν
1410 1829 1751 1900 Χριστιανῶν

165 1923 615 1994 περιθρεξόμεθα
648 1922 816 1993 θύρας
868 1924 963 1975 καὶ
1014 1922 1417 1991 ἀπαιτήσομεν,
1454 1922 1546 1973 καὶ
1594 1920 1752 1987 μολο-

165 2019 312 2087 εροὶ,
338 2016 487 2084 οἶμοι
512 2016 525 2068 !
551 2016 600 2067 οί
626 2014 1062 2083 τῆςἚιωιλησίω
1099 2014 1353 2083 τρόφιμοι
1381 2014 1446 2065 ἑκ
1477 2012 1584 2065 τῶν
1613 2014 1747 2080 Χρι⁴

166 2111 405 2162 στιανῶν
462 2108 642 2176 θυρῶν
690 2106 1111 2176 τραφησόμεθα,
1149 2104 1342 2156 πλατεῖ
1394 2104 1469 2174 τῷ
1521 2105 1748 2173 στόματι

166 2198 669 2271 ὲκτραγιρδοῦντες,
696 2199 767 2260 ὡς
801 2197 970 2260 εἰκὸς,
997 2199 1067 2249 τά
1092 2197 1357 2267 ἡμέτερα.
1394 2193 1748 2265 Παρακαλοῦ-

167 2312 267 2363 μεν
298 2293 689 2364 ἠσυχάζοντες.
714 2292 824 2344 Καὶ
853 2289 928 2361 μὴ
958 2292 1020 2342 ὲκ
1045 2288 1154 2341 τῶν
1189 2288 1296 2340 σῶν
1318 2286 1549 2358 γραφῶν
1580 2301 1746 2353 παρο-

162 2385 518 2455 τρονὼμεθα,
544 2385 639 2435 καὶ
667 2380 815 2435 ταῦτ’
847 2380 1210 2445 ἀδικούμενοι.
1234 2378 1384 2439 Τέως
1402 2378 1457 2429 δὲ
1479 2375 1747 2428 δουλεύειν

166 2479 267 2547 μιν
314 2477 584 2546 μέλλομεν
624 2475 765 2528 κατά
801 2473 1031 2542 δύναμιν
1055 2514 1068 2536 ,
1127 2472 1218 2523 τὸν
1263 2470 1321 2523 δὲ
1358 2468 1552 2537 μισθὸν
1584 2468 1743 2538 ⁴ἡμῶν

164 2571 487 2641 θαρροῦμεν
513 2566 609 2631 ὡς,
650 2566 698 2617 εί
746 2562 881 2625 Θεὸς
909 2562 1074 2625 θέλοι,
1102 2560 1201 2613 οὐκ
1232 2560 1591 2627 ἀπολέσομεν,
1640 2558 1745 2609 κᾶν

165 2662 421 2727 κάλαμον
478 2653 936 2724 συντετριμμένον
985 2651 1273 2718 κατεάγειν
1340 2651 1440 2701 οὐκ
1486 2650 1742 2710 ἀποκνείς

164 2753 259 2802 καὶ
298 2750 396 2802 τοῦ
432 2746 627 2817 καιροῦ
656 2744 981 2817 δριμύτερος
1009 2742 1278 2811 γίνεσθαι.
1319 2741 1519 2809 Ἐχρῆν
1550 2741 1606 2793 δὲ
1647 2740 1746 2809 οὐχ

164 2841 309 2893 οὓτω
360 2838 459 2893 τοῦ
503 2836 711 2907 ἀγαθοῦ
769 2836 864 2890 καὶ
916 2832 1294 2903 φιλανθρώπου
1356 2830 1747 2901 πιστευόμενον

170 3015 471 3077 dicmibus,
498 3020 554 3065 et
588 3024 650 3065 ea
688 3010 963 3065 intellecta
1014 3007 1276 3074 judicium
1333 3007 1398 3060 de
1431 3021 1596 3063 causa
1650 3022 1746 3061 no-

166 3120 275 3159 stra
322 3106 524 3167 lerant,
553 3119 614 3157 ea
680 3103 1009 3156 rectitudine
1040 3115 1162 3168 qua?
1195 3097 1538 3153 Christianos
1569 3102 1742 3162 decet,

1855 1826 1945 1875 καὶ
1971 1824 2071 1876 ούκ
2105 1822 2219 1875 ἐστι
2250 1824 2309 1874 τὸ
2360 1822 2751 1892 ἐνεργούμενον
2802 1828 2909 1877 πᾶν
2962 1830 3265 1898 προσευχὴν
3314 1830 3431 1882 ἀλλ’

1855 1915 1971 1966 ἔστι
2006 1917 2096 1967 καὶ
2130 1914 2458 1981 καλλιφωνία
2491 1916 2583 1966 καὶ
2612 1914 3021 1983 ἀναγνώσματα
3053 1918 3146 1969 καὶ
3191 1918 3434 1987 καθέδρα

1856 2006 1950 2058 καὶ
1976 2006 2157 2068 ἄνεσις
2185 2006 2271 2058 διὰ
2301 2007 2488 2074 μέσον,
2526 2004 2647 2057 καθ’
2677 2006 2712 2058 ἀ
2756 2006 2947 2069 ἄλλους
2977 2009 3074 2076 μὲν
3118 2007 3296 2071 ἔξεστι
3339 2011 3431 2061 καὶ

1853 2096 2032 2162 λέγειν
2052 2098 2144 2149 καὶ
2175 2098 2437 2165 πράττειν
2460 2098 2521 2149 τὸ
2553 2099 2959 2167 παριστάμενον
2997 2099 3072 2160 ὡς
3107 2100 3429 2166 ἀναγκαῖον.

1853 2188 1985 2241 Οὐδὲ
2017 2187 2126 2257 γὰρ
2154 2190 2245 2240 καὶ
2275 2189 2436 2257 ἡμεῖς
2466 2189 2659 2253 ἄλλους
2693 2188 2820 2250 τοὺς
2854 2188 3176 2257 οἰκονόμους
3209 2191 3426 2259 ἔχομεν,

1849 2278 1923 2341 ὡς
1954 2276 2207 2331 ἐντεῦθεν
2234 2278 2638 2344 ἀπολυομένους
2696 2280 2998 2349 τραπέζαις
3050 2281 3299 2352 ἑτοίμαις
3329 2287 3430 2351 ιφ-

1848 2368 2123 2432 ίστασθαι,
2176 2367 2317 2420 ἀλλά
2374 2368 2536 2437 τυχὸν
2594 2370 2658 2421 ὲκ
2716 2370 3128 2440 διαλειμμάτων
3180 2373 3319 2425 κατά
3368 2375 3432 2427 τὸ

1851 2461 1997 2521 sine;
2021 2462 2403 2531 φροντίσομεν.
2437 2460 2524 2533 [Ρ.
2544 2461 2674 2533 45η
2700 2462 2792 2531 Μὴ
2816 2458 2909 2515 οὖν
2933 2465 3072 2517 κατά
3100 2464 3197 2535 τὴν
3222 2465 3435 2538 ὑψηλὴν

1849 2554 2055 2624 ταύτην
2076 2555 2135 2607 δὲ
2174 2556 2268 2607 καὶ
2311 2556 2575 2625 μεγίστην
2608 2556 2705 2607 καὶ
2746 2557 2873 2617 τοὺς
2910 2556 3228 2628 χθαμαλοὺς
3281 2561 3433 2629 ἡμᾶς

1855 2648 1948 2699 καὶ
1981 2648 2264 2717 βιωτικοὺς
2297 2648 2444 2717 ἔχειν
2472 2647 2618 2711 θέλε,
2660 2650 2756 2699 καὶ
2786 2649 2869 2710 εἰς
2901 2649 3245 2718 κατάγνωσιν
3285 2655 3430 2721 ἀμε-

1854 2740 2002 2801 λείας
2064 2739 2204 2792 τίθει
2260 2740 2329 2793 τά
2385 2740 2478 2808 τῆς
2533 2740 2802 2807 ἀνάγκης.
2864 2741 3230 2811 Ἀτονὴσομεν
3278 2745 3427 2815 γὰρ,

1855 2832 2164 2883 πίστευσον.
2221 2830 2323 2884 Καὶ
2372 2831 2466 2882 ὲάν
2523 2830 2810 2900 μέλλωμεν
2856 2831 3111 2884 ἐντεῦθεν
3164 2837 3431 2906 κατακρί-

1856 3018 1953 3062 tes.
2002 3008 2157 3061 Enim
2194 3022 2324 3063 vero
2380 3006 2566 3061 Severi
2598 3017 2649 3063 et
2687 3009 2966 3074 Antonini,
3000 3013 3275 3079 gentilium
3309 3016 3435 3071 licet

1857 3102 2265 3168 imperatorum,
2296 3101 2609 3168 prtescripta
2647 3110 2862 3156 exstant
2920 3106 3056 3157 bona
3103 3114 3158 3158 et
3211 3120 3241 3159 a
3274 3107 3436 3160 Chri-

169 3198 303 3250 nihil
338 3197 637 3249 tribuentes
663 3191 987 3262 praeiudiciis
1020 3199 1112 3242 aut
1143 3192 1445 3259 acceptioni
1483 3206 1744 3260 persona-
1770 3168 1815 3225 θ
1848 3190 2039 3243 stianis
2064 3204 2310 3290 “quoque
2387 3190 2722 3257 principibus
2783 3204 2839 3245 ιιι
2894 3194 3134 3247 salubria
3193 3207 3431 3261 retenta,

170 3305 312 3343 rum.
348 3288 507 3342 Aliud
549 3298 807 3356 przcterea
847 3290 1035 3355 pungit
1068 3303 1165 3343 nos
1194 3287 1435 3357 gravius,
1468 3286 1611 3352 quod
1633 3284 1744 3352 jam

170 3390 246 3433 tut
272 3380 435 3431 annis
466 3378 609 3429 nulla
642 3375 965 3443 cujusquam
1021 3376 1160 3430 facta
1212 3373 1484 3443 promotio
1511 3383 1611 3426 est.
1657 3374 1749 3426 Sic

170 3472 325 3525 vobis
358 3472 532 3524 visum
579 3479 679 3524 est.
715 3468 1023 3522 Perferatur
1074 3478 1127 3521 et
1177 3470 1298 3520 hoc.
1336 3467 1453 3530 Quo
1490 3469 1746 3517 damnum

169 3568 286 3631 ejus
315 3563 628 3617 omissionis
690 3564 915 3624 recidat,
969 3561 1205 3630 prudens
1266 3561 1445 3627 quivis
1475 3559 1743 3626 intelligit.

173 3656 385 3709 Privari
418 3665 599 3707 autem
651 3668 751 3707 nos
803 3654 1159 3721 proventibus
1193 3640 1748 3703 nostrorum'Ollit-io-

172 3763 287 3801 rum
311 3756 366 3801 et
399 3746 544 3800 fame
571 3745 763 3809 emori,
789 3745 911 3812 quis
946 3759 1115 3797 canon
1168 3743 1439 3808 Ecclesiae,
1466 3743 1589 3812 quis
1617 3757 1746 3795 usus

170 3838 417 3902 Patrum,
458 3851 577 3906 quae
624 3836 833 3905 justitia
894 3836 1212 3903 permittit?
1248 3850 1435 3888 verum
1496 3845 1549 3887 et
1606 3834 1748 3886 istud

170 3944 390 3999 quoque
422 3932 700 3983 toleretur.
727 3926 931 3981 Tamen
968 3942 1033 3981 ne
1072 3939 1274 3981 nostra:
1312 3928 1435 3995 ipsi,
1470 3926 1614 3996 quod
1641 3940 1745 3979 non

172 4023 320 4087 licet,
363 4021 557 4075 mortis
612 4029 864 4074 auctores
923 4019 1115 4083 simus,
1145 4020 1490 4072 cursabimus
1541 4019 1750 4071 mendi-

171 4115 351 4169 cando
401 4113 608 4167 circum
658 4110 1095 4165 Christianorum
1153 4112 1315 4174 ostia,
1359 4112 1557 4165 misera
1594 4111 1749 4178 panis

174 4209 346 4261 frusta
375 4206 773 4275 conquirentes.
819 4203 883 4256 Et
935 4218 1076 4257 nunc
1116 4202 1286 4256 lurida
1353 4203 1748 4267 mendicabula,

172 4300 309 4353 eheu
341 4300 355 4350 l
382 4297 510 4351 olim
550 4296 755 4350 alumni
812 4295 1091 4358 Ecclesiae,
1144 4292 1423 4348 sordidum
1459 4297 1662 4349 victum
1696 4297 1747 4348 in

1846 3283 2040 3350 quibus
2068 3283 2282 3334 velatur
2316 3298 2381 3333 ne
2416 3298 2443 3334 a
2491 3285 2664 3336 servis
2721 3299 2887 3352 opera
2920 3300 3084 3353 supra
3123 3288 3265 3342 vires
3318 3293 3433 3343 exi-

1849 3384 2025 3443 gatur,
2050 3375 2529 3443 autcnjuscunque
2582 3379 2744 3430 sortis
2775 3381 3039 3447 mancipia
3097 3384 3433 3437 contendere

1848 3479 2109 3534 cogantur
2142 3465 2281 3518 ultra
2311 3482 2472 3531 quam
2511 3468 2712 3521 valent.
2764 3469 2896 3532 Quae
2932 3482 3115 3524 autem
3152 3474 3270 3527 ista:
3302 3484 3433 3529 sunt

1848 3574 1983 3627 quas
2039 3559 2239 3623 allegas
2284 3556 2703 3626 justitlcationes
2738 3557 2856 3624 Dei,
2901 3561 3103 3629 quibus
3134 3564 3347 3618 scilicet
3377 3579 3434 3619 ut

1848 3656 2211 3722 obtemperes,
2251 3667 2277 3703 a
2322 3654 2477 3705 nobis
2533 3653 2705 3719 exigis
2752 3661 2810 3707 ιιι
2858 3662 3066 3707 stemus
3119 3656 3171 3709 in
3203 3658 3432 3711 ecclesia

1851 3741 2039 3803 erecti,
2077 3741 2401 3797 inunobilcs.
2428 3742 2597 3793 instar
2630 3741 2895 3793 columna:
2946 3742 3132 3806 deﬁxi,
3171 3744 3308 3798 nihil
3350 3748 3434 3799 bi-

1850 3843 2061 3885 scentes
2085 3833 2151 3885 ad
2185 3847 2280 3884 nos
2306 3833 2561 3894 invicem,
2586 3834 2934 3900 quantumvis
2961 3850 3158 3904 urgens
3176 3836 3428 3904 cuiquam

1852 3923 2103 3978 inciderit
2148 3924 2455 3977 necessitas
2492 3926 2775 3977 verbnlum
2818 3926 2967 3977 socio
3001 3925 3432 3980 insusurrant“?

1855 4019 2045 4074 Utrum
2077 4028 2130 4073 et
2167 4020 2267 4072 hoc
2302 4019 2481 4072 decuit
2524 4030 2573 4072 te
2630 4020 2791 4072 nobis
2829 4018 3139 4088 iujuugere,
3172 4022 3434 4075 domine?

1850 4110 1905 4163 Si
1931 4111 2139 4179 legibus
2170 4112 2561 4164 monachorum
2601 4113 2771 4165 teneri
2828 4126 2927 4167 nos
2952 4128 3166 4182 :equum
3201 4130 3422 4175 censes,

1852 4203 1923 4256 sit
1961 4203 2031 4254 ita
2083 4218 2254 4266 sane;
2303 4204 2643 4256 celebremus
2684 4218 2813 4273 ergo
2850 4219 2959 4273 quo
3004 4206 3077 4256 illi
3116 4206 3219 4258 ritu
3257 4208 3429 4260 eccleo

1854 4294 2107 4346 siasticas
2146 4293 2379 4359 vigilias.
2418 4291 2515 4346 Ubi
2553 4294 2729 4362 primo
2759 4296 2998 4348 diluculo
3032 4296 3147 4349 dies
3198 4300 3431 4365 emperit

173 4392 330 4445 ostiis
350 4388 791 4443 Christianorum
818 4387 1065 4454 precario
1088 4386 1382 4455 impetrare
1407 4389 1746 4461 conabimur,
1783 4388 1825 4441 ο
1853 4385 2148 4446 albescere,
2200 4398 2228 4435 a
2294 4384 2463 4438 choro
2521 4385 2893 4452 dimittamur;
2956 4389 3249 4454 neminem,
3296 4390 3424 4443 dum

175 4481 347 4535 hianti
404 4479 767 4533 lamentantes
796 4492 889 4530 ore
923 4492 1194 4530 summam
1234 4476 1603 4530 infelicitatem
1654 4494 1748 4530 no—

174 4583 365 4625 stram.
396 4566 629 4622 Oramus
674 4577 850 4621 autem
899 4579 955 4619 ut
1000 4567 1051 4618 in
1083 4580 1147 4621 eo
1199 4567 1390 4620 saltem
1438 4568 1747 4620 miserrimo

176 4672 321 4717 statu
359 4676 545 4729 pacem
580 4676 646 4715 ex
676 4669 729 4714 te
771 4660 1070 4713 habeamus
1102 4660 1468 4727 quiescentes,
1501 4674 1599 4713 nec
1640 4663 1742 4712 tuis

178 4753 493 4807 infestentur
519 4752 735 4813 litteris,
765 4753 817 4803 in
848 4752 1123 4803 cumulum
1154 4761 1231 4802 tot
1263 4750 1517 4811 aliarum,
1544 4748 1743 4818 quibus

176 4843 557 4913 Opprimimur,
602 4839 772 4911 648
822 4839 1165 4909 iujuriarum.
1209 4840 1281 4893 De
1315 4850 1514 4893 caatero
1542 4841 1746 4893 servie-

180 4951 299 4989 mus
331 4949 427 4987 nos
471 4932 687 5001 quidem
723 4939 983 4999 quantum
1038 4929 1337 4996 poterimus
1372 4948 1385 4983 :
1441 4930 1744 4983 mercedem

179 5038 307 5078 vero
337 5032 580 5076 nostram
610 5019 956 5081 conﬁdimus,
986 5020 1029 5071 si
1060 5019 1201 5072 Deus
1230 5019 1483 5082 voluerit,
1519 5036 1614 5073 nos
1641 5036 1744 5071 non

181 5117 499 5177 amissuros,
531 5111 741 5166 etiamsi
793 5119 845 5164 tu
875 5109 1145 5165 calamum
1183 5112 1479 5163 contritum
1508 5110 1746 5163 confrin-

182 5224 306 5279 gere
361 5221 470 5261 non
513 5204 807 5269 cuncteris,
853 5214 906 5258 et
939 5204 1041 5256 isto
1076 5208 1176 5257 hoc
1234 5203 1351 5270 ipso
1401 5206 1748 5256 :erurnnosis-

182 5304 320 5355 simo
372 5309 619 5366 tempore
666 5298 913 5366 asperior
959 5295 1115 5348 nobis
1159 5296 1254 5347 sis.
1308 5295 1473 5365 Atqui
1527 5312 1628 5349 non
1672 5298 1751 5349 sic

180 5390 464 5463 Oportebat
512 5405 673 5458 agere
728 5387 1000 5441 hominem
1036 5387 1128 5467 (Lui
1178 5387 1325 5440 credi
1364 5389 1554 5455 dignus
1606 5398 1753 5440 esset

184 5501 211 5539 a
240 5486 382 5539 bono
413 5494 469 5538 et
500 5483 779 5536 hominum
806 5491 1022 5533 amante
1056 5479 1353 5534 instinctus
1385 5481 1599 5547 spiritu.
1628 5478 1752 5532 llaec

184 5593 281 5633 uos
307 5590 519 5631 summa
552 5575 599 5628 vi
630 5573 806 5628 adacti
839 5573 1095 5637 diximus,
1132 5588 1322 5641 nempe
1348 5580 1405 5625 ut
1439 5572 1664 5626 Romani
1698 5583 1752 5625 et

184 5674 235 5725 in
264 5669 485 5723 Christo
515 5666 691 5731 liberi,
728 5678 827 5719 nec
866 5663 1181 5734 cujusquam
1235 5665 1527 5719 obnoxiam
1563 5679 1749 5733 respe-

185 5764 287 5819 ctui
321 5760 633 5815 libertatem
669 5756 985 5813 enuntiandi
1035 5772 1154 5828 qua:
1187 5758 1453 5813 sentimus
1508 5758 1752 5814 retinen-

1857 4489 2044 4542 preces
2072 4484 2365 4528 nocturnas
2386 4477 2715 4543 peragimus,
2741 4476 2983 4531 sinamus
3003 4490 3346 4531 externorum
3374 4481 3427 4531 in

1857 4568 2112 4635 templum
2137 4566 2367 4635 ingredi.
2390 4565 2547 4620 Nunc
2576 4568 2728 4620 nobis
2753 4584 2780 4620 a
2807 4581 2964 4621 nocte
2990 4572 3160 4621 media
3178 4573 3243 4622 ait
3266 4573 3429 4623 nteri-

1854 4656 1996 4711 diem
2020 4661 2270 4713 standum
2299 4669 2402 4723 est,
2427 4660 2656 4727 objectis
2678 4661 2851 4713 oculis
2871 4664 3049 4729 populi
3078 4665 3129 4715 in
3156 4678 3426 4715 concunu

1856 4746 2214 4804 multitudinis
2254 4753 2444 4805 excita:
2472 4752 2955 4803 tintiunalmlornm
2984 4768 3137 4805 sono.
3165 4753 3267 4806 Ner
3305 4770 3432 4806 vero

1852 4842 1997 4911 quod
2041 4852 2188 4896 tanto
2219 4844 2471 4895 continuo
2504 4846 2682 4913 spatio
2714 4844 2764 4896 in
2789 4845 3018 4898 ecclesia
3046 4845 3127 4906 lit,
3148 4850 3323 4897 oratio
3346 4862 3432 4897 so-

1854 4932 1963 4985 lum
1983 4941 2085 4986 est.
2110 4932 2245 4985 Sunt
2269 4934 2410 4986 vices
2433 4933 2541 4986 illic
2560 4931 2881 4987 oﬂiciorum.
2899 4934 3226 5002 Estqttando
3249 4937 3432 4987 motiu-

1855 5024 2268 5076 latecantantur
2289 5025 2532 5091 qumdam
2554 5042 2569 5089 ;
2590 5036 2670 5078 est
2688 5040 2809 5078 cum
2847 5026 3048 5093 aliquid
3102 5026 3431 5079 audiendum

1859 5118 2278 5181 pronuntiatura
2307 5120 2508 5169 teetore
2532 5132 2546 5180 ;
2572 5127 2655 5172 est
2681 5116 2912 5184 denique
2938 5116 3161 5169 sedendi
3195 5126 3427 5185 tempus;

1855 5206 2021 5278 649
2066 5219 2144 5259 est
2179 5218 2234 5261 et
2280 5208 2481 5261 inserta
2516 5208 2625 5262 illic
2662 5210 2996 5262 contentioni
3048 5210 3293 5278 quaedam
3346 5225 3431 5263 re-

1862 5301 2067 5362 missio,
2132 5314 2222 5367 per
2273 5315 2432 5367 quam
2494 5300 2812 5353 conceditur
2864 5300 2971 5353 dici
3025 5302 3224 5369 agique
3286 5302 3431 5369 quod

1861 5406 2096 5458 praesens
2129 5392 2265 5444 forte
2290 5406 2415 5443 usus
2445 5394 2773 5459 poposcerit.
2819 5392 2939 5444 Non
2967 5392 3112 5444 enim
3170 5406 3268 5446 nos
3294 5393 3434 5447 alios

1861 5498 1888 5535 a
1943 5483 2096 5536 nobis
2159 5483 2436 5535 ministros
2494 5498 2675 5536 rerum
2729 5482 3079 5537 familiarium
3146 5483 3431 5550 habentne,

1860 5588 2091 5641 quorum
2145 5589 2333 5642 opera,
2386 5572 2476 5626 ubi
2536 5575 2706 5626 choro
2752 5572 3170 5632 excesserimus,
3216 5588 3434 5626 ineusas

1859 5670 2154 5720 instructas
2192 5666 2336 5719 domi
2389 5666 2744 5733 reperiamus.
2802 5664 2991 5733 Itaque
3048 5664 3362 5718 subsecivas
3399 5680 3431 5719 θ

1860 5757 2162 5815 ministerio
2214 5766 2322 5810 tam
2382 5757 2538 5826 longo
2595 5756 2888 5825 particulas
2932 5754 3113 5827 ,λιιιπὶ
3173 5758 3435 5826 temporis
