4194 6444
278 449 386 513 713

1193 446 1290 507 DE
1328 445 1765 508 ANDRONICO
1802 444 2261 508 PAI..‘E01.0GO
2302 450 2440 507 LIB.
2490 448 2595 509 VII

3408 450 3510 515 7H

272 561 733 632 παραλυπήσεων.
770 560 934 631 Ἡμῖν
962 561 1018 615 δὲ
1041 561 1206 625 πόνος
1229 563 1403 625 ἄλλως
1434 563 1512 623 εις
1539 559 1691 622 τέλος
1716 556 1841 618 τοὺς
1872 560 1915 613 Α
1946 557 2149 617 οἴκαδε,
2189 561 2266 618 ὡς
2296 562 2351 613 δὲ
2381 562 2581 629 ἔλεγον,
2616 565 2683 631 ἐς)
2742 560 2783 629 ιέι
2822 564 3213 627 προσϐάλλοιεν
3258 569 3427 635 Ἀθῳ,
3458 576 3507 624 εξ

271 652 681 716 καταλύσαντες
717 652 817 721 τῆς
848 654 1090 723 ἱστορίας
1135 653 1348 721 λόγους.
1399 652 1545 720 Πλὴν
1590 650 1705 704 ἀλλ’
1751 649 1840 700 εὑ-

270 745 487 815 χόμεθα
509 746 669 798 πάλιν
690 748 784 798 xa‘t
814 746 877 797 τὰ
900 746 1159 815 βελτίονα.
1194 746 1304 799 Καὶ
1329 747 1377 799 εἰ
1399 744 1531 807 Θεὸς
1558 741 1832 813 βραϐεύει,

269 837 372 889 οὐκ
405 836 472 889 ἂν
521 837 619 904 τὴν
654 838 811 904 χεῖρα
850 836 1115 905 ἑφέξομεν
1159 836 1254 888 τοῦ
1303 837 1377 905 μὴ
1433 835 1725 905 προθύμως
1768 834 1835 886 τὰ

268 930 372 996 τῆς
388 929 809 997 ἰπανακλὴσεως
826 929 1054 981 καθόσον
1072 927 1412 996 εὐποροῦμεν
1429 925 1832 978 συντάττεσθαι.

271 1021 458 1073 Δεινδν
507 1021 611 1088 γὰρ
660 1021 708 1071 εἰ
763 1020 1046 1089 συμφορὰς
1098 1020 1194 1087 μὲν
1242 1020 1559 1087 ὑπέστημεν
1605 1019 1834 1087 γράφειν

268 1110 476 1171 ταύτας
516 1111 721 1172 κοινὰς,
777 1109 863 1179 ίΡ.
908 1108 1036 1178 454]
1077 1108 1256 1170 δεινὰς
1288 1109 1346 1161 δὲ
1377 1108 1579 1174 καὶτῷ
1622 1108 1835 1177 κόσμῳ,

267 1202 453 1262 δεινὰς
483 1201 540 1253 δὲ
574 1202 663 1254 καὶ
689 1203 842 1269 ἡμῖν,
876 1198 1323 1269 ἁποναρκοίημεν
1355 1198 1413 1251 δὲ
1444 1199 1490 1250 ει
1515 1198 1647 1260 Θεὸς
1664 1198 1831 1267 διδοίη

268 1294 340 1344 τὰ
376 1293 539 1358 καλὰ,
571 1294 663 1346 καὶ
693 1292 867 1345 ταῦτα
898 1290 991 1344 τοῦ
1018 1290 1283 1359 βασιλέως
1319 1292 1426 1343 ἀπὸ
1459 1290 1558 1359 τῆς
1592 1291 1670 1351 εἰς
1704 1289 1834 1341 θεὸν

271 1384 541 1453 μεγίστης
592 1383 803 1445 ἐλπίδος
865 1383 959 1435 καὶ
1019 1382 1254 1443 πίστεως
1307 1383 1710 1452 προσδοκῶντος
1765 1383 1833 1435 τὰ

269 1474 541 1544 βελτίονα,
592 1474 722 1542 μηδὲ
760 1472 925 1525 αὑτοῦ
957 1471 1017 1525 τὸ
1064 1474 1321 1542 παράπαν
1366 1474 1831 1537 ὲπινυστάζοντος,

265 1566 388 1617 ἀλλ’
413 1564 491 1625 ὡς
510 1565 734 1616 δυνατὸν
766 1565 1203 1632 ἁντιμαχομένου
1232 1564 1365 1632 πρὸς
1385 1566 1453 1617 τὰ
1482 1565 1831 1634 παγχάλεπα.

266 1658 384 1711 Νῦν
412 1659 473 1711 δὲ
506 1659 761 1721 ἐπιεικῶς
816 1661 1149 1729 φημίζονται
1202 1663 1295 1713 καὶ
1347 1662 1414 1713 τὰ
1472 1661 1700 1729 β;λτῐω,
1739 1662 1834 1714 καὶ

266 1749 424 1802 ἐνθεν
455 1751 551 1819 μὲν
575 1751 651 1812 ὡς
684 1752 849 1817 ιγγὺς
875 1753 1196 1820 τρισμύριοι
1227 1753 1459 1820 Τόχαροι
1488 1754 1833 1821 πεμφθέντες

269 1842 424 1909 παρά
454 1841 549 1893 τοῦ
586 1842 930 1912 Χαρμπαντᾶ
956 1843 1224 1912 μεγάλην,
1270 1844 1360 1896 καὶ
1403 1843 1478 1905 ὡς
1507 1844 1606 1895 οὐκ
1636 1844 1829 1913 ἧλπισὲ

264 1949 351 1993 τις
384 1932 685 2002 ἀναστολὴν
735 1933 1064 2000 ἐργάζεσθαι
1112 1936 1372 2003 ἄρχονται
1428 1934 1533 1986 τῶν
1583 1935 1830 2003 Περσῶν,

262 2022 409 2076 ὥστε
438 2024 535 2075 καὶ
566 2025 664 2077 ὅσα
697 2024 933 2094 φρούρια
967 2024 1256 2094 Ῥωμαίων
1291 2025 1603 2078 ἑαλώκεσαν
1642 2028 1834 2093 πρότε-

265 2132 383 2180 ρον,
425 2116 531 2166 ἀνὰ
563 2114 618 2166 δὲ
646 2118 714 2167 τὰ
751 2115 923 2184 ὀχυρᾶ
946 2114 1039 2167 τοῦ
1079 2116 1353 2182 Ὀλύμπου
1396 2116 1830 2186 παραδυσθῆναι.

276 2206 374 2256 Ἐκ
402 2205 602 2267 δύσεως
624 2205 680 2257 δὲ
707 2206 1075 2276 Ἀμογάϐαροι
1100 2207 1328 2274 ἀερέντες
1356 2206 1391 2259 ἂ
1435 2210 1709 2276 κατεῖχον,
1745 2209 1836 2258 τὸν

265 2295 523 2364 ποταμὸν
557 2296 766 2366 περῶσι
800 2296 1113 2367 Μαρίτζαν,
1168 2300 1221 2359 ἐς
1263 2298 1291 2349 ὁ
1338 2299 1495 2349 τάκεῖ
1540 2299 1835 2359 διελθόντες

263 2390 670 2456 ἀπαλλαγεῖεν,
706 2391 781 2453 ὡς
819 2392 883 2445 ἄν
939 2410 995 2444 τε
1054 2392 1149 2445 καὶ
1181 2392 1448 2455 δύναιντο,
1500 2394 1590 2443 καὶ
1632 2393 1702 2454 ὡς
1738 2392 1833 2461 μὲν

265 2589 432 2641 quam
469 2574 808 2628 scribendam
859 2588 1291 2641 susceperamus,
1327 2575 1377 2627 in
1410 2576 1567 2628 tinem
1601 2577 1835 2627 destina-

268 2677 383 2717 tum
444 2664 730 2731 aliquando
776 2666 1049 2733 perducta.
1087 2666 1309 2730 Verum,
1356 2666 1618 2735 siquidem
1654 2670 1837 2719 :H‘Clﬂ-

266 2756 410 2808 cturi
467 2771 567 2808 nos
616 2756 749 2809 alias
809 2758 873 2809 ad
920 2771 1099 2809 rerum
1146 2773 1421 2825 gestarum
1466 2760 1831 2812 narrationem

266 2858 482 2905 sumus,
539 2853 807 2912 optamus,
856 2854 911 2898 et
957 2859 986 2897 a
1041 2846 1221 2898 divina
1272 2847 1619 2913 benignitate,
1670 2847 1827 2917 65],

268 2949 378 2986 non
414 2936 767 3001 desperantes
813 2936 924 2989 fieri
953 2940 1059 2989 votl
1106 2945 1407 3004 compotes,
1436 2936 1666 3003 petimus
1701 2954 1832 3006 sug-

268 3025 384 3092 geri
419 3024 575 3078 nobis
601 3024 816 3081 felicius
842 3041 905 3080 ac
936 3028 1126 3081 saltem
1161 3029 1341 3082 minus
1371 3028 1698 3091 luctuosum,
1729 3029 1831 3081 hoe

268 3119 415 3183 quod
449 3117 709 3171 hactenus
734 3117 944 3185 obtigit,
980 3118 1293 3186 scriptionis
1323 3128 1721 3188 argumentum.
1767 3118 1832 3171 Et

1939 648 2073 707 τέως
2104 649 2287 711 αὐτοῖς
2306 652 2577 719 ἀναιμωτὶ
2610 655 2710 716 τὰς
2733 656 2788 706 ὲν
2812 654 2887 723 τῷ
2919 658 3122 723 μεταξὺ
3154 662 3511 731 κλεισωρεὶας

1938 738 2166 790 διελθεῖν
2215 741 2443 809 γένοιτο.
2493 744 2653 795 Ἀλλὰ
2696 745 2868 797 ταῦτα
2906 750 3003 814 μὲν
3040 751 3107 801 τὰ
3137 751 3236 819 τῆς
3278 755 3504 822 φήμης·

1940 832 2135 881 ἐκεῖνοι
2180 830 2234 882 δὲ
2267 833 2572 902 ἀπάραντες
2610 836 2717 886 ἀπὸ
2762 839 2858 904 τῆς
2908 840 3090 900 Αἴνου,
3144 844 3507 915 Ῥομοφόρτος

1943 921 2040 969 σὺν
2079 921 2184 979 τοῖς
2220 919 2502 989 Τούριιοις.
2534 926 2911 997 Μπυριγέριος
2937 934 3031 983 σὺν
3050 934 3295 1005 Φαρένεᾳ
3328 938 3504 1006 Τζιμῇ

1941 1010 2030 1059 καὶ
2063 1010 2241 1074 Γίδας,
2294 1013 2489 1081 ἔχθραν
2517 1016 2573 1068 δὲ
2609 1020 2743 1086 πρὸς
2791 1020 3059 1088 ἀλλήλους
3112 1026 3352 1092 ἔχοντες,
3392 1031 3507 1081 αἰεὶ·

1937 1101 2077 1154 οὕτω
2110 1102 2207 1170 μιν
2242 1104 2566 1167 ἀπελθόντες
2607 1112 2954 1178 κατήντησαν
2996 1116 3071 1173 εἰς
3104 1118 3505 1189 Κασάνδρειαν,

1938 1194 2097 1244 κάκεῖ
2136 1194 2268 1260 πρὸς
2303 1194 2569 1264 ἀλλήλους
2608 1198 3033 1268 διετεχνάξοντο.
3082 1206 3142 1258 Ὀ
3171 1211 3280 1276 γὰρ
3314 1209 3510 1280 Ῥοροη

1937 1283 2130 1351 φόρτος
2163 1285 2259 1338 σὺν
2290 1289 2402 1347 τοῖς
2436 1290 2564 1356 περὶ
2598 1291 2761 1343 αὐτὸν
2791 1294 3058 1363 Τούριιοις
3108 1298 3409 1367 ἐχθραίνων
3440 1298 3509 1371 ἦν

1935 1376 2331 1444 Μπυριγέριον,
2358 1380 2606 1448 Φαρὲντα
2649 1384 2864 1453 Τζιμῆν
2907 1390 2999 1439 καὶ
3035 1389 3227 1454 Γίδαν,
3262 1397 3508 1447 κακεῖνοι

1937 1464 2253 1534 σύμπαντες
2302 1469 2499 1539 τούτῳ.
2537 1471 2595 1523 '0
2642 1473 2697 1525 δὲ
2751 1475 3139 1545 Ῥομοφόρτος,
3197 1483 3377 1546 συνεὶς
3410 1485 3508 1554 τὴν

1935 1557 2250 1627 ἐπιϐουλὴν,
2280 1561 2522 1630 ἐνέδραις
2552 1565 2652 1633 τὴν
2690 1567 2873 1636 μάχην
2906 1572 3245 1637 ἐπίστευσεν,
3289 1577 3382 1627 καὶ
3414 1580 3510 1629 πό-

1935 1648 2096 1717 λεμον
2128 1651 2476 1718 προσαράξας
2508 1655 2648 1707 κατὰ
2683 1657 2881 1724 κράτος
2903 1662 3047 1731 νικᾷ,
3079 1662 3155 1726 ὡς
3189 1668 3374 1717 πεσεῖν
3408 1668 3507 1735 μὲν

1935 1737 2329 1806 Μπυριγέριον,
2386 1741 2477 1793 τὸν
2530 1743 2586 1795 δέ
2637 1761 2698 1809 γε
2746 1748 2992 1816 Φαρέντα
3027 1751 3237 1815 ἀκλεῶς
3275 1756 3501 1816 ἁλῶναι,

1936 1824 2033 1880 εἶτ’
2064 1826 2220 1891 αὖθις
2249 1832 2584 1902 ἀπολυθῆναι
2621 1838 2772 1907 παρὰ
2801 1840 2893 1891 τοῦ
2931 1841 3322 1913 Ῥομοφόρτου.
3358 1849 3417 1899 ὐ
3450 1851 3504 1901 δὲ

1936 1921 2179 1988 Φαρέντα
2232 1922 2444 1992 Τζιμῆς
2485 1927 2755 1994 ἀπογνοὺς
2810 1934 2923 1994 τοῖς
2972 1934 3135 1999 ὅλοις,
3186 1937 3371 2004 ὥσπερ
3421 1958 3504 2003 τις

1937 2011 2212 2081 πλανήτης
2252 2015 2347 2066 καὶ
2378 2018 2722 2085 αἰχμάλωτος
2754 2024 3045 2091 αὐτομολεῖ
3092 2023 3166 2094 τῷ
3196 2029 3503 2098 δομεσῖίκῳ

1938 2105 2071 2172 πρὸς
2114 2103 2405 2159 Ξάνθειανο
2462 2110 2489 2160 ὃ
2522 2113 2612 2163 καὶ
2645 2113 2797 2180 μόλις
2846 2118 3083 2182 γνωσθὲν
3118 2120 3499 2188 περισώζεται.

1937 2198 1999 2247 Ol
2043 2198 2223 2264 μέντοι
2277 2215 2337 2265 γε
2391 2202 2539 2270 παρὰ
2589 2205 2716 2267 τοὺς
2765 2208 2821 2259 ἐν
2849 2208 2927 2277 τῷ
2962 2210 3181 2280 πολέμῳ
3235 2213 3503 2276 πεσόντας

1938 2289 2271 2355 προσέπεσον
2317 2291 2687 2363 Ῥομοφὸρτῳ.
2725 2298 2819 2350 καὶ
2862 2299 3004 2352 οὕτω
3038 2304 3172 2370 πρὸς
3208 2303 3503 2358 Θετταλίαν

1938 2376 2166 2444 ἀπῆρεν.
2206 2378 2366 2431 Ἀλλὰ
2402 2382 2573 2434 ταῦτα
2610 2385 2728 2450 μὲν,
2762 2386 2860 2454 ὅση
2901 2388 3019 2458 Θεῷ
3049 2391 3223 2457 φίλον,
3255 2394 3497 2459 ἀγέσθω.

1938 2561 2009 2609 il:i
2067 2563 2296 2628 perculsi
2352 2579 2455 2615 nou
2509 2565 2684 2619 solum
2748 2582 2807 2622 se
2864 2572 3216 2624 continebant
3263 2588 3290 2625 a
3346 2576 3500 2629 ttuvis

1936 2654 2389 2710 incursationibus
2442 2667 2497 2711 ct
2532 2662 3025 2727 oppugnationibus
3065 2668 3357 2729 tentandis,
3405 2670 3497 2719 εει-Ι

1935 2752 1987 2795 et
2038 2745 2203 2796 multa
2256 2746 2369 2799 luca
2410 2749 2557 2814 prius
2591 2750 2797 2813 invasa,
2832 2762 2885 2805 et
2914 2765 3175 2822 quotquot
3213 2774 3363 2811 arces
3394 2759 3499 2811 ιι..-

1937 2849 2214 2887 manorum
2251 2845 2379 2890 ante
2412 2852 2824 2907 occupaverant,
2861 2845 3060 2910 passim
3096 2846 3494 2914 relinquebant,

1935 2940 2053 2978 svse
2102 2925 2241 2979 intra
2273 2924 2487 2997 Olympi
2545 2931 2745 2984 montis
2799 2932 3077 2989 inaccessa
3116 2945 3324 3004 tesqua.
3380 2950 3499 2990 artu

1936 3019 2183 3081 transitu,
2222 3028 2273 3070 et
2305 3023 2587 3088 prrruptis
2639 3023 2761 3075 hinc
2807 3025 2929 3076 inde
2979 3028 3182 3081 tnuuita
3240 3032 3487 3097 rupibus.

1936 3110 2313 3163 recondentes.
2383 3110 2459 3163 Ex
2523 3110 2752 3165 OCCitlll'd
2780 3129 2905 3169 vero
2937 3118 3245 3174 continente
3268 3123 3498 3193 Amogzi-

269 3210 597 3275 sperabalur
644 3208 746 3262 hoc
785 3210 1016 3263 articulo
1058 3225 1236 3263 rerum
1269 3211 1511 3280 qugdnm
1545 3212 1597 3263 in
1639 3210 1830 3263 melius
1856 3206 1904 3269 ϐ
1937 3200 2053 3252 bari
2092 3201 2497 3265 nuntiabantur,
2540 3204 2778 3259 dimissis
2828 3222 2947 3274 qua:
2995 3211 3272 3273 tenebant,
3309 3212 3496 3268 Marit-

270 3300 630 3353 eommutatio
678 3301 908 3368 publica:
966 3301 1211 3355 fortunae.
1244 3302 1371 3367 Qua!
1422 3303 1468 3355 si
1522 3302 1827 3370 contigerit,

267 3392 415 3445 haud
446 3393 787 3447 retraltsmns
824 3409 1063 3458 manum,
1107 3403 1353 3464 prompte
1377 3395 1656 3448 occursuri
1688 3394 1830 3448 desi-

264 3482 432 3536 deriis
469 3484 833 3537 remeantium
860 3484 924 3537 ad
958 3485 1295 3554 provinciam
1351 3485 1519 3540 semel
1556 3495 1829 3555 utcunque

263 3584 475 3640 gestam
520 3576 931 3627 commendandi
980 3576 1252 3629 memoria,
1285 3593 1381 3644 pro
1416 3578 1631 3629 modulo
1664 3576 1829 3629 facul-

263 3666 399 3719 tatis
435 3674 654 3729 nostrze,
698 3682 816 3734 quae
864 3666 1154 3721 viderimus
1193 3668 1411 3721 evenire
1448 3682 1553 3720 non
1608 3666 1824 3734 indigna

262 3756 460 3808 notitia
526 3769 890 3824 posterorum.
930 3758 1198 3813 llliberale
1248 3758 1443 3828 quippe
1487 3773 1586 3812 nec
1630 3772 1825 3813 conse-

260 3863 439 3916 quens
489 3850 653 3903 fuerit
700 3864 817 3913 nos,
850 3860 1131 3919 postquam
1186 3850 1328 3903 ultro
1360 3850 1826 3904 ttcdiumdevora-

263 3938 509 3990 verimus
558 3937 907 4005 consignandi
957 3937 1322 3991 monumentis
1354 3936 1439 3989 illa
1474 3945 1552 3989 tot
1581 3936 1823 4003 exposita

261 4026 423 4079 libris
455 4025 625 4083 hisce.
664 4028 864 4079 mundo
896 4028 1113 4089 acerba,
1154 4025 1396 4079 Romano
1450 4027 1674 4093 imperio
1728 4024 1823 4078 fu-

261 4127 453 4180 nesta,
519 4116 635 4170 urbi
684 4118 808 4170 huic
863 4127 1062 4171 nostra:
1119 4128 1174 4170 et
1224 4117 1483 4171 Ecclesiae
1547 4118 1823 4180 luctuosa,

257 4209 602 4278 prosperiora
640 4208 853 4268 deinde,
883 4209 1099 4277 quando
1123 4210 1507 4269 successerint,
1550 4208 1692 4262 nolle
1729 4223 1825 4261 uec

258 4302 523 4353 inritatos
582 4300 870 4368 attingere.
904 4298 1095 4352 Vertat
1156 4300 1335 4363 modo,
1400 4299 1487 4369 qui
1538 4298 1691 4352 facile
1731 4312 1826 4365 po-

254 4402 389 4457 ιιει,
441 4407 659 4447 scenam
698 4393 837 4446 hanc
894 4391 1136 4455 feralem,
1197 4401 1252 4444 et
1290 4392 1642 4445 conversione
1696 4400 1826 4444 rotae

257 4485 489 4537 meliora
548 4484 690 4537 Deus
722 4483 933 4537 tandem
986 4483 1251 4552 propitius
1282 4484 1506 4536 reducat
1540 4492 1818 4550 tempora:

256 4577 403 4629 haud
446 4583 769 4627 cunctantes
802 4588 1154 4628 occurremus
1202 4574 1266 4627 ad
1306 4572 1479 4626 fausta
1518 4570 1820 4641 posteritati

254 4669 600 4731 nuntianda;
658 4667 897 4735 qualium
948 4682 1052 4719 non
1110 4681 1323 4735 semper
1355 4666 1663 4719 defuturam
1699 4666 1822 4718 huic

252 4774 373 4813 :evo
422 4759 632 4825 copiam
668 4759 794 4812 licet
826 4756 1080 4827 augurari
1115 4773 1179 4811 ex
1217 4757 1582 4826 perseveranti
1616 4771 1709 4826 spe
1762 4770 1824 4809 ac

255 4850 363 4902 lide
434 4848 745 4915 longanima
799 4849 1161 4915 imperatoris,
1217 4850 1369 4916 cujus
1422 4848 1563 4899 haud
1620 4846 1825 4899 fractus

253 4939 505 4993 adversis
555 4941 773 4993 animus
826 4950 878 4993 et
922 4939 1150 4993 fidenter
1199 4949 1485 5005 exspectat
1527 4946 1823 4989 commuta-

254 5034 460 5084 tionem
514 5032 678 5083 sortis
728 5031 978 5098 publicse,
1007 5038 1061 5084 et
1089 5031 1135 5082 ei
1173 5046 1270 5098 pro
1296 5029 1436 5081 virili
1474 5029 1823 5096 procuranda:

250 5121 474 5175 sedulus
529 5122 755 5184 insistit,
811 5135 1077 5190 nusquam
1136 5119 1490 5177 indurmieus,
1546 5120 1639 5170 sed
1713 5126 1821 5168 toto

249 5222 455 5267 conatu
482 5227 755 5278 generosa:
787 5213 1007 5265 virtutis
1043 5212 1259 5265 infestis
1300 5219 1487 5263 contra
1518 5207 1818 5277 ingruenti-

251 5306 355 5357 bus
387 5303 675 5356 obluctanti
703 5304 946 5355 casibus.
976 5304 1121 5355 Sane
1171 5304 1271 5354 boe
1303 5311 1545 5365 tempore
1576 5300 1819 5365 quaedam

250 5410 350 5461 pro
396 5394 619 5446 tristitia
684 5395 1078 5461 praeteritorum
1133 5395 1265 5445 satis
1317 5390 1431 5443 laeta
1482 5389 1822 5443 sermonibus

250 5484 690 5537 celebrabantur.
748 5481 879 5535 Nam
935 5483 1062 5536 hinc
1092 5485 1306 5549 quidem
1339 5482 1557 5549 triginta
1602 5481 1822 5533 circiter

249 5576 421 5630 millia
478 5573 851 5627 Tocltarorum
911 5591 937 5625 ει
975 5572 1409 5639 Cltannpantane
1449 5576 1500 5625 in
1555 5574 1815 5625 auxilium

250 5668 570 5735 imperatori
605 5669 769 5720 missa
796 5668 952 5736 plane
981 5682 1251 5736 magnam,
1277 5668 1438 5719 etiam
1469 5680 1629 5731 supra
1657 5681 1816 5733 quant

249 5760 464 5828 sperari
517 5760 887 5813 verisimiliter
940 5768 1208 5827 potuerat,
1260 5758 1438 5812 Persis
1494 5773 1588 5824 per
1634 5758 1815 5809 Asiam

252 5850 631 5922 grassantibus
662 5849 861 5903 inferre
898 5850 1308 5918 trepidationem
1343 5858 1652 5917 cameram;
1710 5863 1814 5917 qua

570 5947 840 6004 PaTuUL.
878 5946 991 6001 ιὶιι.
1029 5943 1128 6004 ΟΧ
1148 5944 1213 6002 LI
1232 5945 1270 6003 Υ
1289 5991 1303 6004 .

1934 3304 2051 3343 lam
2106 3290 2327 3346 ﬂuvium
2382 3295 2648 3362 trajicere,
2705 3298 2885 3350 animo
2929 3314 3024 3367 per
3070 3301 3353 3357 ulteriores
3418 3308 3493 3360 illi

1934 3381 2076 3434 amni
2112 3382 2361 3451 regiones
2396 3384 2699 3449 recedendi,
2735 3401 2894 3454 quam
2947 3390 3211 3443 citissime
3248 3404 3489 3461 possent,

1933 3471 1986 3524 in
2041 3473 2244 3539 patrias
2278 3472 2534 3539 ipsorum,
2566 3483 2622 3526 ut
2665 3474 2885 3542 quidem
2922 3477 3270 3543 audiebatur,
3303 3490 3357 3533 nt
3399 3497 3495 3533 au-

1930 3572 2036 3617 tem
2081 3565 2177 3632 ipsi
2225 3563 2494 3627 dicebant,
2523 3566 2793 3632 proposito
2824 3566 3106 3621 invadendi
3137 3574 3319 3624 urbem
3352 3572 3493 3625 Atho

1930 3653 2090 3706 sitam
2156 3654 2206 3705 in
2268 3661 2448 3707 monte
2493 3653 2812 3721 cognomine
2848 3653 3191 3719 Macedonim,
3225 3660 3267 3709 si
3311 3669 3489 3710 tamen

1930 3744 2062 3813 ipsis
2122 3745 2402 3796 incruente
2459 3754 2746 3812 penetrare
2784 3744 2946 3814 652
2996 3749 3338 3816 contingeret
3395 3764 3492 3801 an-

1928 3835 2134 3903 gustias
2166 3835 2397 3888 faucium
2431 3850 2525 3904 per
2546 3835 2822 3902 quasilluc
2851 3838 3216 3892 necessarium
3247 3850 3331 3893 est
3359 3842 3487 3895 iter.

1927 3926 2004 3977 Ac
2058 3925 2181 3978 talia
2220 3925 2435 3991 quidem
2502 3924 2639 3976 fama
2704 3923 3033 3979 ferebantur.
3084 3927 3346 3981 Cmterum
3412 3930 3489 3982 illi

1930 4016 2091 4067 nmtis
2129 4016 2194 4066 ab
2248 4012 2389 4067 ιΕιιο
2438 4014 2658 4077 castris,
2716 4013 3065 4067 Romolurtus
3109 4033 3230 4069 eum
3273 4018 3488 4083 Turcis,

1928 4103 2280 4174 Mpyrigerius
2332 4120 2454 4156 cum
2504 4103 2786 4157 Pltarenda
2839 4105 3047 4164 Tzime,
3090 4116 3143 4157 et
3176 4105 3361 4171 Gidas,
3408 4110 3493 4161 in-

1928 4195 2064 4248 fensi
2122 4194 2247 4247 licet
2296 4192 2562 4256 invicem,
2615 4193 2816 4258 junctis
2878 4196 3231 4249 nihilominus
3292 4200 3487 4265 copiis,

1930 4285 2199 4339 communi
2243 4286 2498 4338 comitatu
2530 4283 2928 4338 Cassandream
2966 4298 3351 4353 pervenerunt.
3387 4288 3487 4343 Ubi

1927 4378 2291 4439 considentes,
2322 4391 2418 4443 pro
2446 4389 2510 4429 eo
2533 4391 2643 4446 quo
2681 4377 2819 4429 clam
2856 4376 2907 4429 in
2948 4392 3069 4430 sese
3113 4388 3298 4432 mutuo
3332 4383 3491 4432 arde-

1927 4466 2058 4518 bant
2100 4467 2247 4528 odio,
2325 4465 2673 4518 intenderunt
2730 4468 2943 4518 animos
3006 4466 3383 4521 machinandis
3437 4472 3487 4521 in

1929 4559 2027 4611 sibi
2058 4568 2337 4626 suspectos
2362 4559 2522 4620 dolis,
2557 4558 2735 4624 quoad
2780 4559 2829 4610 in
2872 4559 2978 4610 vim
3033 4570 3279 4626 apertam
3326 4561 3493 4613 disci-

1929 4652 2077 4705 dium
2132 4652 2333 4720 ernpit,
2387 4651 2697 4705 commissis
2734 4650 2906 4717 palam
2958 4649 3303 4706 factionibus.
3355 4651 3489 4707 Nam

1930 4744 2284 4797 Rutnofortus
2333 4760 2454 4795 cum
2500 4744 2611 4795 suis
2640 4741 2834 4794 Turcis
2884 4742 3016 4795 iram
3066 4744 3345 4805 hostilenr,
3392 4760 3489 4799 nec

1926 4838 2097 4903 ipsam
2132 4838 2266 4889 bene
2305 4835 2721 4897 dissimulatam,
2754 4836 3022 4903 coquebat
3060 4836 3317 4888 adversus
3345 4836 3491 4906 Μυγ-

1928 4927 2208 4994 rigerium,
2261 4924 2625 4987 Pliarendatn,
2668 4924 2908 4978 Tzimrm
2946 4935 2999 4976 ct
3045 4923 3268 4987 Gidam;
3328 4926 3491 4992 hique

1925 5018 2163 5070 vicissim
2200 5012 2341 5066 haud
2371 5014 2502 5067 satis
2552 5015 2804 5082 tegebant
2832 5015 3159 5067 voluntatem
3202 5013 3490 5069 Bomofor-

1927 5120 2039 5161 tum
2100 5108 2309 5160 insidiis
2350 5106 2780 5159 circumventum
2817 5105 3181 5174 opprimendi.
3214 5106 3366 5171 Quod
3401 5108 3487 5160 ltie

1925 5203 2246 5270 intelligens,
2294 5201 2425 5253 alea:
2454 5198 2641 5252 Martis
2689 5214 2839 5267 spem
2870 5199 3096 5251 credere
3133 5207 3295 5266 atque
3339 5200 3488 5252 anci-

1924 5295 2018 5362 piti
2093 5292 2410 5345 discrimine
2475 5294 2724 5344 lraudunt
2788 5292 3123 5343 occultarum
3182 5290 3486 5343 invadendu

1923 5390 2096 5455 palam
2183 5387 2367 5453 praelio
2430 5385 2595 5437 semel
2670 5382 2886 5451 defungi
2950 5384 3104 5434 duxit
3156 5384 3482 5436 consultius.

1922 5478 2073 5543 Quod
2110 5485 2161 5529 et
2196 5476 2268 5528 illi
2302 5488 2331 5527 e
2361 5473 2594 5527 sententi
2619 5472 2960 5525 asuccessit:
2994 5472 3205 5538 plenam
3236 5472 3381 5524 enim
3419 5474 3484 5525 de

1920 5568 2264 5629 adversariis,
2302 5567 2351 5618 iu
2402 5580 2493 5617 eos
2531 5565 2764 5626 irruens,
2796 5562 3075 5616 victoriam
3117 5561 3323 5625 retulit,
3351 5562 3485 5615 adea

1921 5672 1974 5713 ut
2010 5659 2363 5727 Mpyrigerius
2406 5656 2624 5723 quidem
2673 5672 2735 5710 ea
2783 5671 2960 5724 pugna
3008 5654 3289 5716 ceciderit,
3341 5654 3484 5709 Plia-

1922 5753 2083 5803 reuda
2140 5762 2266 5801 vero
2313 5745 2526 5799 Tzimes
2576 5746 2804 5814 primum
2851 5745 3207 5813 ignominiosa
3262 5753 3477 5811 captus,

1920 5852 2033 5911 post
2062 5858 2089 5894 a
2130 5834 2447 5892 llomoforto
2481 5834 2615 5890 liber
2650 5836 2927 5901 dimissus,
2956 5837 3245 5899 desperata
3269 5846 3477 5885 summa

3083 5930 3158 5986 23
