4194 6444
222 417 327 482 ῙῙῚ

1598 409 1936 472 GLOSSAR
1952 413 2090 472 115M

3380 418 3487 486 713

218 532 496 590 vocabulo
554 526 948 583 transmarinas
1012 540 1205 581 omnes
1271 529 1499 596 tiumpa:
1554 530 1803 581 nationes
1836 529 1879 586 Α
1910 544 2133 597 Ilsurpni
2165 540 2355 581 unctor
2388 530 2439 580 in
2485 544 2699 581 nutum
2753 532 2820 582 ,ιέι
2860 530 3130 600 licsyrlio
3172 531 3483 593 observata.

218 621 785 692 comprehendebant.
822 618 1146 672 Eustathius
1180 635 1400 688 quoque
1427 619 1492 672 ad
1543 619 1736 689 Odyss.
1774 637 1802 669 τ

219 717 327 772 sub
374 716 591 769 initium
632 715 878 779 εἈγγον
932 714 1071 782 (lege
1110 712 1353 781 Ἀγγων)
1390 707 1529 775 εἶδος
1576 712 1803 781 δόρατος

220 808 537 878 Φραγγικοῦ
566 805 688 858 οὔτε
721 805 841 857 λίαν
884 803 1108 875 μικροῦ,
1140 806 1332 872 φασὶν,
1380 804 1505 856 οὒτε
1540 804 1799 871 μεγάλου,

218 892 281 950 οἱ
302 898 367 950 τὸ
397 897 651 949 πλεῖστον
687 896 892 968 σιδήρῳ
927 896 1264 964 περιέχεται,
1294 897 1355 947 οὐ
1398 896 1538 948 κατὰ
1566 898 1625 947 τὺ
1656 896 1803 962 παρὰ

221 990 541 1056 Λυκόφρονι
578 987 843 1056 σξγυμνον
870 1004 883 1017 ·
912 988 1091 1039 ἐκεῖνο
1121 987 1230 1056 γὰρ
1257 988 1586 1057 ὁλοσίδηρον.
1614 990 1802 1060 Angon

216 1084 418 1152 species
448 1085 611 1136 hasta
644 1080 920 1136 Francius
940 1099 1105 1151 neque
1139 1084 1296 1136 nimis
1321 1099 1520 1151 parva,
1548 1094 1604 1138 ut
1626 1086 1802 1148 aiunt,

220 1190 388 1241 neque
421 1191 663 1243 magum;
710 1190 827 1244 qua:
862 1176 971 1243 [ere
1001 1182 1112 1227 tota
1140 1174 1282 1243 ferro
1317 1178 1798 1245 comprehenditur,

217 1269 275 1322 in
320 1268 416 1320 hoc
462 1268 730 1321 dissimilis
762 1279 1054 1322 memorato
1097 1268 1241 1337 apud
1292 1268 1682 1339 Lycopltronem
1737 1273 1801 1323 sit

218 1364 417 1433 ﬁymuo
442 1378 461 1414 :
492 1363 586 1415 hoc
610 1364 748 1415 enim
772 1362 933 1414 telum
970 1372 1046 1415 est
1088 1370 1254 1415 totum
1280 1363 1531 1431 ferreum.
1568 1362 1796 1417 Videtur

219 1461 418 1505 auctor
451 1452 809 1522 Etymologici
836 1453 1150 1509 existimare
1182 1470 1383 1511 nomen
1413 1455 1515 1509 hoc
1544 1456 1612 1508 ab
1636 1458 1797 1510 ἀκον-

216 1545 394 1607 τίζειν
452 1546 702 1605 ductum,
757 1554 816 1598 ut
861 1546 1121 1614 quoniam
1173 1548 1481 1601 istiusmodi
1525 1550 1631 1617 pila
1690 1564 1798 1602 non

218 1636 370 1705 longi
426 1636 707 1690 manubrii
765 1651 872 1691 non
910 1636 1073 1691 modo
1112 1653 1275 1691 manu
1309 1654 1505 1707 quassa
1554 1639 1801 1693 vibrata-

214 1741 323 1793 que
379 1727 590 1779 hostem
641 1725 895 1779 cominus
928 1725 1211 1779 admotum
1265 1727 1538 1790 foderent,
1592 1731 1686 1783 sed
1746 1737 1794 1782 et

216 1818 390 1872 habili
426 1819 692 1872 brevitate
732 1819 797 1871 ad
842 1820 1232 1888 jaculationem
1292 1830 1417 1888 apta
1471 1823 1691 1876 eminus
1740 1823 1792 1875 in

1907 620 2036 671 dum
2068 622 2308 689 ἁδηρίτῳ
2350 638 2448 688 pro
2490 622 2809 690 synonymis
2837 623 3056 690 copulat
3083 623 3316 694 ἄμαχον,
3351 626 3489 677 ἀκα-

1906 712 2245 781 ταμαχητον,
2286 715 2561 776 invictum,
2621 715 2974 769 ineluctabile.
3024 716 3205 782 Quare
3254 716 3486 772 verbum

1906 801 2177 869 διὶιρερον,
2218 804 2363 873 quod
2401 820 2520 856 mox
2568 805 2846 868 subditur,
2885 805 3097 858 nullum
3146 822 3341 860 eorum
3372 807 3487 860 ele—

1906 899 2152 965 gantium
2180 899 2586 969 signiﬁcatuum
2633 900 2720 953 hic
2745 902 2982 961 obtinet,
3017 899 3222 969 quibus
3257 901 3487 973 insigni-

1909 998 1999 1042 tur
2053 989 2107 1041 in
2162 990 2444 1059 plerisque
2501 991 2840 1045 disertorum
2892 1006 3124 1060 operum
3173 991 3353 1057 libris,
3388 994 3486 1049 sed

1906 1081 2233 1149 simpliciter
2270 1090 2429 1136 sonat
2459 1080 2719 1149 ferebant.

1990 1173 2289 1237 'AUarat'.
2328 1190 2378 1241 p.
2434 1174 2537 1227 496
2609 1174 2808 1227 ’ἶοῦτην
2870 1174 3123 1242 βασιλεὺς
3168 1175 3286 1241 μετ’
3324 1177 3487 1242 εὐμε-

1906 1262 2053 1323 νείας
2099 1264 2313 1331 δέχεται
2363 1269 2457 1316 καὶ
2502 1266 2767 1332 ἀλλαγαῖς
2813 1267 3043 1333 ἀγάλλει
3102 1267 3159 1322 Ρ.
3202 1284 3331 1321 vero
3360 1268 3482 1333 498,

1906 1356 1973 1408 de
2036 1355 2365 1426 Mpvrigcrio
2430 1358 2507 1411 sic
2556 1359 2748 1412 scribit
2803 1378 2814 1411 :

1909 1453 2131 1517 συχναῖς

2873 1360 2978 1411 Καὶ
3030 1361 3319 1414 ὲκυδιοῦτο
3366 1364 3484 1423 ταῖς

2211 1450 2497 1521 ἀλλαγαῖς.
2563 1452 2868 1521 Hesychius
2945 1452 3192 1522 ἀλλαγὴν
3259 1456 3486 1522 exponit

1905 1540 2161 1609 ἀμοιϐὴν.
2209 1542 2302 1595 sed
2341 1557 2460 1595 eam
2503 1543 2815 1609 generalem
2851 1542 3136 1596 notionem
3188 1543 3275 1598 his
3308 1544 3481 1596 nostri

1904 1631 2039 1685 locis
2068 1632 2213 1684 haud
2256 1632 2530 1701 quadrare
2560 1647 2720 1686 nemo
2751 1648 2859 1686 non
2894 1632 3062 1685 videt.
3092 1632 3264 1687 Multo
3302 1632 3486 1686 minus

1902 1733 2193 1775 contentus
2230 1723 2499 1791 quispiam
2549 1740 2671 1777 esse
2729 1724 2901 1792 possit
2945 1739 3008 1777 ca
3063 1740 3228 1791 quam
3277 1723 3484 1777 Eusta-

1905 1814 2054 1868 thius
2100 1816 2469 1882 παρεκόολαίς
2516 1816 2581 1869 ad
2625 1815 2776 1869 Iliad.
2842 1832 2889 1875 ε,
2927 1832 2979 1880 p.
3031 1816 3127 1868 531
3187 1815 3277 1867 ed.
3316 1815 3475 1868 Rom.

216 1920 467 1966 remotos
510 1912 880 1973 mitterentur.
943 1912 1192 1977 ἄγγωνες
1243 1912 1387 1967 dicta
1450 1915 1581 1967 sint.
1618 1916 1795 1970 Verba

1900 1916 2128 1959 annotat
2168 1906 2253 1960 his
2285 1907 2467 1961 verbis
2499 1923 2513 1960 :
2554 1908 2619 1959 Δί
2648 1908 2706 1961 δὲ
2740 1909 2973 1976 ἱστορίαι
3007 1908 3281 1975 σταθμοὺς
3304 1908 3481 1960 οἴδασι

215 2004 335 2072 ejus
365 2003 655 2071 scriptoris
690 2003 803 2056 hzec
830 2010 960 2056 sunt
994 2019 1006 2054 :
1040 2004 1324 2071 Ἀγγωνες
1345 2006 1570 2073 δοράτια
1592 2008 1651 2059 οὐ
1679 2008 1797 2062 λίαν

217 2098 453 2163 σμικρὰ,
469 2094 763 2166 εδδ-ἀλλ’
781 2094 901 2146 οὐδὲ
919 2096 1273 2163 μεγάλα.ἀλλ’
1288 2097 1410 2149 ὅσον
1424 2098 1797 2163 ἀκοντίζεσθαι

214 2187 354 2237 ὅπου
377 2187 583 2253 δεήσοι.
612 2184 719 2239 Sed
751 2200 973 2247 vanum,
1006 2187 1226 2256 opinor,
1256 2190 1325 2243 sit
1356 2204 1603 2258 quaerere
1631 2191 1798 2261 origi-

215 2296 343 2335 nem
374 2280 627 2334 vocabuli
660 2279 907 2333 Francici
944 2280 998 2334 in
1026 2280 1211 2351 lingua
1238 2280 1446 2335 Grteca.

300 2370 642 2438 Ἀγρὼτιδες
709 2386 765 2440 p.
826 2371 946 2426 £69.
1003 2371 1171 2425 Casas
1236 2374 1471 2427 rusticas
1525 2390 1588 2428 ac
1640 2383 1800 2446 tugu-

214 2465 298 2519 ria
327 2466 519 2520 aestiva
546 2479 851 2519 messorum
883 2464 1196 2534 manipulos
1221 2465 1275 2519 in
1307 2467 1452 2520 areis
1478 2470 1797 2531 terentium,

215 2557 444 2625 opinor,
475 2555 765 2624 intelligit;
800 2569 939 2623 quas
965 2570 993 2608 a
1028 2555 1404 2611 fundamentis
1439 2558 1655 2613 avulsas
1685 2559 1803 2613 elu-

218 2650 332 2713 vie,
367 2662 426 2703 et
481 2648 626 2718 quod
666 2648 781 2702 fere
818 2648 1019 2701 tabulis
1065 2663 1129 2703 ac
1183 2651 1411 2704 materia
1460 2661 1799 2720 constarent,
1842 2672 1851 2679 ί

218 2750 473 2796 torrente
496 2741 757 2809 abreptas
778 2740 1050 2811 significat
1075 2740 1388 2796 innatantes
1410 2743 1588 2810 aquis,
1618 2745 1800 2813 quoad

218 2837 476 2903 impacta:
506 2833 786 2888 mmnibus
837 2833 989 2887 urbis
1039 2832 1197 2887 allisu
1232 2834 1658 2905 dissiparentur.
1698 2837 1798 2916 Agi

215 2937 404 2980 autem
472 2925 820 2994 potissimum
885 2925 953 2979 de
1010 2926 1361 2995 temporariis
1422 2927 1796 2985 tabernaculis

214 3020 430 3073 circum
472 3034 631 3072 areas
676 3018 925 3087 frugibus
954 3018 1141 3087 plenas
1173 3019 1369 3088 positis
1394 3019 1461 3074 ad
1489 3023 1798 3079 custodiam

216 3117 608 3179 congestarum
663 3108 773 3162 illic
830 3108 885 3161 in
940 3109 1112 3163 moles
1162 3108 1421 3163 frumenti
1481 3112 1797 3180 spicarum,

214 3216 358 3269 quas
398 3200 583 3254 excuti
615 3209 670 3253 et
702 3215 769 3254 ex
800 3199 867 3253 iis
905 3215 1135 3269 granum
1170 3202 1407 3263 secerni,
1438 3217 1605 3271 opera
1655 3206 1796 3259 mul-
1820 3238 1863 3295 ε

218 3301 401 3346 torum
430 3293 783 3347 continenter
808 3291 1021 3345 dierum
1052 3291 1295 3346 laborem
1325 3296 1601 3363 exigente,
1635 3311 1796 3365 opor-

214 3384 392 3447 tebat,
454 3386 648 3437 suadet
714 3384 976 3452 temporis
1026 3384 1292 3438 articulus
1330 3386 1434 3440 sub
1484 3396 1790 3443 extremum

212 3481 525 3544 Augustum
584 3485 639 3529 et
683 3475 940 3545 adjuncta
996 3476 1203 3529 mentio
1248 3477 1428 3546 ἔργων
1461 3478 1668 3546 αἰζηῶν
1694 3483 1790 3532 ἀν-

210 3566 379 3633 δρῶν,
410 3582 624 3635 operum
668 3568 915 3630 iuvenum
948 3568 1201 3627 virorum,
1228 3568 1331 3622 hoc
1366 3578 1450 3622 est
1492 3571 1790 3624 valentiqu

212 3676 545 3716 messorum.
584 3660 764 3727 Ἔργα
815 3661 960 3714 enim
1011 3662 1317 3715 universim
1367 3678 1533 3732 opera
1587 3666 1791 3719 rustica

211 3752 363 3806 circa
402 3750 588 3818 fruges
634 3760 922 3811 vocantur,
973 3762 1204 3804 extenso
1244 3752 1408 3805 etiam
1466 3754 1586 3821 ejus
1644 3756 1793 3809 vocis

210 3836 528 3907 signiﬁcatu
559 3835 624 3889 ad
664 3835 880 3890 fructus
916 3838 1061 3906 ipsos
1090 3839 1207 3892 istis
1234 3838 1520 3895 laboribus
1541 3854 1789 3910 paratos;

212 3944 323 3996 quo
354 3941 520 3981 sensu
552 3927 716 3980 etiam
756 3928 901 3995 Psal,
934 3944 1135 3991 cxxvu,
1186 3931 1240 3990 2.
1276 3930 1495 3986 labores
1529 3946 1791 3987 manuum

210 4033 439 4073 suarum
490 4023 820 4071 manducare
859 4020 1130 4081 homines,
1166 4037 1361 4091 nempe
1405 4025 1676 4093 agricolae,
1709 4026 1793 4080 di-

210 4119 437 4163 cuntur.
492 4110 819 4164 Corroborat
851 4122 1032 4165 autem
1065 4112 1458 4182 conjecturam,
1485 4117 1630 4184 quod
1666 4131 1789 4171 mox

212 4203 585 4272 Pachymeres
631 4202 687 4256 in
744 4204 991 4257 membro
1042 4206 1254 4273 periodi
1303 4207 1668 4275 reSpondente
1706 4209 1790 4265 his

214 4296 419 4355 verbis,
472 4294 679 4363 αἰζηῶν
707 4295 919 4362 ἀνδρῶν
948 4294 1107 4362 ἔργα.
1141 4297 1423 4367 sultjungit
1455 4300 1523 4350 τὰ
1558 4298 1603 4352 δ’
1651 4302 1791 4368 ἁφα-

212 4387 460 4447 νίζεσθαι
484 4388 600 4450 ταῖς
630 4386 960 4456 προχώσεσι,
992 4388 1218 4456 disjecta
1248 4397 1304 4443 et
1342 4389 1646 4457 disperdita
1684 4393 1788 4446 ista

209 4494 379 4547 opera
408 4479 599 4532 dicens
632 4494 757 4532 cum
789 4480 1030 4533 molibus
1064 4490 1159 4533 aut
1190 4481 1354 4535 metis
1380 4481 1787 4551 frumentariis,

1903 1998 2085 2065 λέγειν
2112 2001 2202 2049 καὶ
2234 2002 2333 2062 τὰς
2355 2000 2694 2067 ὡρισμένας,
2714 2054 2715 2057 η
2737 2000 2836 2051 εἴτ’
2859 1998 2950 2051 οὖν
2974 2001 3339 2068 τεταγμένας,
3374 2001 3482 2049 ἐνι-

1902 2091 2044 2154 δίιινς
2273 2093 2593 2155 ἀναπαύλας
2628 2095 2736 2154 τοῖς
2774 2091 2887 2143 εἴτε
2939 2091 3199 2143 ἱππεῦσιν
3234 2094 3342 2144 εἴτε
3385 2108 3483 2143 πε-

1903 2182 2209 2253 ζοδρόμοις,
2257 2183 2324 2247 ἃς
2376 2185 2470 2235 καὶ
2510 2184 2751 2250 ἀλλαγὰς
2794 2182 2981 2249 ἔλεγόν
3010 2199 3177 2245 τινες.
3219 2182 3275 2235 lu
3309 2198 3469 2251 quan:

1902 2276 2230 2329 sententiam
2272 2278 2383 2328 duo
2420 2276 2689 2329 Meursius
2726 2276 3041 2330 testimonia
3075 2276 3294 2343 allegat,
3344 2275 3475 2329 alte.

1904 2382 2024 2420 rum
2064 2367 2335 2421 Basilicon
2380 2368 2562 2438 Eclog.
2596 2367 2703 2420 58:
2746 2368 2870 2421 Ἐάν
2897 2385 2979 2429 τις
3012 2368 3308 2439 παρελάσει
3347 2366 3481 2436 μίαν

1902 2459 2034 2527 γοῦν
2059 2459 2325 2529 ἀλλαγὴν,
2359 2459 2418 2511 τὸ
2444 2459 2845 2529 τετραπλάσιον
2869 2458 2968 2528 τῆς
2994 2458 3087 2511 τοῦ
3134 2458 3279 2523 {ibeo
3316 2457 3482 2527 τιμῆς

1900 2549 2112 2613 διδότω,
2137 2549 2373 2603 alterum
2415 2564 2446 2603 e
2471 2548 2667 2618 glossis
2709 2546 3010 2612 veteribus,
3064 2547 3303 2615 σταθμὸς
3338 2546 3479 2610 ζῶον

1901 2640 2163 2710 δρομικὸν
2190 2641 2353 2711 (forte
2383 2640 2679 2711 legendum
2713 2641 2953 2709 σταθμὸς
2986 2638 3143 2702 ζώων
3174 2639 3478 2710 δρομικῶν)

1901 2733 1959 2795 ὃς
2014 2732 2234 2803 λέγεται
2294 2734 2390 2787 νῦν
2445 2733 2681 2804 ἀλλαγὴ.
2726 2733 2928 2787 Verum
2978 2733 3116 2787 nihil
3150 2733 3277 2788 hinc
3313 2732 3481 2787 elicio

1901 2824 2048 2895 quod
2085 2824 2447 2879 declarationi
2474 2824 2710 2877 duorum
2763 2839 2884 2894 qua:
2927 2825 3186 2894 proposui
3228 2825 3476 2879 locorum

1902 2918 2157 2973 subiciat.
2204 2918 2443 2988 Reperio
2499 2916 2740 2983 ἀλλαγὰς
2804 2928 3065 2985 praeterea
3122 2928 3302 2972 vestes
3364 2918 3476 2973 dici

1902 3010 2293 3079 speciosiores,
2351 3016 2584 3063 Ornatus
2626 3008 2811 3077 potius
2868 3007 2922 3061 in
2980 3007 3119 3061 festo
3146 3016 3240 3061 aut
3279 3024 3479 3079 pompa

1902 3118 2065 3171 quam
2101 3100 2451 3157 necessitatis
2488 3108 2583 3154 aut
2617 3114 2751 3154 usus
2787 3098 2966 3153 civilis
2993 3099 3164 3169 gratia
3207 3104 3349 3153 sumi
3384 3115 3475 3155 so.

1902 3194 2046 3247 litas.
2081 3193 2347 3255 Codiuus,
2381 3193 2481 3246 lib.
2504 3191 2580 3245 De
2604 3191 2745 3261 ofﬁc.
2778 3207 2826 3246 c.
2873 3191 2959 3255 10,
2992 3207 3047 3245 n.
3083 3193 3112 3245 7
3145 3210 3157 3245 :
3187 3191 3419 3246 Ἔπειτα
3448 3195 3478 3247 ὁ

1902 3286 2277 3357 πατριάρχης,
2321 3285 2525 3356 μᾶλλον
2559 3285 2616 3338 δὲ
2655 3286 2704 3336 0‘.
2740 3287 3101 3354 πατριάρχαι,
3133 3285 3181 3336 ei
3209 3286 3479 3354 παρόντες

1899 3378 2061 3442 εἰσὶν,
2129 3376 2469 3445 ἰνδεδυμένοι
2522 3377 2621 3438 τὰς
2676 3374 2915 3442 ἀλλαγὰς
2966 3376 3167 3429 αὐτῶν.
3234 3377 3360 3447 Agit
3408 3378 3477 3430 de

1899 3483 2099 3537 pompa
2131 3468 2240 3523 diei
2274 3467 2605 3521 Palmarum.
2660 3467 2851 3521 Vestes
2899 3482 3122 3536 quoque
3156 3467 3476 3536 imperatori

1898 3562 2091 3615 eadem
2123 3560 2472 3614 solemnitate
2508 3560 2755 3623 usitatas,
2795 3576 2849 3613 n.
2892 3561 2945 3621 3,
2994 3573 3286 3614 vocaverat
3316 3561 3479 3613 ἀλλά-

1897 3668 2108 3719 γματα,
2150 3653 2226 3705 uti
2267 3661 2322 3705 et
2350 3668 2405 3705 ιι.
2439 3652 2473 3704 4
2503 3653 2825 3706 vestimenta
2856 3651 2968 3704 τῶν
3003 3652 3285 3720 ἀρχόντων
3326 3654 3477 3721 priu-

1896 3746 2080 3816 cipum
2126 3756 2222 3799 aut
2265 3745 2667 3814 prtecipuorum
2717 3746 3158 3815 magistratuum,
3206 3762 3474 3815 apparere

1894 3836 2221 3893 ca‘remonia
2277 3836 2367 3891 tali
2402 3837 2690 3906 splendido
2726 3836 2911 3891 habitu
2966 3852 3030 3890 ex
3066 3852 3217 3892 more
3266 3837 3474 3892 deben-

1897 3931 2054 3993 tium,
2087 3929 2413 3999 ἀλλάγματα
2459 3932 2664 3999 pariter
2698 3930 2931 3984 dixerat.
2972 3929 3196 3985 Videtur
3222 3930 3339 3987 htec
3376 3948 3474 4001 ap-

1894 4022 2116 4092 pellatio
2164 4022 2411 4078 derivata
2465 4038 2495 4076 e
2530 4024 2701 4076 sacris
2731 4023 2977 4081 Litteris.
3009 4024 3100 4077 ubi
3144 4024 3473 4078 vestimenta

1893 4115 2145 4184 quaedam
2189 4114 2490 4184 insigniora
2522 4124 2837 4184 comparata
2905 4116 3089 4185 potius
3128 4114 3195 4169 ad
3228 4116 3467 4183 speciem

1894 4224 2056 4279 quam
2086 4210 2153 4263 ad
2196 4210 2475 4279 vulgarem
2500 4225 2659 4263 usum
2704 4207 2902 4269 n‘st‘an
2930 4226 2958 4262 a
3000 4209 3170 4263 verbo
3209 4193 3321 4293 ἤδη
3356 4226 3469 4261 mu-

1897 4310 2015 4353 tare
2048 4301 2333 4364 dicuntur,
2382 4299 2447 4354 ιν
2482 4298 2615 4369 Reg.
2671 4316 2723 4362 ν,
2758 4301 2791 4354 5
2828 4311 2882 4355 et
2913 4302 3001 4355 29..
3029 4300 3182 4354 Isaia:
3218 4314 3350 4353 vero
3390 4316 3468 4362 ιιι,

1894 4389 1987 4453 ἳΞ,
2028 4401 2083 4443 et
2114 4390 2391 4443 Zachariae
2428 4390 2560 4443 item
2593 4406 2671 4454 ιιι,
2708 4392 2762 4453 4,
2805 4402 3093 4452 vocantur,
3129 4397 3361 4453 mm,
3400 4390 3467 4442 ad

1896 4500 2016 4552 qua:
2050 4483 2229 4535 omnia
2271 4482 2389 4535 loca
2428 4480 2789 4550 Hieronymus
2819 4483 3106 4534 mutatoria
3147 4481 3469 4549 interpreta-

210 4570 463 4623 struibus
501 4570 751 4623 videlicet
796 4573 1034 4640 aggestis
1070 4574 1475 4641 manipulorum
1514 4576 1681 4630 tritici
1725 4592 1788 4631 ac
1822 4588 1862 4639 ι)
1898 4585 2009 4629 tur.
2062 4574 2285 4627 Duobus
2317 4589 2447 4627 vero
2478 4573 2759 4641 prioribus
2801 4573 2936 4627 locis
2986 4574 3334 4642 septuaginta
3383 4590 3471 4627 sr-

209 4662 432 4730 frugum
489 4674 835 4727 exterarum,
889 4678 1011 4732 quae
1067 4665 1249 4718 solent
1307 4682 1405 4734 per
1439 4676 1681 4721 aestatem
1730 4670 1783 4722 in

209 4754 361 4807 areis
417 4764 655 4807 exstare.
715 4754 882 4809 Favet
937 4757 1024 4809 his
1076 4753 1411 4827 conjecturis
1460 4764 1699 4831 epitome
1731 4765 1783 4818 in

212 4848 361 4900 hunc
392 4847 573 4899 locum
604 4846 885 4907 Vaticana,
913 4863 1076 4917 quam
1110 4851 1235 4903 vide
1273 4854 1554 4907 recitatam
1593 4855 1644 4907 in
1685 4856 1785 4909 hoc

208 4936 483 5007 glossario
512 4935 657 4989 infra
695 4936 861 4989 verbo
906 4938 1236 5007 προχὼσεις.
1268 4942 1422 5004 Quod
1481 4944 1585 4997 huc
1618 4947 1787 5013 pelti-

208 5037 327 5093 net,
358 5026 629 5081 admoneo
661 5028 797 5083 satis
834 5045 1018 5083 rarum
1044 5031 1221 5085 videri
1256 5035 1580 5087 vocabulum
1611 5039 1787 5103 ἀτρώ-

203 5120 353 5182 τιδες
382 5134 509 5173 cum
562 5136 606 5171 ω
636 5120 902 5187 scriptum
938 5138 949 5173 :
984 5137 1108 5175 nam
1140 5124 1301 5192 vulgo
1348 5126 1592 5195 ἀγρότης
1628 5130 1787 5182 rusti-

204 5230 298 5266 cus
323 5213 611 5267 scribitur.
642 5211 749 5267 Sed
781 5212 1013 5267 fortasse
1046 5224 1232 5268 noster
1267 5232 1331 5270 cx
1360 5219 1561 5271 usitato
1591 5221 1784 5275 eadem

204 5305 440 5357 notione
469 5305 640 5356 verbo
673 5303 1003 5372 ἁγροιώτης,
1037 5306 1177 5358 crasi
1206 5308 1464 5374 quadam,
1509 5311 1651 5363 hunc
1686 5326 1786 5364 vo-

205 5411 329 5451 cem
383 5395 744 5460 formaverit;
773 5405 867 5449 aut
916 5400 1082 5450 etiam
1126 5399 1178 5451 in
1226 5409 1406 5453 mente
1444 5402 1701 5457 habuerit
1729 5413 1785 5459 et

203 5489 499 5558 scriptioni
524 5503 659 5550 suae,
685 5498 745 5542 ut
775 5488 1050 5542 interdum
1082 5491 1241 5555 solet,
1281 5493 1575 5547 inseruerit
1602 5496 1780 5550 locum

202 5594 383 5649 poetas
429 5579 735 5649 cujusdam.
798 5580 958 5633 Certe
1024 5582 1138 5636 inec
1196 5593 1413 5646 cuncta,
1478 5588 1780 5653 praesertim

200 5688 339 5728 vero
389 5671 599 5741 αἶζηῶν
652 5672 861 5743 ἀνδρῶν
891 5674 1052 5741 ἔργα,
1106 5676 1305 5744 poetici
1356 5678 1477 5746 styli
1532 5693 1780 5747 saporem

201 5766 439 5820 habent.

272 5859 358 5928 ιι).
387 5857 513 5929 459]
560 5857 874 5926 Ἀὃήριτεν
919 5876 970 5929 p.
1008 5860 1127 5913 132.
1165 5860 1361 5917 Vocem
1413 5861 1668 5929 ἀδήριτον
1697 5862 1781 5915 hic

1892 4668 2076 4721 niores
2130 4666 2540 4734 ἀλλασσομένας
2577 4664 2769 4725 στολὰς
2812 4680 2908 4733 pro
2948 4649 3149 4724 rosum
3183 4665 3417 4719 reddunt
3452 4684 3467 4718 :

1889 4759 2117 4813 Genesis
2157 4774 2286 4810 vero
2340 4774 2463 4819 χιιι,
2510 4758 2579 4811 22
2619 4758 2708 4823 (de
2760 4773 2870 4826 quo
2910 4757 3030 4812 loco
3066 4772 3189 4812 mox
3217 4766 3465 4827 agemus)

1891 4848 2329 4913 ἐξαλλασςούσπξ
2378 4848 2594 4910 στολάς.
2632 4849 2755 4903 Hmc
2808 4864 2907 4902 nos
2947 4859 3168 4903 movent
3212 4860 3270 4903 ut
3308 4851 3467 4903 initio

1889 4941 2189 5010 propositis
2225 4940 2474 4993 historici
2528 4941 2699 4994 nostri
2758 4942 2893 4994 locis
2941 4956 3167 4995 munera
3202 4943 3467 5011 pretiosa-

1890 5049 2011 5085 rum
2062 5033 2293 5087 veslium
2324 5033 2393 5086 ab
2426 5032 2740 5087 Andronico
2777 5033 3114 5087 honorandis
3153 5033 3465 5102 hospitibus

1890 5126 2136 5195 impensa
2173 5125 2281 5179 dici
2324 5125 2565 5192 ἀλλαγὰς
2596 5134 2876 5193 putemus.
2927 5126 3071 5179 Sane
3100 5126 3465 5194 perantiquus

1890 5236 2008 5275 mos
2036 5222 2347 5290 principum
2362 5221 2561 5275 charos
2595 5221 2834 5274 advenas
2858 5219 3118 5273 donativo
3151 5219 3465 5288 splendida-

1890 5327 2011 5367 rmn
2046 5316 2278 5368 chtium
2309 5313 2651 5376 demerendi,
2685 5313 2797 5379 jam
2836 5312 2959 5365 inde
2988 5327 3018 5365 a
3052 5311 3276 5379 Josephi
3305 5310 3467 5382 [Egy-

1890 5412 1984 5470 pto
2015 5404 2289 5472 prmpositi
2346 5403 2688 5472 temporibus
2716 5417 2802 5456 εει
2846 5402 3083 5456 celeber.
3136 5399 3228 5455 Ille
3257 5404 3459 5471 quippe

1889 5497 2010 5551 loco
2072 5496 2234 5549 modo
2282 5505 2585 5549 memorato
2635 5495 2835 5548 Cenes.
2908 5506 3029 5557 xcv,
3088 5494 3179 5555 22,
3242 5493 3372 5547 dum
3405 5510 3464 5548 se

1889 5588 2295 5657 agnoscendum
2356 5586 2620 5641 fratribus
2675 5585 2947 5654 prrehuit,
3007 5583 3231 5654 singulis
3283 5599 3462 5636 eorum

1889 5679 2077 5748 (verba
2118 5687 2248 5731 sunt
2302 5678 2475 5731 sancti
2536 5677 2852 5747 Hieronymi
2911 5677 3153 5745 Vulgum
3200 5676 3462 5742 aucturis)

1889 5772 2118 5841 proferri
2161 5771 2322 5837 jussit
2358 5770 2509 5822 binas
2537 5770 2721 5823 stolas.
2758 5768 3043 5833 Beniamin
3102 5784 3221 5821 t-cro
3247 5768 3459 5835 (utique

1886 5879 2148 5933 germano
2185 5878 2293 5931 prce
2352 5864 2564 5917 caeteris
2612 5860 2837 5929 dilecto)
2892 5860 3032 5912 dedit
3082 5869 3341 5913 trecentos
3373 5874 3459 5910 ar—
