4194 6444
173 427 298 492 725-

1505 432 1861 494 GLOSSARI
1878 437 2006 498 ΠΜ.

3234 431 3343 494 m.

175 541 279 594 hoc
333 540 492 595 istius
526 539 780 596 Historici
825 540 1134 596 testimonio
1191 551 1358 607 recte,
1390 551 1448 596 ut
1499 545 1712 612 Opinor.
1749 561 1784 613 Α
1819 557 2010 600 statem
2042 547 2421 601 vocabulorum
2449 547 2642 616 lingu:
2669 548 2918 616 propriae,
2962 546 3017 600 in
3059 546 3210 613 cujus
3261 546 3333 593 sit

170 633 501 702 colligimus.

243 721 434 775 Restat
465 721 753 776 videndum
783 723 913 792 quid
959 723 1184 778 αὐλαίαν
1220 723 1358 778 idem
1400 735 1573 779 vocet.
1608 727 1711 778 Αὐο

172 813 294 863 hia
325 821 409 864 est
441 813 499 864 τὺ
529 812 624 879 τῆς
653 813 857 881 σκηνῆς
885 815 1311 884 παραπέτασμα,
1346 817 1710 882 prosceninm,

171 902 356 954 velum
381 903 652 971 objectnm
681 905 856 957 oculis
879 914 1244 972 spectatorum
1280 906 1460 960 mimis
1492 922 1710 974 operam

171 994 449 1045 dantium.
483 991 784 1064 Hesychius
815 1003 1007 1063 pra-ter
1045 995 1202 1048 istam
1242 999 1519 1050 notionem
1557 997 1714 1049 aliam

170 1083 341 1134 etiam
378 1083 600 1152 subjicit
633 1086 752 1137 voci
787 1085 944 1144 huic.
987 1084 1116 1137 dum
1157 1086 1349 1138 scribit
1381 1103 1393 1137 :
1427 1085 1631 1138 Αὑλαία
1659 1087 1715 1138 tv

172 1172 237 1220 αὑ
275 1173 310 1238 ᾗ
359 1171 725 1240 διατρίσουσα.
783 1172 1125 1239 Disquiratur
1173 1189 1304 1241 ergo
1349 1173 1480 1241 quid
1513 1175 1581 1227 sit
1614 1174 1715 1226 αὑ-

171 1257 270 1323 λής
313 1260 460 1326 quod
522 1260 842 1314 vocabulum
898 1261 953 1313 in
1009 1263 1171 1330 hujus
1221 1263 1392 1330 ipsius
1446 1263 1716 1317 mentione

172 1348 281 1402 loci
321 1359 587 1419 usurpant
635 1360 692 1404 et
739 1350 996 1412 Zonaras.
1032 1361 1086 1405 et
1121 1350 1317 1406 Suidas
1362 1367 1522 1419 supra
1565 1352 1716 1407 citati

173 1457 200 1494 a
253 1441 421 1494 Petro
483 1440 666 1494 Gillio.
733 1443 1020 1495 Athenaeus
1100 1442 1242 1511 (lib.
1297 1459 1325 1494 v
1376 1447 1722 1509 Δειπνοσοφι-

176 1532 320 1584 enim
364 1547 417 1599 p.
457 1531 556 1586 189
581 1532 668 1585 ed.
701 1532 1022 1599 Commelini
1053 1534 1179 1586 anni
1217 1533 1370 1599 l597)
1402 1533 1470 1585 ad
1503 1547 1718 1586 versum

173 1620 234 1674 At
251 1598 478 1674 ἰωὰ-ιιι
811 1598 820 1615 θ

207 1714 398 1775 Ζηνός
427 1725 545 1764 που
573 1711 769 1776 τοιήδε
797 1712 848 1778 τ’
882 1711 1205 1776 Ὀλυμπίου
1242 1707 1484 1760 ἔνδοθεν
1511 1706 1688 1771 αὐλή.

173 1799 249 1853 sic
280 1801 524 1866 disputat
548 1799 616 1853 de
643 1799 949 1868 signiﬁcatu
983 1800 1130 1852 vocis
1163 1799 1355 1866 hujus:
1397 1798 1513 1850 Ἔτι
1544 1799 1721 1849 τοίνυν

1815 635 2164 688 meditatione
2216 636 2620 690 accuratissime
2674 645 2938 697 versatus,
2980 647 3140 701 quam
3192 643 3335 684 recte

1809 725 1954 778 credi
2001 726 2067 778 de
2119 727 2226 778 ullo
2271 727 2474 782 recenti
2509 719 2674 796 queat
2715 727 3065 788 quantumvis
3095 724 3337 800 diligenti

1809 814 2128 868 litteratore.
2201 815 2333 868 Illud
2390 826 2634 884 potuerat
2679 815 2979 883 elegantius
3036 814 3338 864 illustrator

1814 904 2056 957 Atbeuazi
2088 908 2141 957 in
2179 906 2299 973 ejus
2333 906 2626 973 interprete
2670 905 2908 970 culpare,
2953 901 3096 968 quod
3145 902 3195 952 in
3249 902 3338 951 illo

1812 991 2109 1044 Aristarchi
2142 1007 2298 1045 versu
2343 991 2531 1045 Latine
2563 990 2836 1044 reddendo
2881 987 3199 1041 vocabulum
3236 986 3336 1037 La-

1816 1081 1985 1134 tinum
2039 1084 2228 1133 atrium
2293 1093 2543 1151 tanquam
2595 1080 2782 1134 Graeco
2831 1079 2962 1147 αὐλὴ
2996 1077 3340 1143 ἰσοδυναμοῦν

1814 1171 2151 1225 adhibuerit.
2195 1171 2401 1224 Atrium
2433 1172 2600 1233 enim,
2657 1184 2815 1239 prout
2862 1170 3068 1222 erudite
3115 1167 3340 1220 demon-

1813 1268 1948 1313 strat
1990 1258 2278 1312 Famianus
2331 1258 2620 1311 Nardinius
2666 1260 2722 1311 in
2772 1272 2866 1310 sua
2913 1255 3073 1309 Roma
3102 1256 3342 1321 antiqua.

1813 1345 1850 1398 1.
1885 1361 1967 1410 ιιι,
1999 1361 2050 1400 c.
2101 1345 2186 1405 15.
2240 1345 2395 1414 plane
2442 1343 2767 1400 contrariam
2798 1345 2953 1410 αὐλῇ,
3001 1343 3103 1396 hoc
3144 1350 3249 1404 est.
3287 1353 3343 1394 ut

1815 1436 2068 1497 vidimus,
2107 1438 2227 1489 loco
2251 1436 2496 1505 ὑπαίθρῳ
2527 1445 2580 1490 et
2611 1436 2729 1489 sine
2759 1448 3039 1488 murorum
3096 1433 3346 1487 obicibus

1816 1526 2103 1594 perﬂabili,
2139 1528 2414 1580 notionem
2459 1527 2600 1596 apud
2634 1526 2854 1581 Latinos
2907 1534 3119 1582 veteres
3159 1526 3348 1579 babuit

1814 1615 2126 1685 signiﬁcans
2160 1617 2416 1670 nimirum
2445 1624 2653 1685 partem
2700 1614 2896 1668 adium
2945 1615 3169 1668 structis
3202 1615 3348 1668 omni

1814 1720 1880 1758 ex
1915 1713 2063 1772 parte
2110 1705 2369 1759 lateribus
2419 1719 2700 1758 murorum
2740 1713 2796 1758 et
2840 1703 3080 1771 laqueari
3111 1717 3348 1770 superno

1821 1794 2076 1862 Imposito
2129 1803 2446 1862 protectum.
2495 1792 2648 1848 Unde
2697 1792 2969 1848 Ausonius
3016 1790 3070 1844 in
3129 1791 3348 1843 Mosella

173 1891 281 1942 οὐδ’
313 1891 346 1954 ἡ
377 1889 515 1955 αὐλὴ
557 1889 814 1958 ἁρμόττιι
869 1890 958 1941 int
1013 1890 1110 1941 τοῦ
1160 1890 1332 1942 οἰκον.
1375 1890 1434 1939 '0
1473 1888 1576 1955 γὰρ
1606 1888 1718 1940 Bia.
1753 1871 1829 1933 ΒΑ

1705 1917 1718 1929 .
1753 1871 1792 1926 Β
1821 1882 2049 1950 laqueati
2081 1883 2396 1950 adjunctum
2437 1884 2574 1936 atrio
2614 1891 2800 1952 aptat;
2845 1893 2900 1937 et
2933 1882 3194 1951 Apuleius
3249 1883 3350 1936 de-

174 1977 473 2044 msdpsw;
500 1979 660 2041 τόπος
699 1978 834 2045 αὐλὴ
868 1978 1100 2045 “rem.
1134 1978 1296 2050 θαι
1330 1977 1588 2030 Praterea
1624 1994 1720 2030 vos:

173 2068 312 2136 αὐλὴ
340 2068 534 2121 adibus
557 2085 658 2121 non
683 2070 917 2137 congruit
946 2085 963 2122 :
991 2078 1199 2137 apertus
1216 2073 1348 2122 enim
1379 2071 1723 2136 perﬂatusqae

176 2160 322 2212 locus
352 2159 488 2226 αὐλὴ
520 2160 730 2211 dicitur.
767 2159 928 2211 Notat
953 2161 1095 2212 hunc
1118 2161 1293 2212 locum
1323 2157 1725 2211 animadversor

176 2250 452 2310 Atbenzi.
483 2264 736 2311 censura.
780 2251 834 2316 ni
866 2249 1044 2309 lallor.
1091 2264 1280 2317 parum
1314 2249 1488 2316 digna
1528 2256 1725 2299 cetero

175 2344 297 2409 ejus
326 2341 580 2395 acumine
617 2340 830 2394 critico.
869 2340 956 2394 Sic
989 2339 1199 2402 scribit.
1234 2355 1283 2392 c.
1329 2339 1382 2400 3.
1422 2339 1459 2394 ι.
1494 2355 1521 2388 ν
1559 2357 1570 2391 :
1603 2340 1726 2390 Ila'c

179 2433 460 2484 Athacus
501 2446 517 2483 :
553 2432 641 2484 sed
666 2447 821 2497 quam
853 2432 950 2484 ista
1004 2432 1134 2482 leuia
1153 2431 1195 2482 .’.
1219 2469 1233 2484 .
1263 2470 1277 2483 .
1309 2431 1430 2498 quid
1459 2430 1594 2481 enim
1638 2443 1722 2481 tte-

179 2530 258 2572 tat
287 2537 385 2588 per
409 2520 577 2588 αὐλὴν
599 2530 646 2573 et
668 2521 926 2587 palatium
958 2521 1283 2590 intelligere?
1304 2519 1369 2573 Et
1395 2519 1553 2588 paulo
1569 2527 1722 2589 post:

183 2610 227 2663 Ε
270 2612 542 2664 contrario
582 2611 905 2679 afﬁrmamus
961 2627 1050 2664 nos
1106 2610 1219 2670 Διὸς
1249 2610 1416 2676 αὐλὴν
1449 2609 1728 2662 Homerum

183 2699 486 2768 sppeUasse
517 2699 654 2752 locis
689 2699 969 2767 palatium.
1015 2697 1098 2752 Sic
1135 2700 1269 2750 enim
1318 2699 1458 2763 loqui
1485 2701 1725 2752 observa-

180 2805 296 2842 ιιι.
350 2790 768 2856 antiquissimum
828 2797 1053 2857 pectunt,
1128 2787 1211 2858 [Ρ.
1268 2787 1391 2859 465]
1433 2795 1480 2840 et
1514 2790 1730 2857 quodin

182 2879 370 2945 primis
416 2880 487 2931 ad
533 2895 638 2930 rem
673 2880 816 2945 facit,
866 2893 1126 2930 summurn
1168 2876 1378 2930 Homeri
1416 2879 1728 2930 imitatorem

182 2964 512 3035 ﬁscltylunt.
573 2967 722 3036 cujus
779 2975 849 3018 est
905 2965 1038 3018 illud
1078 2967 1132 3019 in
1183 2965 1481 3020 Prometheo
1509 2969 1728 3020 uincto:

101 3083 108 3092 -
183 3057 297 3108 ὅσοι
328 3058 426 3123 τὴν
453 3057 570 3114 Διὸς
592 3055 758 3123 αὐλὴν
781 3054 1038 3122 οἰχ-ρεῦσι.
1068 3055 1340 3109 Hactenus
1357 3055 1732 3118 Casaubonus,

1823 1971 2110 2026 scribendo
2152 1973 2350 2026 atrium
2399 1973 2556 2041 regia:
2585 1973 2840 2042 Psyches,
2892 1988 3094 2026 summa
3132 1973 3250 2041 ejus
3276 1973 3353 2023 la-

1822 2060 2035 2127 quearia
2058 2062 2186 2113 citro
2223 2072 2269 2113 et
2301 2062 2448 2114 ebore
2470 2060 2629 2132 065
2649 2063 2846 2115 curiose
2872 2073 3057 2115 cavata
3095 2061 3350 2114 sustineri

1823 2149 1896 2199 ait
1930 2151 2102 2201 aureis
2136 2151 2408 2202 columnis.
2447 2151 2548 2204 Sed
2589 2163 2642 2204 et
2695 2166 2824 2205 usus
2865 2150 3008 2220 apud
3035 2160 3241 2204 veteres
3273 2161 3350 2203 at-

1825 2239 2014 2292 tributi
2046 2241 2184 2291 atrio
2211 2249 2413 2295 tectum
2444 2241 2576 2295 illud
2605 2241 2770 2295 fuisse
2817 2242 3209 2314 demonstrant.
3243 2241 3355 2295 Illic

1822 2329 1966 2382 enim
2001 2345 2065 2381 ex
2095 2329 2288 2394 l‘liuio,
2324 2331 2362 2385 Ι.
2395 2345 2552 2392 suv.
2582 2345 2629 2384 c.
2670 2331 2726 2394 2.
2762 2330 2982 2400 Polybio
3020 2331 3054 2383 Ι.
3093 2344 3166 2392 vi,
3195 2329 3354 2383 Juve-

1825 2408 2093 2475 nale’Sat.
2125 2423 2158 2474 8
2195 2433 2249 2475 et
2290 2422 2434 2483 aliis.
2470 2421 2730 2492 imagines
2762 2422 3023 2491 majorum
3066 2421 3356 2475 servaban-

1828 2520 1936 2573 tur,
1984 2527 2117 2580 quas
2170 2512 2223 2565 in
2267 2512 2386 2566 loco
2422 2513 2566 2568 aeris
2599 2511 2809 2582 injuriis
2847 2512 3095 2580 exposito
3137 2526 3242 2565 non
3274 2522 3358 2564 est

1825 2602 2097 2655 versitnile
2146 2602 2377 2670 relinqui
2425 2602 2629 2657 solitas.
2683 2602 2761 2657 Es
2792 2601 2981 2656 Servio
3019 2601 3086 2654 ad
3123 2603 3356 2667 primum

1827 2691 2085 2747 Aineidos
2123 2693 2176 2744 in
2215 2693 2368 2746 atriis
2409 2693 2744 2770 minabatur,
2785 2692 2852 2745 ad
2885 2691 3027 2760 quod
3059 2690 3357 2744 subdivalis

1828 2781 2000 2846 locus,
2034 2793 2197 2837 noctu
2273 2784 2593 2853 prasertim.
2625 2782 2843 2850 ineptus
2888 2790 2990 2835 est.
3042 2777 3245 2833 Ibidem
3292 2792 3358 2831 es

1828 2873 2020 2928 eodem
2057 2874 2247 2927 Servio
2287 2874 2354 2929 ad
2399 2871 2465 2927 χι
2511 2871 2765 2927 £ueidos
2815 2882 3038 2927 senatus
3085 2866 3359 2924 interdum

1831 2963 2148 3018 habebatur.
2181 2963 2279 3026 lbi,
2317 2972 2375 3018 ut
2399 2965 2556 3017 docet
2583 2963 2900 3032 Corrippns,
2931 2964 2968 3015 Ι.
3016 2978 3076 3016 ιιι
3130 2962 3203 3014 De
3246 2959 3362 3012 lau-

1831 3058 1975 3110 dibus
2002 3055 2193 3109 Justini
2229 3053 2467 3116 Minoris.
2506 3055 2664 3122 legati
2686 3055 2923 3123 gentium
2950 3064 3258 3107 exterarum
3294 3051 3363 3104 ab

185 3159 355 3213 quem
399 3159 530 3198 sane
579 3145 747 3199 miror
792 3144 846 3198 id
898 3145 1074 3214 ipsum
1107 3161 1205 3214 pro
1248 3155 1567 3214 argumento
1603 3145 1732 3198 alle-
1757 3177 1801 3239 ϐ
1835 3146 2252 3215 imperatoribus
2275 3144 2718 3198 admittebantur.
2746 3136 2864 3228 illic
2891 3144 3152 3210 denique.
3190 3151 3247 3195 ut
3295 3157 3361 3196 es

185 3252 318 3307 [are
350 3234 498 3303 quod
529 3236 648 3304 ejus
670 3251 889 3290 causam
929 3235 1090 3288 unice
1117 3237 1346 3304 jugulat.
1378 3235 1526 3288 Itane
1570 3235 1734 3287 vero?
1763 3230 1801 3239 “
1832 3233 2085 3289 concordi
2121 3231 2428 3288 testimonio
2471 3231 2946 3300 erangelistarum,
2981 3230 3159 3294 llarei,
3185 3230 3362 3292 Luca.

182 3341 248 3380 ex
285 3339 358 3380 eo
384 3326 528 3395 quod
559 3326 825 3379 Homerus
856 3336 912 3378 et
952 3323 1238 3393 A'Jsehylus
1272 3326 1386 3386 Διὸς
1423 3324 1591 3392 αὐλὴν
1622 3339 1732 3377 nte-

185 3427 427 3478 morent,
484 3418 731 3485 sequitur
779 3430 877 3469 eos
929 3415 1089 3468 aliam
1160 3414 1278 3468 Jovi
1347 3415 1732 3468 habitationem

185 3509 494 3576 assignasse
530 3523 688 3576 quam
736 3506 957 3575 qualem
1005 3505 1173 3572 αὐλῆς
1213 3507 1474 3559 vocabulo
1505 3504 1734 3573 osprimi

186 3587 813 3657 contendit‘Atltenasus.
834 3597 1091 3650 intectam
1116 3607 1167 3649 et
1205 3611 1332 3648 aura
1369 3595 1739 3663 perﬂabilem?

188 3688 323 3756 quin
373 3688 555 3756 potius
598 3700 665 3740 ex
715 3687 885 3748 lovis,
936 3683 1028 3753 qiti
1081 3684 1274 3740 [Ether
1317 3688 1428 3753 ipse
1462 3695 1542 3738 est
1583 3687 1736 3754 juvta

189 3777 322 3831 Illud
355 3776 514 3830 Ennii
544 3779 714 3844 aspice
758 3782 850 3828 hoc
892 3775 1107 3828 sublime
1151 3775 1376 3830 candens
1416 3791 1565 3843 quem
1591 3777 1734 3827 inuo-

190 3880 314 3925 ceut
364 3885 539 3921 omnes
570 3867 786 3930 Iov-ent;
835 3882 899 3920 ex
946 3867 1094 3920 Jovis
1137 3867 1354 3934 inquam
1389 3877 1580 3919 natura
1611 3880 1737 3933 pru-

191 3961 333 4016 dens
378 3959 558 4029 quivis
605 3957 825 4012 llomeri
873 3966 926 4011 et
976 3956 1211 4025 A-lschyli
1263 3958 1445 4032 lector,
1478 3957 1740 4024 intelligat

194 4052 304 4106 tale
351 4052 542 4120 utique
575 4049 650 4103 illi
695 4039 973 4116 assignari
1001 4047 1364 4101 diversorium
1395 4047 1572 4114 qualis
1623 4047 1740 4113 ipse

193 4153 300 4205 est,
351 4142 470 4196 sine
518 4155 801 4195 murorum
849 4139 1132 4198 lateribus,
1181 4138 1295 4191 sine
1345 4137 1470 4190 tecti
1502 4136 1738 4205 fastigio,

195 4246 391 4306 patens
440 4249 657 4288 omnem
710 4233 765 4287 in
809 4242 1013 4301 partem
1064 4242 1225 4301 atque
1280 4230 1575 4300 perﬂabile.
1609 4229 1743 4294 Quis

195 4330 383 4387 legens
430 4321 572 4391 apud
622 4322 906 4391 Virgilium
955 4336 1280 4388 annosasque
1325 4322 1499 4371 domos
1546 4321 1739 4380 auium.

197 4423 292 4467 aut
327 4412 396 4466 de
427 4412 654 4465 Aristaeo
684 4413 826 4464 intra
871 4401 1288 4464 lluenta‘Penet’
1305 4409 1480 4462 amnis
1509 4409 1744 4462 admisso

197 4503 406 4570 iamque
469 4503 677 4554 domum
737 4502 936 4552 mirans
985 4501 1250 4568 genitricis
1305 4509 1353 4552 et
1400 4501 1612 4553 humida
1666 4501 1819 4559 re-D

197 4609 326 4661 gne.
360 4589 612 4660 subjiciat
645 4588 827 4641 animo
867 4586 1011 4640 :edes
1040 4585 1106 4639 ad
1153 4586 1447 4639 humanum
1477 4601 1632 4640 usum
1660 4587 1740 4638 la-

199 4682 329 4752 pide
371 4696 434 4736 ac
466 4689 730 4734 carmento
765 4686 1026 4741 structas,
1076 4686 1246 4730 tectas
1278 4677 1646 4744 laquearibus.
1692 4684 1745 4728 et

199 4789 308 4826 non
355 4773 537 4841 potius
582 4772 762 4824 donius
799 4769 1123 4823 vocabulum
1155 4767 1449 4833 utrobique
1476 4766 1744 4833 accipit-u-

199 4865 334 4918 dum
373 4873 526 4930 putet
555 4872 916 4915 ermsentance
940 4859 1006 4914 ad
1034 4858 1378 4912 conditiones
1401 4872 1579 4910 rerum
1613 4872 1746 4923 qua-

201 4970 323 5008 rum
352 4963 437 5007 est
487 4955 596 5007 illic
619 4952 842 5012 mentio,
877 4958 1152 5004 volucrum
1188 4952 1241 5003 in
1279 4950 1442 5003 ramis
1469 4949 1745 5010 arbor-um,

202 5045 576 5117 Nympharum
605 5044 706 5095 sub
740 5043 896 5107 aquis
929 5040 1282 5111 degentium?
1311 5037 1580 5106 Equidem
1622 5037 1748 5113 inde

206 5139 390 5202 potius
438 5135 686 5204 suspicor
730 5133 843 5186 sola
895 5141 1160 5184 terrarum
1208 5128 1466 5197 patentia,
1515 5119 1748 5207 superne

205 5227 410 5280 intecta
443 5226 561 5276 loca
598 5223 706 5276 dici
756 5220 1013 5290 ὕπαιθρα,
1041 5218 1328 5275 subdialia.
1357 5218 1456 5269 sub
1483 5214 1613 5269 Jove
1651 5216 1749 5268 lri'

204 5318 333 5387 gido
367 5319 562 5383 posita,
611 5314 755 5382 quod
804 5314 922 5375 Διὸς
968 5311 1109 5364 lovis
1161 5311 1334 5378 ipsius
1382 5307 1748 5359 habitaculum

205 5402 474 5474 ejusmodi
519 5417 638 5456 esse
692 5401 850 5471 vulgo
892 5399 1253 5454 existimetur.
1304 5397 1480 5459 Quare
1515 5393 1648 5445 nihil
1697 5393 1748 5444 in

210 5494 465 5557 adductis
491 5507 520 5544 a
552 5492 875 5545 Casaubouo
916 5488 1075 5543 video
1108 5486 1251 5556 quod
1297 5500 1381 5538 me
1433 5492 1644 5535 moveat
1685 5482 1752 5534 ad

215 5585 380 5639 ﬁdem
415 5579 713 5649 negandum
740 5579 957 5634 docenti
992 5593 1178 5631 verum
1210 5561 1576 5642 signiﬁcatum
1605 5574 1754 5626 vocis

212 5675 350 5743 αὐλὴ
386 5670 767 5737 antiquissimo
792 5669 1161 5738 gratntnatico.
1195 5664 1335 5717 haud
1370 5663 1548 5730 paulo,
1588 5671 1645 5713 ut
1672 5671 1755 5713 est

167 5761 530 5825 ‘vcrisimic,
581 5758 1007 5829 pchpectiorcm
1060 5754 1279 5809 habenti
1315 5753 1544 5807 nativum
1603 5762 1751 5817 pote-

1831 3323 2055 3378 .loannis
2084 3330 2315 3382 constat,
2348 3321 2488 3390 ignis
2517 3319 2888 3387 excitabatur;
2918 3323 3060 3376 unde
3089 3323 3250 3375 etiam
3274 3321 3364 3375 lsi-

1834 3412 2000 3467 dorns
2033 3413 2180 3464 vocis
2200 3421 2417 3482 etymon
2454 3413 2804 3483 repetendum
2833 3421 3006 3483 putat,
3040 3415 3231 3465 atrium
3255 3411 3365 3465 esi-

1835 3505 2058 3558 stimans
2092 3504 2295 3557 dictum
2327 3508 2475 3571 quasi
2501 3507 2562 3558 ab
2593 3509 2706 3574 igne
2745 3513 2794 3556 et
2823 3505 2963 3571 {unto
2993 3512 3188 3556 atrum.
3219 3502 3363 3556 .‘iibil

1837 3596 2030 3647 horum
2070 3592 2354 3644 eotttmode
2399 3594 2519 3647 loco
2548 3601 2737 3661 aperto
2776 3607 2838 3646 ac
2879 3591 3140 3661 perﬂabili
3191 3592 3361 3644 ﬂeret.

1838 3685 1940 3738 Sed
1975 3685 2087 3774 haec
2119 3681 2314 3735 obiter.
2344 3684 2421 3738 Ad
2449 3683 2635 3738 orbem
2667 3682 2897 3738 instituti
2940 3682 3243 3741 redeamus.
3273 3682 3366 3737 de-

1839 3769 2193 3840 liniamnsqno
2238 3772 2367 3840 quid
2403 3773 2625 3834 αὐλαίας
2661 3771 2828 3826 verbo
2849 3770 3133 3840 designare
3165 3769 3368 3837 PaL-hy-

1840 3883 2012 3920 meres
2056 3869 2156 3921 hoc
2192 3883 2350 3936 quem
2402 3877 2697 3921 tractamus
2738 3866 2860 3920 loco
2911 3865 3161 3928 voluetit.
3209 3864 3370 3934 Equi-

1839 3956 1959 4006 dem
2019 3971 2124 4008 non
2179 3954 2367 4010 dubito
2415 3956 2545 4022 quin
2603 3953 2650 4006 is
2706 3951 2929 4004 abhlav
2964 3951 3031 4004 ab
3066 3953 3367 4020 animjant

1840 4058 2096 4112 expressa
2128 4045 2347 4096 notione
2381 4042 2677 4101 intellecta,
2710 4039 3010 4099 deﬂexerit,
3050 4053 3112 4093 ac
3149 4037 3375 4092 studnc-'

1843 4133 1911 4184 rit
1944 4132 2180 4186 indicare
2218 4131 2549 4186 snbdivalem
2577 4144 2756 4185 aream
2802 4130 3070 4198 Angustai
3094 4127 3217 4188 lori,
3249 4142 3373 4196 spa-

1843 4222 1976 4274 tium
2022 4222 2275 4275 videlicet
2310 4203 2466 4276 eius
2512 4220 2762 4274 Iaterales
2806 4219 2933 4272 hinc
2966 4218 3088 4271 inde
3137 4217 3375 4285 Imus":

1843 4308 1896 4360 in
1928 4307 2104 4360 niedio
2136 4323 2330 4376 purum
2363 4321 2426 4362 ac
2455 4307 2558 4360 late
2584 4320 2834 4370 vacuum,
2867 4306 3010 4374 quod
3049 4304 3216 4358 densa
3245 4319 3375 4361 tunc

1845 4398 2130 4450 multitudo
2158 4395 2530 4465 comple‘verit.

1914 4485 1995 4555 [Ρ.
2039 4486 2164 4555 466]
2213 4488 2800 4551 Λύτοπροσκοπίτης,
2849 4499 2901 4551 p.
2958 4483 3080 4536 (illi.
3139 4483 3258 4548 Agit
3309 4481 3376 4535 de

1845 4579 2137 4638 Athanasio
2180 4574 2484 4644 patriarcha
2537 4587 2795 4628 consueta
2842 4573 2942 4626 sibi
2989 4582 3148 4640 atque
3196 4572 3377 4625 iuua‘ta

1849 4670 2160 4721 morositate
2191 4676 2420 4719 cunctos
2449 4667 2563 4718 sine
2596 4664 2908 4718 discrimine
2933 4663 3209 4716 alicndere
3245 4663 3379 4717 nihil

1847 4759 1995 4826 pensi
2033 4759 2275 4808 habt-nte.
2321 4755 2614 4807 Divinanda
2645 4762 2730 4806 cst
2758 4753 2910 4819 origo
2944 4763 2998 4805 ct
3038 4753 3191 4804 notio
3223 4752 3382 4818 hujus

1849 4849 2094 4899 vocabuli
2137 4846 2263 4898 mini
2294 4847 2510 4911 quidem
2535 4845 2664 4896 alibi
2691 4861 2796 4895 non
2832 4844 2991 4895 lecti.‘
3014 4840 3164 4894 Ut:th
3201 4852 3378 4892 autem

1848 4937 2197 4989 verisimilius
2241 4931 2364 4986 duci
2408 4941 2588 5001 putem
2636 4946 2796 5000 quam
2839 4947 2867 4984 a
2916 4931 3195 5000 προκοπή
3248 4942 3378 4980 voce

1847 5025 2201 5079 ecclesiastici
2250 5039 2380 5078 usus
2430 5038 2495 5075 es
2549 5022 2799 5089 cpisttolis
2853 5021 3000 5074 Pauli
3063 5015 3381 5071 notissima?

1851 5117 1891 5170 ιι
1915 5118 1978 5169 ad
2006 5117 2130 5170 Cor.
2161 5132 2208 5170 c.
2236 5132 2289 5169 Vt
2320 5131 2334 5167 :
2372 5114 2656 5181 Mqﬁeulav
2683 5115 2738 5164 iv
2768 5113 2953 5179 μηδενὶ
2974 5109 3193 5167 Eia/3.2;;
3217 5122 3353 5172 πριοσ
3373 5134 3386 5147 ο

1851 5208 2044 5275 κοπή-ι,
2083 5207 2277 5258 nemini
2316 5205 2499 5257 dantes
2535 5202 2702 5256 ullam
2746 5203 3093 5270 offensionem,
3148 5213 3212 5250 ex
3273 5212 3381 5266 qua

1852 5298 1992 5350 idem
2026 5306 2245 5350 sanctus
2292 5295 2565 5381 apostolu’s
2609 5293 2981 5361 appellativum
3013 5290 3162 5342 alibi'
3191 5289 3386 5341 format

1850 5387 2210 5456 ἀπρόσιωπος.
2243 5387 2260 5439 l
2293 5387 2357 5438 ad
2389 5385 2513 5439 Cor.
2554 5401 2604 5446 ι,
2630 5386 2745 5436 33.:
2790 5381 3144 5446 ‘Anpdsmnm
3177 5382 3383 5446 γίιεσυε

1854 5480 1944 5528 καὶ
2000 5478 2268 5537 Ἰουδαίοις
2299 5478 2391 5528 xtl
2426 5476 2643 5540 Ἐλλητι
2697 5473 2790 5522 καὶ
2838 5475 2900 5539 τῇ
2955 5470 3242 5536 ’Ἐκκλησία
3294 5465 3385 5517 τοῦ

1853 5568 2007 5619 Θεοῦ.
2048 5568 2112 5623 lJ-t
2157 5584 2284 5635 ergo
2331 5567 2596 5637 signiﬁcet
2642 5563 2995 5629 l‘achjtncrcs
3039 5557 3384 5612 Athanasium

1855 5674 1960 5711 non
1990 5659 2148 5712 modo
2173 5677 2277 5710 non
2306 5659 2529 5714 cavisse.
2564 5663 2621 5706 ιιι
2651 5663 2984 5722 oportuerat.
3020 5667 3082 5700 ne
3121 5648 3251 5697 artis
3277 5664 3300 5693 a
3331 5659 3385 5695 se

1856 5750 1996 5803 aliud
2048 5758 2354 5818 spectante.
2401 5748 2543 5800 bono
2591 5749 2752 5798 etiam
2805 5744 3000 5802 animo,
3054 5738 3391 5805 conlingurct
