4194 6444
797 416 901 477 7:27

1692 407 1754 466 Ρ.
1797 402 2097 464 POSSINI
2138 398 2785 461 OBSERV’ATIONUM
2827 400 2975 461 LIB.
3014 398 3067 459 Ι.

3909 400 4017 464 728

796 528 1003 595 aliquos
1036 524 1256 583 offendi,
1308 520 1399 574 sed
1435 522 1506 572 ita
1545 532 1602 572 se
1638 515 1871 586 gessisse
1924 520 1982 565 ut
2016 525 2155 581 pene
2195 509 2345 563 vide-
2374 516 2418 569 Α
2448 508 2549 560 ἀνὰ
2585 508 2835 577 στρατόν,
2870 524 2963 577 per
3005 511 3309 562 exercitum.
3346 508 3591 563 Aliorum
3623 522 3841 580 quoque
3870 511 4017 564 scri-

794 625 946 669 retur
975 615 1041 668 de
1073 610 1338 667 industria
1368 623 1612 678 quau-ere
1657 621 1720 659 ac
1758 612 1977 673 captare
2025 601 2342 655 occasiones

793 704 1098 761 offendendi
1129 718 1285 757 omne
1316 716 1485 772 genus
1526 698 1827 762 hominum,
1875 711 2000 748 eum
2044 696 2344 763 αὐτοπροσ-

805 816 867 849 κ’)
890 798 1058 864 πίτην
1090 796 1190 849 hoc
1223 795 1341 848 loco
1378 802 1551 847 vocat.

859 890 1178 956 Βλαχιπίόν,
1214 904 1263 956 p.
1299 886 1415 940 106.
1436 885 1755 954 Congruunt
1784 899 1905 953 qua:
1932 884 2019 936 hic
2045 881 2341 952 Pachyme-

793 983 877 1034 res
906 981 973 1035 de
1018 990 1176 1050 gente
1224 979 1470 1032 Blaehica
1512 977 1720 1040 scribit,
1763 990 1885 1029 cum
1928 976 1994 1028 iis
2030 989 2151 1043 qua:
2186 974 2338 1043 prius

791 1075 941 1126 Anna
972 1071 1244 1126 Comnena
1295 1067 1346 1124 in
1389 1068 1645 1123 Alexiade
1677 1069 1742 1122 de
1774 1067 1987 1121 Blachis
2020 1067 2336 1134 scripserat.

786 1166 823 1217 Ι.
853 1180 968 1230 vm,
1001 1181 1055 1235 p.
1090 1164 1193 1217 227
1231 1180 1243 1215 :
1275 1163 1380 1214 Καὶ
1404 1162 1587 1214 ὀπόσοι
1616 1162 1705 1212 τὸν
1735 1160 1937 1227 νομάδα
1970 1159 2082 1227 βίον
2114 1159 2336 1223 εἴλοντο,

786 1256 1019 1325 Πλάχους
1059 1256 1323 1323 τούτουςή
1361 1253 1509 1323 κοινὴ
1558 1254 1740 1305 καλεῖν
1782 1246 1886 1303 οἶδε
1927 1249 2226 1310 διάλεκτος.
2267 1248 2337 1301 De

784 1347 985 1414 quibus
1003 1346 1206 1412 juverit
1224 1345 1405 1399 videre
1432 1360 1550 1413 quas
1573 1345 1625 1397 in
1646 1352 1831 1396 nostro
1858 1340 2131 1396 Glossario
2149 1342 2335 1410 primae

786 1436 1058 1490 Alexiadis
1086 1436 1312 1490 editioni
1344 1435 1631 1505 subjuucto
1661 1432 1872 1502 pridem
1928 1431 2330 1485 annotavimus.

853 1526 1244 1595 Βοηδρομιὼν.
1282 1528 1394 1581 Etsi
1435 1541 1649 1594 semper
1680 1524 1809 1578 alibi
1842 1523 2203 1593 Pachymeres
2230 1521 2333 1575 hoc

783 1619 1047 1672 vocabulo
1080 1634 1319 1672 mensem
1354 1618 1588 1685 Aprilem
1627 1616 1848 1679 indicat,
1881 1624 2081 1675 tamen.
2109 1623 2332 1682 propter

780 1711 1016 1764 rationes
1054 1726 1081 1764 a
1118 1726 1198 1763 me
1244 1710 1278 1761 Ι.
1325 1726 1380 1762 Ill
1416 1708 1621 1763 Obscrv.
1656 1725 1705 1762 c.
1742 1709 1772 1762 6
1807 1724 1859 1760 n.
1894 1708 1944 1769 9,
1995 1706 2203 1769 allatas,
2235 1721 2329 1758 ne-

780 1802 1017 1856 cessario
1056 1800 1343 1855 dicendum
1391 1810 1472 1855 est
1517 1817 1664 1865 cum,
1710 1817 1763 1869 p.
1810 1799 1934 1867 524,
1972 1800 2071 1852 hoc
2111 1798 2328 1851 nomine

779 1894 1086 1963 designasse
1122 1894 1371 1948 Martium
1416 1910 1677 1948 mensem.
1718 1894 1827 1948 Nec
1860 1908 2058 1947 novum
2107 1900 2191 1946 est
2238 1908 2327 1945 va-

781 1984 924 2038 riare
977 1987 1141 2056 666
1191 1988 1340 2040 illum
1400 1989 1452 2041 in
1508 1987 1943 2042 nomenclatione
1998 1986 2266 2040 mensium
2313 2003 2325 2037 :

777 2074 901 2129 vide
938 2092 1056 2145 qua:
1100 2078 1265 2131 verbo
1313 2077 1562 2147 Ληναιὼν
1588 2087 1642 2132 et
1685 2076 1850 2132 verbo
1882 2076 2326 2147 Μαιμακτηριὼν

779 2165 881 2218 hoc
912 2166 1028 2234 ipso
1052 2167 1335 2222 Glossario
1359 2179 1627 2222 notamus.

848 2258 1122 2323 Βοῦτζον,
1163 2276 1194 2329 p
1271 2261 1394 2315 399.
1446 2260 1585 2325 Quid
1644 2264 1752 2315 sint
1796 2262 1900 2315 hoc
1947 2261 2068 2316 loco
2126 2262 2322 2331 βοῦτζα

774 2351 1056 2419 σμιαττίιιιτ.
1090 2354 1224 2407 Puto
1274 2356 1411 2407 idem
1437 2355 1580 2423 quod
1611 2353 1835 2423 βουτζαῑ
1870 2366 1925 2409 et
1958 2356 2199 2424 βουτζία.
2230 2370 2323 2409 vo-

774 2442 962 2495 cabula
987 2441 1188 2495 dudum
1215 2444 1476 2511 explicata
1514 2461 1541 2498 a
1596 2445 1853 2509 Meursio,
1885 2445 2028 2501 dolia
2068 2446 2323 2501 videlicet

776 2534 983 2587 vinaria
1013 2535 1186 2603 lignea
1215 2536 1464 2596 rotunda,
1494 2537 1736 2604 qualium
1784 2538 1993 2607 liquore
2025 2554 2319 2593 vacuorum

774 2635 829 2677 et
857 2634 998 2678 terra
1031 2628 1367 2694 oppleturqu
1416 2645 1545 2682 usus
1592 2638 1674 2683 est
1719 2630 1975 2698 frequens
2024 2632 2075 2685 in
2121 2632 2320 2686 subitis

774 2714 1259 2780 obvallationihus;
1314 2733 1450 2786 quas
1492 2718 1627 2773 Galli
1678 2720 1837 2775 hodie
1884 2722 2183 2777 barricades
2229 2740 2320 2776 vu-

775 2814 919 2864 caut.
948 2806 1072 2873 quia
1119 2806 1261 2861 dolia
1315 2810 1522 2863 vinaria
1577 2812 1831 2875 barritus,
1868 2814 2002 2875 sive,
2038 2823 2097 2869 ut
2141 2816 2319 2869 solent

776 2896 1036 2960 scribere,
1071 2898 1356 2965 barriques,
1383 2903 1676 2969 appellant.
1704 2904 1852 2958 Italis
1873 2906 2136 2973 ejusmodi
2174 2906 2318 2960 dolia

773 2986 911 3038 [mue
942 2986 1215 3049 dicuntur,
1252 3005 1379 3043 voce
1409 2993 1637 3060 propius
1697 2994 1988 3048 accedente
2020 2995 2085 3048 ad
2122 3012 2314 3049 sonum

773 3079 931 3140 butzi,
966 3080 1121 3146 cujus
1165 3080 1521 3148 significatum
1576 3084 1785 3138 obtinet
1814 3094 1867 3139 et
1906 3087 2131 3141 fortasse
2163 3090 2316 3157 origo

771 3178 875 3219 est.

845 3262 1086 3326 ΓΛυκὺς
1110 3265 1326 3330 ἀγκών,
1356 3282 1407 3333 p.
1440 3268 1590 3322 .H.ln
1622 3270 1781 3336 huius
1809 3270 2154 3325 enarratione
2190 3271 2315 3324 ada—

771 3350 841 3411 gii
886 3349 1149 3406 dissident
1204 3355 1431 3409 invicem
1478 3361 1812 3425 grammatici
1855 3362 2142 3416 sententiis
2185 3378 2315 3416 con-

774 3440 932 3493 trarie
967 3444 1287 3497 commissis.
1320 3445 1593 3501 Zeuohius
1619 3460 1764 3503 cent.
1800 3452 1854 3515 2,
1892 3467 1944 3505 n.
1985 3450 2070 3513 92,
2104 3453 2316 3522 Andny-

772 3545 892 3582 mus
925 3530 1241 3587 Vaticanus.
1268 3545 1409 3588 cent.
1444 3539 1463 3589 l
1503 3555 1555 3591 n.
1592 3539 1677 3593 55.
1730 3540 2049 3597 Eustathius
2078 3544 2161 3615 [Ρ.
2189 3546 2311 3616 467]

772 3621 833 3671 ad
862 3621 1017 3675 Iliad.
1052 3642 1101 3685 κ,
1142 3640 1205 3705 ρ..
1226 3627 1315 3679 791
1340 3629 1432 3683 ed.
1470 3630 1605 3683 Rom
1638 3673 1650 3695 ,
1677 3636 2013 3689 contendunt
2042 3652 2139 3705 per
2172 3640 2314 3692 anti-

772 3710 1009 3777 plirasim
1044 3714 1149 3767 diei
1176 3699 1241 3769 dc
1274 3733 1330 3771 re
1372 3720 1619 3775 molesta.
1662 3724 1859 3778 Suidas
1890 3699 2078 3781 contra
2103 3730 2314 3797 judieat

768 3812 910 3855 cent.
943 3804 993 3866 4,
1028 3820 1080 3856 u.
1106 3805 1191 3869 95,
1224 3809 1302 3860 sic
1341 3810 1483 3863 enim
1515 3813 1708 3867 scribit
1742 3833 1755 3868 :
1795 3816 2001 3880 Γλυκὺς
2033 3820 2218 3888 ἀγκὼν
2251 3824 2313 3875 οὐ

772 3894 888 3945 κατ’
929 3898 1294 3980 ἐναντέωτινή
1332 3904 1616 3971 παροιμία.
1678 3907 1837 3961 Ἀλλὰ
1889 3910 2212 3980 βουλόμενος
2240 3918 2315 3967 εξ-

772 3986 913 4043 πεῖν,
947 3978 989 4050 ᾧ
1020 3988 1221 4052 γλυκέα
1272 3990 1375 4061 ἢθη
1433 3996 1702 4062 ἐχρήσατο
1761 3978 1982 4054 Ilicier
2009 3978 2309 4073 ὸήκωμικδς

771 4080 827 4125 έν
857 4076 931 4144 τῷ
952 4078 1147 4133 Φάωνι.
1184 4081 1360 4151 Γέρων
1404 4085 1448 4136 δ’
1479 4087 1623 4155 αὑτῴ
1652 4088 1938 4145 ὑπόκειται
1979 4095 2119 4164 ἐρῶν
2149 4098 2311 4166 αὐληο

769 4167 963 4232 τρίεος,
999 4162 1040 4235 ᾧ
1070 4173 1301 4238 χρυεοῦν
1334 4176 1583 4245 ὰνάδημα
1650 4221 1660 4231 .
1687 4221 1732 4235 ..
1769 4177 1812 4234 ὧ
1847 4186 2048 4251 γλυκὺς
2100 4177 2307 4256 ἀγκὼδ.

770 4259 948 4313 δτιὶιιω
990 4261 1347 4333 Pachymeres
1391 4272 1653 4327 accedens
1700 4276 1910 4331 facilem
1971 4281 2035 4333 ad
2094 4283 2310 4351 quidvis

768 4352 941 4404 t'lllVis
994 4354 1403 4422 gratificaudum
1462 4363 1717 4434 Ctzyleni
1768 4370 2009 4441 episcopi
2065 4377 2307 4430 animum

770 4443 867 4494 hac
894 4442 1124 4497 formula
1149 4450 1433 4513 expressit-

836 4533 1044 4598 Δεῖξις,
1113 4552 1166 4601 p.
1215 4539 1336 4594 5‘24.
1387 4542 1524 4607 Quid
1578 4548 1648 4600 sit
1701 4550 1800 4603 hoc
1842 4553 1958 4607 loco
1992 4556 2175 4619 δεῖξις.
2212 4558 2306 4612 diu

766 4621 1006 4685 quaesivi.
1043 4622 1151 4677 Nec
1182 4628 1417 4697 vulgaris
1445 4635 1596 4687 notio
1622 4641 1950 4695 ostensionis
1997 4645 2078 4697 vel
2125 4658 2306 4701 osten-

768 4713 1004 4775 t..tionis,
1022 4728 1123 4768 nec
1151 4719 1436 4782 peculiaris
1456 4738 1618 4790 quam
1642 4736 1792 4782 notat
1822 4730 2305 4801 Plutarchus,Con-

771 4802 1017 4854 nivalium
1040 4821 1333 4861 sermonum
1365 4811 1402 4863 l.
1423 4827 1540 4879 vnn,
1558 4827 1750 4883 quiest.
1772 4820 1857 4883 15,
1881 4823 2082 4879 docens
2108 4828 2185 4881 sic
2210 4844 2306 4881 vo-

766 4894 876 4944 cari
906 4896 1136 4960 Speciem
1186 4908 1279 4951 aut
1310 4912 1517 4968 partem
1566 4910 1853 4975 quamdam
1884 4915 2159 4987 ὀρχήσεως
2193 4923 2306 4974 sal-

768 4985 1110 5046 !-:1fiunis,btlc
1131 4988 1421 5059 quidquam
1444 4995 1975 5072 faciunt.Aliquaudo
1997 4985 2308 5079 suspicabar

768 5076 930 5136 δεῖξιν
961 5088 1209 5132 vocatum
1233 5098 1476 5151 campum
1508 5094 1795 5156 quemdam
1825 5099 2196 5159 suburbanum
2218 5121 2307 5159 ur-

768 5165 820 5217 l;i
841 5164 1209 5236 Adriauopoli.
1245 5172 1296 5224 in
1325 5189 1431 5241 qua
1454 5187 1579 5232 tunc
1602 5182 1973 5242 diversabatur
2011 5191 2302 5262 imperator

768 5254 1018 5321 Michael,
1064 5262 1385 5323 exercitum.
1436 5276 1493 5320 ut
1538 5271 1675 5325 solet
1710 5275 1848 5339 fieri,
1891 5280 1943 5333 in
1982 5254 2176 5338 castris
2206 5285 2301 5338 ba-

771 5346 901 5396 hens
924 5346 1255 5405 suburbanis
1286 5352 1407 5407 loco
1434 5356 1593 5423 δεῖξις
1623 5373 1813 5417 vocato
1849 5370 2059 5437 positis,
2088 5375 2152 5427 ad
2185 5393 2304 5444 qum

768 5452 822 5487 se
853 5437 943 5489 ille
968 5449 1079 5491 tum
1103 5440 1238 5496 forte
1276 5447 1594 5504 contulisset
1629 5470 1749 5509 cum
1782 5462 2059 5517 nuntiatus
2091 5476 2173 5520 est
2203 5437 2297 5522 ad-

772 5538 959 5581 ventus
991 5528 1238 5587 Caesaris.
1278 5535 1386 5591 Nec
1419 5542 1705 5600 abluderct
1739 5566 1869 5604 usus
1906 5558 2304 5623 pra-positionis

766 5616 883 5681 an,
919 5633 1036 5687 qua:
1061 5636 1200 5691 saepe
1229 5630 1512 5696 {equivalet
1543 5635 1745 5693 Latina:
1773 5660 1884 5711 per,
1906 5616 1970 5700 vet
2000 5616 2176 5703 locum
2210 5667 2306 5721 per

764 5724 920 5775 quani
967 5710 1075 5763 itur
1105 5714 1345 5771 denotat.
1384 5720 1473 5775 Sic
1520 5725 1784 5785 llonicrus
1816 5735 1978 5791 habet
2018 5710 2302 5809 Ὀδυσ.’ξτ

764 5799 934 5869 ζίθῖιθν
979 5804 1055 5855 ἀν’
1108 5807 1353 5876 ὑλήεντα,
1407 5833 1497 5882 per
1547 5820 1706 5877 lorum
1764 5829 2040 5899 sylt‘osnm,
2071 5846 2121 5888 ct
2175 5838 2298 5892 alibi

2446 608 2666 666 ptorum
2700 598 3055 652 classicorum
3109 600 3423 654 testimonia
3470 600 3523 654 in
3576 609 3855 670 promptu.
3904 599 4016 655 Sed

2446 689 2607 755 figere
2661 689 2985 742 sententiam
3040 689 3093 742 in
3153 691 3468 760 conjectura
3525 704 3672 743 mera
3723 706 3835 744 non
3890 705 4015 743 sum

2444 793 2631 843 ausus,
2673 779 2851 834 donec
2883 782 3189 836 auctoritas
3218 798 3303 835 me
3347 781 3572 836 doceret
3597 783 3791 836 idonea
3825 783 4012 836 locum

2444 870 2516 923 ita
2568 871 2911 925 nominatum
2962 888 3133 941 prope
3183 874 3598 943 Adrianopolim
3632 874 3821 934 fuisse.
3867 874 4011 928 Illud

2443 957 2497 1006 lu
2531 955 2634 1008 hoc
2672 956 2838 1009 dubio
2866 959 3013 1026 quod
3047 960 3231 1016 minus
3275 963 3713 1018 inveris‘imiliter
3745 978 4015 1032 sequerer

2440 1062 2497 1100 se
2532 1062 2704 1101 unum
2746 1049 2965 1115 obtulit,
3008 1061 3269 1105 novatum
3311 1054 3364 1107 in
3402 1070 3503 1116 usu
3533 1054 3682 1107 vocis
3720 1055 3886 1122 hujus
3920 1052 4014 1108 hic

2439 1138 2644 1210 aliquid
2697 1155 2997 1208 agnoscere
3046 1158 3112 1196 ex
3160 1145 3529 1212 posteriorum
3576 1146 3805 1199 militari
3836 1146 4015 1200 disci-

2439 1226 2591 1294 plina
2647 1238 2979 1298 temporum.
3034 1231 3238 1299 Nempe
3277 1232 3495 1295 Franci.
3553 1234 3647 1301 qui
3699 1248 3795 1302 per
3822 1232 4012 1286 Asiam

2440 1316 2579 1367 sacri
2610 1316 2737 1369 belli
2765 1333 2931 1371 causa
2960 1318 3053 1371 diu
3086 1319 3477 1382 militaverant,
3512 1335 3716 1375 census
3743 1321 4009 1384 militum,

2435 1407 2627 1473 quales
2655 1410 2889 1462 maxime
2930 1410 3321 1464 solvendorum
3357 1414 3557 1481 cuique
3599 1412 4009 1481 stipendiorum

2436 1497 2725 1550 occasione
2763 1513 2791 1551 a
2836 1499 2976 1553 duce
3014 1500 3133 1567 ipso
3171 1515 3430 1567 supremo
3463 1517 3587 1571 rege
3623 1511 3717 1556 aut
3765 1504 4010 1572 impera-

2436 1592 2554 1637 tore
2603 1585 2981 1651 celebrantur,
3012 1601 3241 1643 montres
3276 1590 3553 1661 hodieque
3596 1603 3812 1656 vocant,
3843 1596 4005 1665 quasi

2434 1670 2650 1726 diceres
2705 1678 3043 1741 ostensiones,
3107 1680 3309 1748 quibus
3357 1682 3567 1735 scilicet
3618 1686 4005 1753 unusquisque

2434 1765 2665 1819 militum
2708 1766 2774 1820 ad
2817 1783 3020 1823 nomen
3048 1770 3250 1825 citatus
3283 1787 3341 1825 se
3378 1773 3617 1827 ostendit
3644 1784 3812 1843 atque
3841 1776 4004 1829 exhi-

2358 1835 2402 1893 Β
2430 1854 2541 1907 bet.
2577 1854 2918 1911 Manifestum
2950 1872 3132 1913 autem
3160 1873 3263 1924 est,
3300 1864 3345 1916 si
3372 1866 3492 1933 quis
3519 1880 3707 1920 vocem
3735 1865 4003 1921 Gallicam

2431 1955 2635 1997 montre
2662 1947 2854 2002 Graeco
2897 1951 3166 2005 vocabulo
3206 1953 3337 2006 velit
3394 1954 3643 2016 reddere,
3691 1956 3801 2009 nou
3847 1957 3999 2011 aliud

2428 2034 2609 2102 aptius
2644 2046 2987 2104 reperturum
3011 2040 3174 2111 667
3213 2044 3436 2097 nomine
3469 2044 3652 2109 δεῖξις.
3681 2046 3787 2101 Res
3812 2057 4000 2103 autem

2427 2124 2541 2191 ipsa
2569 2127 2866 2180 narrationi
2912 2130 3191 2196 aptissime
3233 2134 3503 2200 congruit.
3542 2142 3600 2188 ut
3629 2135 3869 2202 dicatur,
3900 2137 4003 2191 im-

2426 2219 2733 2279 peratorem
2765 2230 2829 2268 cx
2864 2216 2999 2271 urbe
3032 2217 3088 2271 in
3122 2219 3299 2274 vicina
3324 2230 3499 2275 castra
3518 2238 3714 2279 census
3737 2226 3998 2281 militaris

2425 2311 2479 2356 ct
2512 2303 2805 2359 solutionis
2839 2307 3241 2376 stipendiorum
3271 2327 3437 2369 causa
3465 2316 3755 2384 prodiisse.
3801 2317 3998 2389 ibique

2426 2408 2703 2463 repertum
2747 2415 2871 2452 cum
2901 2401 2951 2454 ei
2996 2403 3285 2458 nuntiatus
3307 2420 3561 2462 accessus
3588 2408 3656 2462 ad
3683 2424 3809 2463 eum
3861 2414 3998 2465 novi

2422 2492 2507 2535 est
2533 2482 2782 2539 Caesaris.

2494 2572 2903 2638 Δεφενδεὺειν,
2965 2593 3016 2645 p.
3067 2579 3190 2633 175.
3241 2583 3595 2649 Δεφενδεύιιν
3670 2586 3833 2655 plane
3890 2604 3997 2658 pro

2423 2660 2578 2724 tueri,
2621 2673 2911 2733 protegere,
2944 2668 3223 2735 defendere
3267 2674 3511 2740 ponitur.
3546 2676 3656 2729 Nec
3698 2692 3848 2733 nunc
3879 2682 4002 2747 pri-

2421 2764 2568 2802 mum
2620 2752 2721 2823 hoc
2778 2755 3007 2809 verbum
3055 2773 3086 2810 c
3138 2758 3295 2820 Latio
3343 2764 3541 2818 transit
3586 2767 3639 2819 in
3682 2766 3993 2823 Helladem.

2419 2837 2625 2893 Glossae
2655 2822 3031 2899 IBasilicorum
3063 2847 3445 2915 δεφενδεὺεται
3485 2853 3762 2921 explicant
3796 2855 3994 2919 ὲξκου-

2423 2929 2658 2990 σεύεται,
2694 2932 3010 2989 inamatus.
3046 2937 3151 2991 Sed
3194 2938 3309 2993 haec
3334 2939 3883 3012 defensiojudicialis
3907 2956 3996 2998 est

2419 3028 2773 3086 patronorum
2824 3034 2917 3077 aut
2956 3028 3347 3084 advocatorum
3403 3047 3527 3087 reos
3567 3036 3987 3101 excusantium,

2419 3122 2511 3164 aut
2542 3113 2703 3167 abiis
2728 3115 2956 3171 crimina
2993 3120 3202 3189 objecta
3244 3122 3991 3195 refellendo,depellenlium.

2419 3201 2585 3268 Magis
2601 3202 2708 3257 huc
2729 3204 2856 3257 facit
2879 3207 3207 3264 declaratum
3230 3212 3423 3267 iisdem
3447 3215 3643 3283 glossis
3660 3220 3991 3275 vocabulum

2415 3294 2751 3365 ὃεφένσωρε;
2782 3298 2834 3349 in
2860 3298 3005 3353 hunc
3033 3304 3252 3356 modum
3286 3323 3298 3357 :
3326 3307 3388 3356 Ol
3427 3308 3565 3375 μετὰ
3583 3311 3704 3371 τοὺς
3733 3313 3989 3379 κουρσῶ-

2418 3399 2512 3450 ρας
2540 3384 2658 3452 ﬁrst
2690 3389 3004 3455 προμάχους
3030 3390 3517 3455 ἐπακολουθοῦντες
3548 3396 3681 3464 πρὸς
3707 3396 3992 3465 ἐκδίκησιν

2416 3475 2617 3527 αὐτῶν.
2660 3476 2842 3530 Utitur
2890 3486 2946 3531 et
2991 3480 3121 3533 alibi
3175 3494 3363 3537 noster
3408 3485 3513 3539 hoc
3560 3486 3749 3551 verbo,
3784 3504 3986 3558 nempe

2417 3563 2454 3614 l.
2495 3577 2571 3628 tu,
2610 3580 2661 3617 c.
2698 3565 2759 3618 18
2788 3566 2889 3620 sub
2922 3566 3105 3630 finem,
3137 3572 3214 3625 sic
3246 3574 3535 3630 scribens:
3569 3578 3677 3628 Καὶ
3724 3580 3831 3645 γὰρ
3885 3580 3984 3630 καὶ

2415 3654 2515 3715 τὰς
2562 3656 2669 3708 τῶν
2721 3657 2933 3710 Ἰταλῶν
2991 3662 3235 3731 (οἰκίας)
3273 3666 3449 3732 χρεὼν
3499 3662 3565 3734 ἦν
3614 3669 3978 3735 δεφινεεύειν.

2420 3743 2633 3812 Etenim,
2662 3757 2712 3799 et
2740 3750 2917 3801 domus
2957 3749 3223 3805 Italorum
3278 3756 3551 3823 defendere
3607 3757 3985 3827 imperatorem

2418 3836 2712 3903 oportebat.
2772 3838 2875 3891 hoc
2910 3849 3016 3905 est,
3053 3842 3121 3895 ab
3156 3841 3355 3912 injuria
3412 3856 3558 3901 tutas
3593 3859 3872 3916 pra-stare,
3925 3864 3981 3905 et

2418 3925 2697 3981 vindicare
2726 3929 2769 3981 si
2802 3931 2931 3998 quid
2960 3932 3154 3987 fuisset
3200 3934 3252 3988 in
3285 3951 3379 3990 eas
3408 3949 3597 3991 contra
3629 3941 3718 4009 jus
3744 3940 3976 3997 factum.

2418 4017 2543 4084 Agit
2597 4017 2665 4072 de
2713 4018 2967 4075 domibus
3008 4022 3382 4080 Genuensium
3448 4028 3650 4083 Galatas
3706 4035 3983 4099 permissu

2418 4110 2766 4178 imperatoris
2799 4111 3196 4179 habitantium;
3227 4132 3365 4184 quas
3393 4133 3517 4172 cum
3542 4121 3732 4175 Veneti
3762 4122 3980 4179 ﬂamma

2415 4201 2613 4270 injecta
2668 4203 3063 4271 corrupissent,
3113 4207 3281 4260 multa
3331 4208 3398 4261 iis
3449 4225 3546 4277 per
3589 4211 3977 4279 imperatorem

2417 4294 2616 4350 indicta
2654 4298 2911 4350 danmum
2956 4314 3211 4368 reparare
3243 4310 3371 4355 sunt
3395 4305 3685 4371 compulsi.

2485 4386 2567 4456 [Ρ.
2599 4387 2725 4457 468]
2773 4390 3222 4467 Διακινήσιμᾳς,
3267 4408 3317 4460 ρ.
3354 4393 3443 4449 50.
3485 4394 3563 4464 Τῇ
3598 4396 3704 4465 γὰρ
3746 4397 3981 4467 δευτέρα

2344 4498 2384 4551 ο
2415 4477 2703 4546 ἑὸδομάδος
2739 4479 2876 4547 μετὰ
2907 4480 3007 4547 τὴν
3042 4482 3435 4551 ἀναστάσιμον,
3468 4485 3533 4547 ἦν
3575 4485 3638 4555 δὴ
3679 4488 3770 4539 καὶ
3800 4487 3982 4540 διακι-

2418 4571 2644 4638 νήσιμον
2677 4569 2941 4637 λέγουσιν.
2983 4573 3291 4643 Legebalur
3322 4576 3376 4628 in
3410 4591 3512 4631 ms.
3545 4578 3827 4641 mendose.
3856 4583 3980 4647 Opi-

2417 4676 2537 4723 nor,
2573 4664 2672 4730 τῆς
2702 4662 2809 4731 γὰρ
2855 4663 3135 4734 δευτέρας,
3182 4668 3336 4735 quasi
3390 4669 3689 4723 referretur
3726 4671 3791 4724 ad
3822 4673 3979 4725 £669-

2416 4751 2600 4817 μάὸος.
2632 4752 2786 4817 Quod
2819 4771 2848 4807 a
2879 4765 3032 4810 recto
3075 4757 3295 4811 aberrat
3328 4776 3341 4812 :
3374 4773 3481 4812 non
3524 4761 3669 4813 enim
3722 4762 3979 4817 meminit

2412 4840 2669 4893 secundae
2696 4842 3001 4911 cujuspiam
3050 4845 3426 4909 hebdomadis,
3460 4847 3555 4901 sed
3598 4848 3747 4903 feria:
3773 4866 3977 4905 secun-

2410 4929 2491 4983 da:
2525 4932 2890 4988 hebdomadis
2915 4936 3214 4996 Paschalis.
3246 4954 3369 5006 quze
3415 4941 3552 4993 feria
3597 4940 3742 4995 diem
3791 4958 3978 4996 resur-

2410 5023 2672 5077 rectionis
2699 5024 2911 5079 Domini
2938 5027 3153 5095 ἀμέσως
3177 5029 3449 5097 sequitur,
3476 5030 3547 5082 ita
3575 5041 3632 5083 ut
3667 5032 3721 5084 in
3743 5033 3978 5103 δευτέρᾳ

2411 5114 2745 5182 intelligatur
2787 5116 2991 5185 ἡμέρα,
3040 5126 3096 5171 et
3119 5117 3270 5186 ldum
3316 5119 3413 5189 τὴν
3457 5123 3826 5189 ἀναστὰστμον
3872 5140 3974 5192 ap-

2409 5204 2597 5269 pellat,
2638 5221 2748 5258 non
2777 5207 3043 5274 ὲῧὸομάὄα
3075 5209 3468 5278 subintelligat,
3502 5212 3595 5262 sed
3632 5214 3846 5281 ἡμέραν
3878 5224 3976 5268 aut

2409 5294 2622 5363 ἑορτὴν,
2664 5296 2766 5348 hoc
2805 5307 2887 5349 est
2922 5296 3251 5351 dominicam
3289 5301 3460 5368 ipsam
3515 5300 3754 5363 Paschw,
3805 5320 3973 5372 quam

2414 5386 2698 5440 Vaticanus
2762 5387 3145 5455 paraphrastes
3192 5400 3348 5442 vocat
3400 5390 3502 5444 hoc
3536 5390 3652 5445 loco
3696 5398 3972 5461 κυρεακῂηι

2409 5482 2551 5541 νέαν,
2610 5481 2753 5533 (Νι-ιιι
2800 5482 3056 5536 nimirum
3094 5500 3256 5551 quam
3306 5484 3433 5539 fecit
3471 5485 3753 5539 Dominus.
3785 5486 3965 5541 Cra-ci

2405 5570 2548 5624 enim
2606 5573 3001 5627 hebdomadem
3043 5590 3165 5643 quae
3213 5577 3405 5645 incipit
3451 5592 3479 5629 a
3523 5576 3610 5631 die
3653 5580 3838 5631 statim
3881 5594 3971 5634 se-

2408 5672 2608 5730 quente
2633 5664 2776 5717 diem
2810 5665 3052 5728 Pascha),
3087 5668 3185 5735 τὴν
3212 5667 3594 5738 διακινήσιμον
3624 5683 3966 5738 nuncupant,

2410 5752 2488 5805 uti
2513 5763 2568 5806 et
2588 5769 2706 5807 eam
2736 5770 2858 5823 qua:
2886 5756 3177 5810 inchoatur
3206 5758 3470 5826 postridie
3509 5770 3713 5813 octava:
3744 5759 3969 5814 Pasclnc

2404 5846 2687 5899 numiuant
2732 5846 2997 5915 ἐῦδομάδπ
3046 5848 3136 5902 ταῦ
3188 5852 3374 5917 Huni.
3428 5851 3571 5921 quod
3606 5852 3679 5906 illi
3720 5868 3965 5924 quoque,
