4194 6444
184 402 301 465 729

1561 412 1845 473 GLOSSA
1859 414 1904 472 ll
1919 415 1933 470 I
1948 413 2080 474 ΠΜ.

3339 423 3447 485 730

181 528 249 572 ut
288 518 501 587 Latini,
535 523 586 575 in
625 522 787 579 missa
832 535 1038 579 octava:
1083 524 1305 580 Pascha:
1340 524 1574 581 recitent
1610 542 1777 581 evan-
1806 536 1853 589 Α
1880 544 1946 583 ex
1986 532 2145 599 equis
2177 529 2379 583 milites
2424 530 2703 601 colligant.
2756 540 3030 598 recreent,
3060 532 3353 603 deportcnt
3400 537 3459 591 in

178 612 399 681 gelium
437 614 493 666 in
524 629 633 683 quo
662 625 917 669 narratur
964 615 1189 670 Thomas
1219 616 1458 686 apostoli
1495 616 1777 671 correctio

177 716 239 759 et
299 705 616 772 confessio;
673 708 832 777 cujus
890 707 1253 763 hebdomadas
1315 708 1537 762 Thomas
1575 709 1629 762 in
1674 709 1778 762 hac

178 812 416 867 quoque
469 806 653 852 nostra
710 799 939 853 historia
1004 799 1065 855 ﬁt
1106 800 1337 862 mentio,
1391 800 1426 853 Ι.
1473 815 1547 863 vr,
1583 815 1631 853 c.
1687 800 1773 862 l5.

178 898 339 943 recte
373 888 645 958 siquidem
698 888 935 945 Jacobus
983 891 1128 947 Goar
1160 890 1225 945 Ο.
1257 892 1316 945 Ρ.
1350 892 1401 945 in
1440 889 1777 962 Euchologio

180 996 239 1050 p.
288 981 403 1035 9'53
454 982 567 1035 haec
631 984 795 1037 verba
837 987 904 1053 τῇ
964 984 1190 1055 πέμπτῃ
1238 984 1358 1051 τῆς
1391 983 1775 1050 διακινησίμου

178 1071 359 1124 vertit
421 1073 553 1140 feria
605 1075 791 1143 quinta
856 1082 971 1143 post
1034 1074 1259 1128 Pascha.
1319 1075 1385 1131 Ut
1451 1085 1634 1128 autem
1666 1075 1775 1129 illic

177 1164 419 1234 πεμπτη
450 1164 664 1227 feriam,
693 1166 773 1220 sic
796 1166 898 1221 hoc
929 1169 1050 1221 loco
1083 1166 1311 1234 δευτέρα
1339 1182 1447 1220 non
1473 1166 1776 1220 hebdoma-

177 1254 340 1318 dem,
370 1265 430 1310 ut
457 1258 664 1319 inomni,
694 1258 788 1313 sed
829 1257 1187 1311 hebdomadis
1240 1257 1384 1311 diem
1435 1257 1663 1321 indicat,
1696 1256 1775 1310 fe-

178 1348 331 1400 riam
362 1348 620 1404 videlicet
657 1349 979 1414 secundam,
1012 1365 1118 1419 qua
1177 1349 1343 1403 fuerit
1387 1348 1651 1408 edictum,
1705 1350 1774 1402 de

179 1453 299 1506 quo
380 1439 473 1493 hic
521 1439 723 1509 agitur,
780 1441 1207 1512 promulgatum.
1263 1440 1337 1492 Ex
1396 1439 1481 1508 his
1556 1440 1773 1494 conﬁdo

178 1531 566 1598 appariturstn
612 1534 999 1587 necessitatem
1062 1533 1467 1588 emendationis
1531 1533 1635 1587 loci
1668 1532 1773 1584 htt-

174 1622 268 1691 jus
314 1636 349 1676 a
400 1639 489 1677 me
546 1624 721 1679 factae.
769 1625 1020 1680 Restaret
1083 1626 1413 1681 excutienda
1477 1625 1772 1679 diversitas

177 1713 481 1783 scriptum
510 1717 564 1769 in
588 1732 722 1771 voce
750 1719 1154 1786 διακινήσιμος.
1203 1733 1366 1788 quam
1415 1718 1507 1771 alii
1561 1716 1790 1807 διακαιῖ

179 1808 442 1875 νήσιμος.
503 1809 753 1863 nonnulli
802 1810 969 1864 etiam
1040 1811 1433 1879 διακενήσιμος
1493 1809 1765 1865 scribunt.

180 1896 296 1951 Nos
322 1898 610 1953 codicibus
639 1900 984 1956 adharemus
1014 1903 1219 1958 nostris
1242 1903 1323 1957 sic
1349 1913 1689 1967 constanter,
1712 1914 1771 1958 ut

181 2000 674 2059 repraesentamus,
704 1994 1100 2051 scribentibus.
1129 1996 1300 2065 quue
1329 1995 1579 2051 sufﬁcere
1602 1996 1771 2067 668

186 2097 344 2137 nunc
383 2083 609 2153 quidem
650 2084 904 2141 ducimus
940 2104 953 2140 :
990 2104 1090 2142 nec
1134 2088 1282 2143 enim
1317 2076 1473 2141 vara}.
1504 2102 1595 2140 aut
1628 2087 1767 2141 tanti

177 2187 263 2228 est
303 2178 360 2228 in
413 2177 626 2232 ratione
669 2178 791 2232 talis
833 2180 1220 2249 appellationis
1247 2189 1342 2235 aut
1387 2191 1573 2252 etymo
1618 2180 1770 2235 vocis

180 2266 502 2335 indaganda
533 2268 865 2323 conﬂictari.

246 2363 619 2425 Διασωσταί,
652 2378 708 2431 p.
764 2362 889 2417 307.
941 2363 1069 2433 Agit
1106 2364 1174 2418 de
1221 2361 1409 2417 Alanis
1443 2363 1589 2431 Noga
1637 2362 1766 2416 sub-

175 2452 313 2515 lato,
367 2452 460 2507 cui
505 2454 896 2517 militaverant,
942 2457 1088 2510 ultro
1132 2472 1190 2511 se
1232 2456 1596 2511 oﬁ’erentibus
1652 2455 1764 2509 An-

174 2544 433 2609 dronico,
482 2546 575 2614 qui
624 2561 721 2601 eos
768 2548 916 2601 velut
960 2548 1227 2602 divinitus
1281 2548 1478 2602 missos
1530 2548 1761 2616 accepit,

174 2650 453 2690 summam
498 2639 578 2692 eis
627 2639 709 2693 rei
755 2640 1009 2694 militaris
1056 2640 1400 2709 permittens,
1448 2639 1762 2694 adsciscens

175 2728 228 2780 in
256 2728 450 2781 locum
480 2730 763 2798 copiarum
812 2732 1205 2797 Romanarum,
1242 2732 1378 2786 adeo
1424 2741 1484 2786 ut
1533 2731 1762 2786 delectis

173 2835 240 2873 ex
273 2820 386 2874 isto
416 2837 617 2890 genere
647 2823 741 2892 qui
779 2825 1029 2893 equitatu
1064 2839 1288 2894 operam
1320 2826 1574 2879 navaturi
1607 2825 1762 2879 vide-

177 2922 397 2973 rentur,
429 2914 707 2968 detractos
739 2916 978 2984 pr0priis
1009 2916 1291 2986 equitibus
1315 2931 1487 2985 equos
1518 2916 1761 2986 assignas

178 3005 346 3067 verit,
410 3002 559 3072 ipsos
627 3019 848 3074 quoque
906 3006 1181 3061 Romanos
1237 3006 1433 3061 horum
1490 3006 1758 3061 Barbaro-

179 3110 299 3146 rum
329 3094 616 3163 obsequiis
651 3096 996 3166 mancipans.
1019 3097 1156 3151 Nam
1198 3114 1323 3151 eum
1359 3106 1507 3152 esset
1530 3098 1760 3168 jampri-

1881 630 2079 675 tutnm.
2110 623 2248 675 Tum
2287 622 2353 675 iis
2377 623 2513 676 solvi
2546 624 2792 692 praecipit
2821 641 2918 694 pro
2948 626 3198 695 quolibet
3234 637 3456 686 servato

1881 713 2054 767 milite
2082 728 2366 767 nummum
2399 730 2569 767 unum
2597 755 2611 775 ,
2649 714 2675 785 §
2704 730 2834 768 vero
2864 717 2933 770 5i
2960 716 3104 770 idem
3136 716 3243 771 Leu
3276 718 3456 787 impe-

1881 814 1963 857 rat
2010 807 2063 857 in
2110 820 2269 859 usum
2315 807 2541 859 istorum
2585 807 2976 876 deputatorum
3008 808 3133 861 addi
3176 809 3453 878 ephippiis

1880 897 2201 953 militarium
2244 914 2514 968 equorum
2561 901 2761 955 scalam
2812 901 3079 970 geminam
3124 901 3190 956 ad
3236 901 3448 964 lanam.

1881 1000 1939 1044 ut
1968 989 2162 1043 harum
2194 990 2364 1045 altera
2404 990 2722 1060 deputatus,
2758 992 2978 1061 quoties
3022 1008 3159 1063 opus
3190 992 3356 1047 fuerit
3380 994 3450 1047 ad

1877 1078 2187 1132 subsidium
2221 1080 2428 1148 equitis
2478 1080 2861 1149 periclitantis,
2891 1082 3137 1147 adjuvari
3177 1083 3353 1151 possit
3382 1095 3449 1136 aa

1877 1172 2252 1226 scandendum
2285 1173 2339 1227 in
2383 1189 2611 1243 equum.
2658 1172 2835 1228 Verba
2869 1173 3070 1229 Leonis
3103 1184 3232 1229 sunt
3266 1194 3278 1229 :
3308 1178 3451 1245 [ιρι-

1878 1281 1978 1318 πον
2009 1266 2159 1318 ἐστὶν
2178 1266 2265 1318 ἴνα
2294 1266 2322 1316 ὁ
2343 1266 2640 1328 δεποτάτος
2662 1267 2762 1329 τὰς
2789 1266 2885 1319 δύο
2907 1266 3109 1322 σκάλας
3140 1270 3217 1329 εἰς
3247 1269 3309 1319 τὸ
3329 1270 3452 1337 ἀρι-

1878 1359 2069 1427 στερὸν
2104 1358 2270 1427 μέρος
2294 1359 2392 1426 τῆς
2420 1359 2575 1420 σέλας
2607 1360 2729 1430 ἔχῃ.
2766 1358 2932 1413 Addit
2961 1358 3200 1429 denique
3223 1359 3448 1414 eosdem

1876 1449 2171 1518 deputatus
2201 1449 2406 1503 debere
2435 1451 2531 1502 καὶ
2580 1452 2661 1512 sl;
2689 1449 2930 1518 φλάσκια
2968 1449 3113 1521 ὕδωρ
3156 1449 3452 1520 βαστάζειν

1875 1540 1964 1592 διὰ
1991 1542 2115 1604 τοὺς
2145 1540 2405 1603 πολλάκις
2434 1541 2900 1610 λειποθυμοῠντας
2927 1544 3294 1610 τραυματίας,
3342 1543 3449 1597 cir-

1878 1635 2155 1690 cumierre
2185 1651 2383 1705 aquam
2413 1636 2467 1689 in
2493 1635 2723 1704 lagenis.
2761 1636 2906 1689 unde
2936 1644 3196 1690 revocent
3221 1635 3290 1688 ad
3321 1650 3451 1689 sen-

1876 1744 1996 1782 sum
2027 1729 2244 1782 saucios
2270 1743 2413 1797 saepe
2459 1743 2525 1781 ex
2573 1729 2767 1781 dolore
2797 1728 3086 1781 vulnerum
3118 1736 3212 1780 aut
3236 1726 3451 1796 jactura

1876 1821 2159 1890 sanguinis
2193 1820 2499 1889 deliquium
2530 1822 2829 1889 patientes.
2867 1820 3058 1873 Obiter
3102 1819 3339 1873 observo
3382 1833 3463 1879 ex,

1876 1911 2145 1965 hactenus
2170 1910 2359 1964 relatis
2388 1928 2401 1964 :
2435 1910 2583 1979 quod
2614 1894 2669 1963 hi
2703 1910 2941 1979 deputati
2970 1909 3173 1962 Leonis
3209 1909 3450 1977 impera-

1875 2002 2011 2057 toris
2040 2010 2311 2071 tempore,
2357 2011 2414 2055 ut
2446 2001 2564 2071 ipse
2598 2009 2856 2062 testatur,
2892 2001 3159 2052 scriboues
3187 1998 3453 2052 diceban-

1874 2103 1984 2156 Iur.
2019 2110 2142 2164 qua:
2165 2093 2342 2148 aﬂinis
2378 2096 2619 2149 notionis
2647 2111 2748 2148 vox
2778 2103 2864 2148 est
2898 2094 3167 2155 actuario,
3202 2091 3338 2145 satis
3362 2090 3450 2143 in-

1870 2186 2016 2241 dicat
2050 2196 2106 2240 et
2144 2186 2246 2240 hos
2486 2203 2551 2242 ex
2598 2188 2972 2241 actuariorum
3003 2199 3204 2255 genere
3253 2184 3445 2246 fuisse,

1868 2278 1962 2348 qui
1998 2276 2181 2339 multi,
2213 2286 2374 2346 prout
2399 2277 2743 2331 ostendimus
2782 2279 2834 2331 in
2868 2292 2931 2331 ea
2965 2292 3100 2330 voce
3130 2276 3308 2344 primo
3339 2289 3439 2327 uo-

1867 2382 1986 2425 stro
2021 2368 2324 2434 Glossario,
2361 2378 2537 2425 castra
2580 2371 2709 2424 olim
2758 2371 3001 2424 Romana
3048 2368 3443 2437 sequebantur.

1866 2466 1943 2517 Ac
1978 2463 2121 2532 quod
2169 2462 2244 2516 ibi
2283 2462 2526 2517 diximus
2576 2462 2821 2517 medicos
2866 2478 3109 2532 quoque,
3155 2460 3446 2526 chirurgos

1863 2563 1921 2609 et
1950 2546 2605 2623 νοσοκόμουςίιιιὶνοιέοε
2645 2569 2711 2609 eo
2762 2555 3031 2608 vocabulo
3075 2552 3280 2622 pariter
3312 2566 3446 2604 cen-

1864 2645 1997 2710 seri,
2034 2644 2323 2701 conﬁrmat
2353 2645 2464 2700 Leo
2495 2645 2640 2700 idem
2664 2647 2944 2715 Augustus
2978 2644 3166 2700 Const.
3202 2646 3255 2706 3,
3290 2642 3317 2713 ᾗ
3353 2643 3441 2708 15,

1862 2737 1992 2790 dum
2026 2737 2111 2791 his
2158 2737 2480 2799 δεποτάτοις
2531 2737 2875 2792 medicorum
2912 2746 3095 2806 partes
3146 2734 3297 2787 clare
3345 2732 3443 2787 tri-

1866 2827 2013 2892 buit,
2052 2831 2132 2882 sic
2159 2828 2227 2881 de
2255 2829 2363 2882 illis
2394 2829 2648 2883 scribens
2679 2846 2693 2889 ς
2727 2828 2938 2890 Οἴτινες
2969 2826 3443 2896 παρακολουθοῦν-

1861 2938 1953 2984 τες
1988 2922 2052 2990 τῇ
2095 2920 2397 2987 παρατάξει
2445 2923 2569 2982 τοὺς
2604 2922 2660 2973 ὲν
2698 2924 2763 2990 τῇ
2792 2920 2938 2991 μάχῃ
2971 2918 3314 2987 τραυματίας
3357 2933 3446 2985 γι-

1860 3015 2115 3083 νομένους
2130 3010 2600 3082 ἁναλαμϐἀνονται
2634 3012 2709 3074 ὡς
2741 3012 2914 3081 ἰατροὶ
2949 3012 3044 3065 καὶ
3092 3027 3293 3081 περιπο
3316 3007 3443 3064 οὖν·

1858 3120 1967 3157 τκι.
2011 3101 2149 3157 llinc
2198 3102 2330 3156 istos
2377 3104 2481 3158 hoc
2521 3104 2645 3158 loco
2697 3115 2880 3158 noster
2916 3112 3073 3157 vocat
3103 3103 3432 3163 διασωςτὰς.

176 3187 303 3237 dem
345 3186 397 3238 in
428 3185 692 3241 Orientali
724 3189 970 3258 equestri
999 3189 1195 3244 militia
1232 3190 1498 3244 usitatum
1525 3197 1586 3242 ut
1609 3198 1755 3243 cata-
1782 3209 1824 3267 ρ
1858 3203 2174 3255 servatores.
2196 3210 2287 3248 seu
2306 3194 2617 3248 δεποτάτων
2640 3210 2829 3248 vocem
2850 3192 3288 3262 usitatatn,quod
3311 3193 3440 3248 alie-

174 3276 426 3343 phractis
466 3277 751 3346 equitibus
783 3279 1041 3334 adessent
1074 3281 1126 3334 in
1174 3282 1375 3350 praeliis
1409 3281 1633 3350 quidam
1664 3296 1758 3350 pe-

175 3368 341 3431 dites,
380 3370 474 3438 qui
504 3385 618 3437 eos,
654 3372 699 3425 si
723 3373 890 3436 forte,
915 3374 1232 3428 vulneratos
1252 3383 1347 3427 aut
1376 3374 1483 3428 alio
1509 3388 1637 3427 casu
1663 3388 1757 3443 pe-

178 3454 485 3515 riclitantes
512 3462 773 3531 juvarent
800 3475 1221 3537 servarentque.
1254 3467 1391 3521 tales
1422 3467 1542 3521 istis
1588 3466 1753 3521 mini-

176 3561 353 3604 strare
385 3551 639 3608 homines
691 3555 965 3611 Romanos
1011 3560 1193 3629 jussit.
1238 3558 1349 3612 lloc
1382 3575 1555 3626 genus
1586 3574 1754 3630 eque-

178 3644 376 3696 strium
417 3644 799 3702 ministrorum
851 3659 1040 3705 nester
1090 3650 1196 3705 hoc
1249 3652 1367 3705 loco
1422 3652 1751 3717 διασωστάς,

173 3736 331 3804 quasi
362 3736 512 3792 dicat
547 3750 966 3802 conservatores.
1011 3753 1191 3797 vocat.
1254 3745 1600 3807 Δεποτάτους
1635 3743 1751 3798 sive

172 3826 559 3890 διαπωτάτους
614 3831 986 3899 appellaverat
1044 3833 1346 3889 Mauricius
1397 3834 1663 3888 recita‘tus
1718 3849 1749 3888 a

174 3916 411 3986 Rigaltio
446 3920 499 3972 in
530 3919 831 3996 Glossarip,
876 3923 955 3978 sic
982 3926 1244 3979 continuo
1289 3941 1482 3981 eorum
1510 3924 1748 3980 ofﬁcium

172 4006 498 4063 describens
551 4029 564 4065 :
620 4014 682 4064 Oi
734 4013 1272 4082 παρακολουθοῦντες
1330 4019 1396 4087 τῇ
1450 4016 1602 4081 τάξει
1653 4015 1750 4068 καὶ

174 4101 299 4161 τοὺς
343 4102 403 4151 ἐν
450 4103 515 4170 τῇ
566 4103 714 4173 μάχῃ
757 4107 1104 4174 τραυματίας
1132 4108 1460 4175 γενομένους
1490 4107 1751 4176 ἀνακομί-

173 4190 358 4253 (oves;
382 4207 440 4242 τε
472 4191 568 4244 καὶ
607 4194 1078 4265 περιποιούμενοι.
1123 4196 1383 4267 Adjungit
1426 4197 1516 4251 hic
1565 4196 1749 4251 erudi-

174 4281 421 4335 tissimus
456 4280 721 4351 ltigaltius
761 4282 879 4338 loca
923 4285 1074 4339 varia
1114 4283 1579 4363 Constitutionum
1610 4284 1748 4342 Leo-

173 4372 254 4424 nis
278 4373 349 4425 de
382 4372 491 4427 hoc
534 4390 732 4444 genere
773 4377 1239 4433 subsidiariorum
1269 4381 1440 4433 multa
1466 4379 1745 4436 decentia.

172 4460 381 4514 llorum
409 4462 465 4515 in
493 4480 602 4518 uno
624 4480 691 4519 ex
722 4466 960 4522 Constit.
987 4470 1043 4535 3,
1068 4467 1093 4538 ᾗ
1122 4470 1206 4533 15,
1245 4470 1451 4524 dicitur
1479 4472 1615 4527 istos
1654 4488 1746 4527 as-

1865 3301 1949 3339 nte
1980 3294 2126 3339 esset
2155 3285 2408 3355 originis,
2441 3302 2570 3340 vere
2614 3286 2804 3341 Graeca
2832 3295 3074 3346 mutans.
3120 3294 3179 3338 ut
3215 3284 3354 3338 solet
3382 3285 3436 3339 in

1857 3377 2185 3433 nominibus
2252 3378 2522 3432 mensium
2582 3388 2640 3432 ct
2708 3377 3100 3432 occasionibus
3164 3376 3442 3433 similibus

1864 3471 2031 3541 (nam
2076 3478 2132 3524 et
2183 3484 2319 3539 quas
2369 3469 2575 3531 σκάλας
2626 3469 2789 3523 modo
2846 3468 3127 3538 descripto
3158 3468 3279 3522 loco
3327 3466 3440 3522 Leo

1863 3564 2167 3632 imperator
2204 3562 2364 3627 dixit,
2412 3564 2664 3632 stapedas
2702 3562 3021 3633 designans,
3074 3561 3439 3631 Pachymeres

1860 3654 1973 3709 vol.
2004 3653 2044 3717 l,
2072 3669 2127 3723 p.
2154 3653 2282 3715 Ml,
2324 3652 2597 3722 κλίμακας
2621 3652 2815 3720 maluit
2846 3652 3075 3720 dicere).
3126 3652 3243 3706 sive
3284 3649 3432 3719 quod

1858 3746 2003 3801 forte
2056 3756 2189 3799 tunc
2241 3744 2322 3799 sic
2358 3760 2490 3799 usus
2536 3745 2881 3808 iuvaluisset,
2930 3752 2989 3798 ut
3026 3745 3118 3814 qui
3151 3743 3437 3797 δεποτάτοι

1857 3837 2118 3907 appellati
2150 3837 2394 3901 fuerant,
2450 3847 2565 3891 tum
2613 3838 2775 3908 vulgo
2821 3837 3079 3891 audirent
3111 3836 3434 3890 διασωσταί.

1869 3931 2141 3985 Cancrum
2189 3930 2290 3984 hos
2315 3930 2623 3994 διασωστάς
2648 3931 2845 3985 solitos
2889 3930 3083 3994 fuisse,
3111 3929 3307 3984 saltem
3331 3927 3436 3983 Pa-

1856 4024 2133 4094 chymeris
2179 4031 2448 4093 tempore,
2492 4022 2773 4078 interdum
2815 4024 3017 4077 armari
3058 4032 3114 4078 et
3137 4023 3432 4079 militarem

1856 4124 2118 4185 praestare
2142 4129 2367 4184 operam
2398 4124 2517 4168 tuto
2557 4114 2905 4170 deducendis
2932 4130 3029 4184 per
3052 4117 3167 4169 vias
3206 4110 3433 4171 infestas

1854 4206 2180 4271 viatoribus,
2214 4205 2377 4261 docet
2404 4222 2504 4261 nos
2538 4206 2693 4283 locus
2717 4223 2784 4261 ex
2806 4224 2883 4278 _p.
2920 4207 3023 4263 829
3061 4208 3228 4279 hujus
3254 4210 3431 4263 histo-

1854 4297 1971 4361 rize,
2002 4295 2098 4351 ubi
2123 4295 2363 4351 refertur
2388 4295 2746 4353 Bontzerium
2777 4314 3032 4369 magnum
3057 4298 3276 4363 ducem,
3303 4313 3428 4353 cum

1852 4387 2125 4461 Magnesia
2172 4386 2709 4458 Constantinopolim
2757 4388 3174 4445 Cannaburium
3234 4405 3429 4460 quem-

1853 4464 1978 4537 dam
2019 4482 2282 4546 mitteret,
2336 4482 2617 4545 Nostongo
2658 4484 2959 4554 provincia:
3005 4485 3121 4539 illic
3168 4483 3427 4555 praefecto

170 4552 343 4646 seclas
372 4564 431 4646 et
455 4554 734 4623 adjutores
766 4561 1013 4627 equitum
1051 4560 1179 4613 olim
1223 4560 1500 4630 deputatas
1538 4563 1735 4631 dictos,
1778 4569 1820 4623 D
1856 4572 2149 4629 mandasse
2194 4583 2255 4628 ut
2291 4575 2342 4629 ei
2376 4552 2683 4638 διασωστάξ
2723 4591 2754 4631 e
2807 4578 2925 4632 suis
2968 4577 3144 4646 copiis
3168 4552 3426 4633 ⁷(ποιιιίια

171 4644 375 4699 Leonis
411 4644 639 4717 Augusti
678 4658 922 4719 tempore
971 4653 1237 4721 appellari
1282 4655 1475 4709 solitos
1510 4656 1745 4727 σκριὸωο

169 4757 285 4801 νας,
316 4740 597 4795 scriboues.
630 4742 687 4795 ln
727 4743 902 4797 altero
945 4760 1012 4799 ex
1034 4746 1269 4803 Constit.
1304 4748 1392 4811 l2,
1426 4748 1569 4818 §52,
1614 4759 1746 4805 noto

170 4831 403 4898 glossam
454 4831 617 4898 hanc,
666 4836 790 4898 τοὺς
839 4835 1167 4905 λεγομένους
1199 4839 1554 4907 διποτάτους,
1600 4841 1746 4894 τοῦτ’

169 4921 282 4973 ἐστι
318 4924 449 4985 τοὺς
479 4925 818 4995 ἐπιμελητὰς
861 4928 973 4981 τῶν
1013 4932 1544 5001 τραυματιζομένων
1578 4950 1747 5003 στρα-

169 5012 399 5068 ττωτῶν.
440 5013 755 5071 Ρτωδοτίὺὶι
796 5018 1061 5089 deinceps
1108 5020 1309 5093 ibidem
1342 5022 1454 5078 Leo
1489 5024 1741 5094 quaedam

169 5104 310 5157 circa
338 5120 633 5159 numerum
664 5116 720 5161 et
764 5108 1038 5164 delectum
1090 5112 1289 5166 horum
1332 5114 1742 5184 deputatorum,

166 5193 363 5261 jubens
398 5196 663 5251 constitui
702 5198 770 5252 ad
808 5214 971 5256 omne
1022 5204 1233 5271 signum
1270 5202 1478 5271 (Cra-ce
1528 5206 1740 5274 βάνδον,

169 5301 364 5356 nempe
395 5296 634 5342 turmam
666 5300 754 5344 aut
781 5293 922 5346 alam
951 5295 1203 5363 equitum
1250 5296 1354 5349 sub
1385 5312 1494 5350 uno
1540 5298 1742 5353 vexillo

168 5380 521 5442 merentium,
547 5382 739 5449 quales
760 5383 897 5439 Galli
924 5394 1187 5440 cornettes
1222 5393 1436 5457 vocant)
1479 5399 1606 5443 octo
1647 5401 1742 5445 aut

172 5469 231 5542 [Ρ
282 5469 415 5541 469]
444 5471 634 5526 decem
674 5488 741 5527 ex
794 5474 1183 5544 deputatoru‘m
1232 5480 1428 5534 ordine
1469 5481 1739 5552 ἐλαφροὺς

168 5565 257 5615 καὶ
313 5563 554 5632 γοργοὺς
607 5565 735 5618 ἄνευ
786 5567 989 5633 ὃπλων,
1026 5568 1192 5639 agiles
1240 5582 1289 5624 et
1338 5579 1581 5626 strenuos
1630 5576 1740 5629 sine

168 5659 343 5719 armis,
372 5657 470 5723 qui
500 5655 742 5712 debeant
772 5651 983 5715 turmas
1011 5663 1215 5732 quibus
1239 5664 1546 5720 inserviunt
1572 5667 1738 5722 inter-

166 5745 305 5801 vallo
342 5757 567 5803 centum
602 5749 799 5817 pedum
836 5761 989 5807 retro
1039 5753 1278 5827 insequi,
1325 5765 1384 5812 ut
1429 5756 1482 5811 in
1535 5760 1736 5827 prteiiis

171 5837 474 5903 periculose
499 5840 717 5897 saucios
753 5853 845 5899 aut
882 5860 1211 5917 quocunque
1257 5864 1385 5906 casu
1419 5848 1736 5907 delabeutes

1849 4664 2031 4729 daret,
2086 4680 2323 4734 quorum
2372 4674 2526 4722 tutus
2572 4668 2833 4737 praesidio
2878 4683 3073 4723 secure
3125 4668 3232 4722 iter
3276 4668 3424 4725 istud

1847 4756 2148 4811 conﬁceret
2203 4776 2218 4814 :
2276 4757 2501 4829 Πέμπει
2549 4759 2685 4828 πρὸς
2734 4760 2824 4813 τὸν
2876 4759 3187 4828 Νόστογγον
3218 4776 3424 4829 παρεγ-

1847 4847 1996 4915 γυῶν
2041 4846 2313 4902 ἰκανῶσαι
2365 4850 2700 4911 διασωσταίς
2751 4851 2817 4904 ὲκ
2863 4850 2958 4904 τοῦ
3020 4849 3420 4921 στρατιωτικοῦ

1849 4938 1939 4991 τὸν
1974 4936 2468 5007 ἀποοτελλὸμενον.
2496 4938 2772 5009 Additque
2804 4955 2931 4995 mox
2978 4940 3277 4995 historicus
3306 4939 3418 4995 No-

1847 5039 2107 5097 stongunt
2155 5028 2449 5084 ostendere
2488 5029 2835 5085 aﬂ'ectantem
2887 5032 3176 5085 abundans
3219 5031 3420 5101 gratiﬁ-

1844 5121 2007 5178 candi
2031 5120 2159 5175 duci
2200 5136 2398 5192 magno
2438 5122 2709 5188 studium,
2759 5123 2881 5192 plus
2925 5139 3089 5191 quam
3120 5125 3417 5194 rogabatur

1846 5213 2039 5267 fecisse
2070 5228 2084 5269 ;
2122 5211 2363 5267 obivisse
2406 5214 2557 5268 enim
2592 5213 2768 5283 ipsum
2814 5230 2937 5269 cum
2984 5215 3104 5268 suis
3135 5216 3414 5283 praetoria-

1845 5304 1931 5356 nis
1973 5302 2026 5356 id
2066 5302 2329 5368 oﬂicium,
2383 5313 2440 5358 et
2485 5304 2896 5361 Cannaburium
2945 5308 3001 5360 in
3052 5306 3245 5360 urbem
3292 5322 3414 5375 per-

1843 5393 2063 5447 duxisse

1913 5483 2357 5553 Δισάμϐουλςν,
2392 5503 2515 5557 pag.
2561 5487 2681 5542 186.
2721 5486 2862 5554 Quid
2892 5489 3109 5543 dicatur
3153 5490 3259 5544 hoc
3290 5489 3411 5545 loco

1839 5577 2230 5647 ὅιὸἀμδουλον,
2265 5581 2651 5647 dibambulum,
2677 5598 2745 5638 eo
2794 5584 2932 5637 mihi
2967 5584 3291 5653 diligentius
3323 5594 3409 5638 est

1841 5671 2236 5739 quaerendum,
2282 5689 2392 5743 quo
2441 5674 2886 5731 doctissimorum
2935 5676 3218 5731 hominum
3248 5675 3409 5730 edita:

1840 5763 2106 5817 hactenus
2155 5764 2225 5819 de
2286 5765 2449 5836 hujus
2480 5768 2730 5823 vocabuli
2766 5764 2986 5823 notione
3040 5767 3321 5823 sententia:
3372 5783 3405 5823 a

1839 5869 1972 5909 vero
2001 5854 2256 5913 aberrare
2306 5858 2390 5912 vel
2439 5873 2506 5915 ex
2548 5858 2650 5916 hoc
2684 5861 2799 5929 ipso
2841 5858 3087 5915 historici
3118 5857 3289 5913 nostri
3325 5867 3405 5914 te-
