4194 6444
866 424 966 492 ⁸131

1710 407 1712 410 θ
1771 429 1833 488 Ρ.
1875 427 2168 488 POSSINI
2210 427 2844 489 OBSERVATIONUM
2881 432 3024 511 LIB.
3069 433 3119 491 Ι.

3941 433 4049 497 ’732

865 538 1126 595 stimonio
1160 537 1442 592 manifeste
1470 536 1973 606 deprehenduntur.
1997 537 2407 592 Eruditissimus
2433 538 2481 596 Α
2507 538 2630 601 mis,
2669 539 2746 592 sic
2793 541 2844 593 in
2879 541 2982 595 hoc
3010 557 3039 595 a
3069 542 3267 596 Greca:
3293 543 3482 598 usibus
3512 546 3870 616 discrepasse.
3905 549 4046 601 San-

863 629 1103 684 Jacobus
1139 630 1416 684 Pontanus
1471 639 1653 682 noster
1707 629 1761 681 in
1816 627 2038 688 Latina,
2085 643 2245 696 quam
2290 629 2407 680 sine

863 717 1055 780 οντεςο
1081 728 1332 773 contextu
1359 721 1522 774 solam
1545 719 1739 780 edidit,
1772 719 2215 785 interpretatione
2234 716 2408 770 Chro-

867 809 978 862 nici
1018 807 1233 877 Georgii
1274 808 1555 873 Phrantris
1591 808 2017 876 protovcstiarii,
2043 807 2140 861 lib.
2177 823 2253 867 In,
2285 821 2404 872 cap.

870 897 958 960 l9,
1006 912 1127 967 pag.
1167 899 1262 952 l97
1295 899 1382 952 ed.
1423 899 1718 963 lngolstadt
1787 914 1913 952 ann.
1962 899 2126 959 £601,
2169 901 2409 951 referens

871 988 1034 1042 ritum
1090 1003 1198 1057 quo
1260 988 1566 1053 patriarcha
1616 989 2252 1056 Constantinopolitanus
2291 986 2411 1055 ejus

867 1075 1155 1144 dignitatis
1187 1079 1325 1132 inire
1379 1079 1776 1145 possessionem
1824 1087 1941 1132 erat
2006 1078 2219 1138 solitus,
2269 1076 2411 1129 inter

868 1167 974 1220 alia
1008 1170 1118 1222 haec
1158 1168 1320 1223 habet
1367 1182 1383 1218 :
1421 1167 1713 1220 Secundum
1777 1170 1882 1222 Ita'c
1940 1167 2239 1235 patriarcha
2292 1181 2410 1216 cum

869 1256 1200 1325 lampadibus
1261 1258 1332 1310 ad
1380 1257 1662 1310 diababula
1690 1261 1794 1311 sive
1827 1261 2022 1310 atriunt
2053 1255 2406 1308 descendebat.

867 1345 944 1401 Ita
981 1347 1074 1400 ibi.
1117 1349 1277 1401 [lecte
1326 1362 1508 1415 porro,
1542 1358 1601 1401 ut
1628 1350 1842 1418 opinor,
1882 1349 2147 1401 Meursius
2171 1348 2225 1400 in
2258 1345 2409 1400 Glos-

866 1439 1015 1492 sario
1061 1438 1229 1493 verbo
1259 1438 1596 1507 Δισάμσυ).ον
1622 1479 1636 1503 ,
1674 1449 1728 1492 et
1771 1454 1834 1491 ex
1874 1454 1941 1492 eo
1971 1438 2134 1490 verba
2175 1437 2286 1504 ipsa
2319 1436 2412 1488 de-

867 1530 1117 1585 scribens
1137 1531 1364 1585 blathias
1391 1531 1674 1586 Martinius
1707 1533 1760 1585 in
1803 1546 1903 1586 suo
1943 1531 2136 1584 Lexico
2175 1523 2428 1584 Philoloi

865 1619 989 1688 gico
1017 1621 1185 1674 verbo
1230 1620 1691 1674 Monobambulum
1736 1637 1837 1692 pro
1871 1622 2150 1674 diababula
2199 1620 2410 1674 dibam-

867 1707 994 1762 bula
1052 1708 1146 1762 illo
1197 1709 1476 1765 Pbrantza:
1526 1711 1646 1765 loco
1704 1710 1930 1764 rescribi
1964 1710 2163 1763 debere
2191 1718 2412 1778 putave-

868 1806 1018 1850 runt.
1047 1795 1131 1868 [Ρ.
1159 1796 1285 1867 ΩΟ]
1315 1796 1430 1851 Νοη
1461 1808 1609 1851 recte
1635 1807 1837 1860 autem,
1862 1805 2124 1864 quantum
2155 1795 2409 1857 arbitror,

2507 639 2624 682 ctus
2678 629 2982 684 Bcrnardus
3040 647 3202 686 serm.
3257 632 3306 685 in
3358 634 3522 687 Cmna
3575 636 3786 689 Domini
3829 653 3843 687 :
3883 636 4052 690 Varia:

2506 732 2645 784 sunt,
2697 724 2892 791 inquit,
2941 726 3265 778 investiturie
3317 727 3592 778 secundum
3655 743 3716 780 ea
3758 728 3819 780 de
3867 730 4051 794 quibus

2508 818 2830 868 investimur.
2889 817 3033 870 Verbi
3085 820 3258 886 gratia
3310 819 3582 870 investitur
3633 821 3912 873 canonieus
3963 838 4053 886 per

2509 905 2719 970 librum,
2757 908 2913 959 abbas
2971 923 3063 974 per
3105 907 3365 970 baculum,
3404 909 3663 976 episcopus
3696 925 3786 975 per
3807 909 4053 962 baculum

2509 1006 2554 1048 et
2607 995 2861 1048 annulum
2917 997 3097 1050 simul.
3149 997 3225 1050 Ita
3274 994 3388 1052 ille.
3423 997 3663 1051 Ecclesia
3711 998 3894 1053 Grata
3944 999 4055 1052 duo

2509 1086 2726 1153 quidem
2780 1087 2989 1154 et‘ipsa
3035 1088 3366 1153 coniunctim
3416 1087 3662 1141 adhibuit
3719 1088 3965 1156 symbola
4001 1089 4054 1141 in

2510 1174 2834 1229 conferenda
2883 1176 3072 1230 electis
3114 1177 3422 1244 pastoribus
3451 1187 3504 1231 et
3542 1177 3755 1246 sponsis
3790 1179 4060 1231 ecclesia-

2510 1278 2630 1315 rum
2671 1262 2993 1332 episcopalis
3022 1266 3360 1332 poss'essione
3404 1265 3706 1332 dignitatis.
3736 1283 3858 1336 qua:
3897 1267 4056 1320 simi-

2510 1355 2634 1407 liter
2669 1355 3063 1422 responderent
3095 1355 3308 1409 duobus
3339 1359 3656 1410 memoratis
3681 1359 3854 1410 titulis
3881 1368 4061 1425 pasto-

2511 1447 2580 1497 ris
2621 1456 2674 1498 et
2715 1449 2912 1514 sponsi.
2963 1449 3032 1499 At
3087 1448 3139 1500 in
3197 1452 3371 1517 primo
3399 1448 3664 1502 duntaxat
3693 1464 3816 1503 cum
3849 1449 4060 1506 Latinis

2510 1537 2681 1590 ϐηεεί
2705 1539 3118 1602 convenientes,
3151 1538 3203 1591 in
3245 1539 3535 1608 posteriori
3568 1539 3868 1607 lampadem
3897 1553 4061 1605 spon-

2510 1629 2586 1682 sis
2623 1629 2860 1697 przel‘erri
2893 1629 3103 1683 solitam
3133 1647 3200 1684 ex
3225 1631 3533 1698 evangelica
3570 1631 3824 1698 parabula
3859 1638 3914 1683 et
3958 1645 4056 1683 usu

2510 1719 2865 1773 Orientalium
2919 1723 3220 1784 nationum,
3252 1721 3318 1774 ad
3362 1722 3656 1790 nuptialem
3681 1720 4059 1774 cmremoniam

2512 1812 3144 1872 accommodatissimum,
3196 1811 3400 1865 annulo
3449 1811 3845 1881 praetulerunt,
3898 1824 4062 1878 quem

868 1887 1131 1957 glossema
1163 1888 1332 1950 illud,
1377 1889 1484 1940 sive
1529 1887 1748 1951 atrium,
1797 1902 1894 1954 pro
1941 1899 2068 1940 vera
2103 1884 2251 1938 vocis
2295 1885 2413 1952 ejus
2443 1863 2524 1948 Βι

2405 1899 2413 1935 ι
2443 1863 2484 1917 Β
2517 1906 2693 1950 tamen
2722 1863 3183 1952 occisia...
3211 1863 3479 1968 idpetiu;
3520 1863 3772 1952 adhibuit
3794 1863 4061 1958 Ecclesia,

865 1978 1206 2046 expositione
1238 1986 1584 2046 receperunt.
1623 1975 1712 2030 Sic
1743 1977 1889 2031 enim
1919 1987 2146 2044 uterque
2179 1974 2409 2028 scribit:

866 2066 1298 2136 Μονοσὰμσυλον
1320 2068 1541 2136 simplex
1566 2067 1806 2120 conclave
1838 2067 2028 2135 palatii
2061 2058 2327 2129 secretius,
2361 2065 2412 2116 in

863 2170 968 2224 qua
992 2158 1405 2228 congregabatur
1429 2159 1596 2212 clerus
1622 2160 1977 2228 patriarcham
2003 2172 2191 2210 novum
2221 2155 2415 2208 electu-

866 2261 976 2300 rus.
1004 2245 1233 2312 Codinus
1269 2253 1377 2317 ejus
1411 2251 1644 2302 meminit
1678 2267 1695 2302 :
1731 2249 1936 2318 6670
1961 2246 2211 2316 δεύτερος
2236 2245 2414 2299 dand-

870 2353 984 2405 ριος
1012 2338 1230 2405 κρατῶν
1263 2340 1322 2391 τὸ
1355 2337 1780 2408 μονοσὰμϐυλον.
1807 2339 1937 2390 Ante
1969 2338 2061 2390 hoc
2095 2345 2209 2389 erat
2244 2336 2410 2400 aliud,

868 2433 924 2486 in
954 2430 1095 2496 quod
1121 2429 1412 2497 promiscue
1455 2429 1821 2481 conveniebant
1851 2443 2024 2480 omnes
2051 2428 2138 2495 qui
2171 2433 2413 2494 cuperent

863 2526 998 2577 scire
1028 2536 1179 2590 quem
1203 2519 1370 2572 clerus
1402 2519 1758 2587 patriarcham
1791 2526 2056 2578 creasset;
2094 2523 2143 2568 et
2174 2516 2306 2567 illud
2339 2515 2416 2565 6t-

867 2611 1144 2680 σάμϐυλον
1181 2610 1470 2663 dicebatur.
1496 2608 1571 2663 lta
1600 2609 1674 2661 illi
1707 2608 1900 2674 ambo;
1936 2617 1992 2663 et
2030 2607 2134 2662 hoc
2158 2607 2414 2660 continue

867 2703 1102 2774 probant
1131 2702 1366 2771 prolato,
1421 2714 1582 2769 quem
1611 2713 1774 2767 supra
1806 2696 2093 2767 descripsi,
2130 2697 2413 2750 Phrantsas

866 2799 964 2848 aut
1012 2793 1193 2860 potius
1240 2790 1469 2846 Pontani
1517 2789 1658 2843 loco.
1712 2787 1818 2844 Sed
1867 2789 1923 2842 in
1963 2787 2068 2842 hoc
2115 2796 2411 2856 utrumque

864 2880 977 2937 lalli
1007 2895 1116 2935 non
1155 2877 1496 2939 diilltcbitur,
1521 2876 1613 2947 qui
1665 2875 1960 2930 attenderit
1989 2889 2152 2944 quam
2182 2874 2411 2930 ridicule

864 2968 1143 3026 diceretur
1171 2982 1202 3022 ι
1237 2966 1448 3023 Codino
1491 2950 1740 3035 δεύὲερος
1782 2965 2056 3034 ὀπιὰριος
2107 2965 2325 3034 κρατῶν
2353 2964 2414 3016 τὸ

865 3042 1297 3129 μονοσόμσυλόν,
1321 3056 1574 3112 secundus
1613 3057 1858 3110 ostiarius
1897 3071 2058 3108 manu
2089 3064 2264 3108 tenens
2301 3052 2412 3106 llo-

2515 1997 2573 2041 ut
2601 1988 2847 2059 populari
2881 1988 3022 2043 forte
3071 1990 3313 2059 gentium
3337 1989 3729 2057 Europmarum
3768 1988 3911 2041 mori
3934 2003 4066 2041 con-

2513 2078 2796 2148 gruentius
2822 2076 3122 2147 coniugalis
3161 2077 3578 2131 necessitudinis
3611 2077 3845 2146 signum.
3881 2075 4058 2141 Quid.

2513 2169 2645 2237 quid
2684 2183 2844 2238 porro
2871 2169 3016 2223 circa
3057 2168 3160 2222 hoc
3211 2174 3266 2222 in
3313 2168 3710 2224 consuetudine
3741 2167 4062 2222 Latinorum

2513 2259 2697 2322 luerit,
2729 2259 2958 2312 Asianos
2992 2257 3212 2326 quidem
3243 2259 3528 2327 episcopos
3573 2257 3833 2325 lampadis
3873 2257 4065 2326 prmia-

2513 2351 2661 2402 tione
2690 2349 3001 2417 auspicatos
3023 2350 3184 2419 671
3217 2349 3559 2418 dignitatem,
3589 2357 3958 2418 preterquam
3987 2349 4066 2401 in-

2513 2437 2696 2489 dicant
2745 2451 2865 2504 que
2897 2436 3056 2493 alias
3113 2437 3297 2490 notavi
3351 2437 3803 2492 Observationibus
3854 2437 3970 2491 vol.
4022 2435 4064 2496 Ι.

2513 2537 2569 2590 p.
2618 2521 2743 2586 658,
2776 2524 2940 2577 etiam
2975 2524 3174 2578 astruit
3211 2523 3404 2578 Codini
3437 2527 3595 2579 locus
3629 2525 3693 2577 de
3719 2525 3916 2593 Oﬁciis
3941 2539 3995 2579 c.
4037 2524 4060 2578 l

2513 2611 2569 2665 in
2621 2625 2769 2667 sexta
2828 2615 3104 2675 Pentade,
3146 2615 3238 2668 ubi
3285 2630 3450 2685 agens
3493 2614 3561 2669 de
3621 2614 4065 2670 ordinationibus

2510 2702 2890 2772 episcoporum
2931 2705 3110 2759 solitis
3132 2719 3160 2758 a
3191 2705 3493 2774 patriarcha
3520 2705 3780 2759 celebrari
3813 2704 3892 2776 (id
3919 2705 4067 2760 enim

2513 2793 2755 2848 indicant
2783 2795 2872 2848 illa
2915 2795 3033 2864 eius
3064 2796 3228 2850 verba
3261 2797 3340 2858 εἰς
3376 2795 3473 2858 τὰς
3506 2804 3861 2866 χειροτονίας.
3888 2795 4068 2865 expli-

2509 2885 2687 2937 cantia
2724 2885 2853 2952 quid
2889 2886 3095 2954 primus
3116 2897 3171 2941 et
3216 2887 3491 2956 secundus
3544 2887 3806 2941 ostiarius
3845 2888 4059 2955 proprii

2512 2971 2616 3025 sibi
2647 2973 2879 3041 quisque
2925 2975 3212 3028 ministerii
3263 2983 3478 3044 gereret
3520 2975 3573 3028 in
3624 2991 3686 3029 ea
3715 2973 4068 3042 cmremouia)

2511 3061 2590 3115 sic
2618 3061 2810 3116 scribit
2841 3077 2858 3115 :
2900 3061 2960 3115 '0
3009 3064 3220 3134 πρῶτος
3264 3064 3540 3133 ὀστιάριος
3575 3063 3792 3130 κρατῶν
3834 3063 3934 3126 τὰς
3966 3061 4066 3114 ού·-

864 3147 1278 3213 uobambuluui,
1337 3149 1382 3203 si
1447 3145 1927 3202 lonobambulum
1988 3146 2188 3200 atrium
2243 3155 2408 3246 esset,
2435 3175 2520 3246 ει

2435 3186 2481 3246 c
2514 3169 2701 3224 ρας....
2736 3155 2765 3207 ὁ
2808 3153 3062 3225 δεύτερος
3093 3155 3311 3226 κρατῶν
3340 3155 3401 3208 sb
3437 3154 3912 3246 μονώὰμδουλογθ
3948 3152 4065 3246 prl-

862 3241 1025 3310 quale
1055 3240 1243 3310 utique
1291 3255 1450 3293 manu
1495 3247 1668 3292 tenere
1695 3237 1818 3306 (hoc
1852 3238 2000 3292 enim
2033 3247 2121 3292 est
2171 3235 2409 3308 κρατεῖν)
2441 3235 2481 3246 “’
2513 3258 2634 3298 mus
2674 3243 2927 3300 videlicet
2971 3245 3252 3308 ostiarius,
3306 3246 3523 3301 interim
3557 3245 3692 3299 dum
3729 3243 4070 3314 patriarcha,

862 3343 1029 3384 nemo
1066 3338 1208 3383 unus
1235 3335 1431 3396 potest.
1471 3325 1624 3382 Unde
1651 3325 1995 3380 manifestum
2025 3334 2110 3380 est
2135 3338 2202 3381 es
2233 3335 2412 3380 mente

860 3415 1056 3475 Cadini
1092 3415 1568 3471 Iouobambulutn
1623 3412 1792 3470 luisse
1834 3428 1948 3468 rem
1979 3415 2216 3483 aliquam
2250 3429 2411 3468 manu

863 3508 1203 3581 gestabilem.
1232 3507 1310 3562 Ae
1341 3507 1573 3575 puritate
1621 3506 1930 3576 argumenti
1973 3505 2116 3561 idem
2163 3506 2268 3560 erit
2303 3515 2414 3560 sta-

864 3599 1128 3657 tuendum
1172 3598 1240 3654 de
1271 3597 1628 3660 Dibambulo,
1663 3596 1808 3668 quod
1839 3596 2082 3669 ejusdem
2127 3597 2316 3652 forms
2350 3613 2412 3650 ac

862 3692 1079 3764 generis
1105 3706 1225 3746 esse
1254 3698 1535 3759 gestamen
1561 3688 1814 3742 debuisse
1853 3697 1910 3744 et
1937 3689 2073 3742 ratio
2105 3690 2413 3744 communis

863 3782 1030 3854 ctymi
1072 3790 1126 3836 et
1178 3782 1349 3834 series
1397 3780 1511 3849 ipsa
1544 3777 1874 3832 narrationis
1924 3779 2309 3844 Phrantzm,et
2353 3790 2412 3833 ut

862 3871 932 3927 ad
971 3884 1087 3924 rem
1131 3883 1305 3923 meam
1355 3870 1598 3930 redeam,
1626 3867 1714 3920 hic
1739 3867 2084 3937 Pachymeris
2109 3870 2261 3924 locus
2290 3879 2411 3924 tan-

864 3971 982 4020 tum
1014 3976 1124 4018 uon
1156 3960 1569 4016 evidentis‘sinre
1616 3959 2009 4014 demonstrant.
2063 3959 2234 4024 Quem
2264 3963 2408 4014 enim

860 4067 1045 4126 quaso
1073 4062 1296 4122 possent
1340 4065 1560 4106 sensum
1621 4049 1955 4121 tolerabilem
2005 4048 2206 4103 habere
2247 4048 2412 4104 verba

863 4141 981 4198 hac
1002 4141 1177 4224 postri
1211 4143 1471 4207 auctoris,
1501 4143 1801 4211 patriarcha
1843 4143 2100 4211 pastorali
2135 4143 2318 4197 baculo
2348 4144 2412 4195 ab

859 4232 1174 4301 imperatore
1204 4237 1432 4299 accepto,
1463 4231 1755 4290 honoratur
1784 4240 1831 4283 et
1864 4233 2183 4296 dibambulo,
2231 4233 2274 4287 si
2313 4233 2405 4286 Di-

865 4318 1167 4374 bambulum
1205 4319 1403 4373 atrium
1445 4329 1590 4374 esset
1619 4320 1900 4374 exterius?
1935 4321 2202 4385 Quidnam
2248 4323 2412 4391 igitur

862 4410 955 4467 hic
992 4409 1298 4482 signiﬁcare
1326 4410 1685 4482 Pacbymcres
1728 4413 1897 4466 voluit
1923 4413 2086 4466 verbo
2133 4413 2411 4468 Dibambu-

2509 3341 2603 3386 aut
2641 3333 2732 3387 alii
2771 3334 2891 3402 ejus
2919 3350 3181 3390 concessu
3215 3336 3482 3404 episcopi,
3511 3350 3711 3389 novum
3745 3335 4066 3404 episcopum

2511 3421 2652 3476 intra
2701 3423 3098 3492 presbyterium
3149 3424 3262 3477 sive
3295 3424 3441 3493 βῆμα
3485 3431 3893 3484 consecrarent,
3922 3423 4071 3480 iores

2510 3506 2671 3562 solea:
2704 3523 2861 3560 manu
2911 3509 3148 3570 tenebat,
3175 3519 3236 3564 ut
3267 3511 3450 3563 statim
3471 3525 3565 3564 eas
3600 3509 3863 3578 panderet
3897 3520 4069 3579 atque

2511 3595 2748 3665 perlecta
2802 3597 2952 3654 intus
2989 3597 3162 3653 solitis
3215 3599 3415 3654 ritibus
3472 3600 3817 3668 inauguratio
3847 3599 4066 3656 luisset.

2510 3682 2664 3738 Tunc
2696 3685 2839 3738 enim
2887 3687 3110 3755 produci
3161 3704 3334 3743 novus
3365 3691 3593 3754 antistes
3637 3701 3693 3746 et
3720 3690 3936 3745 ostendi
3969 3706 4069 3761 po:

2512 3775 2636 3844 pulo
2681 3776 2928 3831 debebat.
2963 3779 3098 3844 Quia
3134 3793 3263 3834 vero
3302 3781 3518 3850 prodire
3560 3782 3606 3835 is
3639 3783 3851 3836 bemate
3881 3781 4057 3836 debe-

2511 3865 2602 3917 bat
2654 3868 2848 3934 przcvia
2903 3867 3170 3937 lampade,
3221 3871 3286 3922 ad
3339 3872 3476 3924 hanc
3529 3873 3605 3925 illi
3662 3854 4062 3939 praeferendam

2511 3957 2781 4010 secundus
2808 3957 3065 4012 ostiarius
3089 3962 3365 4014 accinctus
3397 3962 3576 4017 stabat
3604 3963 3823 4030 κριτῶν
3850 3966 3916 4015 τὸ
3959 3981 4062 4030 μο-

2510 4048 2838 4115 νάμπουλον,
2891 4049 2996 4115 vel,
3039 4050 3230 4105 utalia
3261 4061 3341 4104 est
3388 4051 3571 4116 lectio,
3602 4054 3665 4105 τὸ
3718 4051 4069 4123 μονοσάμευ-

2509 4137 2617 4201 λον,
2653 4137 2736 4208 [Ρ.
2777 4137 2902 4210 47η
2949 4154 3109 4192 manu
3145 4148 3336 4194 tenens
3373 4153 3647 4210 gestamen
3698 4143 3784 4198 cui
3814 4155 3935 4200 erat
3973 4145 4068 4198 in-

2510 4239 2652 4284 serta
2703 4230 2908 4298 lampas
2943 4246 3080 4294 una;
3119 4248 3239 4284 nam
3276 4233 3653 4300 μονὰμπουλον
3692 4248 3720 4285 a
3768 4235 3904 4304 μόνη
3949 4238 4061 4304 ἅμα

2511 4319 2733 4371 novalia.
2784 4319 2921 4384 Quid
2983 4320 3052 4378 sit
3101 4329 3280 4373 autem
3330 4319 3617 4389 ᾶμπουλλα
3673 4321 3890 4381 docent.
3912 4323 4060 4378 Aetii

2513 4391 2677 4462 verba
2735 4409 2822 4461 illa
2863 4409 2956 4463 lib.
3017 4426 3088 4462 νη
3137 4410 3538 4479 ε’Δμπουλλιν
3600 4411 3811 4479 ὑελίνην
3846 4413 4065 4482 πλήσας

862 4503 1018 4558 luat?
1068 4501 1214 4556 Idem
1246 4501 1364 4557 sine
1409 4501 1578 4556 dubio
1607 4502 1752 4572 quod
1784 4502 1914 4557 alias
1939 4503 2139 4558 clarius
2187 4520 2406 4574 expres-
2439 4502 2485 4558 Ι)
2512 4500 2711 4563 ἐλαίου,
2749 4500 3040 4569 ampullam
3094 4502 3308 4554 vitream
3341 4500 3427 4553 ubi
3470 4499 3746 4574 repleveris
3802 4502 3936 4555 oleo.
3970 4501 4073 4557 Esi

858 4594 951 4658 sit,
998 4593 1128 4648 dum
1187 4594 1353 4649 relert
1405 4595 1535 4659 (vol.
1594 4593 1635 4659 l,
1679 4609 1733 4665 p.
1783 4595 1903 4664 ll?)
1939 4595 2203 4651 sollicitos
2262 4597 2407 4650 auti-

861 4683 1017 4738 stites
1074 4699 1141 4737 eo
1192 4685 1336 4751 quod
1387 4685 1646 4739 Arsenius
1696 4699 1726 4739 e
1789 4687 2121 4754 patriarcbio
2187 4687 2243 4741 in
2287 4703 2408 4742 mo-

861 4777 1158 4830 nasterium
1184 4785 1374 4844 sponte
1401 4777 1660 4844 profugus
1682 4777 1884 4847 scripto
1911 4793 2221 4848 expressam
2257 4779 2408 4832 abdi-

862 4866 1144 4920 cationem
1179 4865 1308 4919 dare
1361 4877 1583 4945 rogatus
1614 4875 1936 4932 recusasset,
1988 4879 2044 4921 ut
2074 4869 2276 4938 aliquid
2310 4869 2407 4923 ha-

861 4956 1053 5012 berent
1099 4957 1315 5027 itt'l'iplae
1364 4959 1600 5013 (-essioni
1652 4959 2003 5028 mquivalens,
2034 4959 2102 5014 ab
2132 4977 2199 5013 eo
2235 4963 2406 5028 repeti

862 5060 1079 5100 curasse
1131 5047 1431 5118 βικτηρῑαν
1485 5048 1576 5100 καὶ
1630 5048 2030 5117 λαμπαδοῦχον,
2064 5049 2305 5102 baculum
2356 5056 2409 5102 et

861 5136 1253 5202 candelabrum,
1298 5139 1400 5192 rati
1447 5141 1492 5192 si
1530 5155 1593 5193 ea
1627 5137 1953 5194 reddidisset
1982 5155 2074 5207 per
2101 5155 2219 5209 quze
2260 5141 2409 5192 inve-

863 5227 1025 5280 stitus
1052 5227 1416 5293 patriarcltatu
1469 5227 1667 5292 luerat,
1700 5227 1801 5281 hoc
1835 5228 1954 5297 ipso
1979 5229 2113 5282 satis
2141 5227 2408 5281 indicatu-

863 5331 987 5367 rum
1036 5314 1152 5368 sedi
1201 5314 1620 5376 se'rcnuntiarc,
1649 5334 1713 5370 ac
1740 5318 1962 5372 liberam
1993 5319 2196 5387 synodo
2232 5318 2404 5371 lactu-

864 5420 986 5461 rum
1034 5403 1100 5457 ad
1145 5418 1338 5456 novam
1375 5408 1693 5472 patriarcha
1733 5406 2051 5460 electionem
2082 5407 2406 5474 procedendi

860 5502 1206 5566 potestatem.
1242 5491 1341 5548 llic
1372 5497 1676 5548 necessario
1708 5497 1773 5548 de
1801 5496 2021 5563 antiqua
2055 5495 2226 5548 forma
2258 5493 2410 5548 inau-

860 5583 1165 5656 gurationis
1189 5583 1566 5654 episcoporum
1601 5584 1954 5651 repetendum
1975 5599 2004 5636 e
2043 5583 2408 5637 monumentis

858 5674 1242 5729 ccclesiasticis
1268 5671 1470 5740 aliquid
1510 5681 1618 5726 est.
1649 5672 1885 5725 Primum
1926 5685 2106 5729 autem
2135 5674 2406 5728 admoneo

863 5767 1311 5822 (JllSltCilMllﬂClIl
1345 5765 1601 5822 Ecclesia:
1645 5763 1873 5828 Latiam,
1908 5765 2044 5819 utin
2079 5767 2197 5819 aliis
2231 5765 2404 5836 pluri-

2464 4621 2467 4624 -
2514 4606 2644 4660 ergo
2673 4590 2955 4658 ἄμπουλλα
2986 4592 3207 4659 lampas,
3241 4601 3294 4644 et
3325 4581 3704 4660 μονάμπουὶῖον
3733 4592 4070 4645 instrumen-

2515 4691 2626 4734 tum
2654 4681 2929 4748 portatile,
2957 4682 3042 4735 cui
3077 4689 3220 4734 esset
3252 4697 3355 4734 una
3399 4681 3603 4748 lampas
3628 4681 3817 4735 indita.
3851 4679 4062 4734 Verum

2516 4771 2604 4824 ubi
2651 4771 2957 4840 patriarcha
3000 4771 3642 4839 Constantinopolitanus
3693 4771 4072 4838 inauguraba-

2517 4872 2622 4923 tur,
2653 4863 2783 4914 satis
2809 4862 3049 4930 prudens
3073 4863 3252 4930 quivis
3290 4861 3538 4928 intelligit
3569 4860 3775 4927 aliquid
3815 4862 3891 4913 illi
3927 4877 4069 4930 pra:-

2514 4951 2658 5018 cipui
2703 4951 2929 5004 honoris
2980 4966 3139 5019 supra
3197 4952 3486 5019 episcopos
3531 4949 3718 5002 haberi
3773 4951 4062 5007 debuisse.

2513 5042 2779 5094 Nimirum
2822 5043 2948 5095 huic
2997 5041 3284 5108 prodeunti
3329 5039 3393 5091 ad
3424 5041 3680 5106 populum
3711 5055 3816 5094 non
3852 5042 4064 5110 μονάμ-

2515 5133 2711 5184 που).ον
2756 5140 2850 5184 aut
2889 5131 3295 5199 μοψισάμδυλον
3324 5129 3734 5198 prmlercbatttr,
3786 5132 3878 5185 sed
3914 5134 4063 5202 quod

2516 5233 2700 5276 noster
2752 5222 2838 5275 hic
2887 5222 3043 5275 docet
3082 5231 3270 5274 auctor
3305 5221 3690 5289 6.6ip60ulav.
3729 5223 3798 5275 De
3829 5223 3932 5276 hoc
3969 5239 4064 5277 vo-

2513 5312 2705 5366 eabulo
2758 5310 2888 5378 quid
2953 5327 3050 5363 nos
3094 5310 3285 5363 doceat
3341 5309 3601 5373 Colinns,
3661 5311 3962 5366 videamus.
4014 5311 4064 5365 Is

2513 5405 2653 5470 libro
2712 5402 2787 5455 De
2844 5389 3053 5472 ofﬁciis,
3089 5416 3138 5455 c.
3178 5399 3242 5453 10
3290 5398 3357 5453 de
3409 5399 3599 5465 festis,
3659 5401 3788 5454 dum
3825 5399 4068 5470 explicat

2513 5495 2787 5566 quomodo
2827 5508 3019 5562 pompa
3076 5492 3441 5546 instrueretur
3491 5507 3597 5563 qua
3648 5493 3944 5560 imperator
3993 5490 4066 5546 ad

2512 5585 2899 5640 celebrandum
2927 5582 3129 5636 Christi
3166 5581 3349 5636 Natale
3389 5584 3576 5637 venire
3632 5581 3958 5650 admittique
4005 5583 4067 5636 in

2511 5676 2796 5730 ecclesiam
2851 5672 3077 5735 solebat,
3111 5673 3186 5724 ait
3218 5683 3462 5740 paratum
3515 5672 3787 5726 adstitisSc
3839 5672 4065 5738 lampa-

2513 5766 2719 5820 durium
2749 5782 2864 5818 cum
2907 5764 3200 5816 tlibambulJ
3235 5781 3389 5816 aureo
3427 5765 3478 5816 in
3514 5756 3692 5816 ηιιίηα.
3727 5762 3902 5817 Verba
3928 5773 4063 5817 sunt
