4194 6444
180 446 289 508 733

1473 445 1971 509 GLCSSARIUM.

3267 459 3374 526 73!-

179 557 383 612 Codini
412 573 428 609 :
462 554 846 625 Δαμπαδάριος
899 553 1116 623 κρατῶν
1164 556 1224 606 τὸ
1265 555 1494 623 χρυσοῦν
1534 556 1721 624 δισάμ-
1748 561 1795 615 Α
1824 569 1835 607 :

1718 585 1721 595 ι
1748 561 1795 615 Α
1824 565 1982 608 antea
2014 554 2147 608 solis
2173 555 2434 625 Augustis
2467 565 2775 615 reservatus
2824 558 3013 623 honos)
3049 571 3171 615 ante
3225 566 3374 632 ipsos

180 646 397 699 ϐουλον.
422 645 560 711 Quid
585 646 658 698 ita
682 660 833 709 vero,
863 645 968 698 nisi
1004 646 1131 713 quia
1164 644 1307 699 hunc
1336 646 1529 713 praire
1559 661 1721 714 oporo

180 733 333 788 tehat
363 748 686 801 processum
712 750 808 803 per
852 735 1107 803 templum
1149 737 1426 804 Augusto?
1472 736 1623 801 Quod
1649 737 1719 797 si.

181 833 240 876 ut
264 822 524 886 vidimus,
553 825 980 891 μονοὸἀμεουλον
998 832 1271 893 gestamen
1289 835 1408 879 erat
1425 827 1725 894 lampadem

178 912 403 966 unicam
430 914 687 969 insertam
717 916 940 978 habens,
961 916 1091 989 quid
1125 926 1287 970 restat
1316 918 1420 970 nisi
1456 928 1513 970 ut
1534 920 1726 983 διϐάιμ-

179 1001 374 1054 6ουλον
404 1004 767 1069 intelligamus
792 1014 883 1058 aut
916 1004 1179 1058 lucernam
1215 1005 1381 1060 fuisse
1421 1008 1725 1077 bilychnent,

177 1092 361 1158 qualis
417 1094 665 1147 meminit
718 1095 1005 1149 Petronius
1056 1097 1110 1149 itt
1167 1113 1341 1163 nuper
1389 1098 1536 1151 edito
1588 1101 1726 1168 [rage

179 1190 369 1232 mento
398 1181 770 1251 Traguriensi,
814 1195 908 1237 ant
962 1186 1377 1240 instrumentum
1421 1183 1563 1242 aliud
1612 1191 1729 1241 bifi-

178 1271 309 1322 dum
344 1271 395 1324 in
423 1272 642 1333 duobus
683 1275 805 1327 hinc
838 1275 963 1329 inde
990 1280 1260 1345 protensis
1289 1280 1453 1332 rantis
1482 1283 1725 1347 geminas

179 1359 461 1426 lampades
512 1364 763 1416 ardentes
811 1364 1061 1417 habens?
1102 1366 1239 1420 Sane
1272 1370 1726 1436 opportunissime

176 1448 241 1499 ad
261 1450 402 1502 hanc
419 1466 529 1503 rem
560 1454 809 1505 admonet
831 1454 1130 1517 llalsanton,
1160 1456 1726 1524 imperatori,quando

178 1534 231 1585 in
263 1538 706 1591 solemnitatibus
752 1541 1043 1595 accethbat
1089 1545 1153 1595 ad
1205 1547 1511 1605 ecclesiam,
1543 1546 1723 1614 dupli-

176 1638 294 1675 cem
356 1625 659 1693 lampadem
711 1628 947 1694 praeferri
992 1634 1373 1696 consuevisse;
1420 1635 1723 1688 ministrum

174 1728 397 1780 quoque
431 1726 752 1782 gestatorem
786 1722 902 1788 ejus
953 1720 1181 1787 duplicis
1230 1724 1489 1789 lampadis
1520 1726 1726 1788 lampa~

174 1794 394 1857 dorium
452 1820 723 1860 vocatum.
763 1810 929 1877 Igitur
955 1813 1097 1877 quod
1129 1812 1337 1864 leino
1371 1816 1723 1869 dibambulum

174 1908 397 1946 aureum
437 1897 664 1958 dicitur,
688 1914 782 1951 vas
814 1910 895 1952 est
934 1902 1085 1969 juxta
1113 1902 1480 1957 lialsatnnncm
1514 1911 1723 1973 gemina

176 1983 432 2051 lampade
487 1987 713 2055 insigne.
750 1989 923 2054 Quare
976 1993 1058 2045 his
1114 1997 1427 2047 auctoribus
1462 2012 1565 2050 non
1600 2013 1728 2050 sane

171 2072 279 2139 jam
307 2074 605 2129 reformido
630 2078 743 2131 falsi
770 2081 940 2131 dicant
968 2084 1255 2149 impingere
1284 2085 1469 2136 Latino
1497 2086 1729 2140 Phrant-

175 2177 267 2221 ue,
302 2165 607 2218 dibambulo
637 2184 730 2233 per
760 2174 955 2221 atrium
984 2178 1296 2239 exponenti.
1331 2176 1542 2228 [tinam
1572 2181 1725 2245 cupiit

175 2250 505 2319 inspiciendi
558 2257 777 2309 daretur
819 2261 1091 2329 archetypi
1142 2274 1439 2317 contextus.
1497 2266 1725 2330 Quaesivi

173 2338 269 2392 diu
334 2350 391 2394 et
457 2343 706 2406 sollicite.
762 2348 854 2399 sed
907 2347 1125 2403 frustra.
1161 2349 1386 2407 Conﬁdo
1442 2364 1621 2409 tamen
1672 2358 1725 2411 in

173 2430 386 2495 Grrca,
418 2435 463 2487 si
514 2435 719 2504 uspiam
748 2449 943 2504 exstet,
976 2444 1223 2496 oratione
1268 2446 1469 2499 nullam
1509 2465 1729 2516 prorsus

172 2522 341 2593 672
366 2527 737 2593 reperiendam
760 2532 883 2582 atrii
919 2534 1264 2589 mentionem.
1286 2538 1352 2590 Et
1368 2539 1509 2606 quod
1529 2540 1731 2594 Phran-

178 2622 298 2668 tzes
343 2617 642 2669 dibambulo
699 2620 750 2671 in
796 2620 986 2686 plurali
1036 2625 1233 2690 posuit,
1264 2626 1564 2695 signiﬁcare
1601 2638 1729 2696 puto

178 2707 425 2759 voluisse
460 2709 672 2776 gemina
696 2712 1007 2764 candelabri
1043 2714 1283 2774 brachia.
1310 2734 1541 2784 quorum
1573 2735 1724 2772 suam

177 2795 613 2864 unumquodque
663 2798 963 2853 sustineret
1015 2802 1337 2871 lampadem.
1390 2804 1522 2871 Quis
1577 2808 1723 2861 enim

176 2894 343 2953 neget
376 2896 599 2955 perapte
642 2888 836 2941 cadere
886 2903 1102 2943 sensum
1133 2892 1294 2947 istum
1325 2895 1378 2949 in
1409 2896 1522 2952 haec
1560 2890 1723 2953 verba

173 2992 291 3028 cum
322 2976 655 3044 lampadibus
690 2978 760 3030 ad
796 2979 1139 3036 dibambulo?

241 3070 461 3139 Opponi
496 3072 759 3127 adversus
802 3073 913 3128 base
955 3086 1137 3143 posset
1184 3090 1248 3129 ex
1299 3077 1458 3131 modo
1508 3078 1726 3133 laudato

1828 654 2039 713 portata
2086 647 2367 713 conspicui
2432 648 2779 701 ambularent
2836 650 2891 701 in
2945 652 3174 704 ecclesia
3203 694 3216 715 ,
3259 663 3369 707 tam

1827 733 2000 800 prima
2031 734 2317 801 potestatis
2353 736 2700 801 usurpatione
2752 752 2911 802 quant
2947 738 3223 805 deinceps.
3257 740 3369 794 Eli-

1828 832 1918 890 gat
1975 824 2139 891 igitur
2197 840 2384 891 equus
2441 824 2607 877 lector
2668 836 2847 879 utrum
2901 830 3070 890 malit,
3096 836 3174 881 "an
3211 840 3366 883 :rtatc

1826 929 2046 981 quinque
2077 914 2414 969 lialsantonis
2459 917 3092 984 Constantintqtolitanos
3125 920 3205 986 il‘.
3238 920 3366 991 $72]

1826 1004 2163 1068 patriarchas
2206 1005 2256 1056 in
2309 1007 2480 1073 prima
2536 1008 2945 1059 consecratione
2999 1023 3123 1060 usos
3157 1010 3367 1064 dibam-

1827 1093 1976 1153 bulo,
2018 1094 2069 1145 in
2106 1095 2332 1161 reliquo,
2367 1096 2529 1147 etiam
2576 1098 2972 1165 solem-sitalnm
3021 1113 3363 1165 magnarum,

1827 1198 1923 1250 per
1958 1185 2241 1252 ecclesiam
2296 1185 2511 1239 incessu
2573 1188 2991 1239 nionobambulo
3041 1201 3362 1248 contentus:

1826 1289 1892 1325 an
1927 1284 2177 1326 neutrum
2233 1274 2358 1325 dum
2415 1276 2696 1329 lialsamon
2749 1279 3013 1329 scriberet
3043 1294 3359 1329 com-essunt

1828 1366 1978 1431 ipsis,
2010 1377 2321 1431 utrumque,
2354 1378 2445 1418 aut
2481 1369 2667 1419 saltem
2700 1369 2873 1437 prius,
2908 1380 3032 1423 ante
3079 1370 3213 1421 haue
3243 1372 3363 1422 edi-

1827 1466 1933 1509 tam
1966 1472 1993 1507 a
2026 1457 2117 1508 Pal
2138 1456 2359 1526 hytnerc
2388 1457 2669 1509 historiam
2702 1458 3007 1524 Byzantinis
3037 1459 3201 1511 fuisse
3233 1459 3368 1510 anti-

1824 1548 2044 1599 stitibus
2070 1562 2165 1614 per
2207 1562 2334 1599 suos
2370 1548 2642 1616 principes
2690 1548 2975 1601 indultum.
3002 1547 3366 1601 Conﬁrmatur

1827 1638 1978 1703 prior
2019 1639 2301 1705 responsio
2340 1654 2404 1689 ex
2433 1654 2497 1690 eo
2538 1638 2679 1705 quod
2712 1639 2783 1689 ait
2822 1637 3128 1698 Balsamon,
3156 1640 3371 1704 episcoo

1828 1727 1909 1793 pis
1938 1736 2134 1791 prteter
2159 1727 2516 1795 patriarcham
2539 1736 2593 1779 et
2620 1740 2814 1793 paucos
2832 1726 3029 1777 eximie
3054 1726 3369 1789 honoratos,

1830 1826 1887 1867 ut
1921 1816 2082 1884 Cypri
2122 1826 2175 1869 et
2205 1815 2462 1884 Bulgaria:
2494 1817 2963 1885 archiepiscopus,
3008 1816 3175 1868 fuisse
3206 1825 3366 1880 cxte-

1831 1905 1903 1955 ris
1951 1915 2194 1970 negatam
2240 1905 2292 1955 in
2351 1919 2603 1971 processu
2638 1921 2732 1971 per
2761 1906 3061 1965 ecclesiam,
3106 1904 3364 1957 solemni-

1830 1992 1930 2043 bus
1960 1994 2120 2044 etiam
2177 1993 2389 2054 diebus,
2434 1994 2591 2045 unius
2647 1994 3014 2060 prmlationem
3068 1994 3367 2059 lampadis;

1829 2098 1929 2147 qua
1979 2091 2154 2135 tamen
2194 2083 2314 2135 illos
2371 2084 2424 2134 in
2482 2083 2655 2151 prima
2710 2083 2901 2136 saltem
2958 2085 3371 2153 inanguratioue

1828 2171 1990 2222 fuisse
2038 2172 2421 2224 euhonestatos
2473 2173 2555 2223 vix
2616 2181 2791 2240 potest
2832 2172 2902 2223 ob
2936 2173 3191 2239 superius
3225 2172 3370 2224 dicta

1827 2260 2084 2313 dubitari.
2134 2261 2332 2339 Quidni
2378 2276 2511 2329 ergo
2562 2262 2642 2314 sic
2693 2261 2906 2313 dicatur
2943 2262 3008 2313 de
3064 2263 3371 2327 patriarcha

1828 2352 2141 2418 quoque.in
2176 2352 2345 2418 prima
2405 2352 2479 2403 illi
2534 2350 2954 2419 inauguratione
2992 2348 3368 2403 dibambnlum

1828 2458 2183 2505 concessum;
2228 2444 2279 2496 in
2324 2445 2550 2512 reliquis
2598 2445 2941 2497 caeremoniis
2980 2444 3371 2496 monobambu-

1828 2533 1940 2587 lum
1997 2534 2304 2587 duntaxat?
2337 2534 2601 2603 Superest
2644 2545 2706 2587 ut
2759 2534 3124 2601 veriloquium
3177 2550 3310 2586 vocu
3339 2551 3368 2582 ιι

1830 2625 2051 2676 istarum
2102 2624 2264 2693 673
2318 2623 2751 2692 po-.06i;;.6ou).ov
2800 2635 2857 2677 et
2890 2622 3249 2689 διδὲμςουλον
3288 2625 3371 2673 in-

1829 2716 2127 2781 quiramus.
2169 2714 2305 2767 Puto
2331 2714 2583 2781 equidem
2627 2729 2655 2766 c
2691 2713 2882 2765 Latina
2905 2728 3033 2765 voce
3062 2712 3370 2763 obatubnlns

1829 2803 2047 2865 deduci,
2070 2813 2121 2856 et
2151 2813 2206 2855 ut
2234 2818 2370 2865 rem,
2408 2807 2476 2855 ita
2505 2818 2699 2878 nomen
2732 2803 2784 2855 in
2803 2804 2979 2855 aulam
3010 2801 3189 2855 llomzc
3219 2816 3375 2854 novre

1824 2908 1856 2946 e
1902 2893 2072 2945 veteri
2120 2894 2403 2961 migrasse.
2456 2892 2513 2946 ln
2566 2894 2743 2947 aulam
2775 2892 2919 2955 dico,
2960 2907 3069 2945 non
3104 2892 3156 2943 in
3191 2891 3371 2944 eccle-

1826 2982 1985 3037 siam.
2015 2983 2145 3036 Nam
2175 2982 2515 3048 pradationes
2551 2981 2861 3050 lampadem
2891 2984 3163 3051 episcopis
3196 2994 3370 3049 usque

1827 3073 1895 3128 ab
1935 3074 2251 3144 apostolicis
2296 3074 2351 3128 in
2393 3075 2517 3129 Asia
2578 3075 2806 3127 usitatas
2860 3073 3196 3141 temporibus
3233 3072 3370 3126 scio.

175 3161 517 3225 Balsamone,
549 3162 877 3232 singularem
923 3166 1274 3234 imperatoris
1304 3167 1469 3221 fuisse
1518 3186 1720 3237 prtero-
1752 3170 1795 3226 C
1828 3207 1831 3217 ι

1715 3170 1795 3226 .c
1828 3165 2082 3231 Augustis
2126 3165 2346 3233 quidem
2404 3167 2582 3234 ignem
2647 3166 2925 3231 prmlatum
2983 3164 3136 3232 prius
3185 3162 3371 3217 Romae

172 3253 415 3321 gativam
477 3255 691 3321 praviis
742 3253 953 3309 duabus
1008 3272 1103 3323 per
1157 3258 1441 3312 ecclesiam
1474 3259 1725 3315 incedere

173 3342 545 3413 lampadibus,
584 3344 761 3412 qualis
804 3360 906 3400 nec
938 3347 1259 3414 patriarcha:
1288 3363 1351 3402 ac
1382 3364 1450 3402 ne
1480 3347 1581 3416 ipsi
1606 3352 1728 3418 qui-

173 3432 299 3486 dem
333 3431 667 3502 imperatriei
695 3433 1058 3489 tribuebatur.
1093 3433 1187 3488 His
1212 3434 1357 3490 enim
1400 3436 1568 3491 tradit
1608 3436 1730 3492 Bal-

173 3537 372 3578 snmon
393 3522 636 3596 singulas
668 3533 874 3579 tantunt
919 3523 1157 3593 praeferri
1204 3526 1395 3579 solitas
1433 3528 1726 3595 lampades.

172 3607 255 3663 Ad
284 3609 396 3663 hoc
421 3609 619 3680 duplex
652 3613 935 3680 responsio
959 3628 1075 3665 mea
1097 3622 1201 3665 est.
1238 3612 1399 3666 Prior
1422 3628 1436 3665 :
1474 3630 1578 3667 non
1606 3631 1727 3668 om-

174 3700 266 3752 nia
297 3714 424 3767 qua'.
456 3701 650 3769 primis
696 3703 955 3770 auspiciis
1005 3702 1257 3755 ineundae
1292 3703 1574 3771 dignitatis
1609 3705 1728 3769 qui-

176 3788 408 3844 busdam
444 3791 847 3859 magistratibus
900 3790 1137 3861 legitime
1194 3792 1484 3856 dabantur,
1535 3794 1726 3849 eadem

176 3880 370 3935 itidem
407 3881 729 3949 quotidiano
755 3882 875 3936 vita:
911 3898 1010 3937 usu
1037 3884 1252 3945 ,tribui.
1293 3882 1436 3950 Quot
1466 3901 1727 3941 caeremo-

174 3973 279 4026 nize
343 3971 811 4041 imperatoribus,
863 3974 1125 4044 regibus,
1206 3975 1328 4029 aliis
1384 3976 1729 4046 principibus

179 4064 577 4131 inaugurandis
640 4064 1011 4123 adhibentur.
1072 4081 1207 4133 quas
1260 4066 1409 4120 nefas
1455 4076 1539 4119 est
1586 4068 1727 4120 ultra

178 4151 333 4205 illum
374 4151 519 4204 diem
565 4152 772 4221 repeti?
800 4153 889 4207 Sic
918 4165 971 4207 et
1007 4155 1059 4206 itt
1097 4154 1417 4221 patriarehis
1460 4154 1729 4210 Constan-

177 4241 559 4308 tinopolitanis
614 4242 923 4295 institutnnt
980 4243 1148 4297 fuisse
1205 4247 1381 4312 potuit
1430 4255 1488 4298 ut
1553 4247 1727 4313 prima

176 4330 446 4383 duntaxat
507 4331 850 4386 ordinatione
902 4332 1220 4386 dibambulo
1276 4334 1725 4399 bonorarentur,

178 4422 390 4489 reliqua
430 4422 540 4476 vita
585 4439 708 4476 cum
776 4424 1061 4492 prodirent
1119 4440 1213 4493 per
1267 4425 1575 4486 ecclesiam,
1617 4441 1724 4478 non

1824 3269 1985 3322 quam
2014 3254 2489 3324 Consuntinopoli
2525 3256 2678 3309 fateri
2722 3268 2941 3309 necesse
2980 3266 3085 3313 est.
3112 3269 3238 3307 eum
3260 3254 3371 3323 jam

1823 3345 2101 3401 Commodi
2132 3355 2291 3401 aetate
2346 3347 2589 3400 solemne
2620 3346 2803 3399 Romae
2851 3352 2997 3399 esset
3031 3345 3210 3413 ignem
3264 3345 3373 3397 Au-

1826 3438 1997 3507 gustis
2038 3438 2302 3505 prml'erri.
2344 3436 2703 3501 Herodianus,
2734 3437 2772 3489 l.
2814 3452 2830 3488 t
2857 3452 2871 3486 :
2903 3435 3172 3490 Λουκίλὶα
3204 3430 3273 3503 ἦν
3295 3433 3379 3499 τῷ

1828 3529 2098 3597 Κομμόδῳ
2141 3529 2489 3595 πρςσὸυτὰτη
2525 3529 2739 3581 πάντων
2778 3527 3003 3592 ἀδελφή.
3044 3526 3195 3592 Α’ὑτη
3230 3523 3366 3589 πρό-

1826 3633 1980 3683 τερον
2008 3618 2219 3684 Λουκξῳ
2269 3617 2429 3685 Βήρῳ
2474 3617 2838 3683 αὐτοκράτορι
2874 3612 3202 3681 συνῴκει....
3252 3610 3370 3664 ἀλλ’

1826 3707 1947 3759 tiret
1983 3708 2177 3775 συνέϐη
2220 3707 2311 3759 τὸν
2348 3707 2573 3760 Λούκιον
2618 3708 2960 3774 τελευτῆσαι,
3009 3705 3276 3770 μενόντων
3304 3705 3372 3770 τῇ

1828 3798 2090 3867 Λουκίλλῃ
2124 3796 2219 3865 τῆς
2273 3797 2543 3867 βασιλείας
2598 3796 2922 3867 συμϐόλων,
2981 3795 3312 3864 ιιομπτιῖανῷ
3346 3796 3375 3846 ὸ

1828 3886 2004 3955 πατὴρ
2038 3886 2204 3957 αὐτὴν
2250 3886 2479 3951 ἐξέδοτο.
2515 3886 2681 3939 Οὐδὲν
2735 3880 2898 3955 ἦττον
2942 3884 3123 3951 μέντοι
3158 3885 3184 3934 ὁ
3223 3884 3373 3949 Κόμ-

1831 3974 1986 4041 μοδος
2019 3975 2278 4041 ἐφύλαττε
2314 3975 2409 4036 τὰς
2452 3976 2613 4042 τιμὰς
2644 3978 2709 4044 τῇ
2738 3975 2959 4040 ἀδελφῇ·
2990 3973 3083 4024 καὶ
3128 3975 3237 4038 γὰρ
3277 3971 3371 4022 ἐπὶ

1827 4064 1919 4116 τοῦ
1961 4064 2230 4133 βατιλείου
2267 4064 2456 4129 ορὲνου
2491 4065 2725 4131 καθῆστο
2754 4067 2813 4114 ἐν
2838 4066 2943 4124 τοῖς
2971 4064 3241 4131 θεάτροις,
3278 4062 3371 4113 καὶ

1826 4154 1887 4205 τὸ
1940 4154 2049 4222 πῦρ
2091 4154 2508 4221 προιπόμπευεν
2542 4153 2729 4220 αὐτῆς.
2768 4153 2847 4208 En
2886 4152 3229 4207 llerodiattus
3260 4155 3372 4206 Au-

1827 4247 1998 4314 gustis
2046 4246 2227 4297 llome
2279 4245 2671 4314 imperantibus
2704 4254 2850 4299 tanto
2888 4257 3013 4298 ante
3050 4245 3367 4298 Constanti-

1828 4354 1955 4390 num
1988 4346 2043 4391 et
2077 4340 2340 4392 uxoribus
2368 4354 2557 4391 eorum
2591 4340 2768 4406 ignem
2793 4355 3005 4406 quaqua
3049 4338 3367 4392 incederent

1829 4429 2104 4493 praelatum
2148 4427 2342 4491 docet,
2397 4439 2450 4482 et
2493 4430 2574 4499 (ut
2625 4430 2725 4482 hoc
2786 4430 2964 4482 obiter
3021 4428 3371 4495 admoneam)

176 4511 279 4561 nisi
314 4512 794 4565 monobambulutn
831 4516 960 4580 ipsis
990 4515 1229 4582 praeiret,
1262 4523 1320 4565 ut
1356 4515 1540 4568 multis
1565 4514 1721 4567 hodie
1752 4507 1801 4565 Ι)
1827 4516 1972 4567 solus
1995 4514 2172 4580 docet,
2216 4534 2282 4570 tte
2317 4518 2580 4569 miremur
2610 4519 2678 4568 ab
2709 4533 2817 4569 uno
2842 4516 3113 4568 interdum
3147 4526 3369 4569 auctore

175 4599 455 4668 episcopis
501 4601 674 4669 primo
707 4603 951 4669 ingressu
1003 4604 1055 4654 in
1110 4604 1275 4655 urbes
1316 4619 1444 4658 suas
1481 4604 1725 4656 utnbellm

179 4689 448 4744 honorem
483 4690 599 4743 dari
632 4692 898 4753 videmus,
945 4694 1033 4759 qui
1085 4703 1268 4761 poslea
1303 4706 1547 4757 negatur.
1578 4697 1727 4747 Alte.-

175 4798 230 4834 ra
265 4799 280 4835 :
312 4783 448 4836 satis
474 4798 725 4850 magnum
760 4797 879 4835 esse
909 4783 1200 4835 discrimen
1230 4785 1368 4835 inter
1396 4784 1727 4838 Balsamonis

173 4878 228 4923 et
280 4871 633 4940 Pachymeris
673 4882 906 4925 aatatem.
958 4871 1089 4924 Nam
1142 4882 1358 4924 centum
1419 4888 1531 4925 tere
1570 4874 1727 4924 annis

176 4960 466 5015 Balsamon
516 4963 841 5031 Paehymere
876 4962 1148 5038 antiquior
1180 4970 1282 5013 est.
1319 4962 1393 5014 Eo
1424 4972 1601 5015 autem
1645 4964 1727 5015 itt-

178 5053 408 5106 tervallo
439 5054 609 5107 multa
646 5063 860 5107 constat
906 5055 958 5106 in
1006 5053 1421 5119 magistratuum
1464 5055 1727 5108 ecclesia-

175 5144 443 5199 SIicorum
479 5155 529 5197 et
554 5146 896 5199 sreularium
933 5146 1302 5214 prmrogativis
1335 5155 1388 5198 et
1422 5147 1726 5201 honoribus

173 5233 343 5288 fuisse
383 5235 685 5287 immutata.
712 5236 866 5290 Unde
899 5252 1126 5302 pronum
1166 5246 1249 5289 est
1278 5236 1485 5290 credito
1534 5238 1599 5289 ab
1630 5239 1728 5291 im-

175 5325 523 5394 peratoribus
565 5323 945 5389 scltismatieis,
990 5342 1146 5378 suum
1179 5326 1729 5393 Constantinopolita-

176 5430 305 5468 num
352 5417 606 5467 thronum
654 5414 720 5466 ad
763 5416 1016 5469 invidiam
1050 5428 1105 5469 et
1138 5418 1539 5483 depressionetn
1564 5418 1723 5469 etiam

176 5506 426 5557 omnium
461 5505 618 5573 primi
664 5504 890 5558 Romani
925 5505 1208 5559 ambitiose
1237 5506 1483 5557 attollere
1513 5515 1723 5557 certan-

176 5593 345 5648 tibus.
378 5593 535 5647 facile
590 5594 692 5647 isto
737 5594 910 5660 spatio
943 5609 1260 5646 concessum
1300 5604 1378 5655 ut,
1410 5610 1530 5643 cum
1565 5604 1724 5645 antea

178 5685 344 5738 unius
371 5684 685 5750 przelatione
737 5684 999 5750 lampadis
1034 5682 1351 5749 patriarchze
1384 5682 1723 5734 honor-aren-

179 5783 289 5837 tur,
320 5771 580 5840 deinecps
644 5770 879 5841 bilycltni
932 5786 1148 5840 quoque
1192 5772 1411 5825 lucerna
1451 5772 1561 5837 (qui
1608 5780 1723 5824 erat

1828 4607 2031 4673 scripto
2055 4614 2235 4658 notata
2268 4608 2494 4671 reperiri
2526 4607 2768 4673 quaedam
2809 4607 2936 4657 oli'u
2984 4622 3080 4656 usu
3111 4608 3371 4672 vulgatis-

1827 4697 1958 4746 sinm
2011 4696 2236 4763 ideoque
2268 4698 2410 4763 quod
2464 4706 2591 4749 tunc
2626 4708 2808 4750 essent
2844 4697 3125 4749 notissima
3175 4698 3373 4750 litteris

1826 4785 2177 4836 scribentium
2208 4801 2312 4837 non
2346 4800 2619 4853 expressa.
2646 4786 2733 4839 Sic
2773 4786 2938 4838 inisse
2984 4786 3034 4837 in
3073 4801 3169 4836 usu
3197 4801 3367 4851 ιιιιιιι-

1826 4872 1947 4925 dant
1974 4882 2027 4925 et
2067 4875 2242 4942 pretio
2274 4877 2560 4943 quem-lant
2608 4875 2868 4926 honorem
2906 4875 3091 4928 biscllii
3121 4884 3368 4927 vocatum

1827 4967 2009 5030 (quem
2062 4972 2144 5015 est
2190 4964 2480 5016 verisimde
2519 4964 2679 5015 situm
2737 4964 2902 5017 fuis~e
2948 4966 2999 5015 in
3056 4962 3369 5030 przelatiune

1825 5052 1955 5101 sedis
2010 5054 2226 5119 gemina:
2274 5053 2545 5118 aliquibus
2596 5053 2793 5104 csitnic
2838 5053 3115 5114 concessa)
3162 5065 3228 5101 ex
3261 5066 3366 5105 una

1827 5156 1998 5209 nuper
2071 5142 2338 5209 exscripta
2395 5153 2450 5195 et
2500 5143 2710 5211 vulgata
2773 5152 2982 5193 constat
3033 5157 3129 5207 per
3190 5143 3368 5196 virum

1827 5232 2198 5285 doctissimum
2247 5233 2688 5285 Chimentellium
2736 5231 2911 5286 Pisani
2965 5234 3249 5287 marmoris
3285 5234 3367 5285 in-

1828 5323 2146 5388 scriptione,
2184 5322 2410 5389 reliquis
2444 5339 2504 5375 ea
2544 5324 2609 5375 de
2643 5338 2697 5375 re
2727 5327 3011 5375 vetustatis
3043 5339 3364 5375 munumen-

1828 5416 1901 5465 tis
1940 5414 2245 5467 silentibus.
2278 5411 2429 5465 Unde
2461 5428 2554 5464 nec
2589 5414 2633 5464 si
2663 5413 2869 5481 primus
2903 5424 2958 5465 et
2986 5415 3131 5466 solus
3165 5415 3365 5481 Pachy-

1828 5519 2003 5555 nteres
2035 5507 2192 5555 istaut
2227 5504 2292 5555 de
2332 5520 2437 5567 qua
2480 5519 2621 5553 nunc
2663 5504 2873 5569 agimus
2926 5506 3221 5556 ιΙΗηιιιιισιιΙὶ
3268 5518 3366 5555 vo-

1827 5593 2019 5644 cabulo
2051 5592 2635 5658 designatumgemina:
2671 5593 2933 5659 lampadis
2974 5591 3095 5641 ante
3139 5594 3365 5655 patriar-

1825 5681 1979 5733 chant
2007 5681 2665 5751 Constantiuopolitanntn
2696 5684 3058 5750 pra‘laticm-m
3094 5685 3368 5738 ιιςυιιιιιιίιυ

1826 5771 2175 5838 prodidisset,
2213 5772 2395 5824 mirari
2443 5772 2680 5840 prudens
2728 5773 2885 5824 let-tet
2927 5780 3011 5821 aut
3058 5781 3365 5837 umectum
