  <div class='ocr_page' id='page_1' title='image "/cluster/home/n/w/nwhite01/storage/ocr_20150623/144/nnc1.0046980792/387.png"; bbox 0 0 4194 6444; ppageno 0'>
   <div class='ocr_carea' id='block_1_1' title="bbox 756 451 863 514">
    <p class='ocr_par' dir='ltr' id='par_1_1' title="bbox 756 451 863 514">
     <span class='ocr_line' id='line_1_1' title="bbox 756 451 863 514; baseline 0 -17"><span class='ocrx_word' id='word_1_1' title='bbox 756 452 825 514; x_wconf 71' lang='lat'><strong>&#39;73</strong></span> <span class='ocrx_word' id='word_1_2' title='bbox 833 451 863 507; x_wconf 49' lang='grc' dir='ltr'><strong>ες)</strong></span> 
     </span>
    </p>
   </div>
   <div class='ocr_carea' id='block_1_2' title="bbox 1679 427 3070 498">
    <p class='ocr_par' dir='ltr' id='par_1_2' title="bbox 1679 427 3070 498">
     <span class='ocr_line' id='line_1_2' title="bbox 1679 427 3070 498; baseline -0.007 0"><span class='ocrx_word' id='word_1_3' title='bbox 1679 438 1743 498; x_wconf 86' lang='grc' dir='ltr'><strong>Ρ.</strong></span> <span class='ocrx_word' id='word_1_4' title='bbox 1786 434 2097 496; x_wconf 81' lang='lat' dir='ltr'><strong>POSSINI</strong></span> <span class='ocrx_word' id='word_1_5' title='bbox 2134 427 2783 491; x_wconf 72' lang='lat' dir='ltr'><strong>OBSERVATIO‘NUM</strong></span> <span class='ocrx_word' id='word_1_6' title='bbox 2830 430 2978 487; x_wconf 74' lang='lat' dir='ltr'><strong>LIB.</strong></span> <span class='ocrx_word' id='word_1_7' title='bbox 3027 430 3070 488; x_wconf 90' lang='lat' dir='ltr'><strong>l.</strong></span> 
     </span>
    </p>
   </div>
   <div class='ocr_carea' id='block_1_3' title="bbox 3906 420 4019 485">
    <p class='ocr_par' dir='ltr' id='par_1_3' title="bbox 3906 420 4019 485">
     <span class='ocr_line' id='line_1_3' title="bbox 3906 420 4019 485; baseline -0.044 0"><span class='ocrx_word' id='word_1_8' title='bbox 3906 420 4019 485; x_wconf 69' lang='grc'><strong>740</strong></span> 
     </span>
    </p>
   </div>
   <div class='ocr_carea' id='block_1_4' title="bbox 754 545 4024 631">
    <p class='ocr_par' dir='ltr' id='par_1_4' title="bbox 754 545 4024 631">
     <span class='ocr_line' id='line_1_4' title="bbox 754 545 4024 631; baseline -0.009 -13"><span class='ocrx_word' id='word_1_9' title='bbox 754 576 949 619; x_wconf 79' lang='lat' dir='ltr'><strong>omnes</strong></span> <span class='ocrx_word' id='word_1_10' title='bbox 971 572 1056 612; x_wconf 88' lang='lat' dir='ltr'><strong>me</strong></span> <span class='ocrx_word' id='word_1_11' title='bbox 1087 553 1408 624; x_wconf 84' lang='lat' dir='ltr'><strong>diligentius</strong></span> <span class='ocrx_word' id='word_1_12' title='bbox 1433 552 1705 622; x_wconf 76' lang='lat' dir='ltr'><strong>legerunt.</strong></span> <span class='ocrx_word' id='word_1_13' title='bbox 1748 549 1901 611; x_wconf 79' lang='lat' dir='ltr'><strong>Mihi,</strong></span> <span class='ocrx_word' id='word_1_14' title='bbox 1936 548 2037 602; x_wconf 87' lang='lat' dir='ltr'><strong>etsi</strong></span> <span class='ocrx_word' id='word_1_15' title='bbox 2072 545 2202 600; x_wconf 88' lang='lat' dir='ltr'><strong>alibi</strong></span> <span class='ocrx_word' id='word_1_16' title='bbox 2226 558 2334 597; x_wconf 89' lang='lat' dir='ltr'><strong>non</strong></span> <span class='ocrx_word' id='word_1_17' title='bbox 2370 550 2407 601; x_wconf 80' lang='grc' dir='ltr'><strong>Α</strong></span> <span class='ocrx_word' id='word_1_18' title='bbox 2443 563 2797 631; x_wconf 58' lang='lat' dir='ltr'><strong>marginalem</strong></span> <span class='ocrx_word' id='word_1_19' title='bbox 2860 564 3151 616; x_wconf 49' lang='lat' dir='ltr'><strong>lectionem</strong></span> <span class='ocrx_word' id='word_1_20' title='bbox 3203 562 3427 631; x_wconf 49' lang='lat' dir='ltr'><strong>lumbam</strong></span> <span class='ocrx_word' id='word_1_21' title='bbox 3484 560 3616 614; x_wconf 63' lang='lat' dir='ltr'><strong>mm;</strong></span> <span class='ocrx_word' id='word_1_22' title='bbox 3673 573 3739 611; x_wconf 56' lang='lat' dir='ltr'><strong>ex</strong></span> <span class='ocrx_word' id='word_1_23' title='bbox 3799 557 4024 609; x_wconf 49' lang='lat' dir='ltr'><strong>duabus</strong></span> 
     </span>
    </p>
   </div>
   <div class='ocr_carea' id='block_1_5' title="bbox 752 640 2335 713">
    <p class='ocr_par' dir='ltr' id='par_1_5' title="bbox 752 640 2335 713">
     <span class='ocr_line' id='line_1_5' title="bbox 752 640 2335 713; baseline -0.016 0"><span class='ocrx_word' id='word_1_24' title='bbox 752 652 1082 712; x_wconf 85' lang='lat' dir='ltr'><strong>occurrerit.</strong></span> <span class='ocrx_word' id='word_1_25' title='bbox 1125 664 1236 701; x_wconf 90' lang='lat' dir='ltr'><strong>non</strong></span> <span class='ocrx_word' id='word_1_26' title='bbox 1288 646 1391 701; x_wconf 83' lang='lat' dir='ltr'><strong>fuit</strong></span> <span class='ocrx_word' id='word_1_27' title='bbox 1429 644 1596 700; x_wconf 91' lang='lat' dir='ltr'><strong>dubia</strong></span> <span class='ocrx_word' id='word_1_28' title='bbox 1631 644 1750 713; x_wconf 91' lang='lat' dir='ltr'><strong>ejus</strong></span> <span class='ocrx_word' id='word_1_29' title='bbox 1786 641 1963 704; x_wconf 91' lang='lat' dir='ltr'><strong>notio,</strong></span> <span class='ocrx_word' id='word_1_30' title='bbox 2004 640 2195 708; x_wconf 93' lang='lat' dir='ltr'><strong>utique</strong></span> <span class='ocrx_word' id='word_1_31' title='bbox 2248 651 2335 689; x_wconf 89' lang='lat' dir='ltr'><strong>re-</strong></span> 
     </span>
    </p>
   </div>
   <div class='ocr_carea' id='block_1_6' title="bbox 755 730 2334 810">
    <p class='ocr_par' dir='ltr' id='par_1_6' title="bbox 755 730 2334 810">
     <span class='ocr_line' id='line_1_6' title="bbox 755 730 2334 810; baseline -0.014 -8"><span class='ocrx_word' id='word_1_32' title='bbox 755 744 1003 803; x_wconf 86' lang='lat' dir='ltr'><strong>cordanti</strong></span> <span class='ocrx_word' id='word_1_33' title='bbox 1072 741 1339 810; x_wconf 77' lang='grc' dir='ltr'>ἔγκλητον</span> <span class='ocrx_word' id='word_1_34' title='bbox 1393 738 1553 807; x_wconf 81' lang='grc' dir='ltr'>δίκην</span> <span class='ocrx_word' id='word_1_35' title='bbox 1618 734 1807 789; x_wconf 88' lang='lat' dir='ltr'><strong>vocari</strong></span> <span class='ocrx_word' id='word_1_36' title='bbox 1854 734 2009 787; x_wconf 91' lang='lat' dir='ltr'><strong>litem</strong></span> <span class='ocrx_word' id='word_1_37' title='bbox 2070 730 2138 785; x_wconf 85' lang='lat' dir='ltr'><strong>de</strong></span> <span class='ocrx_word' id='word_1_38' title='bbox 2175 730 2334 799; x_wconf 84' lang='lat' dir='ltr'><strong>cujus</strong></span> 
     </span>
    </p>
   </div>
   <div class='ocr_carea' id='block_1_7' title="bbox 753 827 2335 907">
    <p class='ocr_par' dir='ltr' id='par_1_7' title="bbox 753 827 2335 907">
     <span class='ocr_line' id='line_1_7' title="bbox 753 827 2335 907; baseline -0.01 -16"><span class='ocrx_word' id='word_1_39' title='bbox 753 840 958 907; x_wconf 78' lang='lat' dir='ltr'><strong>iudicio</strong></span> <span class='ocrx_word' id='word_1_40' title='bbox 1006 842 1357 905; x_wconf 87' lang='lat' dir='ltr'><strong>provocatum</strong></span> <span class='ocrx_word' id='word_1_41' title='bbox 1390 831 1493 895; x_wconf 83' lang='lat' dir='ltr'><strong>sit;</strong></span> <span class='ocrx_word' id='word_1_42' title='bbox 1538 838 1594 883; x_wconf 89' lang='lat' dir='ltr'><strong>et</strong></span> <span class='ocrx_word' id='word_1_43' title='bbox 1626 828 1806 882; x_wconf 89' lang='lat' dir='ltr'><strong>l‘orum</strong></span> <span class='ocrx_word' id='word_1_44' title='bbox 1839 827 1891 879; x_wconf 92' lang='lat' dir='ltr'><strong>in</strong></span> <span class='ocrx_word' id='word_1_45' title='bbox 1926 839 2036 894; x_wconf 90' lang='lat' dir='ltr'><strong>quo</strong></span> <span class='ocrx_word' id='word_1_46' title='bbox 2092 839 2158 878; x_wconf 86' lang='lat' dir='ltr'><strong>ex</strong></span> <span class='ocrx_word' id='word_1_47' title='bbox 2210 838 2335 892; x_wconf 91' lang='lat' dir='ltr'><strong>pro-</strong></span> 
     </span>
    </p>
   </div>
   <div class='ocr_carea' id='block_1_8' title="bbox 758 921 2160 994">
    <p class='ocr_par' dir='ltr' id='par_1_8' title="bbox 758 921 2160 994">
     <span class='ocr_line' id='line_1_8' title="bbox 758 921 2160 994; baseline -0.011 -11"><span class='ocrx_word' id='word_1_48' title='bbox 758 931 1045 985; x_wconf 78' lang='lat' dir='ltr'><strong>vocatione</strong></span> <span class='ocrx_word' id='word_1_49' title='bbox 1083 928 1440 994; x_wconf 74' lang='lat' dir='ltr'><strong>disceptatur,</strong></span> <span class='ocrx_word' id='word_1_50' title='bbox 1474 921 1742 989; x_wconf 65' lang='grc' dir='ltr'>ἕγκὶπιτον</span> <span class='ocrx_word' id='word_1_51' title='bbox 1782 921 2160 987; x_wconf 72' lang='grc' dir='ltr'><strong>δικαστήριον.</strong></span> 
     </span>
    </p>
   </div>
   <div class='ocr_carea' id='block_1_9' title="bbox 831 1010 2331 1087">
    <p class='ocr_par' dir='ltr' id='par_1_9' title="bbox 831 1010 2331 1087">
     <span class='ocr_line' id='line_1_9' title="bbox 831 1010 2331 1087; baseline -0.009 -14"><span class='ocrx_word' id='word_1_52' title='bbox 831 1025 1166 1087; x_wconf 56' lang='grc' dir='ltr'><strong>Ἔκφανσις</strong></span> <span class='ocrx_word' id='word_1_53' title='bbox 1214 1034 1267 1087; x_wconf 91' lang='lat' dir='ltr'><strong>p.</strong></span> <span class='ocrx_word' id='word_1_54' title='bbox 1326 1018 1446 1069; x_wconf 75' lang='lat' dir='ltr'><strong>H5.</strong></span> <span class='ocrx_word' id='word_1_55' title='bbox 1506 1015 1688 1069; x_wconf 84' lang='lat' dir='ltr'><strong>Verba</strong></span> <span class='ocrx_word' id='word_1_56' title='bbox 1756 1013 1869 1066; x_wconf 66' lang='lat' dir='ltr'><strong>hate</strong></span> <span class='ocrx_word' id='word_1_57' title='bbox 1918 1010 2239 1064; x_wconf 86' lang='lat' dir='ltr'><strong>referuntur</strong></span> <span class='ocrx_word' id='word_1_58' title='bbox 2269 1025 2331 1060; x_wconf 90' lang='lat' dir='ltr'><strong>ex</strong></span> 
     </span>
    </p>
   </div>
   <div class='ocr_carea' id='block_1_10' title="bbox 759 1100 2335 1177">
    <p class='ocr_par' dir='ltr' id='par_1_10' title="bbox 759 1100 2335 1177">
     <span class='ocr_line' id='line_1_10' title="bbox 759 1100 2335 1177; baseline -0.01 -11"><span class='ocrx_word' id='word_1_59' title='bbox 759 1124 906 1166; x_wconf 65' lang='lat' dir='ltr'><strong>temo</strong></span> <span class='ocrx_word' id='word_1_60' title='bbox 932 1109 1180 1177; x_wconf 85' lang='lat' dir='ltr'><strong>Gregorii</strong></span> <span class='ocrx_word' id='word_1_61' title='bbox 1215 1107 1423 1176; x_wconf 70' lang='lat' dir='ltr'><strong>Cyprii,</strong></span> <span class='ocrx_word' id='word_1_62' title='bbox 1457 1100 2049 1170; x_wconf 82' lang='lat' dir='ltr'><strong>Constantinopolitani</strong></span> <span class='ocrx_word' id='word_1_63' title='bbox 2102 1100 2335 1169; x_wconf 86' lang='lat' dir='ltr'><strong>patriar-</strong></span> 
     </span>
    </p>
   </div>
   <div class='ocr_carea' id='block_1_11' title="bbox 757 1191 2335 1268">
    <p class='ocr_par' dir='ltr' id='par_1_11' title="bbox 757 1191 2335 1268">
     <span class='ocr_line' id='line_1_11' title="bbox 757 1191 2335 1268; baseline -0.01 -11"><span class='ocrx_word' id='word_1_64' title='bbox 757 1204 872 1257; x_wconf 72' lang='lat' dir='ltr'><strong>cha:</strong></span> <span class='ocrx_word' id='word_1_65' title='bbox 899 1221 911 1256; x_wconf 92' lang='lat'>:</span> <span class='ocrx_word' id='word_1_66' title='bbox 943 1202 1003 1255; x_wconf 82' lang='lat' dir='ltr'><strong>El</strong></span> <span class='ocrx_word' id='word_1_67' title='bbox 1027 1201 1082 1251; x_wconf 77' lang='grc' dir='ltr'>δὲ</span> <span class='ocrx_word' id='word_1_68' title='bbox 1114 1198 1206 1251; x_wconf 67' lang='grc' dir='ltr'>καὶ</span> <span class='ocrx_word' id='word_1_69' title='bbox 1238 1198 1391 1268; x_wconf 63' lang='grc' dir='ltr'>παρὰ</span> <span class='ocrx_word' id='word_1_70' title='bbox 1412 1196 1489 1266; x_wconf 88' lang='grc' dir='ltr'>τῷ</span> <span class='ocrx_word' id='word_1_71' title='bbox 1516 1195 1959 1263; x_wconf 75' lang='grc' dir='ltr'><strong>Θεολογικωτὰτῳ</strong></span> <span class='ocrx_word' id='word_1_72' title='bbox 1988 1191 2335 1261; x_wconf 72' lang='grc' dir='ltr'><strong>Δαμασκηνῷ</strong></span> 
     </span>
    </p>
   </div>
   <div class='ocr_carea' id='block_1_12' title="bbox 758 1282 2336 1363">
    <p class='ocr_par' dir='ltr' id='par_1_12' title="bbox 758 1282 2336 1363">
     <span class='ocr_line' id='line_1_12' title="bbox 758 1282 2336 1363; baseline -0.007 -15"><span class='ocrx_word' id='word_1_73' title='bbox 758 1298 818 1349; x_wconf 70' lang='grc' dir='ltr'><strong>τὸ</strong></span> <span class='ocrx_word' id='word_1_74' title='bbox 860 1295 948 1347; x_wconf 78' lang='grc' dir='ltr'><strong>διὰ</strong></span> <span class='ocrx_word' id='word_1_75' title='bbox 972 1294 1132 1362; x_wconf 79' lang='grc' dir='ltr'>λόγου</span> <span class='ocrx_word' id='word_1_76' title='bbox 1167 1292 1392 1363; x_wconf 78' lang='grc' dir='ltr'>εὓρηται</span> <span class='ocrx_word' id='word_1_77' title='bbox 1438 1288 1751 1359; x_wconf 76' lang='grc' dir='ltr'><strong>προϐολεὺς,</strong></span> <span class='ocrx_word' id='word_1_78' title='bbox 1783 1288 1841 1339; x_wconf 83' lang='grc' dir='ltr'><strong>οὐ</strong></span> <span class='ocrx_word' id='word_1_79' title='bbox 1880 1287 1977 1357; x_wconf 71' lang='grc' dir='ltr'><strong>τὴν</strong></span> <span class='ocrx_word' id='word_1_80' title='bbox 2008 1289 2085 1349; x_wconf 82' lang='grc' dir='ltr'><strong>εἰς</strong></span> <span class='ocrx_word' id='word_1_81' title='bbox 2116 1286 2175 1338; x_wconf 81' lang='grc' dir='ltr'><strong>τὸ</strong></span> <span class='ocrx_word' id='word_1_82' title='bbox 2200 1282 2336 1337; x_wconf 75' lang='grc' dir='ltr'>εἶναι</span> 
     </span>
    </p>
   </div>
   <div class='ocr_carea' id='block_1_13' title="bbox 758 1376 2336 1456">
    <p class='ocr_par' dir='ltr' id='par_1_13' title="bbox 758 1376 2336 1456">
     <span class='ocr_line' id='line_1_13' title="bbox 758 1376 2336 1456; baseline -0.008 -15"><span class='ocrx_word' id='word_1_83' title='bbox 758 1388 1016 1456; x_wconf 73' lang='grc' dir='ltr'><strong>κιοαρῶς</strong></span> <span class='ocrx_word' id='word_1_84' title='bbox 1063 1386 1155 1437; x_wconf 76' lang='grc' dir='ltr'>τοῦ</span> <span class='ocrx_word' id='word_1_85' title='bbox 1216 1383 1529 1451; x_wconf 75' lang='grc' dir='ltr'>Πνεύματος</span> <span class='ocrx_word' id='word_1_86' title='bbox 1570 1380 1798 1449; x_wconf 68' lang='grc' dir='ltr'>πρόοδον</span> <span class='ocrx_word' id='word_1_87' title='bbox 1952 1376 2095 1440; x_wconf 77' lang='grc' dir='ltr'><strong>λέξις</strong></span> <span class='ocrx_word' id='word_1_88' title='bbox 2142 1377 2336 1445; x_wconf 72' lang='grc' dir='ltr'>δηλοῦν</span> 
     </span>
    </p>
   </div>
   <div class='ocr_carea' id='block_1_14' title="bbox 762 1471 2339 1544">
    <p class='ocr_par' dir='ltr' id='par_1_14' title="bbox 762 1471 2339 1544">
     <span class='ocr_line' id='line_1_14' title="bbox 762 1471 2339 1544; baseline -0.004 -12"><span class='ocrx_word' id='word_1_89' title='bbox 762 1479 1029 1541; x_wconf 79' lang='grc' dir='ltr'><strong>βούλεται,</strong></span> <span class='ocrx_word' id='word_1_90' title='bbox 1067 1478 1201 1530; x_wconf 70' lang='grc' dir='ltr'>ἀλλὰ</span> <span class='ocrx_word' id='word_1_91' title='bbox 1237 1475 1334 1544; x_wconf 81' lang='grc' dir='ltr'><strong>τὴν</strong></span> <span class='ocrx_word' id='word_1_92' title='bbox 1378 1476 1457 1535; x_wconf 76' lang='grc' dir='ltr'><strong>εἰς</strong></span> <span class='ocrx_word' id='word_1_93' title='bbox 1500 1474 1672 1527; x_wconf 76' lang='grc' dir='ltr'><strong>ἀΐδιον</strong></span> <span class='ocrx_word' id='word_1_94' title='bbox 1698 1471 2104 1541; x_wconf 51' lang='grc' dir='ltr'><strong>ἔκφαπινλίυιῐι</strong></span> <span class='ocrx_word' id='word_1_95' title='bbox 2140 1472 2339 1540; x_wconf 75' lang='lat' dir='ltr'><strong>Saepius</strong></span> 
     </span>
    </p>
   </div>
   <div class='ocr_carea' id='block_1_15' title="bbox 760 1564 2335 1642">
    <p class='ocr_par' dir='ltr' id='par_1_15' title="bbox 760 1564 2335 1642">
     <span class='ocr_line' id='line_1_15' title="bbox 760 1564 2335 1642; baseline -0.006 -16"><span class='ocrx_word' id='word_1_96' title='bbox 760 1574 949 1642; x_wconf 83' lang='lat' dir='ltr'><strong>paucis</strong></span> <span class='ocrx_word' id='word_1_97' title='bbox 984 1572 1069 1624; x_wconf 87' lang='lat' dir='ltr'><strong>his</strong></span> <span class='ocrx_word' id='word_1_98' title='bbox 1106 1570 1360 1624; x_wconf 79' lang='lat' dir='ltr'><strong>versibus</strong></span> <span class='ocrx_word' id='word_1_99' title='bbox 1389 1575 1669 1637; x_wconf 89' lang='lat' dir='ltr'><strong>repetatur</strong></span> <span class='ocrx_word' id='word_1_100' title='bbox 1701 1580 1802 1619; x_wconf 91' lang='lat' dir='ltr'><strong>vox</strong></span> <span class='ocrx_word' id='word_1_101' title='bbox 1850 1564 2133 1631; x_wconf 67' lang='lat' dir='ltr'><strong>Ex‘;avatc,</strong></span> <span class='ocrx_word' id='word_1_102' title='bbox 2167 1564 2335 1617; x_wconf 71' lang='lat' dir='ltr'><strong>semel</strong></span> 
     </span>
    </p>
   </div>
   <div class='ocr_carea' id='block_1_16' title="bbox 763 1654 2340 1725">
    <p class='ocr_par' dir='ltr' id='par_1_16' title="bbox 763 1654 2340 1725">
     <span class='ocr_line' id='line_1_16' title="bbox 763 1654 2340 1725; baseline -0.005 -8"><span class='ocrx_word' id='word_1_103' title='bbox 763 1672 974 1717; x_wconf 88' lang='lat' dir='ltr'><strong>tantum</strong></span> <span class='ocrx_word' id='word_1_104' title='bbox 1010 1654 1183 1716; x_wconf 88' lang='lat' dir='ltr'><strong>codex</strong></span> <span class='ocrx_word' id='word_1_105' title='bbox 1221 1670 1411 1714; x_wconf 88' lang='lat' dir='ltr'><strong>noster</strong></span> <span class='ocrx_word' id='word_1_106' title='bbox 1444 1674 1564 1714; x_wconf 88' lang='lat' dir='ltr'><strong>eam</strong></span> <span class='ocrx_word' id='word_1_107' title='bbox 1613 1657 1870 1725; x_wconf 83' lang='lat' dir='ltr'><strong>exprimit</strong></span> <span class='ocrx_word' id='word_1_108' title='bbox 1903 1655 2091 1709; x_wconf 88' lang='lat' dir='ltr'><strong>addito</strong></span> <span class='ocrx_word' id='word_1_109' title='bbox 2124 1676 2173 1716; x_wconf 83' lang='lat' dir='ltr'><strong>v,</strong></span> <span class='ocrx_word' id='word_1_110' title='bbox 2202 1657 2340 1709; x_wconf 91' lang='lat' dir='ltr'><strong>alias</strong></span> 
     </span>
    </p>
   </div>
   <div class='ocr_carea' id='block_1_17' title="bbox 762 1748 2337 1822">
    <p class='ocr_par' dir='ltr' id='par_1_17' title="bbox 762 1748 2337 1822">
     <span class='ocr_line' id='line_1_17' title="bbox 762 1748 2337 1822; baseline -0.003 -16"><span class='ocrx_word' id='word_1_111' title='bbox 762 1757 986 1822; x_wconf 75' lang='grc' dir='ltr'><strong>ἕκφασις</strong></span> <span class='ocrx_word' id='word_1_112' title='bbox 1015 1754 1284 1819; x_wconf 77' lang='lat' dir='ltr'><strong>scribens.</strong></span> <span class='ocrx_word' id='word_1_113' title='bbox 1321 1752 1477 1807; x_wconf 84' lang='lat' dir='ltr'><strong>Unde</strong></span> <span class='ocrx_word' id='word_1_114' title='bbox 1513 1751 1745 1805; x_wconf 88' lang='lat' dir='ltr'><strong>verebar</strong></span> <span class='ocrx_word' id='word_1_115' title='bbox 1771 1748 2029 1818; x_wconf 80' lang='lat' dir='ltr'><strong>equidem</strong></span> <span class='ocrx_word' id='word_1_116' title='bbox 2062 1749 2337 1817; x_wconf 82' lang='lat' dir='ltr'><strong>corrigere</strong></span> 
     </span>
    </p>
   </div>
   <div class='ocr_carea' id='block_1_18' title="bbox 762 1839 2337 1901">
    <p class='ocr_par' dir='ltr' id='par_1_18' title="bbox 762 1839 2337 1901">
     <span class='ocr_line' id='line_1_18' title="bbox 762 1839 2337 1901; baseline -0.005 -2"><span class='ocrx_word' id='word_1_117' title='bbox 762 1856 841 1901; x_wconf 83' lang='lat' dir='ltr'><strong>tot</strong></span> <span class='ocrx_word' id='word_1_118' title='bbox 871 1847 989 1900; x_wconf 91' lang='lat' dir='ltr'><strong>loca</strong></span> <span class='ocrx_word' id='word_1_119' title='bbox 1022 1845 1227 1898; x_wconf 86' lang='lat' dir='ltr'><strong>indicio</strong></span> <span class='ocrx_word' id='word_1_120' title='bbox 1260 1845 1444 1901; x_wconf 88' lang='lat' dir='ltr'><strong>unius.</strong></span> <span class='ocrx_word' id='word_1_121' title='bbox 1491 1841 1597 1895; x_wconf 90' lang='lat' dir='ltr'><strong>nisi</strong></span> <span class='ocrx_word' id='word_1_122' title='bbox 1631 1839 2147 1894; x_wconf 84' lang='lat' dir='ltr'><strong>animadvertissem</strong></span> <span class='ocrx_word' id='word_1_123' title='bbox 2180 1839 2337 1892; x_wconf 85' lang='lat' dir='ltr'><strong>codi-</strong></span> 
     </span>
    </p>
   </div>
   <div class='ocr_carea' id='block_1_19' title="bbox 762 1929 2337 1999">
    <p class='ocr_par' dir='ltr' id='par_1_19' title="bbox 762 1929 2337 1999">
     <span class='ocr_line' id='line_1_19' title="bbox 762 1929 2337 1999; baseline -0.006 -7"><span class='ocrx_word' id='word_1_124' title='bbox 762 1954 882 1992; x_wconf 67' lang='lat' dir='ltr'><strong>ci~m</strong></span> <span class='ocrx_word' id='word_1_125' title='bbox 959 1938 1279 1993; x_wconf 80' lang='lat' dir='ltr'><strong>Vaticanum</strong></span> <span class='ocrx_word' id='word_1_126' title='bbox 1343 1942 1668 1989; x_wconf 83' lang='lat' dir='ltr'><strong>constanter</strong></span> <span class='ocrx_word' id='word_1_127' title='bbox 1743 1929 2008 1999; x_wconf 74' lang='grc' dir='ltr'>ἔκφανσεν</span> <span class='ocrx_word' id='word_1_128' title='bbox 2068 1932 2337 1985; x_wconf 82' lang='lat' dir='ltr'><strong>scribere.</strong></span> 
     </span>
    </p>
   </div>
   <div class='ocr_carea' id='block_1_20' title="bbox 768 2020 2336 2091">
    <p class='ocr_par' dir='ltr' id='par_1_20' title="bbox 768 2020 2336 2091">
     <span class='ocr_line' id='line_1_20' title="bbox 768 2020 2336 2091; baseline -0.006 -8"><span class='ocrx_word' id='word_1_129' title='bbox 768 2030 896 2083; x_wconf 78' lang='lat' dir='ltr'><strong>Inde</strong></span> <span class='ocrx_word' id='word_1_130' title='bbox 955 2028 1196 2081; x_wconf 79' lang='lat' dir='ltr'><strong>intellexi</strong></span> <span class='ocrx_word' id='word_1_131' title='bbox 1238 2026 1318 2081; x_wconf 92' lang='lat' dir='ltr'><strong>sic</strong></span> <span class='ocrx_word' id='word_1_132' title='bbox 1367 2040 1556 2079; x_wconf 82' lang='lat' dir='ltr'><strong>revera</strong></span> <span class='ocrx_word' id='word_1_133' title='bbox 1594 2023 1860 2091; x_wconf 87' lang='lat' dir='ltr'><strong>scriptum</strong></span> <span class='ocrx_word' id='word_1_134' title='bbox 1908 2036 1937 2074; x_wconf 89' lang='lat' dir='ltr'><strong>a</strong></span> <span class='ocrx_word' id='word_1_135' title='bbox 1981 2020 2336 2091; x_wconf 83' lang='lat' dir='ltr'><strong>Pachymere,</strong></span> 
     </span>
    </p>
   </div>
   <div class='ocr_carea' id='block_1_21' title="bbox 766 2112 2338 2186">
    <p class='ocr_par' dir='ltr' id='par_1_21' title="bbox 766 2112 2338 2186">
     <span class='ocr_line' id='line_1_21' title="bbox 766 2112 2338 2186; baseline -0.007 -12"><span class='ocrx_word' id='word_1_136' title='bbox 766 2136 919 2175; x_wconf 88' lang='lat' dir='ltr'><strong>more</strong></span> <span class='ocrx_word' id='word_1_137' title='bbox 970 2121 1156 2186; x_wconf 86' lang='lat' dir='ltr'><strong>utique</strong></span> <span class='ocrx_word' id='word_1_138' title='bbox 1204 2128 1427 2185; x_wconf 90' lang='lat' dir='ltr'><strong>recepto</strong></span> <span class='ocrx_word' id='word_1_139' title='bbox 1474 2116 1709 2168; x_wconf 79' lang='lat' dir='ltr'><strong>aliorum</strong></span> <span class='ocrx_word' id='word_1_140' title='bbox 1738 2154 1752 2177; x_wconf 90' lang='lat'><strong>,</strong></span> <span class='ocrx_word' id='word_1_141' title='bbox 1802 2112 1904 2167; x_wconf 90' lang='lat' dir='ltr'><strong>etsi</strong></span> <span class='ocrx_word' id='word_1_142' title='bbox 1948 2126 2338 2180; x_wconf 88' lang='lat' dir='ltr'><strong>nonnusquam</strong></span> 
     </span>
    </p>
   </div>
   <div class='ocr_carea' id='block_1_22' title="bbox 766 2204 2341 2280">
    <p class='ocr_par' dir='ltr' id='par_1_22' title="bbox 766 2204 2341 2280">
     <span class='ocr_line' id='line_1_22' title="bbox 766 2204 2341 2280; baseline -0.004 -15"><span class='ocrx_word' id='word_1_143' title='bbox 766 2214 996 2279; x_wconf 79' lang='grc' dir='ltr'><strong>ἔκφασις</strong></span> <span class='ocrx_word' id='word_1_144' title='bbox 1031 2223 1249 2280; x_wconf 89' lang='lat' dir='ltr'><strong>quoque</strong></span> <span class='ocrx_word' id='word_1_145' title='bbox 1280 2208 1503 2278; x_wconf 84' lang='lat' dir='ltr'><strong>legitur.</strong></span> <span class='ocrx_word' id='word_1_146' title='bbox 1532 2204 1636 2261; x_wconf 89' lang='lat' dir='ltr'><strong>Sed</strong></span> <span class='ocrx_word' id='word_1_147' title='bbox 1676 2205 1902 2277; x_wconf 87' lang='lat' dir='ltr'><strong>majoris</strong></span> <span class='ocrx_word' id='word_1_148' title='bbox 1931 2206 2193 2261; x_wconf 88' lang='lat' dir='ltr'><strong>momenti</strong></span> <span class='ocrx_word' id='word_1_149' title='bbox 2222 2205 2341 2259; x_wconf 80' lang='lat' dir='ltr'><strong>fue-</strong></span> 
     </span>
    </p>
   </div>
   <div class='ocr_carea' id='block_1_23' title="bbox 767 2300 2339 2370">
    <p class='ocr_par' dir='ltr' id='par_1_23' title="bbox 767 2300 2339 2370">
     <span class='ocr_line' id='line_1_23' title="bbox 767 2300 2339 2370; baseline -0.004 -11"><span class='ocrx_word' id='word_1_150' title='bbox 767 2307 839 2360; x_wconf 85' lang='lat' dir='ltr'><strong>rit</strong></span> <span class='ocrx_word' id='word_1_151' title='bbox 874 2305 1151 2359; x_wconf 83' lang='lat' dir='ltr'><strong>n0tionem</strong></span> <span class='ocrx_word' id='word_1_152' title='bbox 1210 2301 1446 2358; x_wconf 90' lang='lat' dir='ltr'><strong>scrutari</strong></span> <span class='ocrx_word' id='word_1_153' title='bbox 1498 2300 1648 2355; x_wconf 85' lang='lat' dir='ltr'><strong>vocis</strong></span> <span class='ocrx_word' id='word_1_154' title='bbox 1682 2301 1867 2370; x_wconf 81' lang='lat' dir='ltr'><strong>hujus.</strong></span> <span class='ocrx_word' id='word_1_155' title='bbox 1901 2300 2072 2370; x_wconf 85' lang='lat' dir='ltr'><strong>Vulgo</strong></span> <span class='ocrx_word' id='word_1_156' title='bbox 2115 2300 2277 2354; x_wconf 87' lang='lat' dir='ltr'><strong>video</strong></span> <span class='ocrx_word' id='word_1_157' title='bbox 2309 2314 2339 2353; x_wconf 91' lang='lat' dir='ltr'><strong>a</strong></span> 
     </span>
    </p>
   </div>
   <div class='ocr_carea' id='block_1_24' title="bbox 767 2391 2342 2463">
    <p class='ocr_par' dir='ltr' id='par_1_24' title="bbox 767 2391 2342 2463">
     <span class='ocr_line' id='line_1_24' title="bbox 767 2391 2342 2463; baseline -0.005 -11"><span class='ocrx_word' id='word_1_158' title='bbox 767 2397 999 2453; x_wconf 85' lang='lat' dir='ltr'><strong>summis</strong></span> <span class='ocrx_word' id='word_1_159' title='bbox 1032 2394 1305 2463; x_wconf 82' lang='lat' dir='ltr'><strong>theologis</strong></span> <span class='ocrx_word' id='word_1_160' title='bbox 1336 2394 1523 2449; x_wconf 74' lang='lat' dir='ltr'><strong>Graeca</strong></span> <span class='ocrx_word' id='word_1_161' title='bbox 1583 2392 1777 2446; x_wconf 86' lang='lat' dir='ltr'><strong>Latine</strong></span> <span class='ocrx_word' id='word_1_162' title='bbox 1832 2391 2196 2447; x_wconf 88' lang='lat' dir='ltr'><strong>reddentibus</strong></span> <span class='ocrx_word' id='word_1_163' title='bbox 2251 2393 2342 2445; x_wconf 75' lang='grc' dir='ltr'><strong>εκ-</strong></span> 
     </span>
    </p>
   </div>
   <div class='ocr_carea' id='block_1_25' title="bbox 766 2482 2345 2556">
    <p class='ocr_par' dir='ltr' id='par_1_25' title="bbox 766 2482 2345 2556">
     <span class='ocr_line' id='line_1_25' title="bbox 766 2482 2345 2556; baseline -0.003 -16"><span class='ocrx_word' id='word_1_164' title='bbox 766 2506 984 2556; x_wconf 84' lang='grc' dir='ltr'>φανσιν,</span> <span class='ocrx_word' id='word_1_165' title='bbox 1006 2486 1390 2554; x_wconf 78' lang='grc' dir='ltr'><strong>ὲκφαντορίαν,</strong></span> <span class='ocrx_word' id='word_1_166' title='bbox 1433 2486 1826 2554; x_wconf 74' lang='grc' dir='ltr'>ἐκφαντορικδν</span> <span class='ocrx_word' id='word_1_167' title='bbox 1851 2482 2068 2553; x_wconf 83' lang='grc' dir='ltr'>πνεῦμα</span> <span class='ocrx_word' id='word_1_168' title='bbox 2086 2484 2345 2539; x_wconf 85' lang='lat' dir='ltr'><strong>enuntia-</strong></span> 
     </span>
    </p>
   </div>
   <div class='ocr_carea' id='block_1_26' title="bbox 772 2572 2344 2648">
    <p class='ocr_par' dir='ltr' id='par_1_26' title="bbox 772 2572 2344 2648">
     <span class='ocr_line' id='line_1_26' title="bbox 772 2572 2344 2648; baseline -0.005 -14"><span class='ocrx_word' id='word_1_169' title='bbox 772 2581 937 2634; x_wconf 83' lang='lat' dir='ltr'><strong>tionis</strong></span> <span class='ocrx_word' id='word_1_170' title='bbox 963 2576 1274 2648; x_wconf 86' lang='lat' dir='ltr'><strong>signiﬁcatu</strong></span> <span class='ocrx_word' id='word_1_171' title='bbox 1318 2575 1610 2632; x_wconf 88' lang='lat' dir='ltr'><strong>declarari.</strong></span> <span class='ocrx_word' id='word_1_172' title='bbox 1645 2576 1765 2631; x_wconf 88' lang='lat' dir='ltr'><strong>Non</strong></span> <span class='ocrx_word' id='word_1_173' title='bbox 1799 2572 2166 2641; x_wconf 86' lang='lat' dir='ltr'><strong>reprehendo.</strong></span> <span class='ocrx_word' id='word_1_174' title='bbox 2210 2575 2344 2630; x_wconf 83' lang='lat' dir='ltr'><strong>Jure</strong></span> 
     </span>
    </p>
   </div>
   <div class='ocr_carea' id='block_1_27' title="bbox 773 2667 2347 2738">
    <p class='ocr_par' dir='ltr' id='par_1_27' title="bbox 773 2667 2347 2738">
     <span class='ocr_line' id='line_1_27' title="bbox 773 2667 2347 2738; baseline -0.003 -13"><span class='ocrx_word' id='word_1_175' title='bbox 773 2682 956 2726; x_wconf 88' lang='lat' dir='ltr'><strong>tamen</strong></span> <span class='ocrx_word' id='word_1_176' title='bbox 996 2685 1118 2724; x_wconf 89' lang='lat' dir='ltr'><strong>meo</strong></span> <span class='ocrx_word' id='word_1_177' title='bbox 1149 2671 1305 2724; x_wconf 85' lang='lat' dir='ltr'><strong>visus</strong></span> <span class='ocrx_word' id='word_1_178' title='bbox 1348 2670 1485 2724; x_wconf 88' lang='lat' dir='ltr'><strong>mihi</strong></span> <span class='ocrx_word' id='word_1_179' title='bbox 1525 2684 1645 2723; x_wconf 91' lang='lat' dir='ltr'><strong>sum</strong></span> <span class='ocrx_word' id='word_1_180' title='bbox 1678 2682 1838 2738; x_wconf 81' lang='lat' dir='ltr'><strong>posse</strong></span> <span class='ocrx_word' id='word_1_181' title='bbox 1884 2668 1989 2721; x_wconf 92' lang='lat' dir='ltr'><strong>hoc</strong></span> <span class='ocrx_word' id='word_1_182' title='bbox 2014 2682 2216 2721; x_wconf 88' lang='lat' dir='ltr'><strong>nomen</strong></span> <span class='ocrx_word' id='word_1_183' title='bbox 2244 2667 2347 2721; x_wconf 89' lang='lat' dir='ltr'><strong>du-</strong></span> 
     </span>
    </p>
   </div>
   <div class='ocr_carea' id='block_1_28' title="bbox 771 2759 2347 2833">
    <p class='ocr_par' dir='ltr' id='par_1_28' title="bbox 771 2759 2347 2833">
     <span class='ocr_line' id='line_1_28' title="bbox 771 2759 2347 2833; baseline -0.006 -13"><span class='ocrx_word' id='word_1_184' title='bbox 771 2780 899 2820; x_wconf 89' lang='lat' dir='ltr'><strong>cere</strong></span> <span class='ocrx_word' id='word_1_185' title='bbox 930 2765 999 2819; x_wconf 87' lang='lat' dir='ltr'><strong>ab</strong></span> <span class='ocrx_word' id='word_1_186' title='bbox 1032 2765 1295 2833; x_wconf 78' lang='grc' dir='ltr'><strong>ὲκφαὶνω,</strong></span> <span class='ocrx_word' id='word_1_187' title='bbox 1326 2773 1601 2831; x_wconf 84' lang='lat' dir='ltr'><strong>quatenus</strong></span> <span class='ocrx_word' id='word_1_188' title='bbox 1630 2772 1790 2816; x_wconf 88' lang='lat' dir='ltr'><strong>sonat</strong></span> <span class='ocrx_word' id='word_1_189' title='bbox 1824 2760 2019 2825; x_wconf 78' lang='lat' dir='ltr'><strong>elucco,</strong></span> <span class='ocrx_word' id='word_1_190' title='bbox 2058 2768 2119 2812; x_wconf 86' lang='lat' dir='ltr'><strong>ut</strong></span> <span class='ocrx_word' id='word_1_191' title='bbox 2146 2759 2347 2828; x_wconf 75' lang='grc' dir='ltr'><strong>ἐκφαν-</strong></span> 
     </span>
    </p>
   </div>
   <div class='ocr_carea' id='block_1_29' title="bbox 774 2851 2347 2923">
    <p class='ocr_par' dir='ltr' id='par_1_29' title="bbox 774 2851 2347 2923">
     <span class='ocr_line' id='line_1_29' title="bbox 774 2851 2347 2923; baseline -0.004 -12"><span class='ocrx_word' id='word_1_192' title='bbox 774 2875 857 2919; x_wconf 74' lang='grc' dir='ltr'><strong>σις</strong></span> <span class='ocrx_word' id='word_1_193' title='bbox 887 2867 1036 2912; x_wconf 90' lang='lat' dir='ltr'><strong>recte</strong></span> <span class='ocrx_word' id='word_1_194' title='bbox 1078 2865 1326 2910; x_wconf 79' lang='lat' dir='ltr'><strong>vertatur</strong></span> <span class='ocrx_word' id='word_1_195' title='bbox 1369 2854 1870 2923; x_wconf 72' lang='lat' dir='ltr'><strong>exsplendescentia.</strong></span> <span class='ocrx_word' id='word_1_196' title='bbox 1907 2851 2062 2918; x_wconf 76' lang='lat' dir='ltr'><strong>Quod</strong></span> <span class='ocrx_word' id='word_1_197' title='bbox 2106 2866 2347 2905; x_wconf 88' lang='lat' dir='ltr'><strong>commo-</strong></span> 
     </span>
    </p>
   </div>
   <div class='ocr_carea' id='block_1_30' title="bbox 773 2942 2349 3019">
    <p class='ocr_par' dir='ltr' id='par_1_30' title="bbox 773 2942 2349 3019">
     <span class='ocr_line' id='line_1_30' title="bbox 773 2942 2349 3019; baseline -0.006 -12"><span class='ocrx_word' id='word_1_198' title='bbox 773 2953 900 3007; x_wconf 87' lang='lat' dir='ltr'><strong>dius</strong></span> <span class='ocrx_word' id='word_1_199' title='bbox 950 2950 1019 3006; x_wconf 86' lang='lat' dir='ltr'><strong>ad</strong></span> <span class='ocrx_word' id='word_1_200' title='bbox 1079 2949 1309 3019; x_wconf 81' lang='lat' dir='ltr'><strong>subjecti</strong></span> <span class='ocrx_word' id='word_1_201' title='bbox 1344 2948 1451 3003; x_wconf 86' lang='lat' dir='ltr'><strong>loci</strong></span> <span class='ocrx_word' id='word_1_202' title='bbox 1506 2947 1861 3008; x_wconf 72' lang='lat' dir='ltr'><strong>sententiam,</strong></span> <span class='ocrx_word' id='word_1_203' title='bbox 1898 2945 1951 2997; x_wconf 89' lang='lat' dir='ltr'><strong>ni</strong></span> <span class='ocrx_word' id='word_1_204' title='bbox 1987 2943 2148 2997; x_wconf 81' lang='lat' dir='ltr'><strong>fallor</strong></span> <span class='ocrx_word' id='word_1_205' title='bbox 2203 2942 2349 2997; x_wconf 67' lang='lat' dir='ltr'><strong>accio</strong></span> 
     </span>
    </p>
   </div>
   <div class='ocr_carea' id='block_1_31' title="bbox 772 3046 876 3100">
    <p class='ocr_par' dir='ltr' id='par_1_31' title="bbox 772 3046 876 3100">
     <span class='ocr_line' id='line_1_31' title="bbox 772 3046 876 3100; baseline -0.019 0"><span class='ocrx_word' id='word_1_206' title='bbox 772 3046 876 3100; x_wconf 88' lang='lat' dir='ltr'><strong>dit.</strong></span> 
     </span>
    </p>
   </div>
   <div class='ocr_carea' id='block_1_32' title="bbox 845 3128 2349 3209">
    <p class='ocr_par' dir='ltr' id='par_1_32' title="bbox 845 3128 2349 3209">
     <span class='ocr_line' id='line_1_32' title="bbox 845 3128 2349 3209; baseline -0.008 -17"><span class='ocrx_word' id='word_1_207' title='bbox 845 3135 1060 3209; x_wconf 64' lang='lat' dir='ltr'><strong>[P.l76]</strong></span> <span class='ocrx_word' id='word_1_208' title='bbox 1076 3130 1575 3206; x_wconf 74' lang='lat' dir='ltr'><strong>678’waardw</strong></span> <span class='ocrx_word' id='word_1_209' title='bbox 1597 3147 1648 3198; x_wconf 86' lang='lat' dir='ltr'><strong>p.</strong></span> <span class='ocrx_word' id='word_1_210' title='bbox 1684 3131 1799 3185; x_wconf 79' lang='grc'><strong>105.</strong></span> <span class='ocrx_word' id='word_1_211' title='bbox 1822 3130 1994 3199; x_wconf 91' lang='lat' dir='ltr'><strong>llujus</strong></span> <span class='ocrx_word' id='word_1_212' title='bbox 2013 3128 2188 3193; x_wconf 88' lang='lat' dir='ltr'><strong>verbi,</strong></span> <span class='ocrx_word' id='word_1_213' title='bbox 2216 3128 2349 3181; x_wconf 86' lang='lat' dir='ltr'><strong>satis</strong></span> 
     </span>
    </p>
   </div>
   <div class='ocr_carea' id='block_1_33' title="bbox 2437 650 4017 724">
    <p class='ocr_par' dir='ltr' id='par_1_33' title="bbox 2437 650 4017 724">
     <span class='ocr_line' id='line_1_33' title="bbox 2437 650 4017 724; baseline -0.006 -16"><span class='ocrx_word' id='word_1_214' title='bbox 2437 656 2559 708; x_wconf 87' lang='lat' dir='ltr'><strong>aliis</strong></span> <span class='ocrx_word' id='word_1_215' title='bbox 2592 657 2945 711; x_wconf 81' lang='lat' dir='ltr'><strong>contulimus.</strong></span> <span class='ocrx_word' id='word_1_216' title='bbox 2982 665 3041 709; x_wconf 95' lang='lat' dir='ltr'><strong>ut</strong></span> <span class='ocrx_word' id='word_1_217' title='bbox 3079 657 3138 707; x_wconf 70' lang='grc' dir='ltr'><strong>τὸ</strong></span> <span class='ocrx_word' id='word_1_218' title='bbox 3167 674 3193 706; x_wconf 91' lang='grc' dir='ltr'><strong>ν</strong></span> <span class='ocrx_word' id='word_1_219' title='bbox 3220 654 3647 724; x_wconf 87' lang='lat' dir='ltr'><strong>geminarcmus.</strong></span> <span class='ocrx_word' id='word_1_220' title='bbox 3696 650 3833 705; x_wconf 87' lang='lat' dir='ltr'><strong>Cum</strong></span> <span class='ocrx_word' id='word_1_221' title='bbox 3866 651 4017 701; x_wconf 83' lang='lat' dir='ltr'><strong>enim</strong></span> 
     </span>
    </p>
   </div>
   <div class='ocr_carea' id='block_1_34' title="bbox 2440 742 4023 813">
    <p class='ocr_par' dir='ltr' id='par_1_34' title="bbox 2440 742 4023 813">
     <span class='ocr_line' id='line_1_34' title="bbox 2440 742 4023 813; baseline -0.004 -14"><span class='ocrx_word' id='word_1_222' title='bbox 2440 747 2546 799; x_wconf 87' lang='lat' dir='ltr'><strong>hoc</strong></span> <span class='ocrx_word' id='word_1_223' title='bbox 2576 748 2827 813; x_wconf 84' lang='lat' dir='ltr'><strong>verbum,</strong></span> <span class='ocrx_word' id='word_1_224' title='bbox 2873 757 2932 800; x_wconf 89' lang='lat' dir='ltr'><strong>ut</strong></span> <span class='ocrx_word' id='word_1_225' title='bbox 2995 763 3119 800; x_wconf 85' lang='lat' dir='ltr'><strong>mox</strong></span> <span class='ocrx_word' id='word_1_226' title='bbox 3172 746 3548 809; x_wconf 73' lang='lat' dir='ltr'><strong>ostendemus,</strong></span> <span class='ocrx_word' id='word_1_227' title='bbox 3610 743 3904 802; x_wconf 87' lang='lat' dir='ltr'><strong>formetur,</strong></span> <span class='ocrx_word' id='word_1_228' title='bbox 3953 742 4023 793; x_wconf 83' lang='lat' dir='ltr'><strong>ah</strong></span> 
     </span>
    </p>
   </div>
   <div class='ocr_carea' id='block_1_35' title="bbox 2441 836 4022 911">
    <p class='ocr_par' dir='ltr' id='par_1_35' title="bbox 2441 836 4022 911">
     <span class='ocr_line' id='line_1_35' title="bbox 2441 836 4022 911; baseline -0.003 -22"><span class='ocrx_word' id='word_1_229' title='bbox 2441 840 2657 911; x_wconf 78' lang='grc' dir='ltr'><strong>ἐννάτῃ,</strong></span> <span class='ocrx_word' id='word_1_230' title='bbox 2710 840 2854 908; x_wconf 81' lang='lat' dir='ltr'><strong>quod</strong></span> <span class='ocrx_word' id='word_1_231' title='bbox 2900 840 3245 908; x_wconf 74' lang='lat' dir='ltr'><strong>frequentius</strong></span> <span class='ocrx_word' id='word_1_232' title='bbox 3294 855 3388 907; x_wconf 80' lang='lat' dir='ltr'><strong>per</strong></span> <span class='ocrx_word' id='word_1_233' title='bbox 3440 838 3640 906; x_wconf 73' lang='lat' dir='ltr'><strong>duplex</strong></span> <span class='ocrx_word' id='word_1_234' title='bbox 3673 856 3699 886; x_wconf 89' lang='grc' dir='ltr'><strong>ν</strong></span> <span class='ocrx_word' id='word_1_235' title='bbox 3732 836 4022 895; x_wconf 70' lang='lat' dir='ltr'><strong>scribatur,</strong></span> 
     </span>
    </p>
   </div>
   <div class='ocr_carea' id='block_1_36' title="bbox 2440 927 4019 1000">
    <p class='ocr_par' dir='ltr' id='par_1_36' title="bbox 2440 927 4019 1000">
     <span class='ocr_line' id='line_1_36' title="bbox 2440 927 4019 1000; baseline -0.002 -17"><span class='ocrx_word' id='word_1_236' title='bbox 2440 930 2648 983; x_wconf 83' lang='lat' dir='ltr'><strong>rectius</strong></span> <span class='ocrx_word' id='word_1_237' title='bbox 2698 934 3017 1000; x_wconf 73' lang='lat' dir='ltr'><strong>putavimus</strong></span> <span class='ocrx_word' id='word_1_238' title='bbox 3058 932 3357 994; x_wconf 76' lang='grc' dir='ltr'>ὲννατίζειν</span> <span class='ocrx_word' id='word_1_239' title='bbox 3386 945 3547 999; x_wconf 83' lang='lat' dir='ltr'><strong>quam</strong></span> <span class='ocrx_word' id='word_1_240' title='bbox 3582 929 3851 992; x_wconf 77' lang='grc' dir='ltr'><strong>ὲνάτίζειν</strong></span> <span class='ocrx_word' id='word_1_241' title='bbox 3884 927 4019 981; x_wconf 77' lang='lat' dir='ltr'><strong>diri.</strong></span> 
     </span>
    </p>
   </div>
   <div class='ocr_carea' id='block_1_37' title="bbox 2442 1022 4025 1092">
    <p class='ocr_par' dir='ltr' id='par_1_37' title="bbox 2442 1022 4025 1092">
     <span class='ocr_line' id='line_1_37' title="bbox 2442 1022 4025 1092; baseline -0.004 -16"><span class='ocrx_word' id='word_1_242' title='bbox 2442 1023 2552 1077; x_wconf 74' lang='lat' dir='ltr'><strong>Etsi</strong></span> <span class='ocrx_word' id='word_1_243' title='bbox 2580 1040 2678 1077; x_wconf 92' lang='lat' dir='ltr'><strong>nos</strong></span> <span class='ocrx_word' id='word_1_244' title='bbox 2714 1041 2823 1077; x_wconf 90' lang='lat' dir='ltr'><strong>non</strong></span> <span class='ocrx_word' id='word_1_245' title='bbox 2857 1025 2993 1091; x_wconf 80' lang='lat' dir='ltr'><strong>fugit</strong></span> <span class='ocrx_word' id='word_1_246' title='bbox 3039 1024 3397 1092; x_wconf 90' lang='lat' dir='ltr'><strong>scriptionem</strong></span> <span class='ocrx_word' id='word_1_247' title='bbox 3457 1024 3549 1075; x_wconf 73' lang='grc' dir='ltr'>τοῦ</span> <span class='ocrx_word' id='word_1_248' title='bbox 3589 1022 3751 1091; x_wconf 73' lang='grc' dir='ltr'>ἐνάτη</span> <span class='ocrx_word' id='word_1_249' title='bbox 3786 1038 3887 1090; x_wconf 89' lang='lat' dir='ltr'><strong>pro</strong></span> <span class='ocrx_word' id='word_1_250' title='bbox 3935 1024 4025 1071; x_wconf 81' lang='grc' dir='ltr'>ὲν-</span> 
     </span>
    </p>
   </div>
   <div class='ocr_carea' id='block_1_38' title="bbox 2441 1114 4025 1186">
    <p class='ocr_par' dir='ltr' id='par_1_38' title="bbox 2441 1114 4025 1186">
     <span class='ocr_line' id='line_1_38' title="bbox 2441 1114 4025 1186; baseline 0 -19"><span class='ocrx_word' id='word_1_251' title='bbox 2441 1117 2573 1183; x_wconf 67' lang='lat' dir='ltr'><strong>vim</strong></span> <span class='ocrx_word' id='word_1_252' title='bbox 2604 1132 2713 1170; x_wconf 89' lang='lat' dir='ltr'><strong>non</strong></span> <span class='ocrx_word' id='word_1_253' title='bbox 2747 1116 2909 1170; x_wconf 89' lang='lat' dir='ltr'><strong>modo</strong></span> <span class='ocrx_word' id='word_1_254' title='bbox 2937 1126 2995 1171; x_wconf 92' lang='lat' dir='ltr'><strong>ut</strong></span> <span class='ocrx_word' id='word_1_255' title='bbox 3026 1118 3250 1186; x_wconf 84' lang='lat' dir='ltr'><strong>probam</strong></span> <span class='ocrx_word' id='word_1_256' title='bbox 3286 1116 3507 1171; x_wconf 87' lang='lat' dir='ltr'><strong>defendi</strong></span> <span class='ocrx_word' id='word_1_257' title='bbox 3540 1117 3605 1169; x_wconf 90' lang='lat' dir='ltr'><strong>ah</strong></span> <span class='ocrx_word' id='word_1_258' title='bbox 3635 1114 3929 1169; x_wconf 68' lang='lat' dir='ltr'><strong>Eustathio</strong></span> <span class='ocrx_word' id='word_1_259' title='bbox 3955 1114 4025 1167; x_wconf 88' lang='lat' dir='ltr'><strong>ad</strong></span> 
     </span>
    </p>
   </div>
   <div class='ocr_carea' id='block_1_39' title="bbox 2441 1206 4024 1277">
    <p class='ocr_par' dir='ltr' id='par_1_39' title="bbox 2441 1206 4024 1277">
     <span class='ocr_line' id='line_1_39' title="bbox 2441 1206 4024 1277; baseline -0.002 -16"><span class='ocrx_word' id='word_1_260' title='bbox 2441 1207 2602 1263; x_wconf 79' lang='lat' dir='ltr'><strong>Iliad.</strong></span> <span class='ocrx_word' id='word_1_261' title='bbox 2636 1208 2687 1277; x_wconf 81' lang='grc' dir='ltr'><strong>β,</strong></span> <span class='ocrx_word' id='word_1_262' title='bbox 2738 1225 2791 1277; x_wconf 88' lang='lat' dir='ltr'><strong>p.</strong></span> <span class='ocrx_word' id='word_1_263' title='bbox 2858 1208 2964 1263; x_wconf 59' lang='lat'><strong>9‘33</strong></span> <span class='ocrx_word' id='word_1_264' title='bbox 2997 1210 3086 1263; x_wconf 87' lang='lat' dir='ltr'><strong>ed.</strong></span> <span class='ocrx_word' id='word_1_265' title='bbox 3126 1210 3309 1270; x_wconf 83' lang='lat' dir='ltr'><strong>Rom.,</strong></span> <span class='ocrx_word' id='word_1_266' title='bbox 3334 1208 3427 1263; x_wconf 87' lang='lat' dir='ltr'><strong>sed</strong></span> <span class='ocrx_word' id='word_1_267' title='bbox 3460 1210 3623 1263; x_wconf 85' lang='lat' dir='ltr'><strong>etiam</strong></span> <span class='ocrx_word' id='word_1_268' title='bbox 3658 1206 3725 1262; x_wconf 87' lang='lat' dir='ltr'><strong>ad</strong></span> <span class='ocrx_word' id='word_1_269' title='bbox 3766 1207 3931 1261; x_wconf 79' lang='lat' dir='ltr'><strong>Iliad.</strong></span> <span class='ocrx_word' id='word_1_270' title='bbox 3970 1207 4024 1268; x_wconf 74' lang='grc' dir='ltr'><strong>Θ,</strong></span> 
     </span>
    </p>
   </div>
   <div class='ocr_carea' id='block_1_40' title="bbox 2442 1297 4013 1367">
    <p class='ocr_par' dir='ltr' id='par_1_40' title="bbox 2442 1297 4013 1367">
     <span class='ocr_line' id='line_1_40' title="bbox 2442 1297 4013 1367; baseline 0.001 -18"><span class='ocrx_word' id='word_1_271' title='bbox 2442 1314 2493 1367; x_wconf 91' lang='lat' dir='ltr'><strong>p.</strong></span> <span class='ocrx_word' id='word_1_272' title='bbox 2553 1298 2688 1361; x_wconf 72' lang='lat'><strong>712,</strong></span> <span class='ocrx_word' id='word_1_273' title='bbox 2747 1299 3123 1353; x_wconf 84' lang='lat' dir='ltr'><strong>commendari</strong></span> <span class='ocrx_word' id='word_1_274' title='bbox 3187 1309 3443 1367; x_wconf 88' lang='lat' dir='ltr'><strong>tanquam</strong></span> <span class='ocrx_word' id='word_1_275' title='bbox 3511 1298 3713 1366; x_wconf 75' lang='grc' dir='ltr'>λογῖοις</span> <span class='ocrx_word' id='word_1_276' title='bbox 3770 1297 4013 1351; x_wconf 86' lang='lat' dir='ltr'><strong>eruditis</strong></span> 
     </span>
    </p>
   </div>
   <div class='ocr_carea' id='block_1_41' title="bbox 2442 1384 4025 1459">
    <p class='ocr_par' dir='ltr' id='par_1_41' title="bbox 2442 1384 4025 1459">
     <span class='ocr_line' id='line_1_41' title="bbox 2442 1384 4025 1459; baseline 0.001 -20"><span class='ocrx_word' id='word_1_277' title='bbox 2442 1398 2780 1455; x_wconf 83' lang='lat' dir='ltr'><strong>usurpatam,</strong></span> <span class='ocrx_word' id='word_1_278' title='bbox 2839 1399 2897 1442; x_wconf 90' lang='lat' dir='ltr'><strong>ut</strong></span> <span class='ocrx_word' id='word_1_279' title='bbox 2946 1389 3078 1443; x_wconf 90' lang='lat' dir='ltr'><strong>dent</strong></span> <span class='ocrx_word' id='word_1_280' title='bbox 3123 1384 3308 1442; x_wconf 88' lang='lat' dir='ltr'><strong>locum</strong></span> <span class='ocrx_word' id='word_1_281' title='bbox 3345 1390 3639 1459; x_wconf 63' lang='lat' dir='ltr'><strong>ingeniose</strong></span> <span class='ocrx_word' id='word_1_282' title='bbox 3687 1387 4025 1457; x_wconf 86' lang='lat' dir='ltr'><strong>trajectionit</strong></span> 
     </span>
    </p>
   </div>
   <div class='ocr_carea' id='block_1_42' title="bbox 2440 1475 4011 1548">
    <p class='ocr_par' dir='ltr' id='par_1_42' title="bbox 2440 1475 4011 1548">
     <span class='ocr_line' id='line_1_42' title="bbox 2440 1475 4011 1548; baseline -0.001 -21"><span class='ocrx_word' id='word_1_283' title='bbox 2440 1475 2773 1547; x_wconf 76' lang='lat' dir='ltr'><strong>litterarum,</strong></span> <span class='ocrx_word' id='word_1_284' title='bbox 2804 1485 2911 1548; x_wconf 84' lang='lat' dir='ltr'><strong>qha</strong></span> <span class='ocrx_word' id='word_1_285' title='bbox 2949 1480 3136 1533; x_wconf 72' lang='grc' dir='ltr'>ἔνατον</span> <span class='ocrx_word' id='word_1_286' title='bbox 3181 1481 3234 1534; x_wconf 88' lang='lat' dir='ltr'><strong>in</strong></span> <span class='ocrx_word' id='word_1_287' title='bbox 3268 1481 3458 1533; x_wconf 76' lang='grc' dir='ltr'>νὲατον</span> <span class='ocrx_word' id='word_1_288' title='bbox 3489 1489 3732 1533; x_wconf 87' lang='lat' dir='ltr'><strong>mutetur</strong></span> <span class='ocrx_word' id='word_1_289' title='bbox 3769 1497 3781 1530; x_wconf 86' lang='lat'><strong>:</strong></span> <span class='ocrx_word' id='word_1_290' title='bbox 3809 1491 4011 1529; x_wconf 79' lang='lat' dir='ltr'><strong>nouum</strong></span> 
     </span>
    </p>
   </div>
   <div class='ocr_carea' id='block_1_43' title="bbox 2440 1568 4019 1642">
    <p class='ocr_par' dir='ltr' id='par_1_43' title="bbox 2440 1568 4019 1642">
     <span class='ocr_line' id='line_1_43' title="bbox 2440 1568 4019 1642; baseline 0 -20"><span class='ocrx_word' id='word_1_291' title='bbox 2440 1570 2644 1639; x_wconf 84' lang='lat' dir='ltr'><strong>quippe</strong></span> <span class='ocrx_word' id='word_1_292' title='bbox 2693 1587 2789 1641; x_wconf 89' lang='lat' dir='ltr'><strong>per</strong></span> <span class='ocrx_word' id='word_1_293' title='bbox 2824 1573 3014 1624; x_wconf 63' lang='grc' dir='ltr'><strong>ἕκατον</strong></span> <span class='ocrx_word' id='word_1_294' title='bbox 3068 1573 3364 1642; x_wconf 81' lang='lat' dir='ltr'><strong>signatum,</strong></span> <span class='ocrx_word' id='word_1_295' title='bbox 3399 1586 3523 1626; x_wconf 91' lang='lat' dir='ltr'><strong>cum</strong></span> <span class='ocrx_word' id='word_1_296' title='bbox 3566 1572 3630 1625; x_wconf 91' lang='lat' dir='ltr'><strong>sit</strong></span> <span class='ocrx_word' id='word_1_297' title='bbox 3668 1571 3925 1624; x_wconf 85' lang='lat' dir='ltr'><strong>ultimum</strong></span> <span class='ocrx_word' id='word_1_298' title='bbox 3962 1568 4019 1622; x_wconf 94' lang='lat' dir='ltr'><strong>iu</strong></span> 
     </span>
    </p>
   </div>
   <div class='ocr_carea' id='block_1_44' title="bbox 2444 1663 4017 1733">
    <p class='ocr_par' dir='ltr' id='par_1_44' title="bbox 2444 1663 4017 1733">
     <span class='ocr_line' id='line_1_44' title="bbox 2444 1663 4017 1733; baseline -0.003 -18"><span class='ocrx_word' id='word_1_299' title='bbox 2444 1664 2693 1716; x_wconf 84' lang='lat' dir='ltr'><strong>numeris</strong></span> <span class='ocrx_word' id='word_1_300' title='bbox 2745 1663 3115 1733; x_wconf 79' lang='lat' dir='ltr'><strong>simplicibus,</strong></span> <span class='ocrx_word' id='word_1_301' title='bbox 3175 1665 3363 1715; x_wconf 73' lang='grc' dir='ltr'>νέατον</span> <span class='ocrx_word' id='word_1_302' title='bbox 3413 1663 3556 1715; x_wconf 87' lang='lat' dir='ltr'><strong>idem</strong></span> <span class='ocrx_word' id='word_1_303' title='bbox 3599 1676 3820 1730; x_wconf 83' lang='lat' dir='ltr'><strong>quoque</strong></span> <span class='ocrx_word' id='word_1_304' title='bbox 3882 1671 4017 1713; x_wconf 85' lang='lat' dir='ltr'><strong>est:</strong></span> 
     </span>
    </p>
   </div>
   <div class='ocr_carea' id='block_1_45' title="bbox 2441 1754 4030 1822">
    <p class='ocr_par' dir='ltr' id='par_1_45' title="bbox 2441 1754 4030 1822">
     <span class='ocr_line' id='line_1_45' title="bbox 2441 1754 4030 1822; baseline -0.001 -15"><span class='ocrx_word' id='word_1_305' title='bbox 2441 1755 2557 1808; x_wconf 65' lang='lat' dir='ltr'><strong>haec</strong></span> <span class='ocrx_word' id='word_1_306' title='bbox 2599 1754 2745 1808; x_wconf 85' lang='lat' dir='ltr'><strong>enim</strong></span> <span class='ocrx_word' id='word_1_307' title='bbox 2783 1773 2885 1809; x_wconf 90' lang='lat' dir='ltr'><strong>vox</strong></span> <span class='ocrx_word' id='word_1_308' title='bbox 2935 1768 3095 1810; x_wconf 87' lang='lat' dir='ltr'><strong>sonat</strong></span> <span class='ocrx_word' id='word_1_309' title='bbox 3141 1758 3498 1809; x_wconf 63' lang='lat' dir='ltr'><strong>noviuintum.</strong></span> <span class='ocrx_word' id='word_1_310' title='bbox 3536 1755 3602 1809; x_wconf 83' lang='lat' dir='ltr'><strong>At</strong></span> <span class='ocrx_word' id='word_1_311' title='bbox 3635 1755 3767 1807; x_wconf 90' lang='lat' dir='ltr'><strong>mihi</strong></span> <span class='ocrx_word' id='word_1_312' title='bbox 3799 1754 4030 1822; x_wconf 86' lang='lat' dir='ltr'><strong>quidem</strong></span> 
     </span>
    </p>
   </div>
   <div class='ocr_carea' id='block_1_46' title="bbox 2441 1846 4032 1917">
    <p class='ocr_par' dir='ltr' id='par_1_46' title="bbox 2441 1846 4032 1917">
     <span class='ocr_line' id='line_1_46' title="bbox 2441 1846 4032 1917; baseline -0.001 -16"><span class='ocrx_word' id='word_1_313' title='bbox 2441 1846 2588 1902; x_wconf 85' lang='lat' dir='ltr'><strong>haud</strong></span> <span class='ocrx_word' id='word_1_314' title='bbox 2626 1847 2806 1916; x_wconf 86' lang='lat' dir='ltr'><strong>placet</strong></span> <span class='ocrx_word' id='word_1_315' title='bbox 2848 1848 2965 1901; x_wconf 71' lang='lat' dir='ltr'><strong>haec</strong></span> <span class='ocrx_word' id='word_1_316' title='bbox 2999 1848 3237 1917; x_wconf 86' lang='lat' dir='ltr'><strong>argutia,</strong></span> <span class='ocrx_word' id='word_1_317' title='bbox 3283 1864 3406 1916; x_wconf 78' lang='lat' dir='ltr'><strong>qua:</strong></span> <span class='ocrx_word' id='word_1_318' title='bbox 3439 1848 3764 1902; x_wconf 85' lang='lat' dir='ltr'><strong>vocabulum</strong></span> <span class='ocrx_word' id='word_1_319' title='bbox 3812 1848 3881 1900; x_wconf 83' lang='lat' dir='ltr'><strong>ab</strong></span> <span class='ocrx_word' id='word_1_320' title='bbox 3916 1847 4032 1900; x_wconf 89' lang='lat' dir='ltr'><strong>ori-</strong></span> 
     </span>
    </p>
   </div>
   <div class='ocr_carea' id='block_1_47' title="bbox 2444 1938 4031 2009">
    <p class='ocr_par' dir='ltr' id='par_1_47' title="bbox 2444 1938 4031 2009">
     <span class='ocr_line' id='line_1_47' title="bbox 2444 1938 4031 2009; baseline 0.001 -18"><span class='ocrx_word' id='word_1_321' title='bbox 2444 1940 2568 2008; x_wconf 80' lang='lat' dir='ltr'><strong>gine</strong></span> <span class='ocrx_word' id='word_1_322' title='bbox 2600 1954 2697 1993; x_wconf 90' lang='lat' dir='ltr'><strong>sua</strong></span> <span class='ocrx_word' id='word_1_323' title='bbox 2732 1938 2964 1993; x_wconf 81' lang='lat' dir='ltr'><strong>divellit.</strong></span> <span class='ocrx_word' id='word_1_324' title='bbox 3011 1939 3067 1994; x_wconf 88' lang='lat' dir='ltr'><strong>Si</strong></span> <span class='ocrx_word' id='word_1_325' title='bbox 3102 1940 3247 1993; x_wconf 90' lang='lat' dir='ltr'><strong>enim</strong></span> <span class='ocrx_word' id='word_1_326' title='bbox 3286 1940 3471 1991; x_wconf 73' lang='grc' dir='ltr'>ἔνατον</span> <span class='ocrx_word' id='word_1_327' title='bbox 3522 1939 3680 2009; x_wconf 90' lang='lat' dir='ltr'><strong>quasi</strong></span> <span class='ocrx_word' id='word_1_328' title='bbox 3726 1939 3916 1993; x_wconf 72' lang='grc' dir='ltr'>νέατον</span> <span class='ocrx_word' id='word_1_329' title='bbox 3949 1939 4031 1992; x_wconf 83' lang='lat' dir='ltr'><strong>di-</strong></span> 
     </span>
    </p>
   </div>
   <div class='ocr_carea' id='block_1_48' title="bbox 2443 2028 4031 2098">
    <p class='ocr_par' dir='ltr' id='par_1_48' title="bbox 2443 2028 4031 2098">
     <span class='ocr_line' id='line_1_48' title="bbox 2443 2028 4031 2098; baseline 0.001 -15"><span class='ocrx_word' id='word_1_330' title='bbox 2443 2039 2592 2083; x_wconf 90' lang='lat' dir='ltr'><strong>ctum</strong></span> <span class='ocrx_word' id='word_1_331' title='bbox 2616 2039 2723 2093; x_wconf 86' lang='lat' dir='ltr'><strong>est,</strong></span> <span class='ocrx_word' id='word_1_332' title='bbox 2755 2030 2868 2098; x_wconf 89' lang='lat' dir='ltr'><strong>jam</strong></span> <span class='ocrx_word' id='word_1_333' title='bbox 2908 2028 3014 2083; x_wconf 90' lang='lat' dir='ltr'><strong>hoc</strong></span> <span class='ocrx_word' id='word_1_334' title='bbox 3046 2029 3332 2083; x_wconf 89' lang='lat' dir='ltr'><strong>numerale</strong></span> <span class='ocrx_word' id='word_1_335' title='bbox 3371 2045 3570 2083; x_wconf 85' lang='lat' dir='ltr'><strong>nomen</strong></span> <span class='ocrx_word' id='word_1_336' title='bbox 3602 2045 3632 2083; x_wconf 89' lang='lat' dir='ltr'><strong>a</strong></span> <span class='ocrx_word' id='word_1_337' title='bbox 3665 2046 3765 2084; x_wconf 82' lang='lat' dir='ltr'><strong>suo</strong></span> <span class='ocrx_word' id='word_1_338' title='bbox 3793 2046 4031 2084; x_wconf 89' lang='lat' dir='ltr'><strong>numero</strong></span> 
     </span>
    </p>
   </div>
   <div class='ocr_carea' id='block_1_49' title="bbox 2442 2121 4027 2191">
    <p class='ocr_par' dir='ltr' id='par_1_49' title="bbox 2442 2121 4027 2191">
     <span class='ocr_line' id='line_1_49' title="bbox 2442 2121 4027 2191; baseline 0.004 -21"><span class='ocrx_word' id='word_1_339' title='bbox 2442 2121 2598 2173; x_wconf 74' lang='lat' dir='ltr'><strong>tvvéa</strong></span> <span class='ocrx_word' id='word_1_340' title='bbox 2627 2136 2736 2173; x_wconf 91' lang='lat' dir='ltr'><strong>non</strong></span> <span class='ocrx_word' id='word_1_341' title='bbox 2793 2121 3385 2191; x_wconf 12' lang='lat' dir='ltr'><strong>derivahitur;.lqnod</strong></span> <span class='ocrx_word' id='word_1_342' title='bbox 3431 2122 3727 2176; x_wconf 87' lang='lat' dir='ltr'><strong>absurdum</strong></span> <span class='ocrx_word' id='word_1_343' title='bbox 3787 2122 4027 2177; x_wconf 84' lang='lat' dir='ltr'><strong>videtur.</strong></span> 
     </span>
    </p>
   </div>
   <div class='ocr_carea' id='block_1_50' title="bbox 2444 2211 4032 2284">
    <p class='ocr_par' dir='ltr' id='par_1_50' title="bbox 2444 2211 4032 2284">
     <span class='ocr_line' id='line_1_50' title="bbox 2444 2211 4032 2284; baseline 0 -17"><span class='ocrx_word' id='word_1_344' title='bbox 2444 2211 2577 2267; x_wconf 86' lang='lat' dir='ltr'><strong>Utut</strong></span> <span class='ocrx_word' id='word_1_345' title='bbox 2616 2218 2709 2275; x_wconf 91' lang='lat' dir='ltr'><strong>sit,</strong></span> <span class='ocrx_word' id='word_1_346' title='bbox 2752 2213 3017 2281; x_wconf 87' lang='lat' dir='ltr'><strong>scriptum</strong></span> <span class='ocrx_word' id='word_1_347' title='bbox 3049 2228 3077 2265; x_wconf 93' lang='lat' dir='ltr'><strong>a</strong></span> <span class='ocrx_word' id='word_1_348' title='bbox 3127 2214 3465 2284; x_wconf 82' lang='lat' dir='ltr'><strong>Pachymere</strong></span> <span class='ocrx_word' id='word_1_349' title='bbox 3498 2213 3796 2278; x_wconf 77' lang='grc' dir='ltr'>ὲννατίζειν</span> <span class='ocrx_word' id='word_1_350' title='bbox 3842 2231 3972 2269; x_wconf 89' lang='lat' dir='ltr'><strong>cum</strong></span> <span class='ocrx_word' id='word_1_351' title='bbox 4003 2233 4032 2267; x_wconf 91' lang='grc' dir='ltr'><strong>ν</strong></span> 
     </span>
    </p>
   </div>
   <div class='ocr_carea' id='block_1_51' title="bbox 2444 2303 4033 2374">
    <p class='ocr_par' dir='ltr' id='par_1_51' title="bbox 2444 2303 4033 2374">
     <span class='ocr_line' id='line_1_51' title="bbox 2444 2303 4033 2374; baseline 0.001 -15"><span class='ocrx_word' id='word_1_352' title='bbox 2444 2304 2676 2374; x_wconf 86' lang='lat' dir='ltr'><strong>duplici,</strong></span> <span class='ocrx_word' id='word_1_353' title='bbox 2709 2320 2774 2358; x_wconf 88' lang='lat' dir='ltr'><strong>ex</strong></span> <span class='ocrx_word' id='word_1_354' title='bbox 2805 2303 3079 2373; x_wconf 88' lang='lat' dir='ltr'><strong>scriptura</strong></span> <span class='ocrx_word' id='word_1_355' title='bbox 3105 2313 3400 2360; x_wconf 75' lang='lat' dir='ltr'><strong>contextus</strong></span> <span class='ocrx_word' id='word_1_356' title='bbox 3427 2313 3483 2358; x_wconf 89' lang='lat' dir='ltr'><strong>et</strong></span> <span class='ocrx_word' id='word_1_357' title='bbox 3532 2305 3779 2359; x_wconf 78' lang='lat' dir='ltr'><strong>Vaticani</strong></span> <span class='ocrx_word' id='word_1_358' title='bbox 3815 2308 4033 2361; x_wconf 69' lang='lat' dir='ltr'><strong>codicis</strong></span> 
     </span>
    </p>
   </div>
   <div class='ocr_carea' id='block_1_52' title="bbox 2444 2399 4033 2467">
    <p class='ocr_par' dir='ltr' id='par_1_52' title="bbox 2444 2399 4033 2467">
     <span class='ocr_line' id='line_1_52' title="bbox 2444 2399 4033 2467; baseline 0 -15"><span class='ocrx_word' id='word_1_359' title='bbox 2444 2413 2555 2453; x_wconf 88' lang='lat' dir='ltr'><strong>non</strong></span> <span class='ocrx_word' id='word_1_360' title='bbox 2592 2408 2823 2461; x_wconf 87' lang='lat' dir='ltr'><strong>temere,</strong></span> <span class='ocrx_word' id='word_1_361' title='bbox 2860 2405 2921 2451; x_wconf 90' lang='lat' dir='ltr'><strong>ut</strong></span> <span class='ocrx_word' id='word_1_362' title='bbox 2946 2407 3101 2467; x_wconf 91' lang='lat' dir='ltr'><strong>puto,</strong></span> <span class='ocrx_word' id='word_1_363' title='bbox 3136 2413 3415 2467; x_wconf 82' lang='lat' dir='ltr'><strong>auguror;</strong></span> <span class='ocrx_word' id='word_1_364' title='bbox 3442 2399 3815 2467; x_wconf 82' lang='lat' dir='ltr'><strong>existimoque</strong></span> <span class='ocrx_word' id='word_1_365' title='bbox 3851 2402 4033 2452; x_wconf 84' lang='lat' dir='ltr'><strong>usita-</strong></span> 
     </span>
    </p>
   </div>
   <div class='ocr_carea' id='block_1_53' title="bbox 2445 2487 4033 2545">
    <p class='ocr_par' dir='ltr' id='par_1_53' title="bbox 2445 2487 4033 2545">
     <span class='ocr_line' id='line_1_53' title="bbox 2445 2487 4033 2545; baseline 0.003 -4"><span class='ocrx_word' id='word_1_366' title='bbox 2445 2498 2562 2541; x_wconf 84' lang='lat' dir='ltr'><strong>tum</strong></span> <span class='ocrx_word' id='word_1_367' title='bbox 2625 2487 2681 2541; x_wconf 89' lang='lat' dir='ltr'><strong>in</strong></span> <span class='ocrx_word' id='word_1_368' title='bbox 2731 2489 3084 2543; x_wconf 89' lang='lat' dir='ltr'><strong>monasteriis</strong></span> <span class='ocrx_word' id='word_1_369' title='bbox 3133 2488 3241 2542; x_wconf 90' lang='lat' dir='ltr'><strong>hoc</strong></span> <span class='ocrx_word' id='word_1_370' title='bbox 3274 2489 3505 2542; x_wconf 86' lang='lat' dir='ltr'><strong>verbum</strong></span> <span class='ocrx_word' id='word_1_371' title='bbox 3556 2488 3623 2542; x_wconf 89' lang='lat' dir='ltr'><strong>ad</strong></span> <span class='ocrx_word' id='word_1_372' title='bbox 3672 2488 4033 2545; x_wconf 87' lang='lat' dir='ltr'><strong>indicandam</strong></span> 
     </span>
    </p>
   </div>
   <div class='ocr_carea' id='block_1_54' title="bbox 2448 2578 4034 2648">
    <p class='ocr_par' dir='ltr' id='par_1_54' title="bbox 2448 2578 4034 2648">
     <span class='ocr_line' id='line_1_54' title="bbox 2448 2578 4034 2648; baseline 0.004 -16"><span class='ocrx_word' id='word_1_373' title='bbox 2448 2578 2809 2633; x_wconf 75' lang='lat' dir='ltr'><strong>refectionem</strong></span> <span class='ocrx_word' id='word_1_374' title='bbox 2857 2580 3109 2648; x_wconf 89' lang='lat' dir='ltr'><strong>corporis</strong></span> <span class='ocrx_word' id='word_1_375' title='bbox 3146 2581 3316 2635; x_wconf 89' lang='lat' dir='ltr'><strong>semel</strong></span> <span class='ocrx_word' id='word_1_376' title='bbox 3368 2580 3421 2635; x_wconf 93' lang='lat' dir='ltr'><strong>in</strong></span> <span class='ocrx_word' id='word_1_377' title='bbox 3461 2581 3550 2635; x_wconf 90' lang='lat' dir='ltr'><strong>die</strong></span> <span class='ocrx_word' id='word_1_378' title='bbox 3579 2581 3867 2645; x_wconf 81' lang='lat' dir='ltr'><strong>duntaxat,</strong></span> <span class='ocrx_word' id='word_1_379' title='bbox 3930 2598 4034 2638; x_wconf 89' lang='lat' dir='ltr'><strong>nec</strong></span> 
     </span>
    </p>
   </div>
   <div class='ocr_carea' id='block_1_55' title="bbox 2447 2671 4035 2743">
    <p class='ocr_par' dir='ltr' id='par_1_55' title="bbox 2447 2671 4035 2743">
     <span class='ocr_line' id='line_1_55' title="bbox 2447 2671 4035 2743; baseline 0.003 -19"><span class='ocrx_word' id='word_1_380' title='bbox 2447 2672 2607 2741; x_wconf 86' lang='lat' dir='ltr'><strong>prius</strong></span> <span class='ocrx_word' id='word_1_381' title='bbox 2644 2672 2778 2725; x_wconf 90' lang='lat' dir='ltr'><strong>hora</strong></span> <span class='ocrx_word' id='word_1_382' title='bbox 2826 2671 2894 2725; x_wconf 92' lang='lat' dir='ltr'><strong>ab</strong></span> <span class='ocrx_word' id='word_1_383' title='bbox 2934 2682 3064 2726; x_wconf 88' lang='lat' dir='ltr'><strong>ortu</strong></span> <span class='ocrx_word' id='word_1_384' title='bbox 3104 2672 3238 2726; x_wconf 89' lang='lat' dir='ltr'><strong>solis</strong></span> <span class='ocrx_word' id='word_1_385' title='bbox 3282 2687 3443 2737; x_wconf 87' lang='lat' dir='ltr'><strong>nona,</strong></span> <span class='ocrx_word' id='word_1_386' title='bbox 3494 2682 3849 2742; x_wconf 84' lang='lat' dir='ltr'><strong>usurpatam;</strong></span> <span class='ocrx_word' id='word_1_387' title='bbox 3884 2674 4035 2743; x_wconf 84' lang='lat' dir='ltr'><strong>quod</strong></span> 
     </span>
    </p>
   </div>
   <div class='ocr_carea' id='block_1_56' title="bbox 2447 2762 4033 2835">
    <p class='ocr_par' dir='ltr' id='par_1_56' title="bbox 2447 2762 4033 2835">
     <span class='ocr_line' id='line_1_56' title="bbox 2447 2762 4033 2835; baseline 0.002 -18"><span class='ocrx_word' id='word_1_388' title='bbox 2447 2762 2647 2818; x_wconf 88' lang='lat' dir='ltr'><strong>diebus</strong></span> <span class='ocrx_word' id='word_1_389' title='bbox 2677 2763 2934 2833; x_wconf 84' lang='lat' dir='ltr'><strong>religioso</strong></span> <span class='ocrx_word' id='word_1_390' title='bbox 2954 2764 3167 2835; x_wconf 83' lang='lat' dir='ltr'><strong>jejunio</strong></span> <span class='ocrx_word' id='word_1_391' title='bbox 3191 2765 3422 2819; x_wconf 84' lang='lat' dir='ltr'><strong>sacratis</strong></span> <span class='ocrx_word' id='word_1_392' title='bbox 3442 2774 3653 2819; x_wconf 90' lang='lat' dir='ltr'><strong>tantum</strong></span> <span class='ocrx_word' id='word_1_393' title='bbox 3679 2767 3808 2819; x_wconf 89' lang='lat' dir='ltr'><strong>olim</strong></span> <span class='ocrx_word' id='word_1_394' title='bbox 3839 2764 4033 2820; x_wconf 83' lang='lat' dir='ltr'><strong>ﬁebat.</strong></span> 
     </span>
    </p>
   </div>
   <div class='ocr_carea' id='block_1_57' title="bbox 2447 2854 4034 2928">
    <p class='ocr_par' dir='ltr' id='par_1_57' title="bbox 2447 2854 4034 2928">
     <span class='ocr_line' id='line_1_57' title="bbox 2447 2854 4034 2928; baseline 0.004 -19"><span class='ocrx_word' id='word_1_395' title='bbox 2447 2854 2605 2910; x_wconf 85' lang='lat' dir='ltr'><strong>Nunc</strong></span> <span class='ocrx_word' id='word_1_396' title='bbox 2638 2872 2770 2910; x_wconf 84' lang='lat' dir='ltr'><strong>vero</strong></span> <span class='ocrx_word' id='word_1_397' title='bbox 2797 2856 3134 2912; x_wconf 83' lang='lat' dir='ltr'><strong>Athanasius</strong></span> <span class='ocrx_word' id='word_1_398' title='bbox 3158 2859 3473 2928; x_wconf 84' lang='lat' dir='ltr'><strong>patriarcha</strong></span> <span class='ocrx_word' id='word_1_399' title='bbox 3521 2860 3592 2913; x_wconf 85' lang='lat' dir='ltr'><strong>ita</strong></span> <span class='ocrx_word' id='word_1_400' title='bbox 3633 2861 3883 2928; x_wconf 81' lang='lat' dir='ltr'><strong>quotidie</strong></span> <span class='ocrx_word' id='word_1_401' title='bbox 3912 2862 4034 2916; x_wconf 84' lang='lat' dir='ltr'><strong>ﬁeri</strong></span> 
     </span>
    </p>
   </div>
   <div class='ocr_carea' id='block_1_58' title="bbox 2444 2948 4037 3022">
    <p class='ocr_par' dir='ltr' id='par_1_58' title="bbox 2444 2948 4037 3022">
     <span class='ocr_line' id='line_1_58' title="bbox 2444 2948 4037 3022; baseline 0.002 -20"><span class='ocrx_word' id='word_1_402' title='bbox 2444 2948 2698 3019; x_wconf 71' lang='lat' dir='ltr'><strong>iubebat,</strong></span> <span class='ocrx_word' id='word_1_403' title='bbox 2740 2951 3073 3018; x_wconf 75' lang='grc' dir='ltr'>μονοφαγίαν</span> <span class='ocrx_word' id='word_1_404' title='bbox 3117 2950 3185 3003; x_wconf 83' lang='grc' dir='ltr'><strong>δι’</strong></span> <span class='ocrx_word' id='word_1_405' title='bbox 3229 2953 3381 3011; x_wconf 78' lang='grc' dir='ltr'>ἔτους</span> <span class='ocrx_word' id='word_1_406' title='bbox 3426 2951 3907 3022; x_wconf 71' lang='grc' dir='ltr'><strong>ἑξακριϐούμενος.</strong></span> <span class='ocrx_word' id='word_1_407' title='bbox 3937 2954 4037 3008; x_wconf 82' lang='lat' dir='ltr'><strong>Ni-</strong></span> 
     </span>
    </p>
   </div>
   <div class='ocr_carea' id='block_1_59' title="bbox 2450 3028 4037 3111">
    <p class='ocr_par' dir='ltr' id='par_1_59' title="bbox 2450 3028 4037 3111">
     <span class='ocr_line' id='line_1_59' title="bbox 2450 3028 4037 3111; baseline 0.005 -19"><span class='ocrx_word' id='word_1_408' title='bbox 2450 3039 2651 3093; x_wconf 90' lang='lat' dir='ltr'><strong>mirum</strong></span> <span class='ocrx_word' id='word_1_409' title='bbox 2678 3040 2770 3111; x_wconf 91' lang='lat' dir='ltr'><strong>qui</strong></span> <span class='ocrx_word' id='word_1_410' title='bbox 2799 3042 2866 3095; x_wconf 88' lang='lat' dir='ltr'><strong>ad</strong></span> <span class='ocrx_word' id='word_1_411' title='bbox 2894 3042 3262 3095; x_wconf 86' lang='lat' dir='ltr'><strong>necessariam</strong></span> <span class='ocrx_word' id='word_1_412' title='bbox 3294 3044 3701 3099; x_wconf 85' lang='lat' dir='ltr'><strong>observantiam</strong></span> <span class='ocrx_word' id='word_1_413' title='bbox 3734 3028 4037 3101; x_wconf 78' lang='lat' dir='ltr'><strong>monastici</strong></span> 
     </span>
    </p>
   </div>
   <div class='ocr_carea' id='block_1_60' title="bbox 2452 3131 4037 3201">
    <p class='ocr_par' dir='ltr' id='par_1_60' title="bbox 2452 3131 4037 3201">
     <span class='ocr_line' id='line_1_60' title="bbox 2452 3131 4037 3201; baseline 0.005 -16"><span class='ocrx_word' id='word_1_414' title='bbox 2452 3131 2693 3185; x_wconf 90' lang='lat' dir='ltr'><strong>instituti</strong></span> <span class='ocrx_word' id='word_1_415' title='bbox 2727 3132 3013 3201; x_wconf 90' lang='lat' dir='ltr'><strong>pertinere</strong></span> <span class='ocrx_word' id='word_1_416' title='bbox 3038 3132 3267 3188; x_wconf 90' lang='lat' dir='ltr'><strong>duceret</strong></span> <span class='ocrx_word' id='word_1_417' title='bbox 3296 3142 3410 3189; x_wconf 92' lang='lat' dir='ltr'><strong>toto</strong></span> <span class='ocrx_word' id='word_1_418' title='bbox 3433 3151 3580 3189; x_wconf 89' lang='lat' dir='ltr'><strong>anno</strong></span> <span class='ocrx_word' id='word_1_419' title='bbox 3612 3138 3830 3191; x_wconf 89' lang='lat' dir='ltr'><strong>nonnisi</strong></span> <span class='ocrx_word' id='word_1_420' title='bbox 3864 3140 4037 3193; x_wconf 83' lang='lat' dir='ltr'><strong>semel</strong></span> 
     </span>
    </p>
   </div>
   <div class='ocr_carea' id='block_1_61' title="bbox 776 3221 4039 3305">
    <p class='ocr_par' dir='ltr' id='par_1_61' title="bbox 776 3221 4039 3305">
     <span class='ocr_line' id='line_1_61' title="bbox 776 3221 4039 3305; baseline 0 -21"><span class='ocrx_word' id='word_1_421' title='bbox 776 3231 831 3285; x_wconf 90' lang='lat' dir='ltr'><strong>in</strong></span> <span class='ocrx_word' id='word_1_422' title='bbox 864 3228 1024 3283; x_wconf 89' lang='lat' dir='ltr'><strong>libris</strong></span> <span class='ocrx_word' id='word_1_423' title='bbox 1045 3243 1182 3297; x_wconf 85' lang='lat' dir='ltr'><strong>quos</strong></span> <span class='ocrx_word' id='word_1_424' title='bbox 1201 3227 1429 3281; x_wconf 85' lang='lat' dir='ltr'><strong>viderim</strong></span> <span class='ocrx_word' id='word_1_425' title='bbox 1454 3225 1586 3289; x_wconf 87' lang='lat' dir='ltr'><strong>rari,</strong></span> <span class='ocrx_word' id='word_1_426' title='bbox 1624 3225 1903 3279; x_wconf 88' lang='lat' dir='ltr'><strong>notionem</strong></span> <span class='ocrx_word' id='word_1_427' title='bbox 1928 3238 1957 3275; x_wconf 89' lang='lat' dir='ltr'><strong>e</strong></span> <span class='ocrx_word' id='word_1_428' title='bbox 1992 3221 2349 3290; x_wconf 88' lang='lat' dir='ltr'><strong>paraphraste</strong></span> <span class='ocrx_word' id='word_1_429' title='bbox 2378 3245 2423 3305; x_wconf 67' lang='grc' dir='ltr'>ρ</span> <span class='ocrx_word' id='word_1_430' title='bbox 2455 3222 2508 3276; x_wconf 84' lang='grc' dir='ltr'><strong>ἰη</strong></span> <span class='ocrx_word' id='word_1_431' title='bbox 2544 3223 2633 3277; x_wconf 89' lang='lat' dir='ltr'><strong>die</strong></span> <span class='ocrx_word' id='word_1_432' title='bbox 2664 3222 2979 3288; x_wconf 81' lang='lat' dir='ltr'><strong>comedere,</strong></span> <span class='ocrx_word' id='word_1_433' title='bbox 3012 3226 3179 3295; x_wconf 90' lang='lat' dir='ltr'><strong>idque</strong></span> <span class='ocrx_word' id='word_1_434' title='bbox 3211 3242 3319 3279; x_wconf 92' lang='lat' dir='ltr'><strong>non</strong></span> <span class='ocrx_word' id='word_1_435' title='bbox 3359 3238 3483 3282; x_wconf 89' lang='lat' dir='ltr'><strong>ante</strong></span> <span class='ocrx_word' id='word_1_436' title='bbox 3524 3227 3713 3282; x_wconf 90' lang='lat' dir='ltr'><strong>horam</strong></span> <span class='ocrx_word' id='word_1_437' title='bbox 3744 3244 3773 3283; x_wconf 90' lang='lat' dir='ltr'><strong>a</strong></span> <span class='ocrx_word' id='word_1_438' title='bbox 3804 3230 4039 3285; x_wconf 84' lang='lat' dir='ltr'><strong>meridie</strong></span> 
     </span>
    </p>
   </div>
   <div class='ocr_carea' id='block_1_62' title="bbox 774 3309 2342 3387">
    <p class='ocr_par' dir='ltr' id='par_1_62' title="bbox 774 3309 2342 3387">
     <span class='ocr_line' id='line_1_62' title="bbox 774 3309 2342 3387; baseline -0.008 -14"><span class='ocrx_word' id='word_1_439' title='bbox 774 3320 1041 3373; x_wconf 82' lang='lat' dir='ltr'><strong>Vaticano</strong></span> <span class='ocrx_word' id='word_1_440' title='bbox 1070 3319 1302 3387; x_wconf 89' lang='lat' dir='ltr'><strong>sumpsi,</strong></span> <span class='ocrx_word' id='word_1_441' title='bbox 1334 3327 1508 3371; x_wconf 89' lang='lat' dir='ltr'><strong>totum</strong></span> <span class='ocrx_word' id='word_1_442' title='bbox 1540 3316 1689 3369; x_wconf 91' lang='lat' dir='ltr'><strong>hunc</strong></span> <span class='ocrx_word' id='word_1_443' title='bbox 1718 3314 1900 3367; x_wconf 92' lang='lat' dir='ltr'><strong>locum</strong></span> <span class='ocrx_word' id='word_1_444' title='bbox 1928 3312 2007 3366; x_wconf 91' lang='lat' dir='ltr'><strong>sic</strong></span> <span class='ocrx_word' id='word_1_445' title='bbox 2039 3309 2305 3364; x_wconf 85' lang='lat' dir='ltr'><strong>reddente</strong></span> <span class='ocrx_word' id='word_1_446' title='bbox 2330 3326 2342 3361; x_wconf 92' lang='lat'><strong>:</strong></span> 
     </span>
    </p>
   </div>
   <div class='ocr_carea' id='block_1_63' title="bbox 785 3407 2346 3482">
    <p class='ocr_par' dir='ltr' id='par_1_63' title="bbox 785 3407 2346 3482">
     <span class='ocr_line' id='line_1_63' title="bbox 785 3407 2346 3482; baseline -0.006 -15"><span class='ocrx_word' id='word_1_447' title='bbox 785 3414 1013 3467; x_wconf 83' lang='grc' dir='ltr'>Ἑκατὸν</span> <span class='ocrx_word' id='word_1_448' title='bbox 1070 3414 1405 3482; x_wconf 73' lang='grc' dir='ltr'>πεντήκοντα</span> <span class='ocrx_word' id='word_1_449' title='bbox 1440 3412 1726 3481; x_wconf 79' lang='grc' dir='ltr'>χρυσίνονς</span> <span class='ocrx_word' id='word_1_450' title='bbox 1776 3410 1957 3469; x_wconf 76' lang='grc' dir='ltr'><strong>αὐτοῖς</strong></span> <span class='ocrx_word' id='word_1_451' title='bbox 2013 3407 2346 3475; x_wconf 80' lang='grc' dir='ltr'><strong>ἐδωρήσατο.</strong></span> 
     </span>
    </p>
   </div>
   <div class='ocr_carea' id='block_1_64' title="bbox 775 3502 2347 3575">
    <p class='ocr_par' dir='ltr' id='par_1_64' title="bbox 775 3502 2347 3575">
     <span class='ocr_line' id='line_1_64' title="bbox 775 3502 2347 3575; baseline -0.006 -13"><span class='ocrx_word' id='word_1_452' title='bbox 775 3507 867 3562; x_wconf 81' lang='lat' dir='ltr'><strong>Sic</strong></span> <span class='ocrx_word' id='word_1_453' title='bbox 897 3507 985 3559; x_wconf 85' lang='lat' dir='ltr'><strong>ille</strong></span> <span class='ocrx_word' id='word_1_454' title='bbox 1020 3506 1357 3575; x_wconf 90' lang='lat' dir='ltr'><strong>conjungens</strong></span> <span class='ocrx_word' id='word_1_455' title='bbox 1403 3519 1525 3574; x_wconf 55' lang='lat' dir='ltr'><strong>qua).</strong></span> <span class='ocrx_word' id='word_1_456' title='bbox 1577 3511 1769 3556; x_wconf 89' lang='lat' dir='ltr'><strong>auctor</strong></span> <span class='ocrx_word' id='word_1_457' title='bbox 1799 3502 2161 3565; x_wconf 84' lang='lat' dir='ltr'><strong>discreverat,</strong></span> <span class='ocrx_word' id='word_1_458' title='bbox 2215 3513 2347 3552; x_wconf 91' lang='lat' dir='ltr'><strong>cen-</strong></span> 
     </span>
    </p>
   </div>
   <div class='ocr_carea' id='block_1_65' title="bbox 779 3590 2345 3662">
    <p class='ocr_par' dir='ltr' id='par_1_65' title="bbox 779 3590 2345 3662">
     <span class='ocr_line' id='line_1_65' title="bbox 779 3590 2345 3662; baseline -0.004 -14"><span class='ocrx_word' id='word_1_459' title='bbox 779 3609 891 3649; x_wconf 88' lang='lat' dir='ltr'><strong>tum</strong></span> <span class='ocrx_word' id='word_1_460' title='bbox 926 3611 1124 3648; x_wconf 87' lang='lat' dir='ltr'><strong>aureos</strong></span> <span class='ocrx_word' id='word_1_461' title='bbox 1157 3595 1356 3657; x_wconf 79' lang='lat' dir='ltr'><strong>Vecco,</strong></span> <span class='ocrx_word' id='word_1_462' title='bbox 1389 3592 1786 3662; x_wconf 80' lang='lat' dir='ltr'><strong>quinquaginta</strong></span> <span class='ocrx_word' id='word_1_463' title='bbox 1825 3590 2177 3644; x_wconf 73' lang='lat' dir='ltr'><strong>Meliteniotae</strong></span> <span class='ocrx_word' id='word_1_464' title='bbox 2213 3606 2345 3657; x_wconf 86' lang='lat' dir='ltr'><strong>sup-</strong></span> 
     </span>
    </p>
   </div>
   <div class='ocr_carea' id='block_1_66' title="bbox 778 3682 2350 3756">
    <p class='ocr_par' dir='ltr' id='par_1_66' title="bbox 778 3682 2350 3756">
     <span class='ocr_line' id='line_1_66' title="bbox 778 3682 2350 3756; baseline -0.003 -16"><span class='ocrx_word' id='word_1_465' title='bbox 778 3687 1047 3756; x_wconf 80' lang='lat' dir='ltr'><strong>peditatos</strong></span> <span class='ocrx_word' id='word_1_466' title='bbox 1119 3700 1452 3739; x_wconf 88' lang='lat' dir='ltr'><strong>memorans.</strong></span> <span class='ocrx_word' id='word_1_467' title='bbox 1528 3683 1627 3738; x_wconf 88' lang='lat' dir='ltr'><strong>Cui</strong></span> <span class='ocrx_word' id='word_1_468' title='bbox 1690 3694 1961 3753; x_wconf 85' lang='lat' dir='ltr'><strong>quatenus</strong></span> <span class='ocrx_word' id='word_1_469' title='bbox 2022 3682 2350 3752; x_wconf 87' lang='lat' dir='ltr'><strong>simpliciter</strong></span> 
     </span>
    </p>
   </div>
   <div class='ocr_carea' id='block_1_67' title="bbox 778 3774 2347 3848">
    <p class='ocr_par' dir='ltr' id='par_1_67' title="bbox 778 3774 2347 3848">
     <span class='ocr_line' id='line_1_67' title="bbox 778 3774 2347 3848; baseline -0.004 -15"><span class='ocrx_word' id='word_1_470' title='bbox 778 3780 1018 3833; x_wconf 83' lang='lat' dir='ltr'><strong>donandi</strong></span> <span class='ocrx_word' id='word_1_471' title='bbox 1051 3779 1417 3848; x_wconf 82' lang='lat' dir='ltr'><strong>significatum</strong></span> <span class='ocrx_word' id='word_1_472' title='bbox 1448 3776 1716 3831; x_wconf 82' lang='lat' dir='ltr'><strong>vocabulo</strong></span> <span class='ocrx_word' id='word_1_473' title='bbox 1747 3774 2058 3828; x_wconf 83' lang='grc' dir='ltr'>ὲνικανοῦτο</span> <span class='ocrx_word' id='word_1_474' title='bbox 2103 3775 2347 3844; x_wconf 80' lang='lat' dir='ltr'><strong>subjicit,</strong></span> 
     </span>
    </p>
   </div>
   <div class='ocr_carea' id='block_1_68' title="bbox 779 3868 2350 3931">
    <p class='ocr_par' dir='ltr' id='par_1_68' title="bbox 779 3868 2350 3931">
     <span class='ocr_line' id='line_1_68' title="bbox 779 3868 2350 3931; baseline -0.003 -5"><span class='ocrx_word' id='word_1_475' title='bbox 779 3873 1036 3926; x_wconf 69' lang='lat' dir='ltr'><strong>a;lh:ereo</strong></span> <span class='ocrx_word' id='word_1_476' title='bbox 1072 3871 1287 3926; x_wconf 88' lang='lat' dir='ltr'><strong>defectu</strong></span> <span class='ocrx_word' id='word_1_477' title='bbox 1320 3869 1567 3924; x_wconf 86' lang='lat' dir='ltr'><strong>melioris</strong></span> <span class='ocrx_word' id='word_1_478' title='bbox 1595 3868 1871 3931; x_wconf 85' lang='lat' dir='ltr'><strong>auctoris;</strong></span> <span class='ocrx_word' id='word_1_479' title='bbox 1912 3868 2135 3922; x_wconf 87' lang='lat' dir='ltr'><strong>interim</strong></span> <span class='ocrx_word' id='word_1_480' title='bbox 2170 3878 2350 3923; x_wconf 88' lang='lat' dir='ltr'><strong>tamen</strong></span> 
     </span>
    </p>
   </div>
   <div class='ocr_carea' id='block_1_69' title="bbox 780 3961 2351 4034">
    <p class='ocr_par' dir='ltr' id='par_1_69' title="bbox 780 3961 2351 4034">
     <span class='ocr_line' id='line_1_69' title="bbox 780 3961 2351 4034; baseline -0.002 -19"><span class='ocrx_word' id='word_1_481' title='bbox 780 3965 1065 4034; x_wconf 65' lang='lat' dir='ltr'><strong>suspicans</strong></span> <span class='ocrx_word' id='word_1_482' title='bbox 1134 3963 1564 4032; x_wconf 69' lang='lat' dir='ltr'><strong>aSsignationc-m</strong></span> <span class='ocrx_word' id='word_1_483' title='bbox 1637 3976 1829 4014; x_wconf 72' lang='lat' dir='ltr'><strong>annua:</strong></span> <span class='ocrx_word' id='word_1_484' title='bbox 1907 3961 2155 4029; x_wconf 70' lang='lat' dir='ltr'><strong>pecunia:</strong></span> <span class='ocrx_word' id='word_1_485' title='bbox 2219 3961 2351 4013; x_wconf 77' lang='lat' dir='ltr'><strong>istas</strong></span> 
     </span>
    </p>
   </div>
   <div class='ocr_carea' id='block_1_70' title="bbox 776 4051 2352 4122">
    <p class='ocr_par' dir='ltr' id='par_1_70' title="bbox 776 4051 2352 4122">
     <span class='ocr_line' id='line_1_70' title="bbox 776 4051 2352 4122; baseline -0.004 -14"><span class='ocrx_word' id='word_1_486' title='bbox 776 4071 1020 4108; x_wconf 60' lang='lat' dir='ltr'><strong>summas</strong></span> <span class='ocrx_word' id='word_1_487' title='bbox 1050 4057 1337 4122; x_wconf 79' lang='lat' dir='ltr'><strong>a-quantis,</strong></span> <span class='ocrx_word' id='word_1_488' title='bbox 1367 4052 1584 4106; x_wconf 88' lang='lat' dir='ltr'><strong>duohus</strong></span> <span class='ocrx_word' id='word_1_489' title='bbox 1607 4052 1893 4107; x_wconf 84' lang='lat' dir='ltr'><strong>exsulibus</strong></span> <span class='ocrx_word' id='word_1_490' title='bbox 1913 4052 1969 4105; x_wconf 93' lang='lat' dir='ltr'><strong>in</strong></span> <span class='ocrx_word' id='word_1_491' title='bbox 2001 4051 2262 4104; x_wconf 87' lang='lat' dir='ltr'><strong>alimenta</strong></span> <span class='ocrx_word' id='word_1_492' title='bbox 2297 4060 2352 4105; x_wconf 85' lang='lat' dir='ltr'><strong>et</strong></span> 
     </span>
    </p>
   </div>
   <div class='ocr_carea' id='block_1_71' title="bbox 781 4142 2347 4213">
    <p class='ocr_par' dir='ltr' id='par_1_71' title="bbox 781 4142 2347 4213">
     <span class='ocr_line' id='line_1_71' title="bbox 781 4142 2347 4213; baseline -0.002 -17"><span class='ocrx_word' id='word_1_493' title='bbox 781 4161 911 4199; x_wconf 65' lang='lat' dir='ltr'><strong>mus</strong></span> <span class='ocrx_word' id='word_1_494' title='bbox 944 4146 1065 4197; x_wconf 67' lang='lat' dir='ltr'><strong>vita:</strong></span> <span class='ocrx_word' id='word_1_495' title='bbox 1111 4158 1340 4198; x_wconf 64' lang='lat' dir='ltr'><strong>ceteros</strong></span> <span class='ocrx_word' id='word_1_496' title='bbox 1384 4144 1714 4213; x_wconf 64' lang='lat' dir='ltr'><strong>prarbcndm,</strong></span> <span class='ocrx_word' id='word_1_497' title='bbox 1756 4144 1861 4196; x_wconf 90' lang='lat' dir='ltr'><strong>isto</strong></span> <span class='ocrx_word' id='word_1_498' title='bbox 1894 4143 2163 4195; x_wconf 83' lang='lat' dir='ltr'><strong>vocabulo</strong></span> <span class='ocrx_word' id='word_1_499' title='bbox 2206 4142 2347 4195; x_wconf 87' lang='lat' dir='ltr'><strong>indi-</strong></span> 
     </span>
    </p>
   </div>
   <div class='ocr_carea' id='block_1_72' title="bbox 778 4236 2351 4307">
    <p class='ocr_par' dir='ltr' id='par_1_72' title="bbox 778 4236 2351 4307">
     <span class='ocr_line' id='line_1_72' title="bbox 778 4236 2351 4307; baseline -0.001 -17"><span class='ocrx_word' id='word_1_500' title='bbox 778 4248 951 4290; x_wconf 79' lang='lat' dir='ltr'><strong>catam</strong></span> <span class='ocrx_word' id='word_1_501' title='bbox 996 4254 1024 4289; x_wconf 90' lang='lat' dir='ltr'><strong>a</strong></span> <span class='ocrx_word' id='word_1_502' title='bbox 1068 4236 1435 4307; x_wconf 80' lang='lat' dir='ltr'><strong>Pachymere;</strong></span> <span class='ocrx_word' id='word_1_503' title='bbox 1471 4247 1529 4289; x_wconf 92' lang='lat' dir='ltr'><strong>ut</strong></span> <span class='ocrx_word' id='word_1_504' title='bbox 1560 4236 1744 4289; x_wconf 87' lang='lat' dir='ltr'><strong>dicere</strong></span> <span class='ocrx_word' id='word_1_505' title='bbox 1766 4236 2025 4296; x_wconf 87' lang='lat' dir='ltr'><strong>voluerit,</strong></span> <span class='ocrx_word' id='word_1_506' title='bbox 2050 4250 2174 4288; x_wconf 88' lang='lat' dir='ltr'><strong>cum</strong></span> <span class='ocrx_word' id='word_1_507' title='bbox 2204 4245 2351 4288; x_wconf 79' lang='lat' dir='ltr'><strong>eate-</strong></span> 
     </span>
    </p>
   </div>
   <div class='ocr_carea' id='block_1_73' title="bbox 782 4325 2353 4397">
    <p class='ocr_par' dir='ltr' id='par_1_73' title="bbox 782 4325 2353 4397">
     <span class='ocr_line' id='line_1_73' title="bbox 782 4325 2353 4397; baseline -0.002 -16"><span class='ocrx_word' id='word_1_508' title='bbox 782 4343 885 4382; x_wconf 88' lang='lat' dir='ltr'><strong>nus</strong></span> <span class='ocrx_word' id='word_1_509' title='bbox 912 4328 1049 4381; x_wconf 85' lang='lat' dir='ltr'><strong>nihil</strong></span> <span class='ocrx_word' id='word_1_510' title='bbox 1082 4328 1459 4382; x_wconf 77' lang='lat' dir='ltr'><strong>constituiSset</strong></span> <span class='ocrx_word' id='word_1_511' title='bbox 1504 4326 1801 4397; x_wconf 86' lang='lat' dir='ltr'><strong>imperator</strong></span> <span class='ocrx_word' id='word_1_512' title='bbox 1830 4326 1898 4380; x_wconf 93' lang='lat' dir='ltr'><strong>de</strong></span> <span class='ocrx_word' id='word_1_513' title='bbox 1942 4327 2090 4379; x_wconf 89' lang='lat' dir='ltr'><strong>victu</strong></span> <span class='ocrx_word' id='word_1_514' title='bbox 2122 4325 2353 4394; x_wconf 77' lang='lat' dir='ltr'><strong>captivis</strong></span> 
     </span>
    </p>
   </div>
   <div class='ocr_carea' id='block_1_74' title="bbox 781 4417 2354 4489">
    <p class='ocr_par' dir='ltr' id='par_1_74' title="bbox 781 4417 2354 4489">
     <span class='ocr_line' id='line_1_74' title="bbox 781 4417 2354 4489; baseline -0.003 -17"><span class='ocrx_word' id='word_1_515' title='bbox 781 4419 999 4473; x_wconf 87' lang='lat' dir='ltr'><strong>duobus</strong></span> <span class='ocrx_word' id='word_1_516' title='bbox 1043 4420 1410 4489; x_wconf 80' lang='lat' dir='ltr'><strong>suggerendo,</strong></span> <span class='ocrx_word' id='word_1_517' title='bbox 1461 4430 1594 4472; x_wconf 92' lang='lat' dir='ltr'><strong>tunc</strong></span> <span class='ocrx_word' id='word_1_518' title='bbox 1645 4434 1741 4487; x_wconf 91' lang='lat' dir='ltr'><strong>per</strong></span> <span class='ocrx_word' id='word_1_519' title='bbox 1785 4417 2217 4472; x_wconf 82' lang='lat' dir='ltr'><strong>Alexandrinum</strong></span> <span class='ocrx_word' id='word_1_520' title='bbox 2262 4433 2354 4485; x_wconf 82' lang='lat' dir='ltr'><strong>pa-</strong></span> 
     </span>
    </p>
   </div>
   <div class='ocr_carea' id='block_1_75' title="bbox 783 4506 2352 4578">
    <p class='ocr_par' dir='ltr' id='par_1_75' title="bbox 783 4506 2352 4578">
     <span class='ocr_line' id='line_1_75' title="bbox 783 4506 2352 4578; baseline -0.003 -16"><span class='ocrx_word' id='word_1_521' title='bbox 783 4507 1080 4562; x_wconf 89' lang='lat' dir='ltr'><strong>triarcham</strong></span> <span class='ocrx_word' id='word_1_522' title='bbox 1131 4518 1185 4561; x_wconf 86' lang='lat' dir='ltr'><strong>et</strong></span> <span class='ocrx_word' id='word_1_523' title='bbox 1240 4508 1571 4578; x_wconf 79' lang='lat' dir='ltr'><strong>logothetam</strong></span> <span class='ocrx_word' id='word_1_524' title='bbox 1626 4508 1760 4576; x_wconf 90' lang='lat' dir='ltr'><strong>ipsis</strong></span> <span class='ocrx_word' id='word_1_525' title='bbox 1816 4508 2083 4577; x_wconf 85' lang='lat' dir='ltr'><strong>assignari</strong></span> <span class='ocrx_word' id='word_1_526' title='bbox 2139 4525 2169 4561; x_wconf 83' lang='lat' dir='ltr'><strong>e</strong></span> <span class='ocrx_word' id='word_1_527' title='bbox 2223 4506 2352 4560; x_wconf 83' lang='lat' dir='ltr'><strong>ﬁsco</strong></span> 
     </span>
    </p>
   </div>
   <div class='ocr_carea' id='block_1_76' title="bbox 781 4583 2434 4670">
    <p class='ocr_par' dir='ltr' id='par_1_76' title="bbox 781 4583 2434 4670">
     <span class='ocr_line' id='line_1_76' title="bbox 781 4583 2434 4670; baseline -0.002 -15"><span class='ocrx_word' id='word_1_528' title='bbox 781 4601 1062 4655; x_wconf 83' lang='lat' dir='ltr'><strong>Curavisse</strong></span> <span class='ocrx_word' id='word_1_529' title='bbox 1087 4616 1297 4653; x_wconf 89' lang='lat' dir='ltr'><strong>annuas</strong></span> <span class='ocrx_word' id='word_1_530' title='bbox 1341 4602 1655 4669; x_wconf 60' lang='lat' dir='ltr'><strong>pensiones.</strong></span> <span class='ocrx_word' id='word_1_531' title='bbox 1688 4601 1863 4654; x_wconf 81' lang='lat' dir='ltr'><strong>Vecco</strong></span> <span class='ocrx_word' id='word_1_532' title='bbox 1902 4601 2125 4670; x_wconf 67' lang='lat' dir='ltr'><strong>quidem</strong></span> <span class='ocrx_word' id='word_1_533' title='bbox 2163 4614 2357 4653; x_wconf 85' lang='lat' dir='ltr'><strong>aureo-</strong></span> <span class='ocrx_word' id='word_1_534' title='bbox 2394 4583 2434 4635; x_wconf 75' lang='grc' dir='ltr'><strong>θ</strong></span> 
     </span>
    </p>
   </div>
   <div class='ocr_carea' id='block_1_77' title="bbox 784 4693 2176 4761">
    <p class='ocr_par' dir='ltr' id='par_1_77' title="bbox 784 4693 2176 4761">
     <span class='ocr_line' id='line_1_77' title="bbox 784 4693 2176 4761; baseline 0 -16"><span class='ocrx_word' id='word_1_535' title='bbox 784 4708 903 4745; x_wconf 92' lang='lat' dir='ltr'><strong>rum</strong></span> <span class='ocrx_word' id='word_1_536' title='bbox 933 4705 1178 4753; x_wconf 87' lang='lat' dir='ltr'><strong>centum,</strong></span> <span class='ocrx_word' id='word_1_537' title='bbox 1210 4693 1565 4747; x_wconf 64' lang='lat' dir='ltr'><strong>Meliteniotm</strong></span> <span class='ocrx_word' id='word_1_538' title='bbox 1597 4709 1725 4746; x_wconf 82' lang='lat' dir='ltr'><strong>vero</strong></span> <span class='ocrx_word' id='word_1_539' title='bbox 1756 4693 2176 4761; x_wconf 81' lang='lat' dir='ltr'><strong>quinquaginta.</strong></span> 
     </span>
    </p>
   </div>
   <div class='ocr_carea' id='block_1_78' title="bbox 852 4782 2359 4852">
    <p class='ocr_par' dir='ltr' id='par_1_78' title="bbox 852 4782 2359 4852">
     <span class='ocr_line' id='line_1_78' title="bbox 852 4782 2359 4852; baseline 0 -15"><span class='ocrx_word' id='word_1_540' title='bbox 852 4782 1212 4841; x_wconf 64' lang='lat' dir='ltr'><strong>’Ea&#39;rarlé’en&#39;</strong></span> <span class='ocrx_word' id='word_1_541' title='bbox 1241 4800 1295 4852; x_wconf 91' lang='lat' dir='ltr'><strong>p.</strong></span> <span class='ocrx_word' id='word_1_542' title='bbox 1332 4784 1454 4838; x_wconf 74' lang='grc'><strong>519.</strong></span> <span class='ocrx_word' id='word_1_543' title='bbox 1502 4783 1686 4838; x_wconf 86' lang='lat' dir='ltr'><strong>Codex</strong></span> <span class='ocrx_word' id='word_1_544' title='bbox 1739 4784 1979 4852; x_wconf 87' lang='lat' dir='ltr'><strong>optimus</strong></span> <span class='ocrx_word' id='word_1_545' title='bbox 2024 4782 2359 4837; x_wconf 82' lang='lat' dir='ltr'><strong>Barberiuus</strong></span> 
     </span>
    </p>
   </div>
   <div class='ocr_carea' id='block_1_79' title="bbox 784 4876 2359 4942">
    <p class='ocr_par' dir='ltr' id='par_1_79' title="bbox 784 4876 2359 4942">
     <span class='ocr_line' id='line_1_79' title="bbox 784 4876 2359 4942; baseline 0.001 -14"><span class='ocrx_word' id='word_1_546' title='bbox 784 4880 836 4929; x_wconf 88' lang='lat' dir='ltr'><strong>in</strong></span> <span class='ocrx_word' id='word_1_547' title='bbox 888 4886 1146 4930; x_wconf 87' lang='lat' dir='ltr'><strong>contextu</strong></span> <span class='ocrx_word' id='word_1_548' title='bbox 1199 4878 1362 4930; x_wconf 88' lang='lat' dir='ltr'><strong>habet</strong></span> <span class='ocrx_word' id='word_1_549' title='bbox 1396 4878 1743 4942; x_wconf 77' lang='grc' dir='ltr'>ἐννεατίζειν,</span> <span class='ocrx_word' id='word_1_550' title='bbox 1795 4876 1889 4930; x_wconf 92' lang='lat' dir='ltr'><strong>sed</strong></span> <span class='ocrx_word' id='word_1_551' title='bbox 1953 4878 2258 4937; x_wconf 88' lang='lat' dir='ltr'><strong>meliorem,</strong></span> <span class='ocrx_word' id='word_1_552' title='bbox 2298 4884 2359 4929; x_wconf 91' lang='lat' dir='ltr'><strong>ut</strong></span> 
     </span>
    </p>
   </div>
   <div class='ocr_carea' id='block_1_80' title="bbox 788 4966 2361 5039">
    <p class='ocr_par' dir='ltr' id='par_1_80' title="bbox 788 4966 2361 5039">
     <span class='ocr_line' id='line_1_80' title="bbox 788 4966 2361 5039; baseline -0.002 -19"><span class='ocrx_word' id='word_1_553' title='bbox 788 4970 1003 5035; x_wconf 73' lang='lat' dir='ltr'><strong>opinor,</strong></span> <span class='ocrx_word' id='word_1_554' title='bbox 1036 4970 1177 5022; x_wconf 87' lang='lat' dir='ltr'><strong>idem</strong></span> <span class='ocrx_word' id='word_1_555' title='bbox 1208 4970 1499 5023; x_wconf 84' lang='lat' dir='ltr'><strong>lectionem</strong></span> <span class='ocrx_word' id='word_1_556' title='bbox 1536 4970 1587 5021; x_wconf 90' lang='lat' dir='ltr'><strong>iu</strong></span> <span class='ocrx_word' id='word_1_557' title='bbox 1625 4970 1872 5039; x_wconf 77' lang='lat' dir='ltr'><strong>margine</strong></span> <span class='ocrx_word' id='word_1_558' title='bbox 1897 4968 2157 5038; x_wconf 75' lang='lat' dir='ltr'><strong>suggerit,</strong></span> <span class='ocrx_word' id='word_1_559' title='bbox 2186 4966 2361 5019; x_wconf 76' lang='grc' dir='ltr'><strong>ἐνατί-</strong></span> 
     </span>
    </p>
   </div>
   <div class='ocr_carea' id='block_1_81' title="bbox 788 5060 2346 5130">
    <p class='ocr_par' dir='ltr' id='par_1_81' title="bbox 788 5060 2346 5130">
     <span class='ocr_line' id='line_1_81' title="bbox 788 5060 2346 5130; baseline 0.001 -20"><span class='ocrx_word' id='word_1_560' title='bbox 788 5062 920 5123; x_wconf 58' lang='grc' dir='ltr'>ξεν,</span> <span class='ocrx_word' id='word_1_561' title='bbox 955 5078 1054 5129; x_wconf 85' lang='lat' dir='ltr'><strong>pro</strong></span> <span class='ocrx_word' id='word_1_562' title='bbox 1083 5078 1190 5130; x_wconf 87' lang='lat' dir='ltr'><strong>quo</strong></span> <span class='ocrx_word' id='word_1_563' title='bbox 1228 5062 1521 5115; x_wconf 80' lang='lat' dir='ltr'><strong>Vaticanus</strong></span> <span class='ocrx_word' id='word_1_564' title='bbox 1555 5061 1830 5124; x_wconf 73' lang='grc' dir='ltr'>ὲννεάζειν</span> <span class='ocrx_word' id='word_1_565' title='bbox 1860 5061 2104 5114; x_wconf 84' lang='lat' dir='ltr'><strong>exhibet.</strong></span> <span class='ocrx_word' id='word_1_566' title='bbox 2139 5061 2253 5114; x_wconf 85' lang='lat' dir='ltr'><strong>Nos</strong></span> <span class='ocrx_word' id='word_1_567' title='bbox 2282 5060 2346 5113; x_wconf 88' lang='lat' dir='ltr'><strong>ad</strong></span> 
     </span>
    </p>
   </div>
   <div class='ocr_carea' id='block_1_82' title="bbox 863 5244 2357 5321">
    <p class='ocr_par' dir='ltr' id='par_1_82' title="bbox 863 5244 2357 5321">
     <span class='ocr_line' id='line_1_82' title="bbox 863 5244 2357 5321; baseline -0.004 -18"><span class='ocrx_word' id='word_1_568' title='bbox 863 5252 923 5321; x_wconf 77' lang='grc'><strong>(⁸)</strong></span> <span class='ocrx_word' id='word_1_569' title='bbox 957 5249 1082 5303; x_wconf 76' lang='lat' dir='ltr'><strong>Post</strong></span> <span class='ocrx_word' id='word_1_570' title='bbox 1137 5248 1261 5321; x_wconf 64' lang='lat' dir='ltr'><strong>haec</strong></span> <span class='ocrx_word' id='word_1_571' title='bbox 1287 5249 1486 5321; x_wconf 82' lang='lat' dir='ltr'><strong>scripta</strong></span> <span class='ocrx_word' id='word_1_572' title='bbox 1551 5249 2012 5321; x_wconf 26' lang='lat' dir='ltr'><strong>reperidverbum</strong></span> <span class='ocrx_word' id='word_1_573' title='bbox 2056 5244 2357 5309; x_wconf 75' lang='grc' dir='ltr'><strong>ὲννατιζειν</strong></span> 
     </span>
    </p>
   </div>
   <div class='ocr_carea' id='block_1_83' title="bbox 790 5317 2355 5387">
    <p class='ocr_par' dir='ltr' id='par_1_83' title="bbox 790 5317 2355 5387">
     <span class='ocr_line' id='line_1_83' title="bbox 790 5317 2355 5387; baseline -0.003 -18"><span class='ocrx_word' id='word_1_574' title='bbox 790 5317 891 5377; x_wconf 72' lang='lat' dir='ltr'><strong>hoc</strong></span> <span class='ocrx_word' id='word_1_575' title='bbox 923 5322 1041 5382; x_wconf 83' lang='lat' dir='ltr'><strong>ipso</strong></span> <span class='ocrx_word' id='word_1_576' title='bbox 1064 5334 1219 5385; x_wconf 88' lang='lat' dir='ltr'><strong>quem</strong></span> <span class='ocrx_word' id='word_1_577' title='bbox 1250 5317 1339 5371; x_wconf 90' lang='lat' dir='ltr'><strong>hic</strong></span> <span class='ocrx_word' id='word_1_578' title='bbox 1365 5318 1585 5384; x_wconf 84' lang='lat' dir='ltr'><strong>exposui</strong></span> <span class='ocrx_word' id='word_1_579' title='bbox 1620 5318 1934 5387; x_wconf 75' lang='lat' dir='ltr'><strong>signiﬁcatu</strong></span> <span class='ocrx_word' id='word_1_580' title='bbox 1977 5329 2299 5387; x_wconf 73' lang='lat' dir='ltr'><strong>usurpatum</strong></span> <span class='ocrx_word' id='word_1_581' title='bbox 2327 5329 2355 5365; x_wconf 85' lang='lat' dir='ltr'><strong>a</strong></span> 
     </span>
    </p>
   </div>
   <div class='ocr_carea' id='block_1_84' title="bbox 792 5384 2361 5447">
    <p class='ocr_par' dir='ltr' id='par_1_84' title="bbox 792 5384 2361 5447">
     <span class='ocr_line' id='line_1_84' title="bbox 792 5384 2361 5447; baseline -0.007 0"><span class='ocrx_word' id='word_1_582' title='bbox 792 5393 849 5447; x_wconf 88' lang='lat' dir='ltr'><strong>S.</strong></span> <span class='ocrx_word' id='word_1_583' title='bbox 882 5384 1169 5442; x_wconf 78' lang='lat' dir='ltr'><strong>Theodoro</strong></span> <span class='ocrx_word' id='word_1_584' title='bbox 1206 5389 1415 5441; x_wconf 76' lang='lat' dir='ltr'><strong>Sludita</strong></span> <span class='ocrx_word' id='word_1_585' title='bbox 1450 5390 1502 5441; x_wconf 91' lang='lat' dir='ltr'><strong>in</strong></span> <span class='ocrx_word' id='word_1_586' title='bbox 1551 5384 1881 5441; x_wconf 78' lang='lat' dir='ltr'><strong>Laudatione</strong></span> <span class='ocrx_word' id='word_1_587' title='bbox 1913 5385 2124 5440; x_wconf 80' lang='lat' dir='ltr'><strong>funebri</strong></span> <span class='ocrx_word' id='word_1_588' title='bbox 2159 5386 2216 5438; x_wconf 84' lang='lat' dir='ltr'><strong>S.</strong></span> <span class='ocrx_word' id='word_1_589' title='bbox 2248 5384 2361 5437; x_wconf 80' lang='lat' dir='ltr'><strong>Pla-</strong></span> 
     </span>
    </p>
   </div>
   <div class='ocr_carea' id='block_1_85' title="bbox 797 5454 2363 5523">
    <p class='ocr_par' dir='ltr' id='par_1_85' title="bbox 797 5454 2363 5523">
     <span class='ocr_line' id='line_1_85' title="bbox 797 5454 2363 5523; baseline -0.007 -7"><span class='ocrx_word' id='word_1_590' title='bbox 797 5463 940 5516; x_wconf 75' lang='lat' dir='ltr'><strong>tonis</strong></span> <span class='ocrx_word' id='word_1_591' title='bbox 984 5458 1263 5523; x_wconf 81' lang='lat' dir='ltr'><strong>monachi,</strong></span> <span class='ocrx_word' id='word_1_592' title='bbox 1293 5474 1413 5521; x_wconf 67' lang='lat' dir='ltr'><strong>qua!</strong></span> <span class='ocrx_word' id='word_1_593' title='bbox 1443 5473 1544 5510; x_wconf 80' lang='lat' dir='ltr'><strong>ms.</strong></span> <span class='ocrx_word' id='word_1_594' title='bbox 1581 5469 1832 5511; x_wconf 85' lang='lat' dir='ltr'><strong>servatur</strong></span> <span class='ocrx_word' id='word_1_595' title='bbox 1859 5458 1910 5510; x_wconf 89' lang='lat' dir='ltr'><strong>in</strong></span> <span class='ocrx_word' id='word_1_596' title='bbox 1948 5456 2070 5511; x_wconf 85' lang='lat' dir='ltr'><strong>eod.</strong></span> <span class='ocrx_word' id='word_1_597' title='bbox 2103 5454 2363 5509; x_wconf 84' lang='lat' dir='ltr'><strong>Vaticano</strong></span> 
     </span>
    </p>
   </div>
   <div class='ocr_carea' id='block_1_86' title="bbox 796 5524 2366 5594">
    <p class='ocr_par' dir='ltr' id='par_1_86' title="bbox 796 5524 2366 5594">
     <span class='ocr_line' id='line_1_86' title="bbox 796 5524 2366 5594; baseline -0.007 -9"><span class='ocrx_word' id='word_1_598' title='bbox 796 5530 951 5585; x_wconf 68' lang='grc'><strong>1060.</strong></span> <span class='ocrx_word' id='word_1_599' title='bbox 987 5529 1041 5581; x_wconf 91' lang='lat' dir='ltr'><strong>lu</strong></span> <span class='ocrx_word' id='word_1_600' title='bbox 1068 5543 1128 5581; x_wconf 84' lang='lat' dir='ltr'><strong>ea</strong></span> <span class='ocrx_word' id='word_1_601' title='bbox 1163 5530 1408 5581; x_wconf 84' lang='lat' dir='ltr'><strong>oratione</strong></span> <span class='ocrx_word' id='word_1_602' title='bbox 1437 5530 1597 5594; x_wconf 82' lang='lat' dir='ltr'><strong>paulo</strong></span> <span class='ocrx_word' id='word_1_603' title='bbox 1630 5538 1755 5580; x_wconf 87' lang='lat' dir='ltr'><strong>ante</strong></span> <span class='ocrx_word' id='word_1_604' title='bbox 1786 5526 2019 5580; x_wconf 86' lang='lat' dir='ltr'><strong>medium</strong></span> <span class='ocrx_word' id='word_1_605' title='bbox 2056 5524 2366 5578; x_wconf 85' lang='lat' dir='ltr'><strong>referuntur</strong></span> 
     </span>
    </p>
   </div>
   <div class='ocr_carea' id='block_1_87' title="bbox 796 5594 2365 5665">
    <p class='ocr_par' dir='ltr' id='par_1_87' title="bbox 796 5594 2365 5665">
     <span class='ocr_line' id='line_1_87' title="bbox 796 5594 2365 5665; baseline -0.006 -11"><span class='ocrx_word' id='word_1_606' title='bbox 796 5603 908 5654; x_wconf 76' lang='lat' dir='ltr'><strong>haec</strong></span> <span class='ocrx_word' id='word_1_607' title='bbox 939 5599 1098 5651; x_wconf 85' lang='lat' dir='ltr'><strong>verba</strong></span> <span class='ocrx_word' id='word_1_608' title='bbox 1132 5598 1351 5651; x_wconf 81' lang='lat' dir='ltr'><strong>Antonii</strong></span> <span class='ocrx_word' id='word_1_609' title='bbox 1386 5599 1655 5661; x_wconf 90' lang='lat' dir='ltr'><strong>monachi,</strong></span> <span class='ocrx_word' id='word_1_610' title='bbox 1682 5599 1773 5665; x_wconf 89' lang='lat' dir='ltr'><strong>qui</strong></span> <span class='ocrx_word' id='word_1_611' title='bbox 1801 5596 2095 5665; x_wconf 81' lang='lat' dir='ltr'><strong>discipulus</strong></span> <span class='ocrx_word' id='word_1_612' title='bbox 2118 5605 2166 5647; x_wconf 82' lang='lat' dir='ltr'><strong>et</strong></span> <span class='ocrx_word' id='word_1_613' title='bbox 2207 5594 2365 5647; x_wconf 80' lang='lat' dir='ltr'><strong>mitti—</strong></span> 
     </span>
    </p>
   </div>
   <div class='ocr_carea' id='block_1_88' title="bbox 795 5665 2358 5733">
    <p class='ocr_par' dir='ltr' id='par_1_88' title="bbox 795 5665 2358 5733">
     <span class='ocr_line' id='line_1_88' title="bbox 795 5665 2358 5733; baseline -0.006 -10"><span class='ocrx_word' id='word_1_614' title='bbox 795 5686 907 5724; x_wconf 83' lang='lat' dir='ltr'><strong>ster</strong></span> <span class='ocrx_word' id='word_1_615' title='bbox 934 5669 1106 5719; x_wconf 80' lang='lat' dir='ltr'><strong>fuerat</strong></span> <span class='ocrx_word' id='word_1_616' title='bbox 1140 5667 1195 5722; x_wconf 82' lang='lat' dir='ltr'><strong>S.</strong></span> <span class='ocrx_word' id='word_1_617' title='bbox 1230 5668 1471 5722; x_wconf 84' lang='lat' dir='ltr'><strong>Platonis</strong></span> <span class='ocrx_word' id='word_1_618' title='bbox 1503 5669 1627 5720; x_wconf 90' lang='lat' dir='ltr'><strong>dum</strong></span> <span class='ocrx_word' id='word_1_619' title='bbox 1662 5669 1837 5721; x_wconf 87' lang='lat' dir='ltr'><strong>adlmc</strong></span> <span class='ocrx_word' id='word_1_620' title='bbox 1867 5668 2068 5718; x_wconf 74' lang='lat' dir='ltr'><strong>viveret</strong></span> <span class='ocrx_word' id='word_1_621' title='bbox 2094 5683 2106 5716; x_wconf 89' lang='lat'><strong>:</strong></span> <span class='ocrx_word' id='word_1_622' title='bbox 2136 5665 2358 5733; x_wconf 65' lang='grc' dir='ltr'><strong>Ἄρεως,</strong></span> 
     </span>
    </p>
   </div>
   <div class='ocr_carea' id='block_1_89' title="bbox 796 5736 2362 5807">
    <p class='ocr_par' dir='ltr' id='par_1_89' title="bbox 796 5736 2362 5807">
     <span class='ocr_line' id='line_1_89' title="bbox 796 5736 2362 5807; baseline -0.003 -17"><span class='ocrx_word' id='word_1_623' title='bbox 796 5740 951 5807; x_wconf 75' lang='grc' dir='ltr'><strong>φησὶ,</strong></span> <span class='ocrx_word' id='word_1_624' title='bbox 978 5738 1053 5806; x_wconf 85' lang='grc' dir='ltr'><strong>τῷ</strong></span> <span class='ocrx_word' id='word_1_625' title='bbox 1087 5738 1259 5803; x_wconf 59' lang='lat' dir='ltr'><strong>&quot;arpi</strong></span> <span class='ocrx_word' id='word_1_626' title='bbox 1282 5738 1374 5789; x_wconf 70' lang='grc' dir='ltr'><strong>καὶ</strong></span> <span class='ocrx_word' id='word_1_627' title='bbox 1406 5737 1616 5805; x_wconf 74' lang='grc' dir='ltr'>κύαμος</span> <span class='ocrx_word' id='word_1_628' title='bbox 1644 5738 1781 5806; x_wconf 82' lang='grc' dir='ltr'>πρὸς</span> <span class='ocrx_word' id='word_1_629' title='bbox 1800 5736 2053 5807; x_wconf 77' lang='grc' dir='ltr'><strong>λαχάνοις</strong></span> <span class='ocrx_word' id='word_1_630' title='bbox 2079 5737 2170 5787; x_wconf 77' lang='grc' dir='ltr'><strong>καὶ</strong></span> <span class='ocrx_word' id='word_1_631' title='bbox 2196 5739 2362 5807; x_wconf 66' lang='grc' dir='ltr'>ὼερο-</span> 
     </span>
    </p>
   </div>
   <div class='ocr_carea' id='block_1_90' title="bbox 793 5804 2359 5929">
    <p class='ocr_par' dir='ltr' id='par_1_90' title="bbox 793 5804 2359 5929">
     <span class='ocr_line' id='line_1_90' title="bbox 793 5804 2359 5929; baseline -0.006 -66"><span class='ocrx_word' id='word_1_632' title='bbox 793 5804 997 5874; x_wconf 65' lang='grc' dir='ltr'><strong>δρῦοις,</strong></span> <span class='ocrx_word' id='word_1_633' title='bbox 1151 5808 1271 5861; x_wconf 73' lang='grc' dir='ltr'><strong>καθ’</strong></span> <span class='ocrx_word' id='word_1_634' title='bbox 1325 5804 1538 5878; x_wconf 66' lang='grc' dir='ltr'><strong>ἡμέραν</strong></span> <span class='ocrx_word' id='word_1_635' title='bbox 1573 5804 1919 5869; x_wconf 58' lang='grc' dir='ltr'><strong>ἐπιλάτίςουοέᾷ</strong></span> <span class='ocrx_word' id='word_1_636' title='bbox 1963 5806 2208 5865; x_wconf 77' lang='grc' dir='ltr'><strong>ἀνέλαιος</strong></span> <span class='ocrx_word' id='word_1_637' title='bbox 2248 5804 2359 5855; x_wconf 73' lang='grc' dir='ltr'><strong>δια·</strong></span> 
     </span>
     <span class='ocr_line' id='line_1_91' title="bbox 796 5873 2359 5929; baseline -0.003 0"><span class='ocrx_word' id='word_1_638' title='bbox 796 5878 992 5929; x_wconf 65' lang='grc' dir='ltr'><strong>ιοοωὶη.</strong></span> <span class='ocrx_word' id='word_1_639' title='bbox 1037 5878 1177 5929; x_wconf 55' lang='grc' dir='ltr'>ποῖον</span> <span class='ocrx_word' id='word_1_640' title='bbox 1232 5880 1514 5929; x_wconf 71' lang='grc' dir='ltr'><strong>Κυοιακῆς</strong></span> <span class='ocrx_word' id='word_1_641' title='bbox 1552 5880 1640 5929; x_wconf 69' lang='grc' dir='ltr'><strong>καὶ</strong></span> <span class='ocrx_word' id='word_1_642' title='bbox 1689 5879 1899 5929; x_wconf 57' lang='lat' dir='ltr'><strong>torni;</strong></span> <span class='ocrx_word' id='word_1_643' title='bbox 1938 5874 2060 5929; x_wconf 75' lang='grc' dir='ltr'><strong>καθ’</strong></span> <span class='ocrx_word' id='word_1_644' title='bbox 2091 5876 2155 5929; x_wconf 71' lang='grc' dir='ltr'><strong>ἃς</strong></span> <span class='ocrx_word' id='word_1_645' title='bbox 2187 5873 2359 5927; x_wconf 71' lang='grc' dir='ltr'>εἰώθει</span> 
     </span>
    </p>
   </div>
   <div class='ocr_carea' id='block_1_91' title="bbox 796 5873 2365 5949">
    <p class='ocr_par' dir='ltr' id='par_1_91' title="bbox 796 5873 2365 5949">
     <span class='ocr_line' id='line_1_92' title="bbox 796 5873 2365 5949; baseline -0.004 -17"><span class='ocrx_word' id='word_1_646' title='bbox 796 5873 992 5949; x_wconf 69' lang='grc' dir='ltr'><strong>ιροφὴ,</strong></span> <span class='ocrx_word' id='word_1_647' title='bbox 1037 5873 1177 5942; x_wconf 73' lang='grc' dir='ltr'>πλὴν</span> <span class='ocrx_word' id='word_1_648' title='bbox 1232 5873 1514 5947; x_wconf 61' lang='grc' dir='ltr'><strong>Κυρῖυὲἦς</strong></span> <span class='ocrx_word' id='word_1_649' title='bbox 1552 5880 1640 5930; x_wconf 69' lang='grc' dir='ltr'><strong>καὶ</strong></span> <span class='ocrx_word' id='word_1_650' title='bbox 1689 5879 1899 5946; x_wconf 72' lang='grc' dir='ltr'><strong>ἑορτῆς,</strong></span> <span class='ocrx_word' id='word_1_651' title='bbox 1938 5874 2060 5929; x_wconf 75' lang='grc' dir='ltr'><strong>καθ’</strong></span> <span class='ocrx_word' id='word_1_652' title='bbox 2091 5876 2155 5938; x_wconf 74' lang='grc' dir='ltr'><strong>ἃς</strong></span> <span class='ocrx_word' id='word_1_653' title='bbox 2187 5873 2365 5927; x_wconf 71' lang='grc' dir='ltr'>εἰώθει</span> 
     </span>
    </p>
   </div>
   <div class='ocr_carea' id='block_1_92' title="bbox 2457 3317 4039 3389">
    <p class='ocr_par' dir='ltr' id='par_1_92' title="bbox 2457 3317 4039 3389">
     <span class='ocr_line' id='line_1_93' title="bbox 2457 3317 4039 3389; baseline 0.004 -20"><span class='ocrx_word' id='word_1_654' title='bbox 2457 3317 2699 3380; x_wconf 86' lang='lat' dir='ltr'><strong>tertiam,</strong></span> <span class='ocrx_word' id='word_1_655' title='bbox 2760 3332 2789 3369; x_wconf 90' lang='lat' dir='ltr'><strong>a</strong></span> <span class='ocrx_word' id='word_1_656' title='bbox 2841 3318 2975 3370; x_wconf 88' lang='lat' dir='ltr'><strong>solis</strong></span> <span class='ocrx_word' id='word_1_657' title='bbox 3014 3326 3138 3371; x_wconf 89' lang='lat' dir='ltr'><strong>ortu</strong></span> <span class='ocrx_word' id='word_1_658' title='bbox 3179 3333 3405 3378; x_wconf 87' lang='lat' dir='ltr'><strong>nonam,</strong></span> <span class='ocrx_word' id='word_1_659' title='bbox 3438 3319 3518 3373; x_wconf 80' lang='lat' dir='ltr'><strong>sic</strong></span> <span class='ocrx_word' id='word_1_660' title='bbox 3553 3335 3652 3389; x_wconf 90' lang='lat' dir='ltr'><strong>per</strong></span> <span class='ocrx_word' id='word_1_661' title='bbox 3699 3320 4039 3376; x_wconf 86' lang='lat' dir='ltr'><strong>monasteria</strong></span> 
     </span>
    </p>
   </div>
   <div class='ocr_carea' id='block_1_93' title="bbox 2454 3407 4041 3478">
    <p class='ocr_par' dir='ltr' id='par_1_93' title="bbox 2454 3407 4041 3478">
     <span class='ocr_line' id='line_1_94' title="bbox 2454 3407 4041 3478; baseline 0.006 -19"><span class='ocrx_word' id='word_1_662' title='bbox 2454 3407 2575 3460; x_wconf 81' lang='lat' dir='ltr'><strong>ﬁeri</strong></span> <span class='ocrx_word' id='word_1_663' title='bbox 2621 3407 2865 3476; x_wconf 82' lang='lat' dir='ltr'><strong>quotidie</strong></span> <span class='ocrx_word' id='word_1_664' title='bbox 2901 3409 3152 3478; x_wconf 83' lang='lat' dir='ltr'><strong>jubebat.</strong></span> <span class='ocrx_word' id='word_1_665' title='bbox 3202 3410 3288 3471; x_wconf 75' lang='grc' dir='ltr'><strong>Ὡς</strong></span> <span class='ocrx_word' id='word_1_666' title='bbox 3320 3412 3411 3462; x_wconf 75' lang='grc' dir='ltr'><strong>καὶ</strong></span> <span class='ocrx_word' id='word_1_667' title='bbox 3442 3408 3739 3475; x_wconf 65' lang='grc' dir='ltr'>ὲννιτίξειν</span> <span class='ocrx_word' id='word_1_668' title='bbox 3773 3414 3883 3477; x_wconf 67' lang='grc' dir='ltr'><strong>ἀεὶ,</strong></span> <span class='ocrx_word' id='word_1_669' title='bbox 3930 3415 4041 3469; x_wconf 87' lang='lat' dir='ltr'><strong>hoc</strong></span> 
     </span>
    </p>
   </div>
   <div class='ocr_carea' id='block_1_94' title="bbox 2456 3500 4040 3571">
    <p class='ocr_par' dir='ltr' id='par_1_94' title="bbox 2456 3500 4040 3571">
     <span class='ocr_line' id='line_1_95' title="bbox 2456 3500 4040 3571; baseline 0.005 -20"><span class='ocrx_word' id='word_1_670' title='bbox 2456 3510 2564 3560; x_wconf 91' lang='lat' dir='ltr'><strong>est.</strong></span> <span class='ocrx_word' id='word_1_671' title='bbox 2621 3500 2695 3552; x_wconf 89' lang='lat' dir='ltr'><strong>ita</strong></span> <span class='ocrx_word' id='word_1_672' title='bbox 2732 3510 2789 3553; x_wconf 94' lang='lat' dir='ltr'><strong>ut</strong></span> <span class='ocrx_word' id='word_1_673' title='bbox 2820 3501 2944 3554; x_wconf 62' lang='lat' dir='ltr'><strong>inde.</strong></span> <span class='ocrx_word' id='word_1_674' title='bbox 2974 3512 3300 3570; x_wconf 88' lang='lat' dir='ltr'><strong>sequeretur</strong></span> <span class='ocrx_word' id='word_1_675' title='bbox 3332 3518 3549 3571; x_wconf 88' lang='lat' dir='ltr'><strong>semper</strong></span> <span class='ocrx_word' id='word_1_676' title='bbox 3572 3504 3875 3557; x_wconf 88' lang='lat' dir='ltr'><strong>monachos</strong></span> <span class='ocrx_word' id='word_1_677' title='bbox 3899 3505 4040 3559; x_wconf 86' lang='lat' dir='ltr'><strong>hora</strong></span> 
     </span>
    </p>
   </div>
   <div class='ocr_carea' id='block_1_95' title="bbox 2455 3588 4042 3659">
    <p class='ocr_par' dir='ltr' id='par_1_95' title="bbox 2455 3588 4042 3659">
     <span class='ocr_line' id='line_1_96' title="bbox 2455 3588 4042 3659; baseline 0.003 -18"><span class='ocrx_word' id='word_1_678' title='bbox 2455 3591 2723 3642; x_wconf 85' lang='lat' dir='ltr'><strong>duntaxat</strong></span> <span class='ocrx_word' id='word_1_679' title='bbox 2762 3606 2906 3643; x_wconf 88' lang='lat' dir='ltr'><strong>nona</strong></span> <span class='ocrx_word' id='word_1_680' title='bbox 2936 3588 3209 3659; x_wconf 84' lang='lat' dir='ltr'><strong>jejunium</strong></span> <span class='ocrx_word' id='word_1_681' title='bbox 3254 3591 3503 3653; x_wconf 84' lang='lat' dir='ltr'><strong>solvere,</strong></span> <span class='ocrx_word' id='word_1_682' title='bbox 3538 3591 3704 3644; x_wconf 90' lang='lat' dir='ltr'><strong>etiam</strong></span> <span class='ocrx_word' id='word_1_683' title='bbox 3742 3592 3900 3645; x_wconf 80' lang='lat' dir='ltr'><strong>festis</strong></span> <span class='ocrx_word' id='word_1_684' title='bbox 3933 3591 4042 3646; x_wconf 84' lang='lat' dir='ltr'><strong>Do-</strong></span> 
     </span>
    </p>
   </div>
   <div class='ocr_carea' id='block_1_96' title="bbox 2456 3680 4043 3749">
    <p class='ocr_par' dir='ltr' id='par_1_96' title="bbox 2456 3680 4043 3749">
     <span class='ocr_line' id='line_1_97' title="bbox 2456 3680 4043 3749; baseline 0.001 -17"><span class='ocrx_word' id='word_1_685' title='bbox 2456 3682 2588 3732; x_wconf 87' lang='lat' dir='ltr'><strong>mini</strong></span> <span class='ocrx_word' id='word_1_686' title='bbox 2617 3689 2673 3733; x_wconf 90' lang='lat' dir='ltr'><strong>et</strong></span> <span class='ocrx_word' id='word_1_687' title='bbox 2722 3680 3103 3735; x_wconf 81' lang='lat' dir='ltr'><strong>Paschalibus.</strong></span> <span class='ocrx_word' id='word_1_688' title='bbox 3139 3680 3408 3749; x_wconf 80' lang='lat' dir='ltr'><strong>Legitima</strong></span> <span class='ocrx_word' id='word_1_689' title='bbox 3444 3680 3700 3733; x_wconf 85' lang='lat' dir='ltr'><strong>videlicet</strong></span> <span class='ocrx_word' id='word_1_690' title='bbox 3742 3680 3799 3733; x_wconf 91' lang='lat' dir='ltr'><strong>in</strong></span> <span class='ocrx_word' id='word_1_691' title='bbox 3846 3695 4043 3734; x_wconf 70' lang='lat' dir='ltr'><strong>emno-</strong></span> 
     </span>
    </p>
   </div>
   <div class='ocr_carea' id='block_1_97' title="bbox 2456 3770 4047 3843">
    <p class='ocr_par' dir='ltr' id='par_1_97' title="bbox 2456 3770 4047 3843">
     <span class='ocr_line' id='line_1_98' title="bbox 2456 3770 4047 3843; baseline 0.001 -18"><span class='ocrx_word' id='word_1_692' title='bbox 2456 3773 2565 3826; x_wconf 87' lang='lat' dir='ltr'><strong>biis</strong></span> <span class='ocrx_word' id='word_1_693' title='bbox 2625 3773 2733 3838; x_wconf 86' lang='lat' dir='ltr'><strong>jam</strong></span> <span class='ocrx_word' id='word_1_694' title='bbox 2777 3770 2927 3835; x_wconf 89' lang='lat' dir='ltr'><strong>olim,</strong></span> <span class='ocrx_word' id='word_1_695' title='bbox 2977 3788 3087 3841; x_wconf 92' lang='lat' dir='ltr'><strong>quo</strong></span> <span class='ocrx_word' id='word_1_696' title='bbox 3141 3772 3230 3826; x_wconf 90' lang='lat' dir='ltr'><strong>die</strong></span> <span class='ocrx_word' id='word_1_697' title='bbox 3280 3771 3659 3843; x_wconf 83' lang='lat' dir='ltr'><strong>jejunabatur,</strong></span> <span class='ocrx_word' id='word_1_698' title='bbox 3716 3771 4047 3827; x_wconf 81' lang='lat' dir='ltr'><strong>refectiouis</strong></span> 
     </span>
    </p>
   </div>
   <div class='ocr_carea' id='block_1_98' title="bbox 2461 3864 4047 3933">
    <p class='ocr_par' dir='ltr' id='par_1_98' title="bbox 2461 3864 4047 3933">
     <span class='ocr_line' id='line_1_99' title="bbox 2461 3864 4047 3933; baseline -0.001 -16"><span class='ocrx_word' id='word_1_699' title='bbox 2461 3866 2595 3917; x_wconf 84' lang='lat' dir='ltr'><strong>hora</strong></span> <span class='ocrx_word' id='word_1_700' title='bbox 2631 3879 2775 3917; x_wconf 84' lang='lat' dir='ltr'><strong>nona</strong></span> <span class='ocrx_word' id='word_1_701' title='bbox 2814 3875 2967 3931; x_wconf 87' lang='lat' dir='ltr'><strong>erat,</strong></span> <span class='ocrx_word' id='word_1_702' title='bbox 3022 3874 3188 3933; x_wconf 88' lang='lat' dir='ltr'><strong>prout</strong></span> <span class='ocrx_word' id='word_1_703' title='bbox 3222 3866 3604 3917; x_wconf 86' lang='lat' dir='ltr'><strong>demonstrare</strong></span> <span class='ocrx_word' id='word_1_704' title='bbox 3637 3879 3857 3933; x_wconf 87' lang='lat' dir='ltr'><strong>possem</strong></span> <span class='ocrx_word' id='word_1_705' title='bbox 3902 3864 4047 3916; x_wconf 86' lang='lat' dir='ltr'><strong>mul-</strong></span> 
     </span>
    </p>
   </div>
   <div class='ocr_carea' id='block_1_99' title="bbox 2458 3954 4041 4025">
    <p class='ocr_par' dir='ltr' id='par_1_99' title="bbox 2458 3954 4041 4025">
     <span class='ocr_line' id='line_1_100' title="bbox 2458 3954 4041 4025; baseline 0 -18"><span class='ocrx_word' id='word_1_706' title='bbox 2458 3957 2526 4009; x_wconf 89' lang='lat' dir='ltr'><strong>tis</strong></span> <span class='ocrx_word' id='word_1_707' title='bbox 2575 3956 2906 4009; x_wconf 87' lang='lat' dir='ltr'><strong>testimoniis</strong></span> <span class='ocrx_word' id='word_1_708' title='bbox 2941 3963 3213 4019; x_wconf 86' lang='lat' dir='ltr'><strong>veterum,</strong></span> <span class='ocrx_word' id='word_1_709' title='bbox 3257 3955 3359 4009; x_wconf 93' lang='lat' dir='ltr'><strong>nisi</strong></span> <span class='ocrx_word' id='word_1_710' title='bbox 3393 3954 3559 4025; x_wconf 80' lang='lat'><strong>679</strong></span> <span class='ocrx_word' id='word_1_711' title='bbox 3600 3970 3726 4008; x_wconf 87' lang='lat' dir='ltr'><strong>eum</strong></span> <span class='ocrx_word' id='word_1_712' title='bbox 3787 3957 4041 4008; x_wconf 85' lang='lat' dir='ltr'><strong>laborem</strong></span> 
     </span>
    </p>
   </div>
   <div class='ocr_carea' id='block_1_100' title="bbox 2457 4049 4046 4119">
    <p class='ocr_par' dir='ltr' id='par_1_100' title="bbox 2457 4049 4046 4119">
     <span class='ocr_line' id='line_1_101' title="bbox 2457 4049 4046 4119; baseline 0.003 -19"><span class='ocrx_word' id='word_1_713' title='bbox 2457 4059 2896 4119; x_wconf 78' lang='lat' dir='ltr'><strong>praeoccupasset</strong></span> <span class='ocrx_word' id='word_1_714' title='bbox 2961 4050 3289 4105; x_wconf 75' lang='lat' dir='ltr'><strong>ltosweidus</strong></span> <span class='ocrx_word' id='word_1_715' title='bbox 3346 4062 3538 4105; x_wconf 86' lang='lat' dir='ltr'><strong>noster</strong></span> <span class='ocrx_word' id='word_1_716' title='bbox 3573 4051 3627 4104; x_wconf 93' lang='lat' dir='ltr'><strong>in</strong></span> <span class='ocrx_word' id='word_1_717' title='bbox 3680 4049 4046 4105; x_wconf 89' lang='lat' dir='ltr'><strong>Onomastico</strong></span> 
     </span>
    </p>
   </div>
   <div class='ocr_carea' id='block_1_101' title="bbox 2456 4144 4043 4213">
    <p class='ocr_par' dir='ltr' id='par_1_101' title="bbox 2456 4144 4043 4213">
     <span class='ocr_line' id='line_1_102' title="bbox 2456 4144 4043 4213; baseline 0.001 -17"><span class='ocrx_word' id='word_1_718' title='bbox 2456 4144 2520 4197; x_wconf 89' lang='lat' dir='ltr'><strong>ad</strong></span> <span class='ocrx_word' id='word_1_719' title='bbox 2560 4144 2712 4196; x_wconf 87' lang='lat' dir='ltr'><strong>Vitas</strong></span> <span class='ocrx_word' id='word_1_720' title='bbox 2758 4144 3003 4204; x_wconf 83' lang='lat' dir='ltr'><strong>Patrum,</strong></span> <span class='ocrx_word' id='word_1_721' title='bbox 3040 4147 3203 4196; x_wconf 72' lang='lat' dir='ltr'><strong>verbo</strong></span> <span class='ocrx_word' id='word_1_722' title='bbox 3246 4161 3384 4197; x_wconf 76' lang='lat' dir='ltr'><strong>nona</strong></span> <span class='ocrx_word' id='word_1_723' title='bbox 3421 4148 3572 4201; x_wconf 72' lang='lat' dir='ltr'><strong>liora,</strong></span> <span class='ocrx_word' id='word_1_724' title='bbox 3602 4159 3765 4213; x_wconf 81' lang='lat' dir='ltr'><strong>quem</strong></span> <span class='ocrx_word' id='word_1_725' title='bbox 3799 4144 3952 4198; x_wconf 84' lang='lat' dir='ltr'><strong>vide.</strong></span> <span class='ocrx_word' id='word_1_726' title='bbox 3985 4146 4043 4198; x_wconf 90' lang='lat' dir='ltr'><strong>lu</strong></span> 
     </span>
    </p>
   </div>
   <div class='ocr_carea' id='block_1_102' title="bbox 2458 4237 4044 4293">
    <p class='ocr_par' dir='ltr' id='par_1_102' title="bbox 2458 4237 4044 4293">
     <span class='ocr_line' id='line_1_103' title="bbox 2458 4237 4044 4293; baseline 0.003 -4"><span class='ocrx_word' id='word_1_727' title='bbox 2458 4237 2936 4289; x_wconf 79' lang='lat' dir='ltr'><strong>confirmationem</strong></span> <span class='ocrx_word' id='word_1_728' title='bbox 3002 4237 3273 4291; x_wconf 82' lang='lat' dir='ltr'><strong>hactenus</strong></span> <span class='ocrx_word' id='word_1_729' title='bbox 3342 4238 3621 4291; x_wconf 89' lang='lat' dir='ltr'><strong>dictorum</strong></span> <span class='ocrx_word' id='word_1_730' title='bbox 3684 4248 3878 4292; x_wconf 90' lang='lat' dir='ltr'><strong>noster</strong></span> <span class='ocrx_word' id='word_1_731' title='bbox 3950 4239 4044 4293; x_wconf 90' lang='lat' dir='ltr'><strong>hic</strong></span> 
     </span>
    </p>
   </div>
   <div class='ocr_carea' id='block_1_103' title="bbox 2458 4329 4048 4399">
    <p class='ocr_par' dir='ltr' id='par_1_103' title="bbox 2458 4329 4048 4399">
     <span class='ocr_line' id='line_1_104' title="bbox 2458 4329 4048 4399; baseline 0.003 -18"><span class='ocrx_word' id='word_1_732' title='bbox 2458 4331 2601 4382; x_wconf 79' lang='lat' dir='ltr'><strong>idem</strong></span> <span class='ocrx_word' id='word_1_733' title='bbox 2668 4338 2858 4382; x_wconf 82' lang='lat' dir='ltr'><strong>auctor</strong></span> <span class='ocrx_word' id='word_1_734' title='bbox 2913 4329 3161 4385; x_wconf 68' lang='lat' dir='ltr'><strong>inferius.</strong></span> <span class='ocrx_word' id='word_1_735' title='bbox 3220 4347 3271 4398; x_wconf 88' lang='lat' dir='ltr'><strong>p.</strong></span> <span class='ocrx_word' id='word_1_736' title='bbox 3318 4330 3463 4389; x_wconf 86' lang='lat' dir='ltr'><strong>6l8.</strong></span> <span class='ocrx_word' id='word_1_737' title='bbox 3545 4330 3702 4397; x_wconf 87' lang='lat' dir='ltr'><strong>quasi</strong></span> <span class='ocrx_word' id='word_1_738' title='bbox 3750 4332 4048 4399; x_wconf 83' lang='lat' dir='ltr'><strong>explicans</strong></span> 
     </span>
    </p>
   </div>
   <div class='ocr_carea' id='block_1_104' title="bbox 2457 4422 4041 4491">
    <p class='ocr_par' dir='ltr' id='par_1_104' title="bbox 2457 4422 4041 4491">
     <span class='ocr_line' id='line_1_105' title="bbox 2457 4422 4041 4491; baseline 0.001 -18"><span class='ocrx_word' id='word_1_739' title='bbox 2457 4422 2587 4491; x_wconf 88' lang='lat' dir='ltr'><strong>quid</strong></span> <span class='ocrx_word' id='word_1_740' title='bbox 2652 4423 2802 4488; x_wconf 73' lang='lat' dir='ltr'><strong>prius</strong></span> <span class='ocrx_word' id='word_1_741' title='bbox 2860 4430 3105 4475; x_wconf 81' lang='lat' dir='ltr'><strong>vocasset</strong></span> <span class='ocrx_word' id='word_1_742' title='bbox 3165 4422 3484 4481; x_wconf 70' lang='grc' dir='ltr'><strong>ὲννατίξειν,</strong></span> <span class='ocrx_word' id='word_1_743' title='bbox 3541 4423 3617 4475; x_wconf 84' lang='lat' dir='ltr'><strong>ait</strong></span> <span class='ocrx_word' id='word_1_744' title='bbox 3669 4422 4041 4476; x_wconf 80' lang='lat' dir='ltr'><strong>Athanasium</strong></span> 
     </span>
    </p>
   </div>
   <div class='ocr_carea' id='block_1_105' title="bbox 2462 4514 4043 4581">
    <p class='ocr_par' dir='ltr' id='par_1_105' title="bbox 2462 4514 4043 4581">
     <span class='ocr_line' id='line_1_106' title="bbox 2462 4514 4043 4581; baseline 0 -14"><span class='ocrx_word' id='word_1_745' title='bbox 2462 4515 2708 4581; x_wconf 75' lang='lat' dir='ltr'><strong>coegisse</strong></span> <span class='ocrx_word' id='word_1_746' title='bbox 2782 4514 3051 4581; x_wconf 59' lang='grc' dir='ltr'>μοναχῶς</span> <span class='ocrx_word' id='word_1_747' title='bbox 3112 4514 3448 4581; x_wconf 28' lang='grc' dir='ltr'>μονοοςαγὲαν</span> <span class='ocrx_word' id='word_1_748' title='bbox 3500 4514 3622 4565; x_wconf 69' lang='grc' dir='ltr'><strong>κατ’</strong></span> <span class='ocrx_word' id='word_1_749' title='bbox 3685 4516 3919 4577; x_wconf 67' lang='grc' dir='ltr'>ἒννάτας.</span> <span class='ocrx_word' id='word_1_750' title='bbox 3973 4517 4043 4567; x_wconf 75' lang='grc' dir='ltr'><strong>δι’</strong></span> 
     </span>
    </p>
   </div>
   <div class='ocr_carea' id='block_1_106' title="bbox 2464 4603 4048 4674">
    <p class='ocr_par' dir='ltr' id='par_1_106' title="bbox 2464 4603 4048 4674">
     <span class='ocr_line' id='line_1_107' title="bbox 2464 4603 4048 4674; baseline 0.002 -20"><span class='ocrx_word' id='word_1_751' title='bbox 2464 4603 2617 4661; x_wconf 66' lang='grc' dir='ltr'>ἔτους</span> <span class='ocrx_word' id='word_1_752' title='bbox 2654 4606 2844 4655; x_wconf 77' lang='grc' dir='ltr'>ἀσκεῖν</span> <span class='ocrx_word' id='word_1_753' title='bbox 2870 4620 2883 4633; x_wconf 74' lang='grc'><strong>⁸</strong></span> <span class='ocrx_word' id='word_1_754' title='bbox 2925 4607 3207 4656; x_wconf 73' lang='lat' dir='ltr'><strong>monachos</strong></span> <span class='ocrx_word' id='word_1_755' title='bbox 3237 4604 3491 4673; x_wconf 73' lang='lat' dir='ltr'><strong>jejunare</strong></span> <span class='ocrx_word' id='word_1_756' title='bbox 3545 4605 3779 4674; x_wconf 72' lang='lat' dir='ltr'><strong>quotidie</strong></span> <span class='ocrx_word' id='word_1_757' title='bbox 3825 4621 3923 4672; x_wconf 77' lang='lat' dir='ltr'><strong>per</strong></span> <span class='ocrx_word' id='word_1_758' title='bbox 3964 4615 4048 4657; x_wconf 83' lang='lat' dir='ltr'><strong>to-</strong></span> 
     </span>
    </p>
   </div>
   <div class='ocr_carea' id='block_1_107' title="bbox 2463 4696 4049 4767">
    <p class='ocr_par' dir='ltr' id='par_1_107' title="bbox 2463 4696 4049 4767">
     <span class='ocr_line' id='line_1_108' title="bbox 2463 4696 4049 4767; baseline 0.003 -20"><span class='ocrx_word' id='word_1_759' title='bbox 2463 4708 2567 4747; x_wconf 82' lang='lat' dir='ltr'><strong>tum</strong></span> <span class='ocrx_word' id='word_1_760' title='bbox 2617 4713 2837 4759; x_wconf 77' lang='lat' dir='ltr'><strong>annum,</strong></span> <span class='ocrx_word' id='word_1_761' title='bbox 2901 4696 3061 4750; x_wconf 68' lang='lat' dir='ltr'><strong>serite!</strong></span> <span class='ocrx_word' id='word_1_762' title='bbox 3094 4708 3297 4751; x_wconf 64' lang='lat' dir='ltr'><strong>tantum</strong></span> <span class='ocrx_word' id='word_1_763' title='bbox 3349 4700 3527 4761; x_wconf 79' lang='lat' dir='ltr'><strong>indie,</strong></span> <span class='ocrx_word' id='word_1_764' title='bbox 3561 4699 3717 4767; x_wconf 77' lang='lat' dir='ltr'><strong>idque</strong></span> <span class='ocrx_word' id='word_1_765' title='bbox 3769 4714 3873 4750; x_wconf 85' lang='lat' dir='ltr'><strong>non</strong></span> <span class='ocrx_word' id='word_1_766' title='bbox 3922 4708 4049 4751; x_wconf 70' lang='lat' dir='ltr'><strong>anu</strong></span> 
     </span>
    </p>
   </div>
   <div class='ocr_carea' id='block_1_108' title="bbox 2460 4789 3336 4857">
    <p class='ocr_par' dir='ltr' id='par_1_108' title="bbox 2460 4789 3336 4857">
     <span class='ocr_line' id='line_1_109' title="bbox 2460 4789 3336 4857; baseline 0 -17"><span class='ocrx_word' id='word_1_767' title='bbox 2460 4790 2645 4842; x_wconf 74' lang='lat' dir='ltr'><strong>horam</strong></span> <span class='ocrx_word' id='word_1_768' title='bbox 2681 4805 2873 4841; x_wconf 82' lang='lat' dir='ltr'><strong>nonam</strong></span> <span class='ocrx_word' id='word_1_769' title='bbox 2903 4789 3217 4841; x_wconf 75' lang='lat' dir='ltr'><strong>comedenda</strong></span> <span class='ocrx_word' id='word_1_770' title='bbox 3247 4790 3336 4857; x_wconf 84' lang='lat'><strong>(&#39;).</strong></span> 
     </span>
    </p>
   </div>
   <div class='ocr_carea' id='block_1_109' title="bbox 2534 4879 4049 4951">
    <p class='ocr_par' dir='ltr' id='par_1_109' title="bbox 2534 4879 4049 4951">
     <span class='ocr_line' id='line_1_110' title="bbox 2534 4879 4049 4951; baseline -0.001 -17"><span class='ocrx_word' id='word_1_771' title='bbox 2534 4882 2615 4951; x_wconf 76' lang='grc' dir='ltr'><strong>[Ρ.</strong></span> <span class='ocrx_word' id='word_1_772' title='bbox 2642 4880 2765 4950; x_wconf 65' lang='grc'><strong>677)</strong></span> <span class='ocrx_word' id='word_1_773' title='bbox 2794 4880 3147 4949; x_wconf 65' lang='grc' dir='ltr'><strong>Ἐξαγώνια,</strong></span> <span class='ocrx_word' id='word_1_774' title='bbox 3180 4898 3232 4949; x_wconf 90' lang='lat' dir='ltr'><strong>p.</strong></span> <span class='ocrx_word' id='word_1_775' title='bbox 3257 4880 3383 4933; x_wconf 67' lang='grc'><strong>284.</strong></span> <span class='ocrx_word' id='word_1_776' title='bbox 3406 4879 3636 4934; x_wconf 78' lang='lat' dir='ltr'><strong>Etiamsi</strong></span> <span class='ocrx_word' id='word_1_777' title='bbox 3672 4881 3831 4947; x_wconf 74' lang='lat' dir='ltr'><strong>vulgo</strong></span> <span class='ocrx_word' id='word_1_778' title='bbox 3861 4896 4049 4949; x_wconf 73' lang='lat' dir='ltr'><strong>gram-</strong></span> 
     </span>
    </p>
   </div>
   <div class='ocr_carea' id='block_1_110' title="bbox 2463 4969 4047 5039">
    <p class='ocr_par' dir='ltr' id='par_1_110' title="bbox 2463 4969 4047 5039">
     <span class='ocr_line' id='line_1_111' title="bbox 2463 4969 4047 5039; baseline 0 -18"><span class='ocrx_word' id='word_1_779' title='bbox 2463 4970 2645 5022; x_wconf 69' lang='lat' dir='ltr'><strong>matici</strong></span> <span class='ocrx_word' id='word_1_780' title='bbox 2698 4969 2966 5037; x_wconf 72' lang='grc' dir='ltr'><strong>ἐξαγώνια</strong></span> <span class='ocrx_word' id='word_1_781' title='bbox 3006 4970 3111 5023; x_wconf 81' lang='lat' dir='ltr'><strong>dici</strong></span> <span class='ocrx_word' id='word_1_782' title='bbox 3162 4980 3425 5025; x_wconf 83' lang='lat' dir='ltr'><strong>censeant</strong></span> <span class='ocrx_word' id='word_1_783' title='bbox 3469 4971 3625 5039; x_wconf 86' lang='lat' dir='ltr'><strong>quasi</strong></span> <span class='ocrx_word' id='word_1_784' title='bbox 3658 4970 3762 5033; x_wconf 75' lang='grc' dir='ltr'><strong>ἔξω</strong></span> <span class='ocrx_word' id='word_1_785' title='bbox 3808 4970 4047 5037; x_wconf 74' lang='grc' dir='ltr'><strong>ἀγῶνος,</strong></span> 
     </span>
    </p>
   </div>
   <div class='ocr_carea' id='block_1_111' title="bbox 2460 5062 4047 5130">
    <p class='ocr_par' dir='ltr' id='par_1_111' title="bbox 2460 5062 4047 5130">
     <span class='ocr_line' id='line_1_112' title="bbox 2460 5062 4047 5130; baseline 0.001 -17"><span class='ocrx_word' id='word_1_786' title='bbox 2460 5077 2583 5130; x_wconf 76' lang='lat' dir='ltr'><strong>qua:</strong></span> <span class='ocrx_word' id='word_1_787' title='bbox 2618 5062 2728 5114; x_wconf 85' lang='lat' dir='ltr'><strong>sint</strong></span> <span class='ocrx_word' id='word_1_788' title='bbox 2762 5073 2912 5115; x_wconf 74' lang='lat' dir='ltr'><strong>extra</strong></span> <span class='ocrx_word' id='word_1_789' title='bbox 2964 5073 3269 5127; x_wconf 86' lang='lat' dir='ltr'><strong>certamen,</strong></span> <span class='ocrx_word' id='word_1_790' title='bbox 3322 5062 3554 5116; x_wconf 87' lang='lat' dir='ltr'><strong>nihilad</strong></span> <span class='ocrx_word' id='word_1_791' title='bbox 3614 5077 3835 5116; x_wconf 86' lang='lat' dir='ltr'><strong>causam</strong></span> <span class='ocrx_word' id='word_1_792' title='bbox 3908 5064 4047 5115; x_wconf 70' lang='lat' dir='ltr'><strong>atti-</strong></span> 
     </span>
    </p>
   </div>
   <div class='ocr_carea' id='block_1_112' title="bbox 2464 5243 4054 5316">
    <p class='ocr_par' dir='ltr' id='par_1_112' title="bbox 2464 5243 4054 5316">
     <span class='ocr_line' id='line_1_113' title="bbox 2464 5243 4054 5316; baseline 0.001 -17"><span class='ocrx_word' id='word_1_793' title='bbox 2464 5248 2841 5315; x_wconf 75' lang='grc' dir='ltr'><strong>ὸμοτράπεζος</strong></span> <span class='ocrx_word' id='word_1_794' title='bbox 2878 5243 3021 5300; x_wconf 72' lang='grc' dir='ltr'>εἶναι</span> <span class='ocrx_word' id='word_1_795' title='bbox 3065 5248 3131 5316; x_wconf 76' lang='grc' dir='ltr'><strong>τῇ</strong></span> <span class='ocrx_word' id='word_1_796' title='bbox 3166 5249 3320 5315; x_wconf 78' lang='grc' dir='ltr'>κοινῇ</span> <span class='ocrx_word' id='word_1_797' title='bbox 3376 5245 3722 5314; x_wconf 67' lang='grc' dir='ltr'><strong>ἀδελφότητι.</strong></span> <span class='ocrx_word' id='word_1_798' title='bbox 3760 5244 3857 5300; x_wconf 84' lang='lat' dir='ltr'><strong>Ubi</strong></span> <span class='ocrx_word' id='word_1_799' title='bbox 3894 5247 3945 5298; x_wconf 74' lang='lat' dir='ltr'><strong>vi</strong></span> <span class='ocrx_word' id='word_1_800' title='bbox 3972 5249 4054 5301; x_wconf 59' lang='lat' dir='ltr'><strong>les</strong></span> 
     </span>
    </p>
   </div>
   <div class='ocr_carea' id='block_1_113' title="bbox 2467 5316 4052 5385">
    <p class='ocr_par' dir='ltr' id='par_1_113' title="bbox 2467 5316 4052 5385">
     <span class='ocr_line' id='line_1_114' title="bbox 2467 5316 4052 5385; baseline 0.001 -18"><span class='ocrx_word' id='word_1_801' title='bbox 2467 5317 2853 5378; x_wconf 67' lang='grc' dir='ltr'>ἔννατίζουσαν</span> <span class='ocrx_word' id='word_1_802' title='bbox 2897 5318 3196 5385; x_wconf 77' lang='grc' dir='ltr'>διατροφὴν</span> <span class='ocrx_word' id='word_1_803' title='bbox 3250 5318 3454 5376; x_wconf 87' lang='lat' dir='ltr'><strong>vocari,</strong></span> <span class='ocrx_word' id='word_1_804' title='bbox 3518 5316 3873 5369; x_wconf 81' lang='lat' dir='ltr'><strong>refectionem</strong></span> <span class='ocrx_word' id='word_1_805' title='bbox 3913 5319 4052 5369; x_wconf 85' lang='lat' dir='ltr'><strong>hora</strong></span> 
     </span>
    </p>
   </div>
   <div class='ocr_carea' id='block_1_114' title="bbox 2468 5386 4053 5453">
    <p class='ocr_par' dir='ltr' id='par_1_114' title="bbox 2468 5386 4053 5453">
     <span class='ocr_line' id='line_1_115' title="bbox 2468 5386 4053 5453; baseline 0.001 -14"><span class='ocrx_word' id='word_1_806' title='bbox 2468 5403 2612 5439; x_wconf 85' lang='lat' dir='ltr'><strong>nona</strong></span> <span class='ocrx_word' id='word_1_807' title='bbox 2646 5398 2941 5453; x_wconf 81' lang='lat' dir='ltr'><strong>sumptam.</strong></span> <span class='ocrx_word' id='word_1_808' title='bbox 2989 5386 3101 5439; x_wconf 86' lang='lat' dir='ltr'><strong>Hoc</strong></span> <span class='ocrx_word' id='word_1_809' title='bbox 3155 5386 3297 5439; x_wconf 86' lang='lat' dir='ltr'><strong>enim</strong></span> <span class='ocrx_word' id='word_1_810' title='bbox 3334 5396 3505 5437; x_wconf 86' lang='lat' dir='ltr'><strong>totum</strong></span> <span class='ocrx_word' id='word_1_811' title='bbox 3560 5387 3932 5439; x_wconf 84' lang='lat' dir='ltr'><strong>testimonium</strong></span> <span class='ocrx_word' id='word_1_812' title='bbox 3969 5390 4053 5441; x_wconf 65' lang='lat' dir='ltr'><strong>sic</strong></span> 
     </span>
    </p>
   </div>
   <div class='ocr_carea' id='block_1_115' title="bbox 2472 5454 4049 5525">
    <p class='ocr_par' dir='ltr' id='par_1_115' title="bbox 2472 5454 4049 5525">
     <span class='ocr_line' id='line_1_116' title="bbox 2472 5454 4049 5525; baseline -0.002 -15"><span class='ocrx_word' id='word_1_813' title='bbox 2472 5456 2666 5510; x_wconf 73' lang='lat' dir='ltr'><strong>Latine.</strong></span> <span class='ocrx_word' id='word_1_814' title='bbox 2722 5467 2879 5510; x_wconf 80' lang='lat' dir='ltr'><strong>sonat</strong></span> <span class='ocrx_word' id='word_1_815' title='bbox 2914 5475 2927 5511; x_wconf 89' lang='lat'><strong>:</strong></span> <span class='ocrx_word' id='word_1_816' title='bbox 2967 5456 3132 5509; x_wconf 76' lang='lat' dir='ltr'><strong>Pani:</strong></span> <span class='ocrx_word' id='word_1_817' title='bbox 3186 5456 3402 5525; x_wconf 66' lang='lat' dir='ltr'><strong>(inquit)</strong></span> <span class='ocrx_word' id='word_1_818' title='bbox 3442 5454 3612 5517; x_wconf 78' lang='lat' dir='ltr'><strong>Patri,</strong></span> <span class='ocrx_word' id='word_1_819' title='bbox 3663 5468 3709 5507; x_wconf 77' lang='lat' dir='ltr'><strong>et</strong></span> <span class='ocrx_word' id='word_1_820' title='bbox 3744 5457 3869 5519; x_wconf 77' lang='lat' dir='ltr'><strong>faba</strong></span> <span class='ocrx_word' id='word_1_821' title='bbox 3927 5472 4049 5507; x_wconf 72' lang='lat' dir='ltr'><strong>cum</strong></span> 
     </span>
    </p>
   </div>
   <div class='ocr_carea' id='block_1_116' title="bbox 2474 5526 4050 5595">
    <p class='ocr_par' dir='ltr' id='par_1_116' title="bbox 2474 5526 4050 5595">
     <span class='ocr_line' id='line_1_117' title="bbox 2474 5526 4050 5595; baseline -0.003 -16"><span class='ocrx_word' id='word_1_822' title='bbox 2474 5526 2700 5579; x_wconf 77' lang='lat' dir='ltr'><strong>oleribus</strong></span> <span class='ocrx_word' id='word_1_823' title='bbox 2737 5544 2798 5579; x_wconf 89' lang='lat' dir='ltr'><strong>ac</strong></span> <span class='ocrx_word' id='word_1_824' title='bbox 2830 5528 3022 5581; x_wconf 75' lang='lat' dir='ltr'><strong>teneris</strong></span> <span class='ocrx_word' id='word_1_825' title='bbox 3073 5526 3303 5593; x_wconf 70' lang='lat' dir='ltr'><strong>fastigiis</strong></span> <span class='ocrx_word' id='word_1_826' title='bbox 3354 5530 3624 5595; x_wconf 73' lang='lat' dir='ltr'><strong>stirpium,</strong></span> <span class='ocrx_word' id='word_1_827' title='bbox 3674 5526 4050 5593; x_wconf 71' lang='lat' dir='ltr'><strong>quatiu‘ianum</strong></span> 
     </span>
    </p>
   </div>
   <div class='ocr_carea' id='block_1_117' title="bbox 2474 5596 4055 5662">
    <p class='ocr_par' dir='ltr' id='par_1_117' title="bbox 2474 5596 4055 5662">
     <span class='ocr_line' id='line_1_118' title="bbox 2474 5596 4055 5662; baseline -0.002 -14"><span class='ocrx_word' id='word_1_828' title='bbox 2474 5606 2623 5648; x_wconf 68' lang='lat' dir='ltr'><strong>(rom</strong></span> <span class='ocrx_word' id='word_1_829' title='bbox 2648 5598 2759 5649; x_wconf 71' lang='lat' dir='ltr'><strong>sine</strong></span> <span class='ocrx_word' id='word_1_830' title='bbox 2786 5597 2899 5649; x_wconf 81' lang='lat' dir='ltr'><strong>oleo</strong></span> <span class='ocrx_word' id='word_1_831' title='bbox 2922 5601 3250 5657; x_wconf 78' lang='lat' dir='ltr'><strong>alimentum,</strong></span> <span class='ocrx_word' id='word_1_832' title='bbox 3286 5612 3422 5648; x_wconf 84' lang='lat' dir='ltr'><strong>nona</strong></span> <span class='ocrx_word' id='word_1_833' title='bbox 3452 5613 3552 5649; x_wconf 81' lang='lat' dir='ltr'><strong>non</strong></span> <span class='ocrx_word' id='word_1_834' title='bbox 3576 5596 3719 5662; x_wconf 85' lang='lat' dir='ltr'><strong>prius</strong></span> <span class='ocrx_word' id='word_1_835' title='bbox 3751 5597 3880 5646; x_wconf 81' lang='lat' dir='ltr'><strong>hora</strong></span> <span class='ocrx_word' id='word_1_836' title='bbox 3910 5596 4055 5645; x_wconf 69' lang='lat' dir='ltr'><strong>simsi</strong></span> 
     </span>
    </p>
   </div>
   <div class='ocr_carea' id='block_1_118' title="bbox 2467 5665 4056 5733">
    <p class='ocr_par' dir='ltr' id='par_1_118' title="bbox 2467 5665 4056 5733">
     <span class='ocr_line' id='line_1_119' title="bbox 2467 5665 4056 5733; baseline 0 -14"><span class='ocrx_word' id='word_1_837' title='bbox 2467 5668 2717 5732; x_wconf 76' lang='lat' dir='ltr'><strong>solitum,</strong></span> <span class='ocrx_word' id='word_1_838' title='bbox 2775 5668 2877 5720; x_wconf 80' lang='lat' dir='ltr'><strong>nisi</strong></span> <span class='ocrx_word' id='word_1_839' title='bbox 2944 5667 3222 5719; x_wconf 82' lang='lat' dir='ltr'><strong>Dominira</strong></span> <span class='ocrx_word' id='word_1_840' title='bbox 3271 5676 3402 5718; x_wconf 71' lang='lat' dir='ltr'><strong>esset</strong></span> <span class='ocrx_word' id='word_1_841' title='bbox 3462 5676 3552 5717; x_wconf 81' lang='lat' dir='ltr'><strong>aut</strong></span> <span class='ocrx_word' id='word_1_842' title='bbox 3595 5667 3781 5733; x_wconf 73' lang='lat' dir='ltr'><strong>festum</strong></span> <span class='ocrx_word' id='word_1_843' title='bbox 3813 5665 4056 5731; x_wconf 54' lang='lat' dir='ltr'><strong>:qm‘brs</strong></span> 
     </span>
    </p>
   </div>
   <div class='ocr_carea' id='block_1_119' title="bbox 2468 5736 4054 5807">
    <p class='ocr_par' dir='ltr' id='par_1_119' title="bbox 2468 5736 4054 5807">
     <span class='ocr_line' id='line_1_120' title="bbox 2468 5736 4054 5807; baseline -0.001 -18"><span class='ocrx_word' id='word_1_844' title='bbox 2468 5737 2649 5791; x_wconf 71' lang='lat' dir='ltr'><strong>diebus</strong></span> <span class='ocrx_word' id='word_1_845' title='bbox 2682 5738 2946 5791; x_wconf 80' lang='lat' dir='ltr'><strong>communi</strong></span> <span class='ocrx_word' id='word_1_846' title='bbox 2977 5738 3178 5790; x_wconf 71' lang='lat' dir='ltr'><strong>cuncti:</strong></span> <span class='ocrx_word' id='word_1_847' title='bbox 3212 5736 3439 5807; x_wconf 69' lang='lat' dir='ltr'><strong>{auibus</strong></span> <span class='ocrx_word' id='word_1_848' title='bbox 3480 5750 3657 5788; x_wconf 46' lang='lat' dir='ltr'><strong>nemo</strong></span> <span class='ocrx_word' id='word_1_849' title='bbox 3709 5747 4054 5789; x_wconf 62' lang='lat' dir='ltr'><strong>consuerunt</strong></span> 
     </span>
    </p>
   </div>
   <div class='ocr_carea' id='block_1_120' title="bbox 2469 5824 2629 5862">
    <p class='ocr_par' dir='ltr' id='par_1_120' title="bbox 2469 5824 2629 5862">
     <span class='ocr_line' id='line_1_121' title="bbox 2469 5824 2629 5862; baseline 0.013 -2"><span class='ocrx_word' id='word_1_850' title='bbox 2469 5824 2629 5862; x_wconf 68' lang='grc' dir='ltr'><strong>ναί-ι.</strong></span> 
     </span>
    </p>
   </div>
  </div>
