4194 6444
166 443 257 506 ιιι

1503 436 1546 492 G
1560 434 1780 493 LOSSA
1793 435 2001 493 lilUM.

3240 438 3346 500 7η

172 534 377 591 aentia.
415 531 826 598 ἁπροτδιὸνυςα,
878 529 1063 582 tideor
1114 528 1245 581 inibi
1292 537 1467 581 tamen
1509 529 1591 581 vel
1640 544 1704 580 ex
1737 536 1776 587 Α
1808 527 2230 581 interneciunent
2270 544 2435 597 usque
2477 530 2846 597 conflixerant,
2885 540 3067 584 secuta
3092 530 3213 583 inde
3250 533 3350 585 nti-

170 624 273 676 hoc
300 624 472 674 nostri
505 624 625 673 luco
652 635 755 671 non
786 629 986 672 temere
1014 618 1300 686 suspicari.
1328 618 1618 687 significari
1648 632 1716 670 eo

169 712 436 765 vocabulo
461 727 579 777 qua:
623 710 797 763 Latini
848 710 1109 760 subseciva
1137 718 1354 766 vocant.
1402 709 1538 760 ultra
1572 723 1717 759 men-

166 814 354 851 suram
391 808 591 851 rectam
610 798 920 851 excedentia
953 797 1005 848 in
1030 796 1413 862 partitionibus
1445 810 1713 861 agrorum.

165 888 302 944 Cum
335 889 483 942 enim
526 888 857 954 agrimensiu
892 901 986 955 per
1037 886 1208 938 lineas
1254 886 1343 935 fiat
1384 884 1618 935 invicem
1652 881 1716 933 ad

169 987 348 1031 rectos
413 978 636 1045 angulos
687 985 880 1037 sectas,
944 990 1083 1041 saepe
1140 976 1191 1025 in
1238 972 1449 1045 campis
1490 972 1721 1037 obliquae

169 1071 356 1139 figura-
378 1067 724 1135 contingebat
752 1066 1027 1119 abundare
1063 1064 1294 1130 spatium
1329 1060 1545 1129 aliquod
1570 1069 1720 1112 extra

169 1158 465 1227 angulum.
507 1156 608 1221 ἔξω
630 1156 846 1221 γωνίας,
880 1154 1023 1223 quod
1058 1155 1347 1221 liaytbwov
1386 1150 1577 1214 Cra-ci,
1624 1148 1721 1201 La-

171 1252 296 1309 tini.
345 1258 404 1301 ut
452 1248 588 1306 dixi,
626 1238 1286 1315 subsecivumﬁocarcnt.
1320 1258 1457 1310 sa'pe
1488 1256 1580 1308 per
1610 1239 1723 1293 haec

169 1336 439 1415 Vocabula
486 1335 707 1402 utrique
768 1340 922 1402 tropo
974 1334 1209 1400 quodam
1268 1332 1576 1384 iudicantes
1638 1344 1724 1381 res

168 1426 510 1481 accesmrias
546 1440 646 1477 nec
673 1426 945 1493 prmcipue
977 1423 1234 1481 intentas,
1269 1421 1361 1473 sed
1395 1436 1513 1487 qua-
1543 1429 1722 1471 aucta-

175 1518 237 1569 rii
298 1518 426 1570 loco
469 1516 536 1569 ad
595 1516 878 1584 primarias
928 1512 1357 1572 accumuleutur,
1420 1510 1559 1562 sicut
1611 1509 1725 1563 ista:

173 1606 478 1666 subseciva:
507 1606 620 1672 agri
679 1616 859 1674 partes
894 1603 1047 1656 alteri
1094 1601 1384 1653 conﬁnium
1409 1602 1723 1652 colonorum

174 1696 541 1749 addebantur.
562 1697 813 1763 Πάριργα
842 1693 1011 1746 Graeci
1034 1692 1191 1745 aliter
1208 1692 1501 1760 appellant,
1526 1680 1728 1757 quibus

174 1788 452 1858 prmcipue
483 1789 751 1839 intentum
788 1782 1082 1853 designans
1120 1784 1413 1850 respondet
1435 1784 1493 1833 τὸ
1522 1782 1725 1849 προύρ-

176 1895 297 1944 γῆν,
330 1862 476 1945 quod
496 1886 549 1929 et
575 1868 663 1929 hic
692 1884 871 1928 noster
888 1883 1137 1947 usurpat.
1457 1935 1471 1942 _

247 1968 545 2031 Ἐεὰντης
569 1982 623 2031 p.
653 1964 777 2017 205.
817 1965 941 2016 Scio
975 1963 1196 2027 ὲξπὶντςν
1232 1962 1391 2028 vulgo
1426 1963 1602 2029 putari
1635 1961 1714 2013 di-

178 2071 324 2112 ctum
350 2058 508 2127 quasi
530 2056 633 2120 ἔξω
661 2057 811 2122 ἄτης,
839 2056 947 2106 sine
980 2069 1136 2115 noxa,
1167 2052 1496 2112 incolumem,
1526 2053 1727 2102 indem-

179 2167 317 2203 nem.
358 2149 529 2215 Cujus
554 2146 792 2200 nationis
828 2146 880 2197 in
918 2143 1187 2203 Phaedone
1218 2141 1455 2195 Platonis
1479 2139 1728 2207 exempla

179 2243 457 2306 leguntur.
491 2234 596 2288 Sed
636 2248 745 2286 non
799 2232 1093 2299 quadraret
1126 2230 1189 2283 ad
1250 2231 1356 2283 loci
1404 2231 1727 2283 sententiam

178 2327 587 2397 interpretatio,
630 2340 750 2393 qua:
806 2324 925 2377 istis
961 2322 1267 2378 'vocabulis
1324 2321 1411 2375 bic
1465 2331 1726 2374 uteretur.

178 2419 301 2473 Non
330 2418 480 2471 enim
530 2415 654 2470 ideo
711 2414 981 2468 vocabant
1022 2410 1238 2481 Bulgari
1271 2409 1337 2464 ad
1370 2426 1594 2479 regnum
1631 2410 1729 2463 Ili-

177 2510 431 2566 cbaelem
487 2508 831 2563 Constantini
883 2505 1023 2573 regis
1074 2502 1346 2573 quondam
1396 2505 1480 2556 sui
1535 2502 1729 2565 ﬁlium,

179 2602 329 2671 quod
374 2602 497 2670 eius
549 2615 674 2653 cum
721 2613 814 2667 spe
858 2610 1145 2651 successus
1198 2594 1492 2648 inchoandi
1529 2596 1730 2663 negotii

183 2704 405 2759 tempus
432 2703 574 2743 nunc
625 2703 746 2741 esse
802 2694 1078 2757 putarent,
1142 2698 1266 2737 cum
1321 2682 1548 2737 adversa
1577 2684 1731 2751 stirpi

177 2780 529 2835 Constantini
564 2779 803 2847 potentia
834 2773 1291 2830 Tucbarorumin
1317 2772 1578 2840 Bulgaria
1609 2785 1734 2825 con-

182 2869 323 2924 ιιιὶο
351 2867 752 2923 dominantium
788 2873 956 2919 staret
984 2862 1275 2917 incolumis
1302 2878 1317 2914 :
1342 2860 1439 2915 sed
1471 2859 1525 2914 id
1546 2860 1734 2914 volunt

182 2958 520 3029 signiﬁcare,
554 2957 821 3010 infirmam
878 2968 997 3008 esse
1050 2952 1214 3015 modo
1262 2952 1410 3005 illam
1444 2952 1733 3020 minusque

182 3062 350 3115 quam
376 3046 532 3115 prius
559 3043 975 3109 formidabilem,
1003 3042 1146 3095 unde
1171 3042 1515 3095 occasionem
1547 3040 1732 3095 oll‘erri

186 3151 298 3189 non
347 3133 746 3203 aspernandam
778 3119 1385 3188 censebantlicbaelis
1430 3134 1486 3186 in
1521 3134 1732 3202 paterni

187 3227 341 3295 regni
376 3224 773 3294 possessionem
799 3223 1117 3277 reducendi.
1150 3223 1260 3278 Nec
1280 3222 1495 3277 abludit
1529 3223 1599 3276 ab
1625 3224 1735 3277 ori-

183 3316 315 3384 gine
342 3329 407 3369 ac
455 3316 757 3384 veriloquio
788 3318 901 3385 jam
927 3314 1093 3385 mo
1119 3314 1357 3370 indicato
1388 3315 1538 3369 vocis
1578 3315 1739 3384 huius

188 3410 307 3463 hac
360 3408 600 3463 secunda
659 3408 832 3463 notio.
895 3408 1031 3463 Nam
1082 3408 1308 3477 team;
1353 3392 1523 3461 exivi
1572 3406 1735 3474 etymi

189 3500 417 3568 proprie
472 3508 629 3552 sonat
681 3514 809 3553 eum
854 3500 950 3566 qui
982 3514 1047 3551 ex
1075 3500 1224 3566 gravi
1260 3513 1399 3551 noxa
1442 3498 1735 3564 primulum

184 3603 474 3658 emergere
529 3588 719 3658 incipit
747 3598 805 3643 et
842 3589 946 3652 ιξω
977 3590 1112 3651 ἄτης
1153 3604 1295 3643 esse.
1332 3590 1520 3658 Itaque
1548 3598 1736 3641 votum

186 3688 269 3732 est
300 3678 457 3731 febre
481 3678 781 3732 laborantis
808 3690 863 3732 et
892 3678 1086 3733 morbo
1108 3679 1471 3747 periclitantis
1502 3680 1737 3741 sontico,

189 3770 286 3824 illo
345 3784 508 3824 versu
559 3785 877 3839 expressum
939 3786 1102 3838 quem
1154 3772 1347 3826 recitat
1384 3770 1737 3839 Etyntologici

189 3855 418 3924 auctor.
449 3853 493 3912 ὦ
517 3860 643 3925 Ζιῦ,
673 3861 923 3926 γενέσθαι
975 3862 1136 3929 τῆσδέ
1194 3861 1249 3927 μ’
1297 3862 1524 3927 ιξάντην
1558 3862 1735 3914 νόσου.

196 3954 299 4015 De,
316 3951 552 4021 Jupiter,
570 3951 787 4006 euadere
809 3968 888 4005 me
911 3952 1194 4020 periculum
1221 3954 1373 4019 hujus
1406 3954 1589 4007 morbi.
1621 3952 1737 4006 Jam

188 4059 358 4113 porro
383 4058 551 4098 sanus
580 4056 702 4099 esse
726 4042 947 4105 dicitur.
971 4044 1128 4108 cuius
1156 4044 1442 4095 remittens
1463 4050 1555 4095 aut
1586 4042 1741 4109 peni-

190 4147 281 4190 tus
319 4151 542 4191 cessans
587 4134 756 4190 febris
808 4148 959 4201 spem
1008 4132 1259 4186 reditura:
1299 4132 1622 4186 valetudinis
1654 4148 1741 4183 re—

189 4228 397 4297 linquit
444 4227 734 4294 integram.
763 4223 931 4291 Cujus
973 4224 1050 4277 rei
1084 4225 1209 4291 quia
1239 4238 1461 4277 somnus
1495 4224 1547 4275 in
1585 4231 1740 4276 acute

193 4315 558 4370 febrientibus
608 4316 884 4367 interdum
941 4312 1153 4381 signum
1176 4322 1285 4372 est.
1330 4312 1583 4381 discipuli
1619 4311 1742 4364 dor-

193 4406 335 4459 mire
387 4405 737 4473 languentem
787 4402 1051 4456 Lautum
1106 4418 1135 4456 a
1181 4404 1402 4458 Christo
1457 4404 1743 4457 audientes

1756 1868 1803 1926 Β

1818 618 2043 669 serrima
2096 618 2427 671 desulatione
2486 620 2650 671 totius
2686 622 2926 686 ipsorum
2980 622 3235 686 regionis,
3296 629 3352 673 et

1818 708 2004 773 paucis
2057 708 2343 760 admodum
2392 709 2629 774 ipsorum
2682 708 2908 763 Tzacam
2961 710 3254 777 fugientem
3299 712 3355 765 iu

1819 798 2118 867 Bulgariam
2144 801 2363 859 secutis,
2393 816 2562 867 nuper
2595 801 2701 852 illic
2733 804 3005 868 oppressis
3031 803 3354 870 pravalcnte

1818 886 2308 955 Ospltcntislltlabo.
2373 888 2547 942 Unum
2614 898 2865 956 superest
2933 889 3198 952 dubium,
3259 906 3357 943 cur

1821 977 2176 1045 Pacltynmrcs
2208 979 2260 1029 in
2288 977 2529 1029 secundo
2553 994 2677 1030 casu
2712 979 2932 1047 ὶξὰιιτης
2966 979 3167 1031 scribat
3193 996 3203 1029 :
3234 996 3356 1033 nant

1821 1068 1873 1119 in
1902 1068 2075 1135 primo
2104 1067 2273 1134 accipi
2334 1084 2438 1119 nun
2492 1076 2685 1134 potest,
2738 1083 2858 1117 cum
2887 1068 3060 1119 tribus
3096 1084 3216 1120 mox
3264 1068 3357 1120 ad-

1816 1158 2017 1225 iunctis
2043 1155 2317 1209 fetnininis
2348 1156 2602 1223 genitivis
2651 1166 2930 1223 eoaptetnr
2974 1160 3231 1226 φανείσης
3266 1160 3359 1213 Το-

1822 1245 2053 1313 καρικῆς
2104 1245 2370 1307 tinacia;
2424 1248 2502 1298 An
2552 1262 2705 1298 error
2750 1248 2835 1299 hic
2878 1249 3249 1316 agnoscendus
3304 1259 3359 1303 ct

1821 1336 2071 1398 ἰξάντους
2124 1336 2567 1398 rescribendum,
2622 1347 2809 1390 contra
2888 1338 3047 1391 ﬁdem
3116 1340 3358 1393 codicum

1824 1425 1903 1495 [l’.
1936 1426 2058 1495 478]
2090 1428 2417 1494 optimorum
2446 1426 2485 1478 Β
2520 1436 2573 1478 et
2600 1429 2641 1480 Λ
2666 1428 2687 1478 2
2712 1444 2831 1480 nam
2859 1426 3146 1482 Vaticanus
3161 1429 3272 1485 hoc
3295 1431 3360 1481 de

1824 1531 1972 1568 more
1998 1516 2197 1568 omisit.
2224 1517 2303 1568 An
2340 1517 2521 1584 potius
2565 1517 3010 1581 existimandum,
3051 1532 3082 1571 e
3118 1519 3360 1570 nomina-

1824 1605 1935 1656 tivo
1968 1603 2229 1657 feminino
2256 1605 2447 1673 ἐξάντη
2478 1606 2711 1675 patrium
2746 1606 2889 1659 hunc
2910 1620 3092 1659 casum
3122 1620 3151 1659 a
3179 1617 3365 1659 nostro

1826 1694 1992 1747 duci?
2026 1693 2395 1765 quodvercor
2428 1704 2483 1749 ut
2528 1696 2772 1765 analogia
2805 1705 2861 1749 et
2903 1705 3051 1751 recta
3102 1711 3365 1765 gramma-

1827 1785 1946 1837 ticae
1971 1785 2109 1836 ratio
2139 1763 2434 1851 permittat.
2498 1840 2501 1843 Α

1901 1874 2270 1939 Ἐπιτύμόιον
2296 1888 2346 1941 p.
2396 1874 2481 1927 66.
2514 1874 2635 1941 Agit
2667 1874 2732 1927 de
2777 1872 3364 1930 Nirandro-Larisscno

1829 1962 2093 2015 lrridente
2121 1962 2486 2016 Andronicum
2516 1965 2640 2017 olim
2668 1966 2981 2031 episcopum
3020 1963 3363 2026 Sardensetu,

1828 2061 2011 2119 postea
2039 2054 2383 2118 monachum,
2417 2053 2509 2107 sed
2545 2068 2641 2121 per
2672 2055 3023 2107 ambitionem
3057 2069 3087 2106 e
3121 2054 3226 2106 vita
3251 2070 3367 2108 mo-

1829 2141 2032 2193 nastica
2092 2156 2367 2195 reversum
2419 2142 2484 2195 ad
2548 2143 2877 2211 dignitates;
2932 2144 3131 2211 quibus
3188 2143 3367 2197 subita

1828 2231 2183 2283 conversione
2222 2231 2385 2285 sortis
2411 2234 2638 2301 ejectus.
2674 2234 2859 2287 multis
2892 2250 3029 2303 quos
3061 2236 3371 2290 irritaverat

1829 2319 2126 2373 ludibrium
2181 2323 2391 2384 debuit,
2441 2325 2495 2376 in
2556 2325 2748 2393 primis
2811 2325 3085 2379 Nicandro
3110 2327 3197 2385 isti
3250 2328 3371 2396 eius

1829 2424 1995 2479 opera
2039 2412 2350 2481 episcopatu
2383 2414 2559 2481 pulso.
2591 2416 2691 2481 Qui
2725 2426 2783 2469 ut
2822 2417 3133 2471 Andronico
3171 2433 3369 2486 expro-

1833 2500 2013 2555 braret
2037 2503 2376 2558 ambitiosam
2410 2506 2749 2575 eruptionem
2782 2522 2813 2561 e
2858 2515 3001 2562 statu
3049 2510 3370 2576 monastico,

1831 2594 2214 2647 munacbicum
2268 2598 2319 2649 ei
2375 2596 2696 2676 ιπιτύμριον
2747 2598 2957 2665 injecit.
3018 2601 3135 2667 ipso
3185 2601 3369 2654 statim

1833 2686 2133 2754 reiiciente.
2167 2683 2282 2739 Non
2314 2691 2525 2753 reperio
2555 2689 2681 2743 alibi
2711 2689 2852 2743 banc
2895 2704 3107 2752 vocem,
3135 2692 3226 2743 sed
3258 2706 3374 2743 ma.

1832 2774 2028 2828 nifeste
2051 2774 2213 2830 docet
2242 2775 2329 2829 hic
2360 2778 2478 2845 ipse
2522 2778 2675 2833 locus
2707 2779 2900 2847 capitis
2931 2787 3145 2848 tegmen
3189 2794 3379 2833 monac

1830 2866 2057 2918 chorum
2122 2866 2397 2934 proprium
2437 2868 2516 2921 sic
2545 2867 2784 2931 dictum;
2826 2872 2971 2922 unde
3013 2878 3069 2923 et
3102 2870 3377 2925 cucullum

1832 2954 2021 3009 Latine
2045 2955 2279 3019 reddidi,
2311 2966 2370 3010 et
2397 2972 2519 3013 mox
2546 2958 2601 3012 in
2652 2958 2973 3027 repetitione
3019 2959 3098 3013 rei
3136 2960 3377 3028 eiusdem

1833 3046 2222 3103 ecclesiasticis
2271 3060 2584 3117 usurpatam
2642 3049 3010 3116 scriptoribus
3054 3065 3153 3118 pro
3178 3050 3378 3104 cuculli

1838 3153 2138 3207 synonyma
2184 3140 2383 3208 caputii
2437 3154 2623 3194 vocem
2678 3140 2923 3195 adhibui.
2974 3140 3157 3195 Videri
3211 3140 3382 3209 possit

1841 3229 2112 3282 cucullum
2164 3230 2521 3285 monasticum
2586 3230 2708 3287 ideo
2772 3232 2979 3286 dictum
3041 3232 3379 3299 ἑπιτύμῦιον.

1841 3322 1984 3388 quod
2009 3336 2130 3374 cum
2163 3323 2330 3376 vestis
2358 3322 2471 3391 ipsa
2500 3323 2572 3376 sit
2600 3322 2753 3391 quasi
2775 3323 3079 3390 sepulcrum
3106 3319 3381 3386 monachi,

1841 3412 2086 3466 cucullus
2114 3420 2287 3466 exstet
2314 3414 2457 3467 velut
2486 3428 2619 3481 apex
2643 3429 2704 3466 ac
2730 3414 3003 3481 fastigium
3035 3413 3253 3466 tumba.

1907 3504 2068 3571 68],
2100 3504 2706 3571 ‘Ee'xapparwpéroc,
2740 3519 2789 3569 ρ.
2845 3504 2965 3557 115.
3001 3503 3140 3568 Quid
3181 3505 3249 3557 sit
3280 3504 3383 3557 hoc

1843 3594 1961 3646 loco
2010 3593 2517 3659 ισκαμματισμένος
2550 3597 2733 3646 minus
2766 3594 2963 3648 mirum
3000 3604 3084 3647 cst
3137 3592 3380 3659 ignotum

1843 3681 1975 3735 mibi
2020 3698 2138 3736 esse
2177 3698 2441 3750 nusquam
2493 3682 2623 3735 alibi
2655 3684 2760 3735 tale
2820 3682 3140 3735 vocabulum
3198 3690 3380 3744 nactu,

1842 3787 1965 3826 cum
1990 3787 2057 3825 ne
2091 3771 2347 3824 Vaticano
2376 3770 2594 3839 quidem
2628 3770 2993 3839 paraphrastc
3023 3768 3171 3825 vocis
3220 3769 3383 3838 huius

1843 3872 2078 3931 potestas
2105 3871 2383 3929 perspecta
2409 3860 2594 3918 fuerit.
2626 3867 2786 3927 prout
2812 3867 3036 3927 apparet
3058 3873 3124 3911 ex
3148 3872 3212 3910 eo
3236 3872 3381 3925 quuu

1844 3950 2358 4019 ἐσκιμματισμινθς
2396 3949 2499 4001 viri
2547 3964 2743 4002 nomen
2801 3948 3051 4015 intelligit
3081 3946 3321 4001 distincti
3352 3968 3382 3999 .i

1845 4040 2265 4106 Moschampare,
2325 4038 2484 4107 huius
2536 4038 2787 4092 videlicet
2849 4036 2903 4091 in
2949 4036 3384 4109 cbartopbylacis

1846 4129 2020 4183 oflidio
2045 4129 2393 4183 successoris.
2430 4129 2519 4183 Sic
2546 4129 2693 4183 enim
2718 4127 2784 4181 ab
2808 4143 2870 4181 eo
2898 4127 2985 4181 hic
3016 4127 3169 4180 locus
3200 4126 3386 4180 reddi-

1848 4228 1934 4272 tur
1971 4236 1983 4271 :
2024 4219 2244 4290 Eypﬁ'av
2283 4220 2335 4272 δέ
2370 4237 2420 4271 τι
2454 4220 2549 4271 καὶ
2591 4219 2715 4287 περὶ
2750 4218 2836 4272 τὸν
2876 4217 3387 4287 ὲπκεμματισμινον

1849 4309 2232 4378 χαρτοφύλακα
2261 4310 2357 4363 καὶ
2397 4309 2810 4378 Μοσχάμπαρα.
2846 4309 3095 4377 Ἔχοντες
3126 4306 3217 4359 οὖν
3245 4299 3388 4359 (οὗτοι

1849 4399 1940 4450 καὶ
1975 4400 2063 4451 τὸν
2095 4398 2613 4469 Πεντεκχλησιώτην
2644 4385 2922 4451 ὲῦεκότουν
2952 4398 3025 4464 τῷ
3052 4396 3388 4466 πατριάρχῃο

194 4494 372 4553 aiunt,
410 4492 567 4547 Joau.
608 4506 683 4553 ιι,
718 4491 785 4542 13
822 4509 835 4543 :
878 4493 1068 4560 Κύριε,
1096 4494 1141 4541 sl
1181 4493 1536 4560 κεκοίμηται,
1573 4493 1739 4557 σωθῇ·
1777 4511 1823 4569 D

1728 4518 1739 4530 -
1777 4511 1823 4569 ο
1850 4491 1923 4543 lta
1958 4492 2073 4554 ille,
2126 4500 2235 4543 tres
2269 4505 2499 4558 ponens,
2544 4490 2636 4544 ubi
2669 4492 2803 4543 satis
2843 4488 3127 4542 manifeste
3154 4487 3384 4539 duorum

196 4599 375 4636 astat.
413 4580 650 4645 Damius,
700 4581 746 4633 si
801 4580 1012 4642 dormit,
1049 4580 1226 4633 salvus
1254 4583 1376 4632 erit.
1408 4582 1550 4649 Ergo
1602 4596 1745 4640 cum.

196 4688 364 4745 quem
421 4672 776 4741 Hippocrates
837 4668 1061 4735 ὲξάντην
1114 4669 1270 4735 dicit,
1336 4669 1574 4723 Galenus
1623 4672 1747 4738 ὑγιῆ

196 4758 390 4822 unum
416 4767 831 4836 interpretatur,
863 4762 943 4818 sic
972 4762 1383 4830 intelligendum
1408 4762 1665 4828 putarim,
1694 4773 1753 4816 ut

202 4858 728 4913 malo~defunetum
779 4864 836 4908 et
890 4853 1040 4907 febre
1100 4867 1293 4921 purum
1333 4853 1464 4907 velit
1519 4853 1749 4908 dicere:

199 4957 401 5003 namet
428 4947 484 5000 bi
506 4946 766 5001 dicuntur
784 4945 1067 5011 ὑγιαίνειν,
1092 4941 1217 4995 licet
1244 4940 1313 4994 ad
1343 4941 1563 5009 plenum
1590 4946 1753 4996 robur

202 5038 400 5107 integri
431 5038 633 5106 vigoris
673 5035 916 5092 nondum
954 5032 1260 5089 continuati
1287 5032 1420 5094 sint.
1449 5033 1544 5088 sed
1574 5033 1755 5089 adhuc

200 5128 542 5182 debilitatem
572 5128 980 5181 imminutarum
1012 5122 1213 5178 morbo
1258 5124 1457 5177 virium
1492 5126 1752 5179 sentiant.

202 5220 277 5273 Ac
317 5218 463 5271 forte
496 5233 646 5274 more
672 5233 774 5273 suo
801 5216 1052 5285 Hesycbii
1108 5215 1314 5283 glossas
1348 5214 1403 5267 in
1436 5216 1624 5270 animo
1661 5216 1755 5281 ba;

204 5308 392 5364 buerit
417 5307 776 5380 Pacbymeres
798 5310 914 5363 haec
931 5307 1198 5370 scribens,
1226 5306 1316 5359 ubi
1332 5306 1535 5374 legerat
1562 5326 1574 5361 :
1597 5308 1752 5371 ἐξάν-

204 5418 329 5471 τιιη
366 5401 397 5452 6
419 5399 515 5467 τῆς
553 5400 702 5453 νόσου
736 5400 840 5465 ἕξω
867 5399 964 5453 ὢν.
998 5399 1099 5464 Qui
1148 5406 1330 5451 autem
1377 5413 1409 5451 e
1443 5400 1636 5453 morbo
1668 5418 1757 5455 re-

202 5504 334 5545 cens
354 5489 607 5556 emergit,
634 5488 831 5543 debilis
864 5489 1119 5543 videlicet
1146 5487 1539 5556 imbecillisque
1574 5490 1755 5545 adhuc

204 5590 309 5642 est,
336 5580 528 5648 quales
554 5588 670 5631 tum
707 5579 877 5633 videri
910 5588 1161 5648 poterant
1214 5577 1584 5633 Tocharorum
1632 5580 1757 5634 Bul-

206 5672 354 5743 garis
380 5671 736 5723 ﬁnitimorum
764 5685 917 5739 opes,
948 5677 1135 5737 utpote
1160 5668 1260 5738 qui
1282 5669 1445 5739 paulo
1466 5680 1590 5724 ante
1614 5670 1756 5726 bello

210 5768 350 5823 inter
376 5780 437 5821 se
470 5764 638 5827 civili,
681 5763 913 5817 ducibus
937 5764 1065 5821 hinc
1093 5764 1283 5820 Tuctai
1328 5765 1455 5821 inde
1481 5764 1651 5834 Nuga,
1687 5768 1752 5821 ad

1851 4591 2061 4635 tantum
2095 4590 2283 4635 auctor
2334 4582 2603 4654 meminit,
2655 4580 3078 4648 Moschamparis
3103 4577 3391 4654 excitarto-

1852 4672 2095 4740 phylacis
2149 4680 2203 4723 et
2251 4652 2850 4739 Quinqttcecclcsiensis
2910 4667 3191 4722 antistitis.
3245 4652 3388 4718 Nam

1852 4778 1975 4815 cum
2032 4764 2366 4817 nominasset
2419 4762 2933 4831 ἑακαμματισμὲνον
2980 4757 3388 4828 χαρτοφύλακι.

1853 4868 1975 4906 mox
2023 4868 2302 4922 exponens
2337 4853 2460 4922 quis
2491 4853 2536 4907 is
2566 4861 2710 4907 esset
2756 4861 2812 4905 et
2853 4864 3014 4919 quam
3071 4847 3142 4901 ob
3173 4850 3393 4900 causam

1852 4946 2364 5014 ὲσκαμματισμὲνος
2413 4946 2710 5008 diceretur,
2770 4940 3141 5009 parentltesim
3202 4936 3395 4990 inserit

1851 5054 1957 5106 qua
1997 5042 2157 5091 docet
2204 5036 2663 5103 loscbamparem
2719 5032 2893 5087 ollicio
2937 5028 3395 5099 cbartopbylacis,

1854 5131 2006 5198 prius
2029 5145 2189 5198 quam
2219 5128 2333 5181 hac
2354 5126 2547 5182 ﬁerent
2578 5125 2781 5191 quibus
2808 5138 2866 5176 se
2899 5120 3188 5175 narrandis
3214 5120 3399 5175 accin-

1853 5221 2039 5290 gebat,
2058 5220 2375 5281 decessisse,
2401 5218 2503 5271 hoc
2531 5220 2647 5287 ipso
2675 5216 2920 5269 indicans
2949 5215 3402 5283 ἐσκαμμπισμί-

1853 5330 1943 5365 νον
1971 5311 2353 5381 χαρτοφύλακα
2395 5309 2482 5362 hic
2514 5324 2542 5361 a
2598 5322 2655 5361 se
2713 5306 2946 5374 positum
2982 5319 3083 5375 pro
3120 5308 3413 5359 excltarto-

1858 5406 2082 5475 phylacc
2160 5403 2271 5457 sive
2338 5398 2754 5467 cbartophylace
2819 5409 3187 5451 exancturato.
3260 5394 3403 5462 Quid

1857 5497 2083 5561 σκάμμα
2124 5493 2193 5545 sit
2254 5500 2306 5543 et
2369 5490 2500 5558 quid
2552 5491 2617 5539 τὰ
2671 5488 3019 5556 ἐσκαμμένα,
3056 5486 3261 5541 nemini
3320 5492 3405 5536 est

1857 5590 2101 5655 ignotum
2150 5598 2257 5637 non
2291 5583 2445 5650 plane
2481 5580 2770 5648 peregrino
2808 5582 2860 5632 in
2892 5579 3206 5632 Grarcorum
3238 5577 3407 5629 libro-

1856 5693 1975 5731 l’tl'tt
2010 5675 2261 5727 lectione.
2305 5671 2441 5735 Quid
2474 5681 2655 5724 autem
2693 5672 2780 5725 hic
2822 5668 3162 5725 comminisci
3210 5666 3406 5717 verisi-

1860 5767 2044 5823 milius
2094 5778 2381 5835 possumus
2423 5777 2584 5830 quam
2640 5764 2720 5819 vel
2760 5761 2978 5817 tinxisse
3013 5758 3406 5825 Pacbsmerem
