  <div class='ocr_page' id='page_1' title='image "/cluster/home/n/w/nwhite01/storage/ocr_20150623/144/nnc1.0046980792/389.png"; bbox 0 0 4194 6444; ppageno 0'>
   <div class='ocr_carea' id='block_1_1' title="bbox 780 436 889 500">
    <p class='ocr_par' dir='ltr' id='par_1_1' title="bbox 780 436 889 500">
     <span class='ocr_line' id='line_1_1' title="bbox 780 436 889 500; baseline -0.055 0"><span class='ocrx_word' id='word_1_1' title='bbox 780 436 889 500; x_wconf 68' lang='grc' dir='ltr'><strong>’ΞΗ</strong></span> 
     </span>
    </p>
   </div>
   <div class='ocr_carea' id='block_1_2' title="bbox 1704 427 3101 497">
    <p class='ocr_par' dir='ltr' id='par_1_2' title="bbox 1704 427 3101 497">
     <span class='ocr_line' id='line_1_2' title="bbox 1704 427 3101 497; baseline 0 -3"><span class='ocrx_word' id='word_1_2' title='bbox 1704 436 1768 494; x_wconf 79' lang='grc' dir='ltr'><strong>ι)-</strong></span> <span class='ocrx_word' id='word_1_3' title='bbox 1814 427 2812 497; x_wconf 65' lang='grc' dir='ltr'><strong>ΡΟΞΞΙΝΙὈΒΞΕΙΝΑΤΙΟΝΗΜ</strong></span> <span class='ocrx_word' id='word_1_4' title='bbox 2860 434 3005 493; x_wconf 78' lang='lat' dir='ltr'><strong>LIB.</strong></span> <span class='ocrx_word' id='word_1_5' title='bbox 3051 432 3101 494; x_wconf 84' lang='grc' dir='ltr'><strong>Ι.</strong></span> 
     </span>
    </p>
   </div>
   <div class='ocr_carea' id='block_1_3' title="bbox 3936 432 4042 497">
    <p class='ocr_par' dir='ltr' id='par_1_3' title="bbox 3936 432 4042 497">
     <span class='ocr_line' id='line_1_3' title="bbox 3936 432 4042 497; baseline -0.038 0"><span class='ocrx_word' id='word_1_6' title='bbox 3936 432 4042 497; x_wconf 71' lang='lat' dir='ltr'><strong>7H</strong></span> 
     </span>
    </p>
   </div>
   <div class='ocr_carea' id='block_1_4' title="bbox 784 542 2375 622">
    <p class='ocr_par' dir='ltr' id='par_1_4' title="bbox 784 545 2365 614">
     <span class='ocr_line' id='line_1_4' title="bbox 784 545 2365 614; baseline -0.001 -15"><span class='ocrx_word' id='word_1_7' title='bbox 784 560 1017 599; x_wconf 74' lang='lat' dir='ltr'><strong>vernum</strong></span> <span class='ocrx_word' id='word_1_8' title='bbox 1058 545 1461 614; x_wconf 60' lang='grc' dir='ltr'><strong>σκαμμειτίζειν</strong></span> <span class='ocrx_word' id='word_1_9' title='bbox 1516 561 1581 599; x_wconf 89' lang='lat' dir='ltr'><strong>ex</strong></span> <span class='ocrx_word' id='word_1_10' title='bbox 1632 546 1853 599; x_wconf 85' lang='lat' dir='ltr'><strong>nomine</strong></span> <span class='ocrx_word' id='word_1_11' title='bbox 1899 549 2153 614; x_wconf 74' lang='grc' dir='ltr'><strong>σκάμμα,</strong></span> <span class='ocrx_word' id='word_1_12' title='bbox 2192 546 2274 598; x_wconf 86' lang='lat' dir='ltr'><strong>vel</strong></span> <span class='ocrx_word' id='word_1_13' title='bbox 2310 545 2365 598; x_wconf 91' lang='lat' dir='ltr'><strong>id</strong></span> 
     </span>
    </p>
   </div>
   <div class='ocr_carea' id='block_1_5' title="bbox 2478 542 4049 622">
    <p class='ocr_par' dir='ltr' id='par_1_5' title="bbox 2478 542 4049 617">
     <span class='ocr_line' id='line_1_5' title="bbox 2478 542 4049 617; baseline -0.003 -17"><span class='ocrx_word' id='word_1_14' title='bbox 2478 545 2665 617; x_wconf 78' lang='lat' dir='ltr'><strong>ligibili</strong></span> <span class='ocrx_word' id='word_1_15' title='bbox 2694 546 2915 599; x_wconf 87' lang='lat' dir='ltr'><strong>eunetis</strong></span> <span class='ocrx_word' id='word_1_16' title='bbox 2940 558 3098 598; x_wconf 89' lang='lat' dir='ltr'><strong>voce.</strong></span> <span class='ocrx_word' id='word_1_17' title='bbox 3133 542 3257 597; x_wconf 83' lang='lat' dir='ltr'><strong>Post</strong></span> <span class='ocrx_word' id='word_1_18' title='bbox 3291 542 3437 612; x_wconf 90' lang='lat' dir='ltr'><strong>quod</strong></span> <span class='ocrx_word' id='word_1_19' title='bbox 3465 548 3522 595; x_wconf 93' lang='lat' dir='ltr'><strong>ut</strong></span> <span class='ocrx_word' id='word_1_20' title='bbox 3551 553 3824 614; x_wconf 70' lang='lat' dir='ltr'><strong>praecepto</strong></span> <span class='ocrx_word' id='word_1_21' title='bbox 3852 544 4049 599; x_wconf 85' lang='lat' dir='ltr'><strong>orandi</strong></span> 
     </span>
    </p>
   </div>
   <div class='ocr_carea' id='block_1_6' title="bbox 782 637 2363 705">
    <p class='ocr_par' dir='ltr' id='par_1_6' title="bbox 782 637 2363 705">
     <span class='ocr_line' id='line_1_6' title="bbox 782 637 2363 705; baseline 0 -15"><span class='ocrx_word' id='word_1_22' title='bbox 782 638 1018 690; x_wconf 82' lang='lat' dir='ltr'><strong>verbum</strong></span> <span class='ocrx_word' id='word_1_23' title='bbox 1063 646 1156 690; x_wconf 87' lang='lat' dir='ltr'><strong>aut</strong></span> <span class='ocrx_word' id='word_1_24' title='bbox 1197 638 1341 705; x_wconf 80' lang='lat' dir='ltr'><strong>apud</strong></span> <span class='ocrx_word' id='word_1_25' title='bbox 1370 645 1650 691; x_wconf 82' lang='lat' dir='ltr'><strong>auctorem</strong></span> <span class='ocrx_word' id='word_1_26' title='bbox 1698 638 1854 692; x_wconf 89' lang='lat' dir='ltr'><strong>nobis</strong></span> <span class='ocrx_word' id='word_1_27' title='bbox 1890 637 2228 705; x_wconf 63' lang='lat' dir='ltr'><strong>incognitum</strong></span> <span class='ocrx_word' id='word_1_28' title='bbox 2274 652 2363 690; x_wconf 81' lang='lat' dir='ltr'><strong>rc-</strong></span> 
     </span>
    </p>
   </div>
   <div class='ocr_carea' id='block_1_7' title="bbox 783 729 2365 800">
    <p class='ocr_par' dir='ltr' id='par_1_7' title="bbox 783 729 2365 800">
     <span class='ocr_line' id='line_1_7' title="bbox 783 729 2365 800; baseline -0.001 -18"><span class='ocrx_word' id='word_1_29' title='bbox 783 740 1002 800; x_wconf 73' lang='lat' dir='ltr'><strong>portum</strong></span> <span class='ocrx_word' id='word_1_30' title='bbox 1053 741 1144 782; x_wconf 91' lang='lat' dir='ltr'><strong>aut</strong></span> <span class='ocrx_word' id='word_1_31' title='bbox 1187 745 1286 782; x_wconf 90' lang='lat' dir='ltr'><strong>usu</strong></span> <span class='ocrx_word' id='word_1_32' title='bbox 1330 730 1541 798; x_wconf 82' lang='lat' dir='ltr'><strong>vulgari</strong></span> <span class='ocrx_word' id='word_1_33' title='bbox 1585 730 1861 783; x_wconf 82' lang='lat' dir='ltr'><strong>sermonis</strong></span> <span class='ocrx_word' id='word_1_34' title='bbox 1910 729 2195 797; x_wconf 79' lang='lat' dir='ltr'><strong>Byzantini</strong></span> <span class='ocrx_word' id='word_1_35' title='bbox 2232 738 2365 781; x_wconf 92' lang='lat' dir='ltr'><strong>tunc</strong></span> 
     </span>
    </p>
   </div>
   <div class='ocr_carea' id='block_1_8' title="bbox 785 820 2366 889">
    <p class='ocr_par' dir='ltr' id='par_1_8' title="bbox 785 820 2366 889">
     <span class='ocr_line' id='line_1_8' title="bbox 785 820 2366 889; baseline 0 -15"><span class='ocrx_word' id='word_1_36' title='bbox 785 824 975 875; x_wconf 88' lang='lat' dir='ltr'><strong>tritum</strong></span> <span class='ocrx_word' id='word_1_37' title='bbox 1018 835 1130 873; x_wconf 63' lang='lat' dir='ltr'><strong>sure</strong></span> <span class='ocrx_word' id='word_1_38' title='bbox 1177 821 1422 873; x_wconf 75' lang='lat' dir='ltr'><strong>historiae</strong></span> <span class='ocrx_word' id='word_1_39' title='bbox 1463 821 1808 873; x_wconf 76' lang='lat' dir='ltr'><strong>inseruisse?</strong></span> <span class='ocrx_word' id='word_1_40' title='bbox 1848 820 2157 887; x_wconf 77' lang='lat' dir='ltr'><strong>Excogi&#39;ari</strong></span> <span class='ocrx_word' id='word_1_41' title='bbox 2201 836 2366 889; x_wconf 85' lang='lat' dir='ltr'><strong>porro</strong></span> 
     </span>
    </p>
   </div>
   <div class='ocr_carea' id='block_1_9' title="bbox 785 911 2366 981">
    <p class='ocr_par' dir='ltr' id='par_1_9' title="bbox 785 911 2366 981">
     <span class='ocr_line' id='line_1_9' title="bbox 785 911 2366 981; baseline -0.003 -15"><span class='ocrx_word' id='word_1_42' title='bbox 785 914 989 981; x_wconf 87' lang='lat' dir='ltr'><strong>duplex</strong></span> <span class='ocrx_word' id='word_1_43' title='bbox 1024 920 1203 981; x_wconf 90' lang='lat' dir='ltr'><strong>potest</strong></span> <span class='ocrx_word' id='word_1_44' title='bbox 1235 912 1477 964; x_wconf 80' lang='lat' dir='ltr'><strong>notionis</strong></span> <span class='ocrx_word' id='word_1_45' title='bbox 1511 912 1634 963; x_wconf 78' lang='lat' dir='ltr'><strong>talis</strong></span> <span class='ocrx_word' id='word_1_46' title='bbox 1668 912 1797 965; x_wconf 89' lang='lat' dir='ltr'><strong>huic</strong></span> <span class='ocrx_word' id='word_1_47' title='bbox 1836 911 2125 979; x_wconf 80' lang='lat' dir='ltr'><strong>participio</strong></span> <span class='ocrx_word' id='word_1_48' title='bbox 2158 913 2366 979; x_wconf 69' lang='grc' dir='ltr'><strong>ἐσκαμ-</strong></span> 
     </span>
    </p>
   </div>
   <div class='ocr_carea' id='block_1_10' title="bbox 789 992 2366 1073">
    <p class='ocr_par' dir='ltr' id='par_1_10' title="bbox 789 992 2366 1073">
     <span class='ocr_line' id='line_1_10' title="bbox 789 992 2366 1073; baseline 0.001 -18"><span class='ocrx_word' id='word_1_49' title='bbox 789 992 1119 1073; x_wconf 62' lang='grc' dir='ltr'><strong>ματισμένος</strong></span> <span class='ocrx_word' id='word_1_50' title='bbox 1149 1004 1254 1056; x_wconf 91' lang='lat' dir='ltr'><strong>hoc</strong></span> <span class='ocrx_word' id='word_1_51' title='bbox 1294 1003 1414 1055; x_wconf 87' lang='lat' dir='ltr'><strong>loco</strong></span> <span class='ocrx_word' id='word_1_52' title='bbox 1449 1002 1635 1056; x_wconf 76' lang='lat' dir='ltr'><strong>inditae</strong></span> <span class='ocrx_word' id='word_1_53' title='bbox 1676 1002 1838 1056; x_wconf 84' lang='lat' dir='ltr'><strong>ratio.</strong></span> <span class='ocrx_word' id='word_1_54' title='bbox 1874 1004 2029 1055; x_wconf 85' lang='lat' dir='ltr'><strong>Prior</strong></span> <span class='ocrx_word' id='word_1_55' title='bbox 2051 1003 2177 1071; x_wconf 87' lang='lat' dir='ltr'><strong>quia</strong></span> <span class='ocrx_word' id='word_1_56' title='bbox 2209 1004 2366 1056; x_wconf 87' lang='lat' dir='ltr'><strong>tabu-</strong></span> 
     </span>
    </p>
   </div>
   <div class='ocr_carea' id='block_1_11' title="bbox 788 1093 2359 1162">
    <p class='ocr_par' dir='ltr' id='par_1_11' title="bbox 788 1093 2359 1162">
     <span class='ocr_line' id='line_1_11' title="bbox 788 1093 2359 1162; baseline 0.001 -15"><span class='ocrx_word' id='word_1_57' title='bbox 788 1095 988 1148; x_wconf 82' lang='lat' dir='ltr'><strong>larium</strong></span> <span class='ocrx_word' id='word_1_58' title='bbox 1046 1095 1504 1157; x_wconf 85' lang='lat' dir='ltr'><strong>ecclesiasticum,</strong></span> <span class='ocrx_word' id='word_1_59' title='bbox 1544 1094 1630 1147; x_wconf 92' lang='lat' dir='ltr'><strong>cui</strong></span> <span class='ocrx_word' id='word_1_60' title='bbox 1686 1093 2050 1148; x_wconf 71' lang='lat' dir='ltr'><strong>custodiendo</strong></span> <span class='ocrx_word' id='word_1_61' title='bbox 2105 1094 2359 1162; x_wconf 55' lang='lat' dir='ltr'><strong>praeposi-</strong></span> 
     </span>
    </p>
   </div>
   <div class='ocr_carea' id='block_1_12' title="bbox 787 1186 2367 1257">
    <p class='ocr_par' dir='ltr' id='par_1_12' title="bbox 787 1186 2367 1257">
     <span class='ocr_line' id='line_1_12' title="bbox 787 1186 2367 1257; baseline 0.002 -18"><span class='ocrx_word' id='word_1_62' title='bbox 787 1196 877 1239; x_wconf 88' lang='lat' dir='ltr'><strong>tus</strong></span> <span class='ocrx_word' id='word_1_63' title='bbox 903 1197 1022 1240; x_wconf 91' lang='lat' dir='ltr'><strong>erat</strong></span> <span class='ocrx_word' id='word_1_64' title='bbox 1069 1186 1488 1256; x_wconf 81' lang='lat' dir='ltr'><strong>charmphylax,</strong></span> <span class='ocrx_word' id='word_1_65' title='bbox 1524 1186 1794 1240; x_wconf 88' lang='lat' dir='ltr'><strong>credibile</strong></span> <span class='ocrx_word' id='word_1_66' title='bbox 1826 1196 1910 1239; x_wconf 90' lang='lat' dir='ltr'><strong>est</strong></span> <span class='ocrx_word' id='word_1_67' title='bbox 1955 1187 2007 1239; x_wconf 92' lang='lat' dir='ltr'><strong>iu</strong></span> <span class='ocrx_word' id='word_1_68' title='bbox 2044 1188 2165 1240; x_wconf 89' lang='lat' dir='ltr'><strong>loco</strong></span> <span class='ocrx_word' id='word_1_69' title='bbox 2197 1188 2367 1257; x_wconf 83' lang='lat' dir='ltr'><strong>septis</strong></span> 
     </span>
    </p>
   </div>
   <div class='ocr_carea' id='block_1_13' title="bbox 785 1282 2369 1352">
    <p class='ocr_par' dir='ltr' id='par_1_13' title="bbox 785 1282 2369 1352">
     <span class='ocr_line' id='line_1_13' title="bbox 785 1282 2369 1352; baseline -0.001 -16"><span class='ocrx_word' id='word_1_70' title='bbox 785 1284 1128 1336; x_wconf 82' lang='lat' dir='ltr'><strong>circumdato</strong></span> <span class='ocrx_word' id='word_1_71' title='bbox 1159 1282 1330 1337; x_wconf 85' lang='lat' dir='ltr'><strong>fuisse</strong></span> <span class='ocrx_word' id='word_1_72' title='bbox 1376 1291 1677 1337; x_wconf 86' lang='lat' dir='ltr'><strong>servatum.</strong></span> <span class='ocrx_word' id='word_1_73' title='bbox 1733 1282 1896 1350; x_wconf 86' lang='lat' dir='ltr'><strong>Septa</strong></span> <span class='ocrx_word' id='word_1_74' title='bbox 1929 1294 2111 1335; x_wconf 85' lang='lat' dir='ltr'><strong>autem</strong></span> <span class='ocrx_word' id='word_1_75' title='bbox 2159 1284 2369 1352; x_wconf 74' lang='grc' dir='ltr'><strong>ἐσκαμ-</strong></span> 
     </span>
    </p>
   </div>
   <div class='ocr_carea' id='block_1_14' title="bbox 791 1374 2365 1443">
    <p class='ocr_par' dir='ltr' id='par_1_14' title="bbox 791 1374 2365 1443">
     <span class='ocr_line' id='line_1_14' title="bbox 791 1374 2365 1443; baseline 0.002 -18"><span class='ocrx_word' id='word_1_76' title='bbox 791 1375 929 1442; x_wconf 70' lang='grc' dir='ltr'><strong>μένα.</strong></span> <span class='ocrx_word' id='word_1_77' title='bbox 972 1386 1027 1429; x_wconf 91' lang='lat' dir='ltr'><strong>ct</strong></span> <span class='ocrx_word' id='word_1_78' title='bbox 1075 1376 1305 1443; x_wconf 74' lang='grc' dir='ltr'><strong>σκάμμα</strong></span> <span class='ocrx_word' id='word_1_79' title='bbox 1339 1374 1493 1428; x_wconf 86' lang='lat' dir='ltr'><strong>locus</strong></span> <span class='ocrx_word' id='word_1_80' title='bbox 1525 1374 1668 1426; x_wconf 78' lang='lat' dir='ltr'><strong>fossa</strong></span> <span class='ocrx_word' id='word_1_81' title='bbox 1697 1385 1751 1428; x_wconf 90' lang='lat' dir='ltr'><strong>ct</strong></span> <span class='ocrx_word' id='word_1_82' title='bbox 1777 1374 1919 1427; x_wconf 83' lang='lat' dir='ltr'><strong>vallo</strong></span> <span class='ocrx_word' id='word_1_83' title='bbox 1962 1376 2365 1428; x_wconf 75' lang='lat' dir='ltr'><strong>circumclusus</strong></span> 
     </span>
    </p>
   </div>
   <div class='ocr_carea' id='block_1_15' title="bbox 787 1465 2367 1536">
    <p class='ocr_par' dir='ltr' id='par_1_15' title="bbox 787 1465 2367 1536">
     <span class='ocr_line' id='line_1_15' title="bbox 787 1465 2367 1536; baseline 0 -18"><span class='ocrx_word' id='word_1_84' title='bbox 787 1465 1026 1525; x_wconf 72' lang='lat' dir='ltr'><strong>dit-itur;</strong></span> <span class='ocrx_word' id='word_1_85' title='bbox 1061 1466 1207 1519; x_wconf 88' lang='lat' dir='ltr'><strong>unde.</strong></span> <span class='ocrx_word' id='word_1_86' title='bbox 1270 1469 1708 1535; x_wconf 67' lang='grc' dir='ltr'><strong>σκαμματισθεὶς</strong></span> <span class='ocrx_word' id='word_1_87' title='bbox 1756 1478 1849 1519; x_wconf 84' lang='lat' dir='ltr'><strong>aut</strong></span> <span class='ocrx_word' id='word_1_88' title='bbox 1904 1468 2367 1536; x_wconf 72' lang='grc' dir='ltr'><strong>ὲσκαμματισμέ-</strong></span> 
     </span>
    </p>
   </div>
   <div class='ocr_carea' id='block_1_16' title="bbox 785 1557 2367 1625">
    <p class='ocr_par' dir='ltr' id='par_1_16' title="bbox 785 1557 2367 1625">
     <span class='ocr_line' id='line_1_16' title="bbox 785 1557 2367 1625; baseline 0.005 -21"><span class='ocrx_word' id='word_1_89' title='bbox 785 1574 874 1618; x_wconf 78' lang='grc' dir='ltr'><strong>νος</strong></span> <span class='ocrx_word' id='word_1_90' title='bbox 905 1557 1145 1616; x_wconf 84' lang='lat' dir='ltr'><strong>dicatur,</strong></span> <span class='ocrx_word' id='word_1_91' title='bbox 1186 1558 1276 1624; x_wconf 88' lang='lat' dir='ltr'><strong>qui</strong></span> <span class='ocrx_word' id='word_1_92' title='bbox 1316 1567 1472 1625; x_wconf 88' lang='lat' dir='ltr'><strong>septo</strong></span> <span class='ocrx_word' id='word_1_93' title='bbox 1514 1559 1871 1612; x_wconf 85' lang='lat' dir='ltr'><strong>ecclesiastici</strong></span> <span class='ocrx_word' id='word_1_94' title='bbox 1916 1559 2086 1612; x_wconf 85' lang='lat' dir='ltr'><strong>archii</strong></span> <span class='ocrx_word' id='word_1_95' title='bbox 2117 1575 2367 1613; x_wconf 81' lang='lat' dir='ltr'><strong>excesse-</strong></span> 
     </span>
    </p>
   </div>
   <div class='ocr_carea' id='block_1_17' title="bbox 788 1650 2369 1723">
    <p class='ocr_par' dir='ltr' id='par_1_17' title="bbox 788 1650 2369 1723">
     <span class='ocr_line' id='line_1_17' title="bbox 788 1650 2369 1723; baseline 0.002 -21"><span class='ocrx_word' id='word_1_96' title='bbox 788 1650 1007 1718; x_wconf 81' lang='lat' dir='ltr'><strong>ritjure</strong></span> <span class='ocrx_word' id='word_1_97' title='bbox 1054 1650 1255 1702; x_wconf 76' lang='lat' dir='ltr'><strong>antisso</strong></span> <span class='ocrx_word' id='word_1_98' title='bbox 1294 1650 1407 1703; x_wconf 90' lang='lat' dir='ltr'><strong>illic</strong></span> <span class='ocrx_word' id='word_1_99' title='bbox 1458 1650 1787 1719; x_wconf 58' lang='lat' dir='ltr'><strong>praesidendi</strong></span> <span class='ocrx_word' id='word_1_100' title='bbox 1822 1659 1942 1720; x_wconf 88' lang='lat' dir='ltr'><strong>post</strong></span> <span class='ocrx_word' id='word_1_101' title='bbox 1987 1652 2369 1723; x_wconf 75' lang='lat' dir='ltr'><strong>chartophyla-</strong></span> 
     </span>
    </p>
   </div>
   <div class='ocr_carea' id='block_1_18' title="bbox 787 1740 2368 1812">
    <p class='ocr_par' dir='ltr' id='par_1_18' title="bbox 787 1740 2368 1812">
     <span class='ocr_line' id='line_1_18' title="bbox 787 1740 2368 1812; baseline 0.002 -18"><span class='ocrx_word' id='word_1_102' title='bbox 787 1743 866 1794; x_wconf 91' lang='lat' dir='ltr'><strong>cis</strong></span> <span class='ocrx_word' id='word_1_103' title='bbox 901 1740 1137 1793; x_wconf 85' lang='lat' dir='ltr'><strong>ollieiutn</strong></span> <span class='ocrx_word' id='word_1_104' title='bbox 1174 1742 1459 1796; x_wconf 80' lang='lat' dir='ltr'><strong>amissum.</strong></span> <span class='ocrx_word' id='word_1_105' title='bbox 1496 1742 1594 1795; x_wconf 87' lang='lat' dir='ltr'><strong>Est</strong></span> <span class='ocrx_word' id='word_1_106' title='bbox 1623 1752 1883 1809; x_wconf 71' lang='lat' dir='ltr'><strong>praeterea</strong></span> <span class='ocrx_word' id='word_1_107' title='bbox 1922 1743 2151 1811; x_wconf 73' lang='grc' dir='ltr'><strong>σκάμμα</strong></span> <span class='ocrx_word' id='word_1_108' title='bbox 2196 1744 2368 1812; x_wconf 78' lang='lat' dir='ltr'><strong>magis</strong></span> 
     </span>
    </p>
   </div>
   <div class='ocr_carea' id='block_1_19' title="bbox 787 1831 2366 1901">
    <p class='ocr_par' dir='ltr' id='par_1_19' title="bbox 787 1831 2366 1901">
     <span class='ocr_line' id='line_1_19' title="bbox 787 1831 2366 1901; baseline 0.002 -18"><span class='ocrx_word' id='word_1_109' title='bbox 787 1832 1008 1901; x_wconf 85' lang='lat' dir='ltr'><strong>pmprie</strong></span> <span class='ocrx_word' id='word_1_110' title='bbox 1045 1832 1201 1883; x_wconf 81' lang='lat' dir='ltr'><strong>locus</strong></span> <span class='ocrx_word' id='word_1_111' title='bbox 1232 1832 1572 1886; x_wconf 67' lang='lat' dir='ltr'><strong>certaminis.</strong></span> <span class='ocrx_word' id='word_1_112' title='bbox 1616 1831 1981 1901; x_wconf 77' lang='lat' dir='ltr'><strong>Hieronymus</strong></span> <span class='ocrx_word' id='word_1_113' title='bbox 2013 1831 2077 1885; x_wconf 89' lang='lat' dir='ltr'><strong>ad</strong></span> <span class='ocrx_word' id='word_1_114' title='bbox 2112 1832 2366 1886; x_wconf 76' lang='lat' dir='ltr'><strong>Pamma-</strong></span> 
     </span>
    </p>
   </div>
   <div class='ocr_carea' id='block_1_20' title="bbox 2470 635 4053 708">
    <p class='ocr_par' dir='ltr' id='par_1_20' title="bbox 2470 635 4053 708">
     <span class='ocr_line' id='line_1_20' title="bbox 2470 635 4053 708; baseline -0.001 -17"><span class='ocrx_word' id='word_1_115' title='bbox 2470 654 2571 708; x_wconf 92' lang='lat' dir='ltr'><strong>pro</strong></span> <span class='ocrx_word' id='word_1_116' title='bbox 2607 636 2919 691; x_wconf 89' lang='lat' dir='ltr'><strong>ordinando</strong></span> <span class='ocrx_word' id='word_1_117' title='bbox 2959 644 3209 705; x_wconf 89' lang='lat' dir='ltr'><strong>pareant,</strong></span> <span class='ocrx_word' id='word_1_118' title='bbox 3258 645 3365 688; x_wconf 89' lang='lat' dir='ltr'><strong>tam</strong></span> <span class='ocrx_word' id='word_1_119' title='bbox 3418 635 3510 704; x_wconf 91' lang='lat' dir='ltr'><strong>qui</strong></span> <span class='ocrx_word' id='word_1_120' title='bbox 3553 645 3679 689; x_wconf 90' lang='lat' dir='ltr'><strong>sunt</strong></span> <span class='ocrx_word' id='word_1_121' title='bbox 3724 638 3867 690; x_wconf 90' lang='lat' dir='ltr'><strong>intra</strong></span> <span class='ocrx_word' id='word_1_122' title='bbox 3920 655 4053 690; x_wconf 76' lang='lat' dir='ltr'><strong>cun-</strong></span> 
     </span>
    </p>
   </div>
   <div class='ocr_carea' id='block_1_21' title="bbox 2468 728 4054 798">
    <p class='ocr_par' dir='ltr' id='par_1_21' title="bbox 2468 728 4054 798">
     <span class='ocr_line' id='line_1_21' title="bbox 2468 728 4054 798; baseline 0 -15"><span class='ocrx_word' id='word_1_123' title='bbox 2468 730 2637 783; x_wconf 90' lang='lat' dir='ltr'><strong>cellos</strong></span> <span class='ocrx_word' id='word_1_124' title='bbox 2676 728 3007 798; x_wconf 78' lang='lat' dir='ltr'><strong>presbyterii</strong></span> <span class='ocrx_word' id='word_1_125' title='bbox 3057 743 3222 794; x_wconf 88' lang='lat' dir='ltr'><strong>quam</strong></span> <span class='ocrx_word' id='word_1_126' title='bbox 3269 728 3363 795; x_wconf 88' lang='lat' dir='ltr'><strong>qui</strong></span> <span class='ocrx_word' id='word_1_127' title='bbox 3406 736 3581 788; x_wconf 76' lang='lat' dir='ltr'><strong>extra.</strong></span> <span class='ocrx_word' id='word_1_128' title='bbox 3629 729 3835 795; x_wconf 90' lang='lat' dir='ltr'><strong>pariter</strong></span> <span class='ocrx_word' id='word_1_129' title='bbox 3869 732 4054 784; x_wconf 63' lang='lat' dir='ltr'><strong>acclao</strong></span> 
     </span>
    </p>
   </div>
   <div class='ocr_carea' id='block_1_22' title="bbox 2470 819 4053 889">
    <p class='ocr_par' dir='ltr' id='par_1_22' title="bbox 2470 819 4053 889">
     <span class='ocr_line' id='line_1_22' title="bbox 2470 819 4053 889; baseline -0.001 -13"><span class='ocrx_word' id='word_1_130' title='bbox 2470 821 2863 889; x_wconf 74' lang='lat' dir='ltr'><strong>mant,dets,</strong></span> <span class='ocrx_word' id='word_1_131' title='bbox 2902 820 3150 889; x_wconf 72' lang='grc' dir='ltr'><strong>ἐλέησον,</strong></span> <span class='ocrx_word' id='word_1_132' title='bbox 3182 819 3424 881; x_wconf 81' lang='lat' dir='ltr'><strong>Domine,</strong></span> <span class='ocrx_word' id='word_1_133' title='bbox 3461 821 3727 873; x_wconf 74' lang='lat' dir='ltr'><strong>miserere.</strong></span> <span class='ocrx_word' id='word_1_134' title='bbox 3770 821 3930 874; x_wconf 84' lang='lat' dir='ltr'><strong>Tunc</strong></span> <span class='ocrx_word' id='word_1_135' title='bbox 3966 837 4053 875; x_wconf 86' lang='lat' dir='ltr'><strong>cc.-</strong></span> 
     </span>
    </p>
   </div>
   <div class='ocr_carea' id='block_1_23' title="bbox 2468 912 4052 983">
    <p class='ocr_par' dir='ltr' id='par_1_23' title="bbox 2468 912 4052 983">
     <span class='ocr_line' id='line_1_23' title="bbox 2468 912 4052 983; baseline -0.001 -15"><span class='ocrx_word' id='word_1_136' title='bbox 2468 915 2691 969; x_wconf 88' lang='lat' dir='ltr'><strong>lebrans</strong></span> <span class='ocrx_word' id='word_1_137' title='bbox 2722 913 3000 983; x_wconf 73' lang='lat' dir='ltr'><strong>Evangelii</strong></span> <span class='ocrx_word' id='word_1_138' title='bbox 3036 912 3291 965; x_wconf 87' lang='lat' dir='ltr'><strong>volumen</strong></span> <span class='ocrx_word' id='word_1_139' title='bbox 3315 912 3555 981; x_wconf 86' lang='lat' dir='ltr'><strong>explicat</strong></span> <span class='ocrx_word' id='word_1_140' title='bbox 3604 922 3659 966; x_wconf 91' lang='lat' dir='ltr'><strong>et</strong></span> <span class='ocrx_word' id='word_1_141' title='bbox 3682 913 3769 967; x_wconf 78' lang='lat' dir='ltr'><strong>sic</strong></span> <span class='ocrx_word' id='word_1_142' title='bbox 3798 924 4052 983; x_wconf 79' lang='lat' dir='ltr'><strong>apertum</strong></span> 
     </span>
    </p>
   </div>
   <div class='ocr_carea' id='block_1_24' title="bbox 2471 1005 4054 1078">
    <p class='ocr_par' dir='ltr' id='par_1_24' title="bbox 2471 1005 4054 1078">
     <span class='ocr_line' id='line_1_24' title="bbox 2471 1005 4054 1078; baseline -0.002 -16"><span class='ocrx_word' id='word_1_143' title='bbox 2471 1010 2704 1078; x_wconf 87' lang='lat' dir='ltr'><strong>imponit</strong></span> <span class='ocrx_word' id='word_1_144' title='bbox 2751 1008 2917 1076; x_wconf 84' lang='lat' dir='ltr'><strong>capiti</strong></span> <span class='ocrx_word' id='word_1_145' title='bbox 2960 1017 3016 1059; x_wconf 89' lang='lat' dir='ltr'><strong>et</strong></span> <span class='ocrx_word' id='word_1_146' title='bbox 3069 1005 3211 1060; x_wconf 90' lang='lat' dir='ltr'><strong>collo</strong></span> <span class='ocrx_word' id='word_1_147' title='bbox 3250 1007 3370 1075; x_wconf 90' lang='lat' dir='ltr'><strong>ejus</strong></span> <span class='ocrx_word' id='word_1_148' title='bbox 3412 1006 3505 1075; x_wconf 90' lang='lat' dir='ltr'><strong>qui</strong></span> <span class='ocrx_word' id='word_1_149' title='bbox 3544 1005 3857 1070; x_wconf 82' lang='lat' dir='ltr'><strong>ordinatur,</strong></span> <span class='ocrx_word' id='word_1_150' title='bbox 3896 1007 4054 1078; x_wconf 86' lang='lat' dir='ltr'><strong>adju-</strong></span> 
     </span>
    </p>
   </div>
   <div class='ocr_carea' id='block_1_25' title="bbox 2471 1097 4056 1167">
    <p class='ocr_par' dir='ltr' id='par_1_25' title="bbox 2471 1097 4056 1167">
     <span class='ocr_line' id='line_1_25' title="bbox 2471 1097 4056 1167; baseline -0.003 -14"><span class='ocrx_word' id='word_1_151' title='bbox 2471 1100 2715 1153; x_wconf 89' lang='lat' dir='ltr'><strong>tautibus</strong></span> <span class='ocrx_word' id='word_1_152' title='bbox 2751 1100 2803 1152; x_wconf 89' lang='lat' dir='ltr'><strong>in</strong></span> <span class='ocrx_word' id='word_1_153' title='bbox 2831 1114 2899 1153; x_wconf 91' lang='lat' dir='ltr'><strong>eo</strong></span> <span class='ocrx_word' id='word_1_154' title='bbox 2931 1106 2988 1152; x_wconf 91' lang='lat' dir='ltr'><strong>et</strong></span> <span class='ocrx_word' id='word_1_155' title='bbox 3029 1097 3154 1152; x_wconf 89' lang='lat' dir='ltr'><strong>aliis</strong></span> <span class='ocrx_word' id='word_1_156' title='bbox 3194 1098 3471 1167; x_wconf 88' lang='lat' dir='ltr'><strong>episcopis</strong></span> <span class='ocrx_word' id='word_1_157' title='bbox 3506 1116 3518 1148; x_wconf 86' lang='lat'><strong>:</strong></span> <span class='ocrx_word' id='word_1_158' title='bbox 3566 1098 3937 1152; x_wconf 81' lang='grc' dir='ltr'><strong>Ἀναπτύσσει</strong></span> <span class='ocrx_word' id='word_1_159' title='bbox 3996 1098 4056 1149; x_wconf 77' lang='grc' dir='ltr'><strong>τὸ</strong></span> 
     </span>
    </p>
   </div>
   <div class='ocr_carea' id='block_1_26' title="bbox 2470 1190 4054 1261">
    <p class='ocr_par' dir='ltr' id='par_1_26' title="bbox 2470 1190 4054 1261">
     <span class='ocr_line' id='line_1_26' title="bbox 2470 1190 4054 1261; baseline -0.002 -17"><span class='ocrx_word' id='word_1_160' title='bbox 2470 1191 2806 1258; x_wconf 74' lang='grc' dir='ltr'><strong>Εὑαγγέλιον</strong></span> <span class='ocrx_word' id='word_1_161' title='bbox 2835 1193 2861 1242; x_wconf 86' lang='grc' dir='ltr'>ὁ</span> <span class='ocrx_word' id='word_1_162' title='bbox 2895 1191 3213 1261; x_wconf 77' lang='grc' dir='ltr'><strong>ἀρχιερεὺς,</strong></span> <span class='ocrx_word' id='word_1_163' title='bbox 3248 1191 3342 1242; x_wconf 73' lang='grc' dir='ltr'><strong>καὶ</strong></span> <span class='ocrx_word' id='word_1_164' title='bbox 3393 1190 3669 1260; x_wconf 77' lang='grc' dir='ltr'><strong>ἐπιτίθησι</strong></span> <span class='ocrx_word' id='word_1_165' title='bbox 3723 1193 3787 1261; x_wconf 81' lang='grc' dir='ltr'><strong>τῇ</strong></span> <span class='ocrx_word' id='word_1_166' title='bbox 3839 1190 4054 1259; x_wconf 71' lang='grc' dir='ltr'>κεφαλῇ</span> 
     </span>
    </p>
   </div>
   <div class='ocr_carea' id='block_1_27' title="bbox 2470 1280 4056 1352">
    <p class='ocr_par' dir='ltr' id='par_1_27' title="bbox 2470 1280 4056 1352">
     <span class='ocr_line' id='line_1_27' title="bbox 2470 1280 4056 1352; baseline -0.001 -18"><span class='ocrx_word' id='word_1_167' title='bbox 2470 1283 2564 1334; x_wconf 61' lang='grc' dir='ltr'><strong>καὶ</strong></span> <span class='ocrx_word' id='word_1_168' title='bbox 2617 1280 2693 1352; x_wconf 74' lang='grc' dir='ltr'><strong>τῷ</strong></span> <span class='ocrx_word' id='word_1_169' title='bbox 2733 1282 2995 1351; x_wconf 78' lang='grc' dir='ltr'><strong>τραχήλῳ</strong></span> <span class='ocrx_word' id='word_1_170' title='bbox 3029 1282 3123 1333; x_wconf 81' lang='grc' dir='ltr'><strong>τοῦ</strong></span> <span class='ocrx_word' id='word_1_171' title='bbox 3159 1282 3665 1351; x_wconf 78' lang='grc' dir='ltr'><strong>χειροτονουμένου.</strong></span> <span class='ocrx_word' id='word_1_172' title='bbox 3714 1299 4056 1348; x_wconf 79' lang='grc' dir='ltr'><strong>συνεφαπτο-</strong></span> 
     </span>
    </p>
   </div>
   <div class='ocr_carea' id='block_1_28' title="bbox 2474 1373 4053 1444">
    <p class='ocr_par' dir='ltr' id='par_1_28' title="bbox 2474 1373 4053 1444">
     <span class='ocr_line' id='line_1_28' title="bbox 2474 1373 4053 1444; baseline 0.001 -19"><span class='ocrx_word' id='word_1_173' title='bbox 2474 1376 2649 1443; x_wconf 84' lang='grc' dir='ltr'><strong>μένων</strong></span> <span class='ocrx_word' id='word_1_174' title='bbox 2710 1376 2803 1426; x_wconf 68' lang='grc' dir='ltr'><strong>καὶ</strong></span> <span class='ocrx_word' id='word_1_175' title='bbox 2859 1374 2970 1425; x_wconf 83' lang='grc' dir='ltr'><strong>τῶν</strong></span> <span class='ocrx_word' id='word_1_176' title='bbox 3021 1373 3198 1426; x_wconf 81' lang='grc' dir='ltr'><strong>ἄλλων</strong></span> <span class='ocrx_word' id='word_1_177' title='bbox 3253 1374 3579 1444; x_wconf 81' lang='grc' dir='ltr'><strong>ἀρχιερέων.</strong></span> <span class='ocrx_word' id='word_1_178' title='bbox 3634 1374 3713 1427; x_wconf 89' lang='lat' dir='ltr'><strong>En</strong></span> <span class='ocrx_word' id='word_1_179' title='bbox 3783 1373 3919 1443; x_wconf 89' lang='lat' dir='ltr'><strong>quid</strong></span> <span class='ocrx_word' id='word_1_180' title='bbox 3981 1376 4053 1427; x_wconf 69' lang='lat' dir='ltr'><strong>sTt</strong></span> 
     </span>
    </p>
   </div>
   <div class='ocr_carea' id='block_1_29' title="bbox 2471 1464 4055 1534">
    <p class='ocr_par' dir='ltr' id='par_1_29' title="bbox 2471 1464 4055 1534">
     <span class='ocr_line' id='line_1_29' title="bbox 2471 1464 4055 1534; baseline 0.001 -17"><span class='ocrx_word' id='word_1_181' title='bbox 2471 1465 2636 1529; x_wconf 76' lang='grc' dir='ltr'><strong>ζυγὸν</strong></span> <span class='ocrx_word' id='word_1_182' title='bbox 2692 1464 2787 1519; x_wconf 81' lang='grc' dir='ltr'><strong>τοῦ</strong></span> <span class='ocrx_word' id='word_1_183' title='bbox 2848 1464 3005 1533; x_wconf 86' lang='grc' dir='ltr'>ἁγίου</span> <span class='ocrx_word' id='word_1_184' title='bbox 3062 1465 3401 1532; x_wconf 70' lang='grc' dir='ltr'><strong>Εὑαγγελίου</strong></span> <span class='ocrx_word' id='word_1_185' title='bbox 3453 1465 3703 1527; x_wconf 71' lang='grc' dir='ltr'><strong>τιθέναι,</strong></span> <span class='ocrx_word' id='word_1_186' title='bbox 3754 1466 3903 1534; x_wconf 90' lang='lat' dir='ltr'><strong>quod</strong></span> <span class='ocrx_word' id='word_1_187' title='bbox 3968 1466 4055 1519; x_wconf 84' lang='lat' dir='ltr'><strong>hic</strong></span> 
     </span>
    </p>
   </div>
   <div class='ocr_carea' id='block_1_30' title="bbox 2471 1557 4053 1627">
    <p class='ocr_par' dir='ltr' id='par_1_30' title="bbox 2471 1557 4053 1627">
     <span class='ocr_line' id='line_1_30' title="bbox 2471 1557 4053 1627; baseline -0.001 -16"><span class='ocrx_word' id='word_1_188' title='bbox 2471 1567 2659 1612; x_wconf 86' lang='lat' dir='ltr'><strong>noster</strong></span> <span class='ocrx_word' id='word_1_189' title='bbox 2712 1566 3001 1622; x_wconf 88' lang='lat' dir='ltr'><strong>memorat,</strong></span> <span class='ocrx_word' id='word_1_190' title='bbox 3033 1558 3370 1614; x_wconf 69' lang='lat' dir='ltr'><strong>caeremoniae</strong></span> <span class='ocrx_word' id='word_1_191' title='bbox 3424 1557 3790 1611; x_wconf 86' lang='lat' dir='ltr'><strong>ordinationis</strong></span> <span class='ocrx_word' id='word_1_192' title='bbox 3837 1569 4053 1627; x_wconf 85' lang='lat' dir='ltr'><strong>partem</strong></span> 
     </span>
    </p>
   </div>
   <div class='ocr_carea' id='block_1_31' title="bbox 2472 1648 4057 1718">
    <p class='ocr_par' dir='ltr' id='par_1_31' title="bbox 2472 1648 4057 1718">
     <span class='ocr_line' id='line_1_31' title="bbox 2472 1648 4057 1718; baseline 0 -15"><span class='ocrx_word' id='word_1_193' title='bbox 2472 1649 2619 1703; x_wconf 81' lang='lat' dir='ltr'><strong>illam</strong></span> <span class='ocrx_word' id='word_1_194' title='bbox 2651 1648 2805 1703; x_wconf 86' lang='lat' dir='ltr'><strong>obire</strong></span> <span class='ocrx_word' id='word_1_195' title='bbox 2855 1665 2960 1718; x_wconf 83' lang='lat' dir='ltr'><strong>qua</strong></span> <span class='ocrx_word' id='word_1_196' title='bbox 3006 1665 3164 1703; x_wconf 89' lang='lat' dir='ltr'><strong>sacer</strong></span> <span class='ocrx_word' id='word_1_197' title='bbox 3195 1648 3483 1718; x_wconf 80' lang='lat' dir='ltr'><strong>Evangelii</strong></span> <span class='ocrx_word' id='word_1_198' title='bbox 3536 1648 3709 1703; x_wconf 86' lang='lat' dir='ltr'><strong>codex</strong></span> <span class='ocrx_word' id='word_1_199' title='bbox 3742 1651 4057 1718; x_wconf 86' lang='lat' dir='ltr'><strong>explicatus</strong></span> 
     </span>
    </p>
   </div>
   <div class='ocr_carea' id='block_1_32' title="bbox 2470 1740 4059 1810">
    <p class='ocr_par' dir='ltr' id='par_1_32' title="bbox 2470 1740 4059 1810">
     <span class='ocr_line' id='line_1_32' title="bbox 2470 1740 4059 1810; baseline 0.001 -18"><span class='ocrx_word' id='word_1_200' title='bbox 2470 1740 2697 1808; x_wconf 89' lang='lat' dir='ltr'><strong>ponitur</strong></span> <span class='ocrx_word' id='word_1_201' title='bbox 2733 1755 2894 1808; x_wconf 86' lang='lat' dir='ltr'><strong>supra</strong></span> <span class='ocrx_word' id='word_1_202' title='bbox 2937 1749 3103 1809; x_wconf 86' lang='lat' dir='ltr'><strong>caput</strong></span> <span class='ocrx_word' id='word_1_203' title='bbox 3133 1749 3189 1793; x_wconf 91' lang='lat' dir='ltr'><strong>et</strong></span> <span class='ocrx_word' id='word_1_204' title='bbox 3218 1740 3423 1794; x_wconf 87' lang='lat' dir='ltr'><strong>collum</strong></span> <span class='ocrx_word' id='word_1_205' title='bbox 3458 1741 3579 1810; x_wconf 83' lang='lat' dir='ltr'><strong>ejus</strong></span> <span class='ocrx_word' id='word_1_206' title='bbox 3620 1741 3716 1808; x_wconf 91' lang='lat' dir='ltr'><strong>qui</strong></span> <span class='ocrx_word' id='word_1_207' title='bbox 3760 1740 4059 1794; x_wconf 86' lang='lat' dir='ltr'><strong>ordinatur</strong></span> 
     </span>
    </p>
   </div>
   <div class='ocr_carea' id='block_1_33' title="bbox 2472 1828 4056 1898">
    <p class='ocr_par' dir='ltr' id='par_1_33' title="bbox 2472 1828 4056 1898">
     <span class='ocr_line' id='line_1_33' title="bbox 2472 1828 4056 1898; baseline -0.001 -16"><span class='ocrx_word' id='word_1_208' title='bbox 2472 1828 2537 1882; x_wconf 89' lang='lat' dir='ltr'><strong>ad</strong></span> <span class='ocrx_word' id='word_1_209' title='bbox 2572 1831 2793 1883; x_wconf 88' lang='lat' dir='ltr'><strong>modum</strong></span> <span class='ocrx_word' id='word_1_210' title='bbox 2823 1830 2963 1898; x_wconf 80' lang='lat' dir='ltr'><strong>jugi,</strong></span> <span class='ocrx_word' id='word_1_211' title='bbox 2992 1828 3180 1897; x_wconf 79' lang='grc' dir='ltr'><strong>ζυγοῦ.</strong></span> <span class='ocrx_word' id='word_1_212' title='bbox 3214 1829 3388 1883; x_wconf 87' lang='lat' dir='ltr'><strong>Porro</strong></span> <span class='ocrx_word' id='word_1_213' title='bbox 3440 1830 3496 1882; x_wconf 92' lang='lat' dir='ltr'><strong>in</strong></span> <span class='ocrx_word' id='word_1_214' title='bbox 3538 1829 3748 1883; x_wconf 86' lang='lat' dir='ltr'><strong>codicis</strong></span> <span class='ocrx_word' id='word_1_215' title='bbox 3796 1840 4056 1898; x_wconf 86' lang='lat' dir='ltr'><strong>apertura</strong></span> 
     </span>
    </p>
   </div>
   <div class='ocr_carea' id='block_1_34' title="bbox 787 1920 4053 1993">
    <p class='ocr_par' dir='ltr' id='par_1_34' title="bbox 787 1920 4053 1993">
     <span class='ocr_line' id='line_1_34' title="bbox 787 1920 4053 1993; baseline -0.001 -16"><span class='ocrx_word' id='word_1_216' title='bbox 787 1924 976 1977; x_wconf 86' lang='lat' dir='ltr'><strong>chium</strong></span> <span class='ocrx_word' id='word_1_217' title='bbox 1014 1942 1025 1975; x_wconf 92' lang='lat'>:</span> <span class='ocrx_word' id='word_1_218' title='bbox 1058 1922 1169 1976; x_wconf 90' lang='lat' dir='ltr'><strong>Cur</strong></span> <span class='ocrx_word' id='word_1_219' title='bbox 1210 1932 1266 1975; x_wconf 87' lang='lat' dir='ltr'><strong>tu</strong></span> <span class='ocrx_word' id='word_1_220' title='bbox 1290 1924 1498 1975; x_wconf 84' lang='lat' dir='ltr'><strong>omissis</strong></span> <span class='ocrx_word' id='word_1_221' title='bbox 1536 1937 1697 1988; x_wconf 86' lang='lat' dir='ltr'><strong>super</strong></span> <span class='ocrx_word' id='word_1_222' title='bbox 1727 1924 1911 1992; x_wconf 79' lang='lat' dir='ltr'><strong>quibus</strong></span> <span class='ocrx_word' id='word_1_223' title='bbox 1952 1940 2129 1993; x_wconf 79' lang='lat' dir='ltr'><strong>pugna</strong></span> <span class='ocrx_word' id='word_1_224' title='bbox 2161 1933 2255 1989; x_wconf 82' lang='lat' dir='ltr'><strong>est,</strong></span> <span class='ocrx_word' id='word_1_225' title='bbox 2306 1926 2369 1978; x_wconf 81' lang='lat' dir='ltr'><strong>de</strong></span> <span class='ocrx_word' id='word_1_226' title='bbox 2400 1931 2441 1984; x_wconf 80' lang='grc' dir='ltr'>Β</span> <span class='ocrx_word' id='word_1_227' title='bbox 2472 1922 2687 1974; x_wconf 88' lang='lat' dir='ltr'><strong>curiosa</strong></span> <span class='ocrx_word' id='word_1_228' title='bbox 2746 1920 3070 1990; x_wconf 85' lang='lat' dir='ltr'><strong>superstitio</strong></span> <span class='ocrx_word' id='word_1_229' title='bbox 3126 1920 3381 1990; x_wconf 83' lang='lat' dir='ltr'><strong>captabat</strong></span> <span class='ocrx_word' id='word_1_230' title='bbox 3429 1936 3591 1976; x_wconf 90' lang='lat' dir='ltr'><strong>omen</strong></span> <span class='ocrx_word' id='word_1_231' title='bbox 3642 1936 3709 1975; x_wconf 86' lang='lat' dir='ltr'><strong>ex</strong></span> <span class='ocrx_word' id='word_1_232' title='bbox 3758 1921 3954 1975; x_wconf 89' lang='lat' dir='ltr'><strong>verbis</strong></span> <span class='ocrx_word' id='word_1_233' title='bbox 4001 1923 4053 1975; x_wconf 93' lang='lat' dir='ltr'><strong>in</strong></span> 
     </span>
    </p>
   </div>
   <div class='ocr_carea' id='block_1_35' title="bbox 784 2014 2369 2085">
    <p class='ocr_par' dir='ltr' id='par_1_35' title="bbox 784 2014 2369 2085">
     <span class='ocr_line' id='line_1_35' title="bbox 784 2014 2369 2085; baseline 0.001 -18"><span class='ocrx_word' id='word_1_234' title='bbox 784 2021 1071 2067; x_wconf 82' lang='lat' dir='ltr'><strong>scammate</strong></span> <span class='ocrx_word' id='word_1_235' title='bbox 1110 2022 1158 2065; x_wconf 85' lang='lat' dir='ltr'><strong>et</strong></span> <span class='ocrx_word' id='word_1_236' title='bbox 1191 2014 1301 2065; x_wconf 88' lang='lat' dir='ltr'><strong>loco</strong></span> <span class='ocrx_word' id='word_1_237' title='bbox 1324 2016 1628 2067; x_wconf 76' lang='lat' dir='ltr'><strong>certaminis</strong></span> <span class='ocrx_word' id='word_1_238' title='bbox 1660 2014 1955 2081; x_wconf 82' lang='lat' dir='ltr'><strong>egrediens.</strong></span> <span class='ocrx_word' id='word_1_239' title='bbox 1994 2016 2049 2066; x_wconf 87' lang='lat' dir='ltr'><strong>in</strong></span> <span class='ocrx_word' id='word_1_240' title='bbox 2078 2016 2369 2085; x_wconf 74' lang='lat' dir='ltr'><strong>peregrinis</strong></span> 
     </span>
    </p>
   </div>
   <div class='ocr_carea' id='block_1_36' title="bbox 786 2105 2373 2175">
    <p class='ocr_par' dir='ltr' id='par_1_36' title="bbox 786 2105 2373 2175">
     <span class='ocr_line' id='line_1_36' title="bbox 786 2105 2373 2175; baseline 0 -16"><span class='ocrx_word' id='word_1_241' title='bbox 786 2115 835 2159; x_wconf 85' lang='lat' dir='ltr'><strong>et</strong></span> <span class='ocrx_word' id='word_1_242' title='bbox 866 2105 1018 2175; x_wconf 81' lang='lat' dir='ltr'><strong>longe</strong></span> <span class='ocrx_word' id='word_1_243' title='bbox 1048 2106 1233 2159; x_wconf 85' lang='lat' dir='ltr'><strong>alienis</strong></span> <span class='ocrx_word' id='word_1_244' title='bbox 1265 2106 1707 2173; x_wconf 77' lang='lat' dir='ltr'><strong>disputationibus</strong></span> <span class='ocrx_word' id='word_1_245' title='bbox 1750 2107 2049 2160; x_wconf 76' lang='lat' dir='ltr'><strong>immoraris</strong></span> <span class='ocrx_word' id='word_1_246' title='bbox 2070 2107 2095 2159; x_wconf 84' lang='lat'><strong><em>?</em></strong></span> <span class='ocrx_word' id='word_1_247' title='bbox 2124 2107 2213 2161; x_wconf 91' lang='lat' dir='ltr'><strong>Sic</strong></span> <span class='ocrx_word' id='word_1_248' title='bbox 2247 2123 2373 2160; x_wconf 89' lang='lat' dir='ltr'><strong>san-</strong></span> 
     </span>
    </p>
   </div>
   <div class='ocr_carea' id='block_1_37' title="bbox 789 2196 2369 2268">
    <p class='ocr_par' dir='ltr' id='par_1_37' title="bbox 789 2196 2369 2268">
     <span class='ocr_line' id='line_1_37' title="bbox 789 2196 2369 2268; baseline 0 -16"><span class='ocrx_word' id='word_1_249' title='bbox 789 2206 912 2252; x_wconf 91' lang='lat' dir='ltr'><strong>ctus</strong></span> <span class='ocrx_word' id='word_1_250' title='bbox 945 2196 1139 2250; x_wconf 86' lang='lat' dir='ltr'><strong>doctor</strong></span> <span class='ocrx_word' id='word_1_251' title='bbox 1174 2215 1186 2261; x_wconf 88' lang='lat'>;</span> <span class='ocrx_word' id='word_1_252' title='bbox 1216 2212 1281 2249; x_wconf 86' lang='lat' dir='ltr'><strong>ex</strong></span> <span class='ocrx_word' id='word_1_253' title='bbox 1314 2211 1423 2265; x_wconf 93' lang='lat' dir='ltr'><strong>quo</strong></span> <span class='ocrx_word' id='word_1_254' title='bbox 1463 2196 1637 2265; x_wconf 83' lang='lat' dir='ltr'><strong>liquet</strong></span> <span class='ocrx_word' id='word_1_255' title='bbox 1660 2197 2017 2251; x_wconf 86' lang='lat' dir='ltr'><strong>usitatissimo</strong></span> <span class='ocrx_word' id='word_1_256' title='bbox 2064 2197 2369 2268; x_wconf 78' lang='lat' dir='ltr'><strong>significatu</strong></span> 
     </span>
    </p>
   </div>
   <div class='ocr_carea' id='block_1_38' title="bbox 790 2286 2374 2360">
    <p class='ocr_par' dir='ltr' id='par_1_38' title="bbox 790 2286 2374 2360">
     <span class='ocr_line' id='line_1_38' title="bbox 790 2286 2374 2360; baseline 0.003 -20"><span class='ocrx_word' id='word_1_257' title='bbox 790 2289 1020 2356; x_wconf 74' lang='grc' dir='ltr'><strong>σκάμμα</strong></span> <span class='ocrx_word' id='word_1_258' title='bbox 1069 2287 1302 2357; x_wconf 68' lang='lat' dir='ltr'><strong>[P.HD]</strong></span> <span class='ocrx_word' id='word_1_259' title='bbox 1349 2286 1457 2342; x_wconf 89' lang='lat' dir='ltr'><strong>dici</strong></span> <span class='ocrx_word' id='word_1_260' title='bbox 1503 2298 1720 2355; x_wconf 87' lang='lat' dir='ltr'><strong>septum</strong></span> <span class='ocrx_word' id='word_1_261' title='bbox 1780 2291 1926 2343; x_wconf 90' lang='lat' dir='ltr'><strong>intra</strong></span> <span class='ocrx_word' id='word_1_262' title='bbox 1959 2291 2107 2360; x_wconf 90' lang='lat' dir='ltr'><strong>quod</strong></span> <span class='ocrx_word' id='word_1_263' title='bbox 2160 2301 2374 2346; x_wconf 89' lang='lat' dir='ltr'><strong>certant</strong></span> 
     </span>
    </p>
   </div>
   <div class='ocr_carea' id='block_1_39' title="bbox 789 2379 2373 2448">
    <p class='ocr_par' dir='ltr' id='par_1_39' title="bbox 789 2379 2373 2448">
     <span class='ocr_line' id='line_1_39' title="bbox 789 2379 2373 2448; baseline 0.003 -16"><span class='ocrx_word' id='word_1_264' title='bbox 789 2380 1029 2444; x_wconf 73' lang='lat' dir='ltr'><strong>athletae,</strong></span> <span class='ocrx_word' id='word_1_265' title='bbox 1068 2379 1212 2447; x_wconf 87' lang='lat' dir='ltr'><strong>quod</strong></span> <span class='ocrx_word' id='word_1_266' title='bbox 1241 2379 1381 2433; x_wconf 87' lang='lat' dir='ltr'><strong>Galli</strong></span> <span class='ocrx_word' id='word_1_267' title='bbox 1414 2380 1744 2448; x_wconf 77' lang='lat' dir='ltr'><strong>champ-clos</strong></span> <span class='ocrx_word' id='word_1_268' title='bbox 1776 2390 1991 2436; x_wconf 88' lang='lat' dir='ltr'><strong>vocant.</strong></span> <span class='ocrx_word' id='word_1_269' title='bbox 2032 2380 2172 2437; x_wconf 86' lang='lat' dir='ltr'><strong>Hinc</strong></span> <span class='ocrx_word' id='word_1_270' title='bbox 2201 2383 2373 2438; x_wconf 90' lang='lat' dir='ltr'><strong>altera</strong></span> 
     </span>
    </p>
   </div>
   <div class='ocr_carea' id='block_1_40' title="bbox 789 2472 2374 2543">
    <p class='ocr_par' dir='ltr' id='par_1_40' title="bbox 789 2472 2374 2543">
     <span class='ocr_line' id='line_1_40' title="bbox 789 2472 2374 2543; baseline 0.001 -17"><span class='ocrx_word' id='word_1_271' title='bbox 789 2472 1012 2526; x_wconf 86' lang='lat' dir='ltr'><strong>ducitur</strong></span> <span class='ocrx_word' id='word_1_272' title='bbox 1042 2487 1207 2525; x_wconf 75' lang='lat' dir='ltr'><strong>causa</strong></span> <span class='ocrx_word' id='word_1_273' title='bbox 1231 2487 1330 2525; x_wconf 88' lang='lat' dir='ltr'><strong>cur</strong></span> <span class='ocrx_word' id='word_1_274' title='bbox 1354 2486 1384 2524; x_wconf 91' lang='lat' dir='ltr'><strong>a</strong></span> <span class='ocrx_word' id='word_1_275' title='bbox 1418 2472 1750 2541; x_wconf 78' lang='lat' dir='ltr'><strong>Pachymere</strong></span> <span class='ocrx_word' id='word_1_276' title='bbox 1797 2472 2183 2543; x_wconf 86' lang='lat' dir='ltr'><strong>Moschampar</strong></span> <span class='ocrx_word' id='word_1_277' title='bbox 2211 2475 2374 2527; x_wconf 83' lang='lat' dir='ltr'><strong>char-</strong></span> 
     </span>
    </p>
   </div>
   <div class='ocr_carea' id='block_1_41' title="bbox 791 2564 2376 2635">
    <p class='ocr_par' dir='ltr' id='par_1_41' title="bbox 791 2564 2376 2635">
     <span class='ocr_line' id='line_1_41' title="bbox 791 2564 2376 2635; baseline 0.001 -16"><span class='ocrx_word' id='word_1_278' title='bbox 791 2565 1054 2635; x_wconf 79' lang='lat' dir='ltr'><strong>tophylax</strong></span> <span class='ocrx_word' id='word_1_279' title='bbox 1088 2564 1195 2617; x_wconf 91' lang='lat' dir='ltr'><strong>dici</strong></span> <span class='ocrx_word' id='word_1_280' title='bbox 1255 2564 1781 2632; x_wconf 80' lang='grc' dir='ltr'><strong>ὲσκαμματισμένος</strong></span> <span class='ocrx_word' id='word_1_281' title='bbox 1830 2566 2094 2635; x_wconf 88' lang='lat' dir='ltr'><strong>potuerit.</strong></span> <span class='ocrx_word' id='word_1_282' title='bbox 2131 2565 2376 2620; x_wconf 88' lang='lat' dir='ltr'><strong>Commi-</strong></span> 
     </span>
    </p>
   </div>
   <div class='ocr_carea' id='block_1_42' title="bbox 793 2654 2377 2710">
    <p class='ocr_par' dir='ltr' id='par_1_42' title="bbox 793 2654 2377 2710">
     <span class='ocr_line' id='line_1_42' title="bbox 793 2654 2377 2710; baseline 0.001 -1"><span class='ocrx_word' id='word_1_283' title='bbox 793 2664 941 2710; x_wconf 88' lang='lat' dir='ltr'><strong>serat</strong></span> <span class='ocrx_word' id='word_1_284' title='bbox 970 2655 1117 2709; x_wconf 88' lang='lat' dir='ltr'><strong>enim</strong></span> <span class='ocrx_word' id='word_1_285' title='bbox 1168 2654 1215 2707; x_wconf 84' lang='lat' dir='ltr'><strong>is</strong></span> <span class='ocrx_word' id='word_1_286' title='bbox 1242 2669 1361 2707; x_wconf 90' lang='lat' dir='ltr'><strong>sese</strong></span> <span class='ocrx_word' id='word_1_287' title='bbox 1399 2669 1523 2709; x_wconf 89' lang='lat' dir='ltr'><strong>cum</strong></span> <span class='ocrx_word' id='word_1_288' title='bbox 1566 2655 1744 2708; x_wconf 86' lang='lat' dir='ltr'><strong>Vecco</strong></span> <span class='ocrx_word' id='word_1_289' title='bbox 1781 2655 1835 2707; x_wconf 90' lang='lat' dir='ltr'><strong>in</strong></span> <span class='ocrx_word' id='word_1_290' title='bbox 1875 2655 2081 2709; x_wconf 88' lang='lat' dir='ltr'><strong>celebri</strong></span> <span class='ocrx_word' id='word_1_291' title='bbox 2133 2656 2230 2710; x_wconf 90' lang='lat' dir='ltr'><strong>illo</strong></span> <span class='ocrx_word' id='word_1_292' title='bbox 2264 2656 2377 2710; x_wconf 88' lang='lat' dir='ltr'><strong>col-</strong></span> 
     </span>
    </p>
   </div>
   <div class='ocr_carea' id='block_1_43' title="bbox 794 2746 2373 2817">
    <p class='ocr_par' dir='ltr' id='par_1_43' title="bbox 794 2746 2373 2817">
     <span class='ocr_line' id='line_1_43' title="bbox 794 2746 2373 2817; baseline 0 -15"><span class='ocrx_word' id='word_1_293' title='bbox 794 2747 1008 2816; x_wconf 88' lang='lat' dir='ltr'><strong>loquio,</strong></span> <span class='ocrx_word' id='word_1_294' title='bbox 1060 2748 1099 2800; x_wconf 91' lang='lat' dir='ltr'><strong>l.</strong></span> <span class='ocrx_word' id='word_1_295' title='bbox 1135 2763 1173 2809; x_wconf 90' lang='grc' dir='ltr'><strong>ι,</strong></span> <span class='ocrx_word' id='word_1_296' title='bbox 1207 2761 1258 2803; x_wconf 91' lang='lat' dir='ltr'><strong>c.</strong></span> <span class='ocrx_word' id='word_1_297' title='bbox 1296 2747 1365 2799; x_wconf 71' lang='lat'><strong>35</strong></span> <span class='ocrx_word' id='word_1_298' title='bbox 1394 2756 1641 2811; x_wconf 89' lang='lat' dir='ltr'><strong>narrato,</strong></span> <span class='ocrx_word' id='word_1_299' title='bbox 1675 2756 1870 2800; x_wconf 91' lang='lat' dir='ltr'><strong>contra</strong></span> <span class='ocrx_word' id='word_1_300' title='bbox 1902 2762 2029 2800; x_wconf 92' lang='lat' dir='ltr'><strong>eum</strong></span> <span class='ocrx_word' id='word_1_301' title='bbox 2062 2746 2373 2817; x_wconf 88' lang='lat' dir='ltr'><strong>disputans,</strong></span> 
     </span>
    </p>
   </div>
   <div class='ocr_carea' id='block_1_44' title="bbox 794 2839 2376 2907">
    <p class='ocr_par' dir='ltr' id='par_1_44' title="bbox 794 2839 2376 2907">
     <span class='ocr_line' id='line_1_44' title="bbox 794 2839 2376 2907; baseline 0 -12"><span class='ocrx_word' id='word_1_302' title='bbox 794 2840 896 2895; x_wconf 85' lang='lat' dir='ltr'><strong>sed</strong></span> <span class='ocrx_word' id='word_1_303' title='bbox 930 2839 1136 2893; x_wconf 84' lang='lat' dir='ltr'><strong>infelici</strong></span> <span class='ocrx_word' id='word_1_304' title='bbox 1183 2854 1443 2894; x_wconf 89' lang='lat' dir='ltr'><strong>successu</strong></span> <span class='ocrx_word' id='word_1_305' title='bbox 1479 2860 1491 2893; x_wconf 89' lang='lat'>:</span> <span class='ocrx_word' id='word_1_306' title='bbox 1533 2855 1656 2892; x_wconf 90' lang='lat' dir='ltr'><strong>nam</strong></span> <span class='ocrx_word' id='word_1_307' title='bbox 1710 2855 1831 2907; x_wconf 75' lang='lat' dir='ltr'><strong>qua:</strong></span> <span class='ocrx_word' id='word_1_308' title='bbox 1858 2840 1992 2893; x_wconf 81' lang='lat' dir='ltr'><strong>dixit</strong></span> <span class='ocrx_word' id='word_1_309' title='bbox 2023 2839 2160 2894; x_wconf 83' lang='lat' dir='ltr'><strong>adeo</strong></span> <span class='ocrx_word' id='word_1_310' title='bbox 2194 2841 2376 2895; x_wconf 84' lang='lat' dir='ltr'><strong>valide</strong></span> 
     </span>
    </p>
   </div>
   <div class='ocr_carea' id='block_1_45' title="bbox 792 2931 2373 3001">
    <p class='ocr_par' dir='ltr' id='par_1_45' title="bbox 792 2931 2373 3001">
     <span class='ocr_line' id='line_1_45' title="bbox 792 2931 2373 3001; baseline 0.001 -15"><span class='ocrx_word' id='word_1_311' title='bbox 792 2941 924 2987; x_wconf 89' lang='lat' dir='ltr'><strong>sunt</strong></span> <span class='ocrx_word' id='word_1_312' title='bbox 970 2948 1000 2986; x_wconf 93' lang='lat' dir='ltr'><strong>a</strong></span> <span class='ocrx_word' id='word_1_313' title='bbox 1037 2932 1217 2986; x_wconf 81' lang='lat' dir='ltr'><strong>Vecco</strong></span> <span class='ocrx_word' id='word_1_314' title='bbox 1266 2940 1471 2996; x_wconf 84' lang='lat' dir='ltr'><strong>retusa,</strong></span> <span class='ocrx_word' id='word_1_315' title='bbox 1501 2938 1563 2984; x_wconf 93' lang='lat' dir='ltr'><strong>ut</strong></span> <span class='ocrx_word' id='word_1_316' title='bbox 1616 2931 1684 2985; x_wconf 88' lang='lat' dir='ltr'><strong>ab</strong></span> <span class='ocrx_word' id='word_1_317' title='bbox 1737 2931 1856 3001; x_wconf 87' lang='lat' dir='ltr'><strong>ipso</strong></span> <span class='ocrx_word' id='word_1_318' title='bbox 1907 2932 2247 3001; x_wconf 86' lang='lat' dir='ltr'><strong>patriarcha,</strong></span> <span class='ocrx_word' id='word_1_319' title='bbox 2282 2933 2373 2987; x_wconf 92' lang='lat' dir='ltr'><strong>cui</strong></span> 
     </span>
    </p>
   </div>
   <div class='ocr_carea' id='block_1_46' title="bbox 793 3022 2374 3093">
    <p class='ocr_par' dir='ltr' id='par_1_46' title="bbox 793 3022 2374 3093">
     <span class='ocr_line' id='line_1_46' title="bbox 793 3022 2374 3093; baseline 0.001 -16"><span class='ocrx_word' id='word_1_320' title='bbox 793 3032 929 3078; x_wconf 87' lang='lat' dir='ltr'><strong>tunc</strong></span> <span class='ocrx_word' id='word_1_321' title='bbox 962 3024 1349 3093; x_wconf 80' lang='lat' dir='ltr'><strong>Moschampar</strong></span> <span class='ocrx_word' id='word_1_322' title='bbox 1392 3022 1684 3089; x_wconf 87' lang='lat' dir='ltr'><strong>militabat,</strong></span> <span class='ocrx_word' id='word_1_323' title='bbox 1715 3023 2004 3091; x_wconf 87' lang='lat' dir='ltr'><strong>reprobata</strong></span> <span class='ocrx_word' id='word_1_324' title='bbox 2036 3023 2167 3077; x_wconf 88' lang='lat' dir='ltr'><strong>sint.</strong></span> <span class='ocrx_word' id='word_1_325' title='bbox 2192 3022 2374 3090; x_wconf 82' lang='lat' dir='ltr'><strong>Quare</strong></span> 
     </span>
    </p>
   </div>
   <div class='ocr_carea' id='block_1_47' title="bbox 792 3115 2375 3186">
    <p class='ocr_par' dir='ltr' id='par_1_47' title="bbox 792 3115 2375 3186">
     <span class='ocr_line' id='line_1_47' title="bbox 792 3115 2375 3186; baseline 0.001 -17"><span class='ocrx_word' id='word_1_326' title='bbox 792 3115 941 3186; x_wconf 89' lang='lat' dir='ltr'><strong>quod</strong></span> <span class='ocrx_word' id='word_1_327' title='bbox 976 3116 1142 3170; x_wconf 89' lang='lat' dir='ltr'><strong>victis</strong></span> <span class='ocrx_word' id='word_1_328' title='bbox 1168 3115 1390 3169; x_wconf 85' lang='lat' dir='ltr'><strong>athletis</strong></span> <span class='ocrx_word' id='word_1_329' title='bbox 1424 3125 1481 3169; x_wconf 91' lang='lat' dir='ltr'><strong>et</strong></span> <span class='ocrx_word' id='word_1_330' title='bbox 1510 3123 1668 3185; x_wconf 89' lang='lat' dir='ltr'><strong>septo</strong></span> <span class='ocrx_word' id='word_1_331' title='bbox 1694 3115 1868 3184; x_wconf 83' lang='lat' dir='ltr'><strong>pulsis</strong></span> <span class='ocrx_word' id='word_1_332' title='bbox 1896 3116 2192 3170; x_wconf 91' lang='lat' dir='ltr'><strong>convenire</strong></span> <span class='ocrx_word' id='word_1_333' title='bbox 2218 3115 2375 3171; x_wconf 82' lang='lat' dir='ltr'><strong>vide-</strong></span> 
     </span>
    </p>
   </div>
   <div class='ocr_carea' id='block_1_48' title="bbox 792 3206 2374 3277">
    <p class='ocr_par' dir='ltr' id='par_1_48' title="bbox 792 3206 2374 3277">
     <span class='ocr_line' id='line_1_48' title="bbox 792 3206 2374 3277; baseline -0.002 -14"><span class='ocrx_word' id='word_1_334' title='bbox 792 3208 959 3264; x_wconf 84' lang='lat' dir='ltr'><strong>batur</strong></span> <span class='ocrx_word' id='word_1_335' title='bbox 991 3206 1517 3277; x_wconf 79' lang='grc' dir='ltr'><strong>ὲσκαμματισμένου</strong></span> <span class='ocrx_word' id='word_1_336' title='bbox 1558 3208 1675 3261; x_wconf 81' lang='lat' dir='ltr'><strong>sive</strong></span> <span class='ocrx_word' id='word_1_337' title='bbox 1724 3206 2056 3271; x_wconf 78' lang='grc' dir='ltr'><strong>ὲξωσθέντος</strong></span> <span class='ocrx_word' id='word_1_338' title='bbox 2090 3208 2154 3259; x_wconf 75' lang='grc' dir='ltr'><strong>ὲκ</strong></span> <span class='ocrx_word' id='word_1_339' title='bbox 2192 3207 2374 3277; x_wconf 81' lang='grc' dir='ltr'><strong>σκάμ-</strong></span> 
     </span>
    </p>
   </div>
   <div class='ocr_carea' id='block_1_49' title="bbox 2472 2014 4058 2083">
    <p class='ocr_par' dir='ltr' id='par_1_49' title="bbox 2472 2014 4058 2083">
     <span class='ocr_line' id='line_1_49' title="bbox 2472 2014 4058 2083; baseline 0.001 -15"><span class='ocrx_word' id='word_1_340' title='bbox 2472 2016 2663 2068; x_wconf 84' lang='lat' dir='ltr'><strong>oculos</strong></span> <span class='ocrx_word' id='word_1_341' title='bbox 2696 2014 2997 2069; x_wconf 89' lang='lat' dir='ltr'><strong>astantium</strong></span> <span class='ocrx_word' id='word_1_342' title='bbox 3036 2015 3459 2069; x_wconf 85' lang='lat' dir='ltr'><strong>incurrentibus</strong></span> <span class='ocrx_word' id='word_1_343' title='bbox 3487 2015 3604 2068; x_wconf 87' lang='lat' dir='ltr'><strong>visu</strong></span> <span class='ocrx_word' id='word_1_344' title='bbox 3633 2017 3812 2083; x_wconf 92' lang='lat' dir='ltr'><strong>primo</strong></span> <span class='ocrx_word' id='word_1_345' title='bbox 3842 2014 4058 2069; x_wconf 88' lang='lat' dir='ltr'><strong>diducti</strong></span> 
     </span>
    </p>
   </div>
   <div class='ocr_carea' id='block_1_50' title="bbox 2472 2106 4057 2177">
    <p class='ocr_par' dir='ltr' id='par_1_50' title="bbox 2472 2106 4057 2177">
     <span class='ocr_line' id='line_1_50' title="bbox 2472 2106 4057 2177; baseline 0.001 -19"><span class='ocrx_word' id='word_1_346' title='bbox 2472 2107 2820 2171; x_wconf 84' lang='lat' dir='ltr'><strong>voluminis;</strong></span> <span class='ocrx_word' id='word_1_347' title='bbox 2883 2108 3041 2176; x_wconf 85' lang='lat' dir='ltr'><strong>cujus</strong></span> <span class='ocrx_word' id='word_1_348' title='bbox 3103 2106 3362 2161; x_wconf 85' lang='lat' dir='ltr'><strong>vanitatis</strong></span> <span class='ocrx_word' id='word_1_349' title='bbox 3421 2108 3735 2177; x_wconf 72' lang='lat' dir='ltr'><strong>escmplutn</strong></span> <span class='ocrx_word' id='word_1_350' title='bbox 3796 2108 3887 2160; x_wconf 86' lang='lat' dir='ltr'><strong>hic</strong></span> <span class='ocrx_word' id='word_1_351' title='bbox 3957 2107 4057 2160; x_wconf 85' lang='lat' dir='ltr'><strong>Pa-</strong></span> 
     </span>
    </p>
   </div>
   <div class='ocr_carea' id='block_1_51' title="bbox 2472 2198 4056 2268">
    <p class='ocr_par' dir='ltr' id='par_1_51' title="bbox 2472 2198 4056 2268">
     <span class='ocr_line' id='line_1_51' title="bbox 2472 2198 4056 2268; baseline -0.001 -15"><span class='ocrx_word' id='word_1_352' title='bbox 2472 2199 2762 2268; x_wconf 79' lang='lat' dir='ltr'><strong>chymeres</strong></span> <span class='ocrx_word' id='word_1_353' title='bbox 2796 2200 3014 2260; x_wconf 88' lang='lat' dir='ltr'><strong>recitat,</strong></span> <span class='ocrx_word' id='word_1_354' title='bbox 3061 2209 3224 2267; x_wconf 89' lang='lat' dir='ltr'><strong>prout</strong></span> <span class='ocrx_word' id='word_1_355' title='bbox 3280 2198 3333 2250; x_wconf 91' lang='lat' dir='ltr'><strong>in</strong></span> <span class='ocrx_word' id='word_1_356' title='bbox 3385 2198 3737 2253; x_wconf 88' lang='lat' dir='ltr'><strong>ordinatione</strong></span> <span class='ocrx_word' id='word_1_357' title='bbox 3768 2199 3985 2253; x_wconf 69' lang='lat' dir='ltr'><strong>Athana</strong></span> <span class='ocrx_word' id='word_1_358' title='bbox 4047 2199 4056 2227; x_wconf 72' lang='grc'><strong>⁷</strong></span> 
     </span>
    </p>
   </div>
   <div class='ocr_carea' id='block_1_52' title="bbox 2474 2290 2731 2360">
    <p class='ocr_par' dir='ltr' id='par_1_52' title="bbox 2474 2290 2731 2360">
     <span class='ocr_line' id='line_1_52' title="bbox 2474 2290 2731 2360; baseline -0.004 -16"><span class='ocrx_word' id='word_1_359' title='bbox 2474 2290 2731 2360; x_wconf 77' lang='lat' dir='ltr'><strong>contigit.</strong></span> 
     </span>
    </p>
   </div>
   <div class='ocr_carea' id='block_1_53' title="bbox 2547 2378 4059 2449">
    <p class='ocr_par' dir='ltr' id='par_1_53' title="bbox 2547 2378 4059 2449">
     <span class='ocr_line' id='line_1_53' title="bbox 2547 2378 4059 2449; baseline 0.003 -17"><span class='ocrx_word' id='word_1_360' title='bbox 2547 2379 2837 2448; x_wconf 73' lang='grc' dir='ltr'><strong>Θεμέλιον</strong></span> <span class='ocrx_word' id='word_1_361' title='bbox 2868 2421 2883 2445; x_wconf 96' lang='grc'><strong>,</strong></span> <span class='ocrx_word' id='word_1_362' title='bbox 2943 2396 2995 2449; x_wconf 90' lang='lat' dir='ltr'><strong>p.</strong></span> <span class='ocrx_word' id='word_1_363' title='bbox 3057 2378 3184 2435; x_wconf 72' lang='lat'><strong>506.</strong></span> <span class='ocrx_word' id='word_1_364' title='bbox 3237 2379 3380 2446; x_wconf 86' lang='lat' dir='ltr'><strong>Quid</strong></span> <span class='ocrx_word' id='word_1_365' title='bbox 3419 2390 3579 2435; x_wconf 91' lang='lat' dir='ltr'><strong>vocet</strong></span> <span class='ocrx_word' id='word_1_366' title='bbox 3644 2382 3751 2437; x_wconf 88' lang='lat' dir='ltr'><strong>hoc</strong></span> <span class='ocrx_word' id='word_1_367' title='bbox 3795 2383 3920 2437; x_wconf 90' lang='lat' dir='ltr'><strong>loco</strong></span> <span class='ocrx_word' id='word_1_368' title='bbox 3956 2382 4059 2438; x_wconf 84' lang='lat' dir='ltr'><strong>Pa-</strong></span> 
     </span>
    </p>
   </div>
   <div class='ocr_carea' id='block_1_54' title="bbox 2460 2472 4057 2546">
    <p class='ocr_par' dir='ltr' id='par_1_54' title="bbox 2460 2472 4057 2546">
     <span class='ocr_line' id='line_1_54' title="bbox 2460 2472 4057 2546; baseline 0.001 -19"><span class='ocrx_word' id='word_1_369' title='bbox 2460 2473 2765 2544; x_wconf 79' lang='lat' dir='ltr'><strong>chymeres</strong></span> <span class='ocrx_word' id='word_1_370' title='bbox 2834 2472 3090 2538; x_wconf 78' lang='grc' dir='ltr'><strong>Θεμέλιον</strong></span> <span class='ocrx_word' id='word_1_371' title='bbox 3145 2473 3397 2543; x_wconf 85' lang='grc' dir='ltr'><strong>πρῶτον,</strong></span> <span class='ocrx_word' id='word_1_372' title='bbox 3475 2476 3707 2545; x_wconf 80' lang='lat' dir='ltr'><strong>exponit</strong></span> <span class='ocrx_word' id='word_1_373' title='bbox 3770 2492 3901 2531; x_wconf 85' lang='lat' dir='ltr'><strong>mox</strong></span> <span class='ocrx_word' id='word_1_374' title='bbox 3960 2492 4057 2546; x_wconf 81' lang='lat' dir='ltr'><strong>per</strong></span> 
     </span>
    </p>
   </div>
   <div class='ocr_carea' id='block_1_55' title="bbox 2475 2564 4059 2639">
    <p class='ocr_par' dir='ltr' id='par_1_55' title="bbox 2475 2564 4059 2639">
     <span class='ocr_line' id='line_1_55' title="bbox 2475 2564 4059 2639; baseline 0.003 -20"><span class='ocrx_word' id='word_1_375' title='bbox 2475 2566 2566 2620; x_wconf 90' lang='lat' dir='ltr'><strong>illa</strong></span> <span class='ocrx_word' id='word_1_376' title='bbox 2620 2564 2787 2619; x_wconf 88' lang='lat' dir='ltr'><strong>verba</strong></span> <span class='ocrx_word' id='word_1_377' title='bbox 2835 2565 3026 2635; x_wconf 85' lang='grc' dir='ltr'>πρώτη</span> <span class='ocrx_word' id='word_1_378' title='bbox 3062 2565 3241 2634; x_wconf 83' lang='grc' dir='ltr'><strong>βάσις.</strong></span> <span class='ocrx_word' id='word_1_379' title='bbox 3284 2567 3379 2621; x_wconf 85' lang='lat' dir='ltr'><strong>Est</strong></span> <span class='ocrx_word' id='word_1_380' title='bbox 3426 2583 3559 2636; x_wconf 72' lang='lat' dir='ltr'><strong>ergo</strong></span> <span class='ocrx_word' id='word_1_381' title='bbox 3612 2584 3677 2623; x_wconf 89' lang='lat' dir='ltr'><strong>ex</strong></span> <span class='ocrx_word' id='word_1_382' title='bbox 3716 2569 3837 2639; x_wconf 87' lang='lat' dir='ltr'><strong>ejus</strong></span> <span class='ocrx_word' id='word_1_383' title='bbox 3874 2582 4059 2624; x_wconf 90' lang='lat' dir='ltr'><strong>mente</strong></span> 
     </span>
    </p>
   </div>
   <div class='ocr_carea' id='block_1_56' title="bbox 2476 2657 4056 2730">
    <p class='ocr_par' dir='ltr' id='par_1_56' title="bbox 2476 2657 4056 2730">
     <span class='ocr_line' id='line_1_56' title="bbox 2476 2657 4056 2730; baseline 0.002 -20"><span class='ocrx_word' id='word_1_384' title='bbox 2476 2657 2726 2726; x_wconf 75' lang='grc' dir='ltr'><strong>θεμέλιον</strong></span> <span class='ocrx_word' id='word_1_385' title='bbox 2746 2657 2983 2726; x_wconf 78' lang='grc' dir='ltr'><strong>σελήνης</strong></span> <span class='ocrx_word' id='word_1_386' title='bbox 3011 2660 3254 2727; x_wconf 75' lang='grc' dir='ltr'><strong>πρῶτον,</strong></span> <span class='ocrx_word' id='word_1_387' title='bbox 3291 2659 3502 2727; x_wconf 89' lang='lat' dir='ltr'><strong>primus</strong></span> <span class='ocrx_word' id='word_1_388' title='bbox 3527 2675 3557 2712; x_wconf 87' lang='lat' dir='ltr'><strong>a</strong></span> <span class='ocrx_word' id='word_1_389' title='bbox 3589 2660 3799 2730; x_wconf 78' lang='lat' dir='ltr'><strong>synodo</strong></span> <span class='ocrx_word' id='word_1_390' title='bbox 3832 2662 4056 2715; x_wconf 80' lang='lat' dir='ltr'><strong>novilu-</strong></span> 
     </span>
    </p>
   </div>
   <div class='ocr_carea' id='block_1_57' title="bbox 2475 2750 4063 2821">
    <p class='ocr_par' dir='ltr' id='par_1_57' title="bbox 2475 2750 4063 2821">
     <span class='ocr_line' id='line_1_57' title="bbox 2475 2750 4063 2821; baseline 0.002 -17"><span class='ocrx_word' id='word_1_391' title='bbox 2475 2751 2555 2805; x_wconf 88' lang='lat' dir='ltr'><strong>nii</strong></span> <span class='ocrx_word' id='word_1_392' title='bbox 2584 2763 2901 2821; x_wconf 87' lang='lat' dir='ltr'><strong>processus,</strong></span> <span class='ocrx_word' id='word_1_393' title='bbox 2949 2750 3055 2804; x_wconf 88' lang='lat' dir='ltr'><strong>hoc</strong></span> <span class='ocrx_word' id='word_1_394' title='bbox 3087 2758 3173 2805; x_wconf 89' lang='lat' dir='ltr'><strong>est</strong></span> <span class='ocrx_word' id='word_1_395' title='bbox 3212 2750 3481 2820; x_wconf 78' lang='grc' dir='ltr'><strong>νουμηνία</strong></span> <span class='ocrx_word' id='word_1_396' title='bbox 3528 2761 3583 2805; x_wconf 89' lang='lat' dir='ltr'><strong>et</strong></span> <span class='ocrx_word' id='word_1_397' title='bbox 3622 2767 3814 2806; x_wconf 89' lang='lat' dir='ltr'><strong>verum</strong></span> <span class='ocrx_word' id='word_1_398' title='bbox 3852 2756 4063 2808; x_wconf 88' lang='lat' dir='ltr'><strong>mensis</strong></span> 
     </span>
    </p>
   </div>
   <div class='ocr_carea' id='block_1_58' title="bbox 2475 2840 4063 2899">
    <p class='ocr_par' dir='ltr' id='par_1_58' title="bbox 2475 2840 4063 2899">
     <span class='ocr_line' id='line_1_58' title="bbox 2475 2840 4063 2899; baseline 0.003 -4"><span class='ocrx_word' id='word_1_399' title='bbox 2475 2841 2686 2895; x_wconf 89' lang='lat' dir='ltr'><strong>lunaris</strong></span> <span class='ocrx_word' id='word_1_400' title='bbox 2716 2840 2957 2895; x_wconf 89' lang='lat' dir='ltr'><strong>initium.</strong></span> <span class='ocrx_word' id='word_1_401' title='bbox 2984 2840 3199 2895; x_wconf 88' lang='lat' dir='ltr'><strong>Idcirco</strong></span> <span class='ocrx_word' id='word_1_402' title='bbox 3224 2851 3407 2896; x_wconf 89' lang='lat' dir='ltr'><strong>autem</strong></span> <span class='ocrx_word' id='word_1_403' title='bbox 3440 2857 3551 2897; x_wconf 90' lang='lat' dir='ltr'><strong>non</strong></span> <span class='ocrx_word' id='word_1_404' title='bbox 3576 2843 3754 2898; x_wconf 88' lang='lat' dir='ltr'><strong>otiose</strong></span> <span class='ocrx_word' id='word_1_405' title='bbox 3802 2842 3856 2898; x_wconf 88' lang='lat' dir='ltr'><strong>id</strong></span> <span class='ocrx_word' id='word_1_406' title='bbox 3898 2854 4063 2899; x_wconf 89' lang='lat' dir='ltr'><strong>nota-</strong></span> 
     </span>
    </p>
   </div>
   <div class='ocr_carea' id='block_1_59' title="bbox 2480 2932 4063 3005">
    <p class='ocr_par' dir='ltr' id='par_1_59' title="bbox 2480 2932 4063 3005">
     <span class='ocr_line' id='line_1_59' title="bbox 2480 2932 4063 3005; baseline 0.003 -17"><span class='ocrx_word' id='word_1_407' title='bbox 2480 2942 2589 2998; x_wconf 88' lang='lat' dir='ltr'><strong>tur,</strong></span> <span class='ocrx_word' id='word_1_408' title='bbox 2624 2932 2771 3004; x_wconf 92' lang='lat' dir='ltr'><strong>quod</strong></span> <span class='ocrx_word' id='word_1_409' title='bbox 2806 2934 3129 3003; x_wconf 91' lang='lat' dir='ltr'><strong>plerumque</strong></span> <span class='ocrx_word' id='word_1_410' title='bbox 3151 2934 3205 2987; x_wconf 86' lang='lat' dir='ltr'><strong>in</strong></span> <span class='ocrx_word' id='word_1_411' title='bbox 3231 2935 3533 2999; x_wconf 87' lang='lat' dir='ltr'><strong>mensibus,</strong></span> <span class='ocrx_word' id='word_1_412' title='bbox 3566 2937 3758 3005; x_wconf 89' lang='lat' dir='ltr'><strong>quales</strong></span> <span class='ocrx_word' id='word_1_413' title='bbox 3789 2946 3921 2991; x_wconf 85' lang='lat' dir='ltr'><strong>sunt</strong></span> <span class='ocrx_word' id='word_1_414' title='bbox 3950 2939 4063 2995; x_wconf 81' lang='lat' dir='ltr'><strong>Ro-</strong></span> 
     </span>
    </p>
   </div>
   <div class='ocr_carea' id='block_1_60' title="bbox 2476 3024 4065 3095">
    <p class='ocr_par' dir='ltr' id='par_1_60' title="bbox 2476 3024 4065 3095">
     <span class='ocr_line' id='line_1_60' title="bbox 2476 3024 4065 3095; baseline 0.004 -16"><span class='ocrx_word' id='word_1_415' title='bbox 2476 3025 2647 3089; x_wconf 89' lang='lat' dir='ltr'><strong>mani,</strong></span> <span class='ocrx_word' id='word_1_416' title='bbox 2694 3024 2967 3080; x_wconf 88' lang='lat' dir='ltr'><strong>solaribus</strong></span> <span class='ocrx_word' id='word_1_417' title='bbox 3009 3025 3290 3095; x_wconf 78' lang='lat' dir='ltr'><strong>contingat</strong></span> <span class='ocrx_word' id='word_1_418' title='bbox 3323 3026 3688 3095; x_wconf 89' lang='lat' dir='ltr'><strong>plenilunium</strong></span> <span class='ocrx_word' id='word_1_419' title='bbox 3739 3038 3796 3082; x_wconf 89' lang='lat' dir='ltr'><strong>et</strong></span> <span class='ocrx_word' id='word_1_420' title='bbox 3835 3045 4065 3086; x_wconf 86' lang='lat' dir='ltr'><strong>neome-</strong></span> 
     </span>
    </p>
   </div>
   <div class='ocr_carea' id='block_1_61' title="bbox 2478 3116 4065 3187">
    <p class='ocr_par' dir='ltr' id='par_1_61' title="bbox 2478 3116 4065 3187">
     <span class='ocr_line' id='line_1_61' title="bbox 2478 3116 4065 3187; baseline 0.004 -18"><span class='ocrx_word' id='word_1_421' title='bbox 2478 3117 2628 3170; x_wconf 89' lang='lat' dir='ltr'><strong>niam</strong></span> <span class='ocrx_word' id='word_1_422' title='bbox 2683 3116 2751 3171; x_wconf 85' lang='lat' dir='ltr'><strong>ad</strong></span> <span class='ocrx_word' id='word_1_423' title='bbox 2797 3131 3018 3172; x_wconf 89' lang='lat' dir='ltr'><strong>menses</strong></span> <span class='ocrx_word' id='word_1_424' title='bbox 3059 3116 3310 3172; x_wconf 82' lang='lat' dir='ltr'><strong>diversos</strong></span> <span class='ocrx_word' id='word_1_425' title='bbox 3340 3121 3647 3187; x_wconf 87' lang='lat' dir='ltr'><strong>pertinere.</strong></span> <span class='ocrx_word' id='word_1_426' title='bbox 3687 3118 4065 3176; x_wconf 87' lang='lat' dir='ltr'><strong>Ostendemus</strong></span> 
     </span>
    </p>
   </div>
   <div class='ocr_carea' id='block_1_62' title="bbox 2479 3208 4067 3273">
    <p class='ocr_par' dir='ltr' id='par_1_62' title="bbox 2479 3208 4067 3273">
     <span class='ocr_line' id='line_1_62' title="bbox 2479 3208 4067 3273; baseline 0.003 -10"><span class='ocrx_word' id='word_1_427' title='bbox 2479 3217 2664 3263; x_wconf 89' lang='lat' dir='ltr'><strong>autem</strong></span> <span class='ocrx_word' id='word_1_428' title='bbox 2693 3208 2836 3263; x_wconf 89' lang='lat' dir='ltr'><strong>libro</strong></span> <span class='ocrx_word' id='word_1_429' title='bbox 2862 3209 3059 3262; x_wconf 90' lang='lat' dir='ltr'><strong>harum</strong></span> <span class='ocrx_word' id='word_1_430' title='bbox 3092 3208 3555 3265; x_wconf 80' lang='lat' dir='ltr'><strong>Observationum</strong></span> <span class='ocrx_word' id='word_1_431' title='bbox 3583 3211 3637 3273; x_wconf 76' lang='grc'><strong>5,</strong></span> <span class='ocrx_word' id='word_1_432' title='bbox 3666 3212 3762 3266; x_wconf 90' lang='lat' dir='ltr'><strong>ubi</strong></span> <span class='ocrx_word' id='word_1_433' title='bbox 3794 3212 4067 3269; x_wconf 85' lang='lat' dir='ltr'><strong>defectio-</strong></span> 
     </span>
    </p>
   </div>
   <div class='ocr_carea' id='block_1_63' title="bbox 798 3285 4066 3374">
    <p class='ocr_par' dir='ltr' id='par_1_63' title="bbox 798 3285 4066 3374">
     <span class='ocr_line' id='line_1_63' title="bbox 798 3285 4066 3374; baseline 0.002 -23"><span class='ocrx_word' id='word_1_434' title='bbox 798 3317 969 3370; x_wconf 81' lang='grc' dir='ltr'><strong>ματος</strong></span> <span class='ocrx_word' id='word_1_435' title='bbox 1027 3298 1380 3361; x_wconf 84' lang='lat' dir='ltr'><strong>vocabulum,</strong></span> <span class='ocrx_word' id='word_1_436' title='bbox 1428 3298 1776 3368; x_wconf 88' lang='lat' dir='ltr'><strong>adaptaverit</strong></span> <span class='ocrx_word' id='word_1_437' title='bbox 1838 3297 1928 3351; x_wconf 87' lang='lat' dir='ltr'><strong>hic</strong></span> <span class='ocrx_word' id='word_1_438' title='bbox 1990 3308 2181 3353; x_wconf 88' lang='lat' dir='ltr'><strong>noster</strong></span> <span class='ocrx_word' id='word_1_439' title='bbox 2234 3285 2447 3354; x_wconf 82' lang='lat' dir='ltr'><strong>Mos-C</strong></span> <span class='ocrx_word' id='word_1_440' title='bbox 2482 3301 2570 3355; x_wconf 92' lang='lat' dir='ltr'><strong>nis</strong></span> <span class='ocrx_word' id='word_1_441' title='bbox 2624 3301 2789 3371; x_wconf 88' lang='lat' dir='ltr'><strong>hujus</strong></span> <span class='ocrx_word' id='word_1_442' title='bbox 2846 3301 3053 3355; x_wconf 88' lang='lat' dir='ltr'><strong>lunaris</strong></span> <span class='ocrx_word' id='word_1_443' title='bbox 3109 3302 3354 3357; x_wconf 84' lang='lat' dir='ltr'><strong>calculos</strong></span> <span class='ocrx_word' id='word_1_444' title='bbox 3422 3302 3715 3367; x_wconf 86' lang='lat' dir='ltr'><strong>dabimus,</strong></span> <span class='ocrx_word' id='word_1_445' title='bbox 3766 3305 4066 3374; x_wconf 79' lang='lat' dir='ltr'><strong>contigisse</strong></span> 
     </span>
    </p>
   </div>
   <div class='ocr_carea' id='block_1_64' title="bbox 796 3392 1103 3461">
    <p class='ocr_par' dir='ltr' id='par_1_64' title="bbox 796 3392 1103 3461">
     <span class='ocr_line' id='line_1_64' title="bbox 796 3392 1103 3461; baseline -0.01 -13"><span class='ocrx_word' id='word_1_446' title='bbox 796 3392 1103 3461; x_wconf 87' lang='lat' dir='ltr'><strong>chatnpari.</strong></span> 
     </span>
    </p>
   </div>
   <div class='ocr_carea' id='block_1_65' title="bbox 868 3479 2375 3555">
    <p class='ocr_par' dir='ltr' id='par_1_65' title="bbox 868 3479 2375 3555">
     <span class='ocr_line' id='line_1_65' title="bbox 868 3479 2375 3555; baseline 0.002 -18"><span class='ocrx_word' id='word_1_447' title='bbox 868 3487 1066 3553; x_wconf 72' lang='grc' dir='ltr'><strong>Ζυγὸν</strong></span> <span class='ocrx_word' id='word_1_448' title='bbox 1102 3479 1471 3554; x_wconf 45' lang='lat' dir='ltr'><strong>Ebur-festior)</strong></span> <span class='ocrx_word' id='word_1_449' title='bbox 1493 3486 1738 3549; x_wconf 81' lang='grc' dir='ltr'><strong>τιθέναι,</strong></span> <span class='ocrx_word' id='word_1_450' title='bbox 1768 3484 1969 3553; x_wconf 64' lang='lat' dir='ltr'><strong>p.146.</strong></span> <span class='ocrx_word' id='word_1_451' title='bbox 1997 3484 2121 3555; x_wconf 77' lang='lat' dir='ltr'><strong>Agit</strong></span> <span class='ocrx_word' id='word_1_452' title='bbox 2168 3485 2237 3540; x_wconf 89' lang='lat' dir='ltr'><strong>de</strong></span> <span class='ocrx_word' id='word_1_453' title='bbox 2271 3500 2375 3540; x_wconf 90' lang='lat' dir='ltr'><strong>or-</strong></span> 
     </span>
    </p>
   </div>
   <div class='ocr_carea' id='block_1_66' title="bbox 796 3577 2374 3647">
    <p class='ocr_par' dir='ltr' id='par_1_66' title="bbox 796 3577 2374 3647">
     <span class='ocr_line' id='line_1_66' title="bbox 796 3577 2374 3647; baseline 0.003 -18"><span class='ocrx_word' id='word_1_454' title='bbox 796 3577 1082 3629; x_wconf 87' lang='lat' dir='ltr'><strong>dinatione</strong></span> <span class='ocrx_word' id='word_1_455' title='bbox 1101 3578 1385 3630; x_wconf 82' lang='lat' dir='ltr'><strong>Athanasii</strong></span> <span class='ocrx_word' id='word_1_456' title='bbox 1410 3577 1737 3645; x_wconf 72' lang='lat' dir='ltr'><strong>patriarcha:</strong></span> <span class='ocrx_word' id='word_1_457' title='bbox 1753 3577 2374 3647; x_wconf 89' lang='lat' dir='ltr'><strong>Constantinopolitani,</strong></span> 
     </span>
    </p>
   </div>
   <div class='ocr_carea' id='block_1_67' title="bbox 798 3666 2376 3740">
    <p class='ocr_par' dir='ltr' id='par_1_67' title="bbox 798 3666 2376 3740">
     <span class='ocr_line' id='line_1_67' title="bbox 798 3666 2376 3740; baseline 0.002 -19"><span class='ocrx_word' id='word_1_458' title='bbox 798 3668 854 3721; x_wconf 83' lang='lat' dir='ltr'><strong>in</strong></span> <span class='ocrx_word' id='word_1_459' title='bbox 902 3683 1010 3736; x_wconf 89' lang='lat' dir='ltr'><strong>qua</strong></span> <span class='ocrx_word' id='word_1_460' title='bbox 1066 3667 1420 3737; x_wconf 65' lang='lat' dir='ltr'><strong>quaerendum</strong></span> <span class='ocrx_word' id='word_1_461' title='bbox 1478 3666 1545 3720; x_wconf 87' lang='lat' dir='ltr'><strong>ad</strong></span> <span class='ocrx_word' id='word_1_462' title='bbox 1588 3668 2006 3736; x_wconf 68' lang='lat' dir='ltr'><strong>intelligentiam</strong></span> <span class='ocrx_word' id='word_1_463' title='bbox 2045 3668 2208 3740; x_wconf 86' lang='lat' dir='ltr'><strong>hujus</strong></span> <span class='ocrx_word' id='word_1_464' title='bbox 2244 3669 2376 3732; x_wconf 84' lang='lat' dir='ltr'><strong>loci.</strong></span> 
     </span>
    </p>
   </div>
   <div class='ocr_carea' id='block_1_68' title="bbox 798 3756 2381 3829">
    <p class='ocr_par' dir='ltr' id='par_1_68' title="bbox 798 3756 2381 3829">
     <span class='ocr_line' id='line_1_68' title="bbox 798 3756 2381 3829; baseline 0.003 -21"><span class='ocrx_word' id='word_1_465' title='bbox 798 3756 927 3825; x_wconf 91' lang='lat' dir='ltr'><strong>quid</strong></span> <span class='ocrx_word' id='word_1_466' title='bbox 955 3758 1025 3810; x_wconf 89' lang='lat' dir='ltr'><strong>sit</strong></span> <span class='ocrx_word' id='word_1_467' title='bbox 1047 3757 1239 3827; x_wconf 84' lang='lat' dir='ltr'><strong>jugum</strong></span> <span class='ocrx_word' id='word_1_468' title='bbox 1265 3758 1440 3810; x_wconf 82' lang='lat' dir='ltr'><strong>sancti</strong></span> <span class='ocrx_word' id='word_1_469' title='bbox 1469 3756 1749 3827; x_wconf 82' lang='lat' dir='ltr'><strong>Evangelii</strong></span> <span class='ocrx_word' id='word_1_470' title='bbox 1776 3757 1943 3829; x_wconf 63' lang='grc'><strong>684</strong></span> <span class='ocrx_word' id='word_1_471' title='bbox 1973 3776 2186 3829; x_wconf 83' lang='lat' dir='ltr'><strong>ponere.</strong></span> <span class='ocrx_word' id='word_1_472' title='bbox 2212 3760 2381 3815; x_wconf 86' lang='lat' dir='ltr'><strong>Docet</strong></span> 
     </span>
    </p>
   </div>
   <div class='ocr_carea' id='block_1_69' title="bbox 799 3848 2379 3923">
    <p class='ocr_par' dir='ltr' id='par_1_69' title="bbox 799 3848 2379 3923">
     <span class='ocr_line' id='line_1_69' title="bbox 799 3848 2379 3923; baseline 0.006 -23"><span class='ocrx_word' id='word_1_473' title='bbox 799 3848 853 3901; x_wconf 92' lang='lat' dir='ltr'><strong>id</strong></span> <span class='ocrx_word' id='word_1_474' title='bbox 892 3865 991 3903; x_wconf 90' lang='lat' dir='ltr'><strong>nos</strong></span> <span class='ocrx_word' id='word_1_475' title='bbox 1034 3850 1176 3905; x_wconf 90' lang='lat' dir='ltr'><strong>ritus</strong></span> <span class='ocrx_word' id='word_1_476' title='bbox 1210 3850 1580 3904; x_wconf 83' lang='lat' dir='ltr'><strong>ordinationis</strong></span> <span class='ocrx_word' id='word_1_477' title='bbox 1616 3851 2000 3920; x_wconf 87' lang='lat' dir='ltr'><strong>episcoporum</strong></span> <span class='ocrx_word' id='word_1_478' title='bbox 2041 3854 2185 3923; x_wconf 91' lang='lat' dir='ltr'><strong>apud</strong></span> <span class='ocrx_word' id='word_1_479' title='bbox 2226 3853 2379 3909; x_wconf 77' lang='lat' dir='ltr'><strong>Cra:-</strong></span> 
     </span>
    </p>
   </div>
   <div class='ocr_carea' id='block_1_70' title="bbox 800 3942 2379 4013">
    <p class='ocr_par' dir='ltr' id='par_1_70' title="bbox 800 3942 2379 4013">
     <span class='ocr_line' id='line_1_70' title="bbox 800 3942 2379 4013; baseline 0.004 -18"><span class='ocrx_word' id='word_1_480' title='bbox 800 3955 915 4003; x_wconf 86' lang='lat' dir='ltr'><strong>cos,</strong></span> <span class='ocrx_word' id='word_1_481' title='bbox 950 3942 1039 4008; x_wconf 90' lang='lat' dir='ltr'><strong>qui</strong></span> <span class='ocrx_word' id='word_1_482' title='bbox 1072 3951 1252 3995; x_wconf 78' lang='lat' dir='ltr'><strong>exstat</strong></span> <span class='ocrx_word' id='word_1_483' title='bbox 1293 3942 1346 3995; x_wconf 89' lang='lat' dir='ltr'><strong>in</strong></span> <span class='ocrx_word' id='word_1_484' title='bbox 1388 3942 1754 4013; x_wconf 77' lang='lat' dir='ltr'><strong>Eucholugio,</strong></span> <span class='ocrx_word' id='word_1_485' title='bbox 1790 3958 1846 4012; x_wconf 87' lang='lat' dir='ltr'><strong>p.</strong></span> <span class='ocrx_word' id='word_1_486' title='bbox 1885 3944 2011 4008; x_wconf 75' lang='lat'><strong>302,</strong></span> <span class='ocrx_word' id='word_1_487' title='bbox 2054 3945 2144 3999; x_wconf 89' lang='lat' dir='ltr'><strong>ubi</strong></span> <span class='ocrx_word' id='word_1_488' title='bbox 2177 3946 2379 4001; x_wconf 83' lang='lat' dir='ltr'><strong>diserte</strong></span> 
     </span>
    </p>
   </div>
   <div class='ocr_carea' id='block_1_71' title="bbox 804 4033 2377 4108">
    <p class='ocr_par' dir='ltr' id='par_1_71' title="bbox 804 4033 2377 4108">
     <span class='ocr_line' id='line_1_71' title="bbox 804 4033 2377 4108; baseline 0.004 -22"><span class='ocrx_word' id='word_1_489' title='bbox 804 4033 1041 4087; x_wconf 82' lang='lat' dir='ltr'><strong>traditur</strong></span> <span class='ocrx_word' id='word_1_490' title='bbox 1068 4034 1347 4103; x_wconf 87' lang='lat' dir='ltr'><strong>completo</strong></span> <span class='ocrx_word' id='word_1_491' title='bbox 1378 4034 1629 4104; x_wconf 77' lang='lat' dir='ltr'><strong>Trisagio</strong></span> <span class='ocrx_word' id='word_1_492' title='bbox 1655 4036 2022 4091; x_wconf 87' lang='lat' dir='ltr'><strong>celebrantem</strong></span> <span class='ocrx_word' id='word_1_493' title='bbox 2058 4039 2377 4108; x_wconf 80' lang='lat' dir='ltr'><strong>episeOpum</strong></span> 
     </span>
    </p>
   </div>
   <div class='ocr_carea' id='block_1_72' title="bbox 803 4124 2378 4197">
    <p class='ocr_par' dir='ltr' id='par_1_72' title="bbox 803 4124 2378 4197">
     <span class='ocr_line' id='line_1_72' title="bbox 803 4124 2378 4197; baseline 0.002 -18"><span class='ocrx_word' id='word_1_494' title='bbox 803 4124 1103 4179; x_wconf 84' lang='lat' dir='ltr'><strong>ascendere</strong></span> <span class='ocrx_word' id='word_1_495' title='bbox 1151 4126 1205 4178; x_wconf 94' lang='lat' dir='ltr'><strong>in</strong></span> <span class='ocrx_word' id='word_1_496' title='bbox 1238 4126 1579 4193; x_wconf 84' lang='lat' dir='ltr'><strong>crepidinem</strong></span> <span class='ocrx_word' id='word_1_497' title='bbox 1610 4141 1780 4179; x_wconf 61' lang='lat' dir='ltr'><strong>sacra:</strong></span> <span class='ocrx_word' id='word_1_498' title='bbox 1809 4141 2033 4189; x_wconf 55' lang='lat' dir='ltr'><strong>mensa,</strong></span> <span class='ocrx_word' id='word_1_499' title='bbox 2077 4127 2259 4197; x_wconf 87' lang='lat' dir='ltr'><strong>ibique</strong></span> <span class='ocrx_word' id='word_1_500' title='bbox 2302 4128 2378 4183; x_wconf 92' lang='lat' dir='ltr'><strong>illi</strong></span> 
     </span>
    </p>
   </div>
   <div class='ocr_carea' id='block_1_73' title="bbox 803 4216 2377 4287">
    <p class='ocr_par' dir='ltr' id='par_1_73' title="bbox 803 4216 2377 4287">
     <span class='ocr_line' id='line_1_73' title="bbox 803 4216 2377 4287; baseline 0.002 -18"><span class='ocrx_word' id='word_1_501' title='bbox 803 4216 991 4270; x_wconf 81' lang='lat' dir='ltr'><strong>oﬁ‘erri</strong></span> <span class='ocrx_word' id='word_1_502' title='bbox 1019 4233 1049 4269; x_wconf 84' lang='lat' dir='ltr'><strong>a</strong></span> <span class='ocrx_word' id='word_1_503' title='bbox 1081 4217 1449 4286; x_wconf 64' lang='lat' dir='ltr'><strong>praesentibus</strong></span> <span class='ocrx_word' id='word_1_504' title='bbox 1479 4218 1654 4271; x_wconf 88' lang='lat' dir='ltr'><strong>tribus</strong></span> <span class='ocrx_word' id='word_1_505' title='bbox 1688 4218 1964 4287; x_wconf 85' lang='lat' dir='ltr'><strong>episcopis</strong></span> <span class='ocrx_word' id='word_1_506' title='bbox 2007 4218 2377 4273; x_wconf 86' lang='lat' dir='ltr'><strong>ordinandum</strong></span> 
     </span>
    </p>
   </div>
   <div class='ocr_carea' id='block_1_74' title="bbox 804 4305 2380 4369">
    <p class='ocr_par' dir='ltr' id='par_1_74' title="bbox 804 4305 2380 4369">
     <span class='ocr_line' id='line_1_74' title="bbox 804 4305 2380 4369; baseline 0.004 -11"><span class='ocrx_word' id='word_1_507' title='bbox 804 4321 833 4358; x_wconf 92' lang='lat' dir='ltr'><strong>a</strong></span> <span class='ocrx_word' id='word_1_508' title='bbox 882 4305 1095 4359; x_wconf 81' lang='lat' dir='ltr'><strong>dextris</strong></span> <span class='ocrx_word' id='word_1_509' title='bbox 1152 4305 1524 4369; x_wconf 79' lang='lat' dir='ltr'><strong>celebrantis;</strong></span> <span class='ocrx_word' id='word_1_510' title='bbox 1580 4323 1609 4361; x_wconf 89' lang='lat' dir='ltr'><strong>a</strong></span> <span class='ocrx_word' id='word_1_511' title='bbox 1672 4307 1914 4361; x_wconf 90' lang='lat' dir='ltr'><strong>sinistris</strong></span> <span class='ocrx_word' id='word_1_512' title='bbox 1967 4319 2150 4363; x_wconf 86' lang='lat' dir='ltr'><strong>autem</strong></span> <span class='ocrx_word' id='word_1_513' title='bbox 2202 4318 2380 4365; x_wconf 88' lang='lat' dir='ltr'><strong>astare</strong></span> 
     </span>
    </p>
   </div>
   <div class='ocr_carea' id='block_1_75' title="bbox 803 4394 2379 4465">
    <p class='ocr_par' dir='ltr' id='par_1_75' title="bbox 803 4394 2379 4465">
     <span class='ocr_line' id='line_1_75' title="bbox 803 4394 2379 4465; baseline 0.003 -19"><span class='ocrx_word' id='word_1_514' title='bbox 803 4394 1306 4465; x_wconf 82' lang='lat' dir='ltr'><strong>chartophylacem.</strong></span> <span class='ocrx_word' id='word_1_515' title='bbox 1338 4394 1434 4463; x_wconf 91' lang='lat' dir='ltr'><strong>qui</strong></span> <span class='ocrx_word' id='word_1_516' title='bbox 1484 4395 1793 4448; x_wconf 82' lang='lat' dir='ltr'><strong>celebranti</strong></span> <span class='ocrx_word' id='word_1_517' title='bbox 1830 4396 2077 4450; x_wconf 87' lang='lat' dir='ltr'><strong>chartam</strong></span> <span class='ocrx_word' id='word_1_518' title='bbox 2112 4397 2293 4461; x_wconf 77' lang='lat' dir='ltr'><strong>offert,</strong></span> <span class='ocrx_word' id='word_1_519' title='bbox 2324 4398 2379 4451; x_wconf 92' lang='lat' dir='ltr'><strong>in</strong></span> 
     </span>
    </p>
   </div>
   <div class='ocr_carea' id='block_1_76' title="bbox 804 4486 2380 4559">
    <p class='ocr_par' dir='ltr' id='par_1_76' title="bbox 804 4486 2380 4559">
     <span class='ocr_line' id='line_1_76' title="bbox 804 4486 2380 4559; baseline 0.003 -22"><span class='ocrx_word' id='word_1_520' title='bbox 804 4501 910 4554; x_wconf 90' lang='lat' dir='ltr'><strong>qua</strong></span> <span class='ocrx_word' id='word_1_521' title='bbox 936 4486 1299 4554; x_wconf 63' lang='lat' dir='ltr'><strong>scriptumjsit</strong></span> <span class='ocrx_word' id='word_1_522' title='bbox 1330 4502 1343 4539; x_wconf 91' lang='lat'><strong>:</strong></span> <span class='ocrx_word' id='word_1_523' title='bbox 1369 4487 1537 4555; x_wconf 73' lang='grc' dir='ltr'><strong>Φήῳῳ</strong></span> <span class='ocrx_word' id='word_1_524' title='bbox 1558 4488 1652 4539; x_wconf 81' lang='grc' dir='ltr'><strong>καὶ</strong></span> <span class='ocrx_word' id='word_1_525' title='bbox 1678 4488 1971 4559; x_wconf 73' lang='grc' dir='ltr'><strong>δοκιμασίᾳ</strong></span> <span class='ocrx_word' id='word_1_526' title='bbox 2002 4487 2109 4539; x_wconf 82' lang='grc' dir='ltr'><strong>τῶν</strong></span> <span class='ocrx_word' id='word_1_527' title='bbox 2136 4488 2380 4557; x_wconf 83' lang='grc' dir='ltr'><strong>Θεοφιλε-</strong></span> 
     </span>
    </p>
   </div>
   <div class='ocr_carea' id='block_1_77' title="bbox 806 4576 2379 4649">
    <p class='ocr_par' dir='ltr' id='par_1_77' title="bbox 806 4576 2379 4649">
     <span class='ocr_line' id='line_1_77' title="bbox 806 4576 2379 4649; baseline 0.003 -22"><span class='ocrx_word' id='word_1_528' title='bbox 806 4577 1014 4628; x_wconf 81' lang='grc' dir='ltr'><strong>στάτων</strong></span> <span class='ocrx_word' id='word_1_529' title='bbox 1041 4576 1354 4629; x_wconf 60' lang='grc' dir='ltr'><strong>ἐπισκόπων</strong></span> <span class='ocrx_word' id='word_1_530' title='bbox 1380 4579 1474 4630; x_wconf 75' lang='grc' dir='ltr'><strong>καὶ</strong></span> <span class='ocrx_word' id='word_1_531' title='bbox 1501 4577 1611 4630; x_wconf 84' lang='grc' dir='ltr'><strong>τῶν</strong></span> <span class='ocrx_word' id='word_1_532' title='bbox 1633 4577 1945 4630; x_wconf 79' lang='grc' dir='ltr'><strong>ὁσιωτάτων</strong></span> <span class='ocrx_word' id='word_1_533' title='bbox 1968 4579 2240 4648; x_wconf 75' lang='grc' dir='ltr'><strong>πρεσϐυτέ</strong></span> <span class='ocrx_word' id='word_1_534' title='bbox 2250 4597 2379 4649; x_wconf 86' lang='grc' dir='ltr'><strong>ρων,</strong></span> 
     </span>
    </p>
   </div>
   <div class='ocr_carea' id='block_1_78' title="bbox 806 4665 2376 4740">
    <p class='ocr_par' dir='ltr' id='par_1_78' title="bbox 806 4665 2376 4740">
     <span class='ocr_line' id='line_1_78' title="bbox 806 4665 2376 4740; baseline 0.005 -22"><span class='ocrx_word' id='word_1_535' title='bbox 806 4668 839 4735; x_wconf 79' lang='grc' dir='ltr'>ἡ</span> <span class='ocrx_word' id='word_1_536' title='bbox 870 4665 991 4720; x_wconf 76' lang='grc' dir='ltr'><strong>θεία</strong></span> <span class='ocrx_word' id='word_1_537' title='bbox 1026 4666 1185 4735; x_wconf 76' lang='grc' dir='ltr'><strong>χάρις</strong></span> <span class='ocrx_word' id='word_1_538' title='bbox 1214 4670 1246 4737; x_wconf 76' lang='grc' dir='ltr'>ἡ</span> <span class='ocrx_word' id='word_1_539' title='bbox 1276 4668 1509 4721; x_wconf 82' lang='grc' dir='ltr'><strong>πάντοτε</strong></span> <span class='ocrx_word' id='word_1_540' title='bbox 1544 4671 1611 4721; x_wconf 74' lang='grc' dir='ltr'><strong>τὰ</strong></span> <span class='ocrx_word' id='word_1_541' title='bbox 1644 4669 1847 4739; x_wconf 79' lang='grc' dir='ltr'><strong>ἀσθενῆ</strong></span> <span class='ocrx_word' id='word_1_542' title='bbox 1875 4671 2256 4740; x_wconf 74' lang='grc' dir='ltr'><strong>Θεραπεύουσα</strong></span> <span class='ocrx_word' id='word_1_543' title='bbox 2282 4676 2376 4726; x_wconf 81' lang='grc' dir='ltr'><strong>καὶ</strong></span> 
     </span>
    </p>
   </div>
   <div class='ocr_carea' id='block_1_79' title="bbox 807 4762 2384 4836">
    <p class='ocr_par' dir='ltr' id='par_1_79' title="bbox 807 4762 2384 4836">
     <span class='ocr_line' id='line_1_79' title="bbox 807 4762 2384 4836; baseline 0.006 -23"><span class='ocrx_word' id='word_1_544' title='bbox 807 4762 876 4814; x_wconf 80' lang='grc' dir='ltr'><strong>τὰ</strong></span> <span class='ocrx_word' id='word_1_545' title='bbox 906 4762 1223 4815; x_wconf 78' lang='grc' dir='ltr'><strong>ἐλλείποντα</strong></span> <span class='ocrx_word' id='word_1_546' title='bbox 1254 4764 1650 4835; x_wconf 75' lang='grc' dir='ltr'><strong>ἀναπληροῦσα</strong></span> <span class='ocrx_word' id='word_1_547' title='bbox 1680 4765 2095 4836; x_wconf 75' lang='grc' dir='ltr'><strong>προχειρίζεται</strong></span> <span class='ocrx_word' id='word_1_548' title='bbox 2120 4768 2213 4820; x_wconf 80' lang='grc' dir='ltr'><strong>τὸν</strong></span> <span class='ocrx_word' id='word_1_549' title='bbox 2235 4768 2384 4822; x_wconf 79' lang='grc' dir='ltr'>δεῖνα</span> 
     </span>
    </p>
   </div>
   <div class='ocr_carea' id='block_1_80' title="bbox 808 4852 2385 4927">
    <p class='ocr_par' dir='ltr' id='par_1_80' title="bbox 808 4852 2385 4927">
     <span class='ocr_line' id='line_1_80' title="bbox 808 4852 2385 4927; baseline 0.003 -21"><span class='ocrx_word' id='word_1_550' title='bbox 808 4854 896 4906; x_wconf 74' lang='grc' dir='ltr'><strong>τδν</strong></span> <span class='ocrx_word' id='word_1_551' title='bbox 928 4852 1346 4920; x_wconf 77' lang='grc' dir='ltr'><strong>θεοφιλέστατον</strong></span> <span class='ocrx_word' id='word_1_552' title='bbox 1394 4854 1768 4922; x_wconf 77' lang='grc' dir='ltr'><strong>πρεσϐύτερον</strong></span> <span class='ocrx_word' id='word_1_553' title='bbox 1801 4857 2102 4909; x_wconf 80' lang='grc' dir='ltr'><strong>ἐπίσκοπον</strong></span> <span class='ocrx_word' id='word_1_554' title='bbox 2132 4861 2234 4927; x_wconf 82' lang='grc' dir='ltr'><strong>τῆς</strong></span> <span class='ocrx_word' id='word_1_555' title='bbox 2264 4858 2385 4911; x_wconf 82' lang='grc' dir='ltr'><strong>θεο-</strong></span> 
     </span>
    </p>
   </div>
   <div class='ocr_carea' id='block_1_81' title="bbox 810 4941 2385 5018">
    <p class='ocr_par' dir='ltr' id='par_1_81' title="bbox 810 4941 2385 5018">
     <span class='ocr_line' id='line_1_81' title="bbox 810 4941 2385 5018; baseline 0.004 -25"><span class='ocrx_word' id='word_1_556' title='bbox 810 4941 1018 4993; x_wconf 79' lang='grc' dir='ltr'><strong>σώστου</strong></span> <span class='ocrx_word' id='word_1_557' title='bbox 1053 4943 1261 5002; x_wconf 77' lang='grc' dir='ltr'><strong>πόλεως</strong></span> <span class='ocrx_word' id='word_1_558' title='bbox 1292 4943 1476 5010; x_wconf 81' lang='grc' dir='ltr'><strong>τῆσδε.</strong></span> <span class='ocrx_word' id='word_1_559' title='bbox 1515 4942 1601 5012; x_wconf 80' lang='grc' dir='ltr'><strong>[Ρ.</strong></span> <span class='ocrx_word' id='word_1_560' title='bbox 1636 4942 1763 5014; x_wconf 75' lang='grc'><strong>481]</strong></span> <span class='ocrx_word' id='word_1_561' title='bbox 1790 4943 2093 5013; x_wconf 78' lang='grc' dir='ltr'><strong>Εὒξώμεθα</strong></span> <span class='ocrx_word' id='word_1_562' title='bbox 2122 4946 2213 4999; x_wconf 77' lang='grc' dir='ltr'><strong>οὖν</strong></span> <span class='ocrx_word' id='word_1_563' title='bbox 2242 4948 2385 5018; x_wconf 82' lang='grc' dir='ltr'><strong>ὑπὲρ</strong></span> 
     </span>
    </p>
   </div>
   <div class='ocr_carea' id='block_1_82' title="bbox 808 5033 2384 5108">
    <p class='ocr_par' dir='ltr' id='par_1_82' title="bbox 808 5033 2384 5108">
     <span class='ocr_line' id='line_1_82' title="bbox 808 5033 2384 5108; baseline 0.006 -22"><span class='ocrx_word' id='word_1_564' title='bbox 808 5033 973 5086; x_wconf 64' lang='grc' dir='ltr'><strong>αὖτοῦ</strong></span> <span class='ocrx_word' id='word_1_565' title='bbox 1027 5033 1113 5085; x_wconf 84' lang='grc' dir='ltr'><strong>ἵνα.</strong></span> <span class='ocrx_word' id='word_1_566' title='bbox 1169 5033 1300 5107; x_wconf 78' lang='grc' dir='ltr'><strong>ἔλθῃ</strong></span> <span class='ocrx_word' id='word_1_567' title='bbox 1335 5035 1421 5086; x_wconf 75' lang='grc' dir='ltr'><strong>ἐπ’</strong></span> <span class='ocrx_word' id='word_1_568' title='bbox 1457 5036 1620 5087; x_wconf 78' lang='grc' dir='ltr'><strong>αὑτὸν</strong></span> <span class='ocrx_word' id='word_1_569' title='bbox 1671 5038 1704 5105; x_wconf 85' lang='grc' dir='ltr'>ή</span> <span class='ocrx_word' id='word_1_570' title='bbox 1750 5038 1911 5106; x_wconf 72' lang='grc' dir='ltr'><strong>χάρις</strong></span> <span class='ocrx_word' id='word_1_571' title='bbox 1961 5038 2055 5090; x_wconf 81' lang='grc' dir='ltr'><strong>τοῦ</strong></span> <span class='ocrx_word' id='word_1_572' title='bbox 2112 5042 2384 5108; x_wconf 72' lang='grc' dir='ltr'><strong>παναγίου</strong></span> 
     </span>
    </p>
   </div>
   <div class='ocr_carea' id='block_1_83' title="bbox 809 5123 2387 5199">
    <p class='ocr_par' dir='ltr' id='par_1_83' title="bbox 809 5123 2387 5199">
     <span class='ocr_line' id='line_1_83' title="bbox 809 5123 2387 5199; baseline 0.005 -20"><span class='ocrx_word' id='word_1_573' title='bbox 809 5125 1146 5195; x_wconf 78' lang='grc' dir='ltr'><strong>ιινεύματος.</strong></span> <span class='ocrx_word' id='word_1_574' title='bbox 1182 5125 1297 5180; x_wconf 81' lang='lat' dir='ltr'><strong>Hoc</strong></span> <span class='ocrx_word' id='word_1_575' title='bbox 1339 5135 1422 5181; x_wconf 89' lang='lat' dir='ltr'><strong>est</strong></span> <span class='ocrx_word' id='word_1_576' title='bbox 1451 5145 1465 5182; x_wconf 90' lang='lat'><strong>:</strong></span> <span class='ocrx_word' id='word_1_577' title='bbox 1494 5123 1756 5198; x_wconf 79' lang='lat' dir='ltr'><strong>Suﬂ&#39;ragio</strong></span> <span class='ocrx_word' id='word_1_578' title='bbox 1793 5138 1842 5181; x_wconf 88' lang='lat' dir='ltr'><strong>ct</strong></span> <span class='ocrx_word' id='word_1_579' title='bbox 1884 5130 2259 5199; x_wconf 74' lang='lat' dir='ltr'><strong>apprsbatione</strong></span> <span class='ocrx_word' id='word_1_580' title='bbox 2289 5133 2387 5187; x_wconf 78' lang='lat' dir='ltr'><strong>Dei</strong></span> 
     </span>
    </p>
   </div>
   <div class='ocr_carea' id='block_1_84' title="bbox 809 5218 2387 5291">
    <p class='ocr_par' dir='ltr' id='par_1_84' title="bbox 809 5218 2387 5291">
     <span class='ocr_line' id='line_1_84' title="bbox 809 5218 2387 5291; baseline 0.005 -22"><span class='ocrx_word' id='word_1_581' title='bbox 809 5218 1301 5270; x_wconf 83' lang='lat' dir='ltr'><strong>amantissimorum</strong></span> <span class='ocrx_word' id='word_1_582' title='bbox 1323 5219 1683 5285; x_wconf 79' lang='lat' dir='ltr'><strong>episcoporum</strong></span> <span class='ocrx_word' id='word_1_583' title='bbox 1710 5231 1757 5273; x_wconf 84' lang='lat' dir='ltr'><strong>et</strong></span> <span class='ocrx_word' id='word_1_584' title='bbox 1787 5223 2239 5277; x_wconf 80' lang='lat' dir='ltr'><strong>sanctissimarum</strong></span> <span class='ocrx_word' id='word_1_585' title='bbox 2269 5241 2387 5291; x_wconf 80' lang='lat' dir='ltr'><strong>pre-</strong></span> 
     </span>
    </p>
   </div>
   <div class='ocr_carea' id='block_1_85' title="bbox 808 5309 2385 5381">
    <p class='ocr_par' dir='ltr' id='par_1_85' title="bbox 808 5309 2385 5381">
     <span class='ocr_line' id='line_1_85' title="bbox 808 5309 2385 5381; baseline 0.004 -19"><span class='ocrx_word' id='word_1_586' title='bbox 808 5310 1135 5379; x_wconf 84' lang='lat' dir='ltr'><strong>sbyterorum</strong></span> <span class='ocrx_word' id='word_1_587' title='bbox 1170 5348 1185 5370; x_wconf 88' lang='lat'><strong>,</strong></span> <span class='ocrx_word' id='word_1_588' title='bbox 1222 5309 1403 5362; x_wconf 85' lang='lat' dir='ltr'><strong>divina</strong></span> <span class='ocrx_word' id='word_1_589' title='bbox 1434 5313 1634 5379; x_wconf 86' lang='lat' dir='ltr'><strong>gratia,</strong></span> <span class='ocrx_word' id='word_1_590' title='bbox 1675 5329 1792 5381; x_wconf 69' lang='lat' dir='ltr'><strong>qua&#39;</strong></span> <span class='ocrx_word' id='word_1_591' title='bbox 1833 5314 2016 5381; x_wconf 85' lang='lat' dir='ltr'><strong>ubique</strong></span> <span class='ocrx_word' id='word_1_592' title='bbox 2046 5314 2263 5379; x_wconf 75' lang='lat' dir='ltr'><strong>infirma</strong></span> <span class='ocrx_word' id='word_1_593' title='bbox 2292 5333 2385 5369; x_wconf 85' lang='lat' dir='ltr'><strong>cu-</strong></span> 
     </span>
    </p>
   </div>
   <div class='ocr_carea' id='block_1_86' title="bbox 811 5396 2389 5469">
    <p class='ocr_par' dir='ltr' id='par_1_86' title="bbox 811 5396 2389 5469">
     <span class='ocr_line' id='line_1_86' title="bbox 811 5396 2389 5469; baseline 0.004 -19"><span class='ocrx_word' id='word_1_594' title='bbox 811 5407 896 5451; x_wconf 86' lang='lat' dir='ltr'><strong>rat</strong></span> <span class='ocrx_word' id='word_1_595' title='bbox 931 5406 980 5449; x_wconf 85' lang='lat' dir='ltr'><strong>et</strong></span> <span class='ocrx_word' id='word_1_596' title='bbox 1010 5396 1307 5463; x_wconf 83' lang='lat' dir='ltr'><strong>deﬁcientia</strong></span> <span class='ocrx_word' id='word_1_597' title='bbox 1337 5398 1565 5469; x_wconf 85' lang='lat' dir='ltr'><strong>supplet,</strong></span> <span class='ocrx_word' id='word_1_598' title='bbox 1594 5410 1855 5463; x_wconf 82' lang='lat' dir='ltr'><strong>promovet</strong></span> <span class='ocrx_word' id='word_1_599' title='bbox 1891 5400 1960 5454; x_wconf 86' lang='grc' dir='ltr'><strong>Ν.</strong></span> <span class='ocrx_word' id='word_1_600' title='bbox 2006 5402 2099 5455; x_wconf 85' lang='lat' dir='ltr'><strong>Dei</strong></span> <span class='ocrx_word' id='word_1_601' title='bbox 2127 5406 2389 5457; x_wconf 86' lang='lat' dir='ltr'><strong>amantis-</strong></span> 
     </span>
    </p>
   </div>
   <div class='ocr_carea' id='block_1_87' title="bbox 813 5486 2387 5557">
    <p class='ocr_par' dir='ltr' id='par_1_87' title="bbox 813 5486 2387 5557">
     <span class='ocr_line' id='line_1_87' title="bbox 813 5486 2387 5557; baseline 0.003 -17"><span class='ocrx_word' id='word_1_602' title='bbox 813 5488 1007 5540; x_wconf 85' lang='lat' dir='ltr'><strong>simum</strong></span> <span class='ocrx_word' id='word_1_603' title='bbox 1038 5486 1397 5555; x_wconf 83' lang='lat' dir='ltr'><strong>presbyterum</strong></span> <span class='ocrx_word' id='word_1_604' title='bbox 1426 5492 1725 5557; x_wconf 75' lang='lat' dir='ltr'><strong>episcopum</strong></span> <span class='ocrx_word' id='word_1_605' title='bbox 1761 5508 1792 5541; x_wconf 89' lang='lat' dir='ltr'><strong>a</strong></span> <span class='ocrx_word' id='word_1_606' title='bbox 1823 5489 1928 5541; x_wconf 91' lang='lat' dir='ltr'><strong>Deo</strong></span> <span class='ocrx_word' id='word_1_607' title='bbox 1958 5502 2179 5545; x_wconf 79' lang='lat' dir='ltr'><strong>serrata:</strong></span> <span class='ocrx_word' id='word_1_608' title='bbox 2203 5494 2387 5544; x_wconf 77' lang='lat' dir='ltr'><strong>civita-</strong></span> 
     </span>
    </p>
   </div>
   <div class='ocr_carea' id='block_1_88' title="bbox 816 5575 2385 5651">
    <p class='ocr_par' dir='ltr' id='par_1_88' title="bbox 816 5575 2385 5651">
     <span class='ocr_line' id='line_1_88' title="bbox 816 5575 2385 5651; baseline 0.003 -20"><span class='ocrx_word' id='word_1_609' title='bbox 816 5580 882 5631; x_wconf 88' lang='lat' dir='ltr'><strong>tis</strong></span> <span class='ocrx_word' id='word_1_610' title='bbox 928 5578 993 5631; x_wconf 83' lang='grc' dir='ltr'><strong>Ν.</strong></span> <span class='ocrx_word' id='word_1_611' title='bbox 1021 5575 1240 5631; x_wconf 80' lang='lat' dir='ltr'><strong>Oremus</strong></span> <span class='ocrx_word' id='word_1_612' title='bbox 1284 5579 1447 5648; x_wconf 83' lang='lat' dir='ltr'><strong>igitur</strong></span> <span class='ocrx_word' id='word_1_613' title='bbox 1474 5596 1569 5648; x_wconf 87' lang='lat' dir='ltr'><strong>pro</strong></span> <span class='ocrx_word' id='word_1_614' title='bbox 1596 5597 1679 5642; x_wconf 84' lang='lat' dir='ltr'><strong>eo,</strong></span> <span class='ocrx_word' id='word_1_615' title='bbox 1729 5589 1787 5633; x_wconf 89' lang='lat' dir='ltr'><strong>ut</strong></span> <span class='ocrx_word' id='word_1_616' title='bbox 1838 5584 2012 5635; x_wconf 81' lang='lat' dir='ltr'><strong>veniat</strong></span> <span class='ocrx_word' id='word_1_617' title='bbox 2059 5600 2217 5651; x_wconf 83' lang='lat' dir='ltr'><strong>super</strong></span> <span class='ocrx_word' id='word_1_618' title='bbox 2268 5602 2385 5636; x_wconf 87' lang='lat' dir='ltr'><strong>eum</strong></span> 
     </span>
    </p>
   </div>
   <div class='ocr_carea' id='block_1_89' title="bbox 814 5670 2385 5742">
    <p class='ocr_par' dir='ltr' id='par_1_89' title="bbox 814 5670 2385 5742">
     <span class='ocr_line' id='line_1_89' title="bbox 814 5670 2385 5742; baseline 0.006 -20"><span class='ocrx_word' id='word_1_619' title='bbox 814 5671 990 5740; x_wconf 80' lang='lat' dir='ltr'><strong>gratia</strong></span> <span class='ocrx_word' id='word_1_620' title='bbox 1023 5670 1339 5723; x_wconf 84' lang='lat' dir='ltr'><strong>sanctissimi</strong></span> <span class='ocrx_word' id='word_1_621' title='bbox 1372 5671 1622 5742; x_wconf 84' lang='lat' dir='ltr'><strong>Spiritus.</strong></span> <span class='ocrx_word' id='word_1_622' title='bbox 1656 5672 1759 5728; x_wconf 89' lang='lat' dir='ltr'><strong>Ubi</strong></span> <span class='ocrx_word' id='word_1_623' title='bbox 1794 5673 2039 5727; x_wconf 75' lang='lat' dir='ltr'><strong>chartam</strong></span> <span class='ocrx_word' id='word_1_624' title='bbox 2074 5676 2213 5730; x_wconf 86' lang='lat' dir='ltr'><strong>hanc</strong></span> <span class='ocrx_word' id='word_1_625' title='bbox 2240 5679 2385 5731; x_wconf 86' lang='lat' dir='ltr'><strong>cele-</strong></span> 
     </span>
    </p>
   </div>
   <div class='ocr_carea' id='block_1_90' title="bbox 816 5764 2387 5833">
    <p class='ocr_par' dir='ltr' id='par_1_90' title="bbox 816 5764 2387 5833">
     <span class='ocr_line' id='line_1_90' title="bbox 816 5764 2387 5833; baseline 0.005 -17"><span class='ocrx_word' id='word_1_626' title='bbox 816 5764 982 5818; x_wconf 87' lang='lat' dir='ltr'><strong>brans</strong></span> <span class='ocrx_word' id='word_1_627' title='bbox 1046 5764 1304 5833; x_wconf 85' lang='lat' dir='ltr'><strong>accepit,</strong></span> <span class='ocrx_word' id='word_1_628' title='bbox 1362 5766 1786 5821; x_wconf 84' lang='lat' dir='ltr'><strong>archidiaconus</strong></span> <span class='ocrx_word' id='word_1_629' title='bbox 1849 5769 2183 5823; x_wconf 85' lang='lat' dir='ltr'><strong>audientiam</strong></span> <span class='ocrx_word' id='word_1_630' title='bbox 2243 5772 2387 5825; x_wconf 87' lang='lat' dir='ltr'><strong>indi-</strong></span> 
     </span>
    </p>
   </div>
   <div class='ocr_carea' id='block_1_91' title="bbox 816 5854 2387 5927">
    <p class='ocr_par' dir='ltr' id='par_1_91' title="bbox 816 5854 2387 5927">
     <span class='ocr_line' id='line_1_91' title="bbox 816 5854 2387 5927; baseline 0.001 -16"><span class='ocrx_word' id='word_1_631' title='bbox 816 5857 912 5921; x_wconf 83' lang='lat' dir='ltr'><strong>cit,</strong></span> <span class='ocrx_word' id='word_1_632' title='bbox 970 5854 1233 5920; x_wconf 85' lang='lat' dir='ltr'><strong>clamans,</strong></span> <span class='ocrx_word' id='word_1_633' title='bbox 1271 5857 1626 5927; x_wconf 79' lang='grc' dir='ltr'><strong>Πρόσχωμεν,</strong></span> <span class='ocrx_word' id='word_1_634' title='bbox 1665 5862 2021 5914; x_wconf 85' lang='lat' dir='ltr'><strong>attendamus.</strong></span> <span class='ocrx_word' id='word_1_635' title='bbox 2064 5862 2179 5915; x_wconf 77' lang='lat' dir='ltr'><strong>Mox</strong></span> <span class='ocrx_word' id='word_1_636' title='bbox 2240 5865 2387 5917; x_wconf 75' lang='lat' dir='ltr'><strong>cclc-</strong></span> 
     </span>
    </p>
   </div>
   <div class='ocr_carea' id='block_1_92' title="bbox 818 5948 2390 6020">
    <p class='ocr_par' dir='ltr' id='par_1_92' title="bbox 818 5948 2390 6020">
     <span class='ocr_line' id='line_1_92' title="bbox 818 5948 2390 6020; baseline 0.003 -17"><span class='ocrx_word' id='word_1_637' title='bbox 818 5948 983 6003; x_wconf 80' lang='lat' dir='ltr'><strong>lrans</strong></span> <span class='ocrx_word' id='word_1_638' title='bbox 1013 5961 1131 6017; x_wconf 77' lang='lat' dir='ltr'><strong>qua&#39;</strong></span> <span class='ocrx_word' id='word_1_639' title='bbox 1167 5949 1372 6016; x_wconf 83' lang='lat' dir='ltr'><strong>scripta</strong></span> <span class='ocrx_word' id='word_1_640' title='bbox 1402 5958 1528 6006; x_wconf 89' lang='lat' dir='ltr'><strong>sunt</strong></span> <span class='ocrx_word' id='word_1_641' title='bbox 1560 5951 1613 6006; x_wconf 86' lang='lat' dir='ltr'><strong>in</strong></span> <span class='ocrx_word' id='word_1_642' title='bbox 1641 5951 1827 6007; x_wconf 84' lang='lat' dir='ltr'><strong>charta</strong></span> <span class='ocrx_word' id='word_1_643' title='bbox 1858 5955 2192 6020; x_wconf 82' lang='lat' dir='ltr'><strong>nronuntiat,</strong></span> <span class='ocrx_word' id='word_1_644' title='bbox 2231 5956 2390 6009; x_wconf 86' lang='lat' dir='ltr'><strong>intel-</strong></span> 
     </span>
    </p>
   </div>
   <div class='ocr_carea' id='block_1_93' title="bbox 2482 3389 4069 3450">
    <p class='ocr_par' dir='ltr' id='par_1_93' title="bbox 2482 3389 4069 3450">
     <span class='ocr_line' id='line_1_93' title="bbox 2482 3389 4069 3450; baseline 0.002 -6"><span class='ocrx_word' id='word_1_645' title='bbox 2482 3389 2633 3445; x_wconf 86' lang='lat' dir='ltr'><strong>illam</strong></span> <span class='ocrx_word' id='word_1_646' title='bbox 2687 3392 2777 3445; x_wconf 89' lang='lat' dir='ltr'><strong>die</strong></span> <span class='ocrx_word' id='word_1_647' title='bbox 2829 3391 2891 3445; x_wconf 73' lang='grc' dir='ltr'>Μ</span> <span class='ocrx_word' id='word_1_648' title='bbox 2938 3391 3185 3447; x_wconf 84' lang='lat' dir='ltr'><strong>Januarii</strong></span> <span class='ocrx_word' id='word_1_649' title='bbox 3229 3408 3376 3446; x_wconf 88' lang='lat' dir='ltr'><strong>anno</strong></span> <span class='ocrx_word' id='word_1_650' title='bbox 3418 3392 3553 3448; x_wconf 84' lang='lat' dir='ltr'><strong>Chr.</strong></span> <span class='ocrx_word' id='word_1_651' title='bbox 3586 3393 3747 3449; x_wconf 75' lang='grc'><strong>1502.</strong></span> <span class='ocrx_word' id='word_1_652' title='bbox 3777 3393 3937 3450; x_wconf 87' lang='lat' dir='ltr'><strong>Unde</strong></span> <span class='ocrx_word' id='word_1_653' title='bbox 3984 3405 4069 3449; x_wconf 88' lang='lat' dir='ltr'><strong>est</strong></span> 
     </span>
    </p>
   </div>
   <div class='ocr_carea' id='block_1_94' title="bbox 2482 3484 4066 3556">
    <p class='ocr_par' dir='ltr' id='par_1_94' title="bbox 2482 3484 4066 3556">
     <span class='ocr_line' id='line_1_94' title="bbox 2482 3484 4066 3556; baseline 0.002 -19"><span class='ocrx_word' id='word_1_654' title='bbox 2482 3496 2829 3552; x_wconf 81' lang='lat' dir='ltr'><strong>consequens</strong></span> <span class='ocrx_word' id='word_1_655' title='bbox 2858 3484 3161 3553; x_wconf 77' lang='grc' dir='ltr'><strong>νουμηνίαν</strong></span> <span class='ocrx_word' id='word_1_656' title='bbox 3211 3498 3333 3553; x_wconf 61' lang='lat' dir='ltr'><strong>quae</strong></span> <span class='ocrx_word' id='word_1_657' title='bbox 3363 3486 3645 3553; x_wconf 66' lang='lat' dir='ltr'><strong>praecessit</strong></span> <span class='ocrx_word' id='word_1_658' title='bbox 3678 3486 3784 3541; x_wconf 87' lang='lat' dir='ltr'><strong>hoc</strong></span> <span class='ocrx_word' id='word_1_659' title='bbox 3826 3488 4066 3556; x_wconf 83' lang='lat' dir='ltr'><strong>plenilu-</strong></span> 
     </span>
    </p>
   </div>
   <div class='ocr_carea' id='block_1_95' title="bbox 2482 3575 4065 3646">
    <p class='ocr_par' dir='ltr' id='par_1_95' title="bbox 2482 3575 4065 3646">
     <span class='ocr_line' id='line_1_95' title="bbox 2482 3575 4065 3646; baseline 0 -16"><span class='ocrx_word' id='word_1_660' title='bbox 2482 3578 2637 3631; x_wconf 81' lang='lat' dir='ltr'><strong>nium</strong></span> <span class='ocrx_word' id='word_1_661' title='bbox 2682 3576 3002 3646; x_wconf 91' lang='lat' dir='ltr'><strong>eclipticum</strong></span> <span class='ocrx_word' id='word_1_662' title='bbox 3052 3577 3109 3629; x_wconf 89' lang='lat' dir='ltr'><strong>in</strong></span> <span class='ocrx_word' id='word_1_663' title='bbox 3144 3576 3294 3645; x_wconf 88' lang='lat' dir='ltr'><strong>ipsas</strong></span> <span class='ocrx_word' id='word_1_664' title='bbox 3326 3575 3575 3631; x_wconf 81' lang='lat' dir='ltr'><strong>Januarii</strong></span> <span class='ocrx_word' id='word_1_665' title='bbox 3604 3576 3878 3633; x_wconf 81' lang='lat' dir='ltr'><strong>Kalendas</strong></span> <span class='ocrx_word' id='word_1_666' title='bbox 3925 3579 4065 3632; x_wconf 88' lang='lat' dir='ltr'><strong>inci-</strong></span> 
     </span>
    </p>
   </div>
   <div class='ocr_carea' id='block_1_96' title="bbox 2482 3667 4065 3739">
    <p class='ocr_par' dir='ltr' id='par_1_96' title="bbox 2482 3667 4065 3739">
     <span class='ocr_line' id='line_1_96' title="bbox 2482 3667 4065 3739; baseline 0.001 -17"><span class='ocrx_word' id='word_1_667' title='bbox 2482 3667 2653 3723; x_wconf 87' lang='lat' dir='ltr'><strong>disse.</strong></span> <span class='ocrx_word' id='word_1_668' title='bbox 2679 3668 2816 3722; x_wconf 87' lang='lat' dir='ltr'><strong>Nam</strong></span> <span class='ocrx_word' id='word_1_669' title='bbox 2844 3668 2910 3722; x_wconf 74' lang='grc' dir='ltr'>Η</span> <span class='ocrx_word' id='word_1_670' title='bbox 2932 3667 3076 3721; x_wconf 73' lang='lat' dir='ltr'><strong>lunae</strong></span> <span class='ocrx_word' id='word_1_671' title='bbox 3095 3668 3185 3722; x_wconf 90' lang='lat' dir='ltr'><strong>die</strong></span> <span class='ocrx_word' id='word_1_672' title='bbox 3217 3668 3520 3737; x_wconf 88' lang='lat' dir='ltr'><strong>plenilunia</strong></span> <span class='ocrx_word' id='word_1_673' title='bbox 3552 3668 3711 3722; x_wconf 85' lang='lat' dir='ltr'><strong>ﬁunt.</strong></span> <span class='ocrx_word' id='word_1_674' title='bbox 3739 3668 4065 3739; x_wconf 81' lang='lat' dir='ltr'><strong>Exprimere</strong></span> 
     </span>
    </p>
   </div>
   <div class='ocr_carea' id='block_1_97' title="bbox 2483 3757 4065 3828">
    <p class='ocr_par' dir='ltr' id='par_1_97' title="bbox 2483 3757 4065 3828">
     <span class='ocr_line' id='line_1_97' title="bbox 2483 3757 4065 3828; baseline 0 -16"><span class='ocrx_word' id='word_1_675' title='bbox 2483 3757 2654 3828; x_wconf 75' lang='lat' dir='ltr'><strong>igitur</strong></span> <span class='ocrx_word' id='word_1_676' title='bbox 2698 3766 2890 3812; x_wconf 81' lang='lat' dir='ltr'><strong>noster</strong></span> <span class='ocrx_word' id='word_1_677' title='bbox 2950 3757 3042 3811; x_wconf 90' lang='lat' dir='ltr'><strong>hic</strong></span> <span class='ocrx_word' id='word_1_678' title='bbox 3100 3757 3278 3810; x_wconf 88' lang='lat' dir='ltr'><strong>voluit</strong></span> <span class='ocrx_word' id='word_1_679' title='bbox 3329 3757 3495 3827; x_wconf 74' lang='lat'><strong>685</strong></span> <span class='ocrx_word' id='word_1_680' title='bbox 3542 3757 3685 3812; x_wconf 68' lang='lat' dir='ltr'><strong>lunae</strong></span> <span class='ocrx_word' id='word_1_681' title='bbox 3716 3769 4065 3814; x_wconf 88' lang='lat' dir='ltr'><strong>menstruum</strong></span> 
     </span>
    </p>
   </div>
   <div class='ocr_carea' id='block_1_98' title="bbox 2482 3849 4065 3920">
    <p class='ocr_par' dir='ltr' id='par_1_98' title="bbox 2482 3849 4065 3920">
     <span class='ocr_line' id='line_1_98' title="bbox 2482 3849 4065 3920; baseline -0.001 -15"><span class='ocrx_word' id='word_1_682' title='bbox 2482 3866 2708 3905; x_wconf 90' lang='lat' dir='ltr'><strong>cursum</strong></span> <span class='ocrx_word' id='word_1_683' title='bbox 2737 3850 2995 3920; x_wconf 80' lang='lat' dir='ltr'><strong>allegoria</strong></span> <span class='ocrx_word' id='word_1_684' title='bbox 3019 3849 3254 3919; x_wconf 91' lang='lat' dir='ltr'><strong>quadam</strong></span> <span class='ocrx_word' id='word_1_685' title='bbox 3289 3849 3533 3904; x_wconf 77' lang='lat' dir='ltr'><strong>aediﬁcii.</strong></span> <span class='ocrx_word' id='word_1_686' title='bbox 3572 3850 3710 3916; x_wconf 86' lang='lat' dir='ltr'><strong>Quia</strong></span> <span class='ocrx_word' id='word_1_687' title='bbox 3742 3852 3893 3905; x_wconf 89' lang='lat' dir='ltr'><strong>enim</strong></span> <span class='ocrx_word' id='word_1_688' title='bbox 3931 3853 4065 3906; x_wconf 88' lang='lat' dir='ltr'><strong>sub-</strong></span> 
     </span>
    </p>
   </div>
   <div class='ocr_carea' id='block_1_99' title="bbox 2482 3940 4067 4016">
    <p class='ocr_par' dir='ltr' id='par_1_99' title="bbox 2482 3940 4067 4016">
     <span class='ocr_line' id='line_1_99' title="bbox 2482 3940 4067 4016; baseline 0 -19"><span class='ocrx_word' id='word_1_689' title='bbox 2482 3943 2807 3998; x_wconf 88' lang='lat' dir='ltr'><strong>structionis</strong></span> <span class='ocrx_word' id='word_1_690' title='bbox 2851 3942 3069 3997; x_wconf 88' lang='lat' dir='ltr'><strong>initium</strong></span> <span class='ocrx_word' id='word_1_691' title='bbox 3119 3940 3542 4016; x_wconf 67' lang='lat' dir='ltr'><strong>fundamentjtm</strong></span> <span class='ocrx_word' id='word_1_692' title='bbox 3590 3951 3694 4006; x_wconf 89' lang='lat' dir='ltr'><strong>est,</strong></span> <span class='ocrx_word' id='word_1_693' title='bbox 3726 3941 3937 3997; x_wconf 59' lang='lat' dir='ltr'><strong>Graecis</strong></span> <span class='ocrx_word' id='word_1_694' title='bbox 3986 3943 4067 3997; x_wconf 87' lang='lat' dir='ltr'><strong>di-</strong></span> 
     </span>
    </p>
   </div>
   <div class='ocr_carea' id='block_1_100' title="bbox 2483 4034 4069 4106">
    <p class='ocr_par' dir='ltr' id='par_1_100' title="bbox 2483 4034 4069 4106">
     <span class='ocr_line' id='line_1_100' title="bbox 2483 4034 4069 4106; baseline 0.001 -16"><span class='ocrx_word' id='word_1_695' title='bbox 2483 4044 2633 4091; x_wconf 89' lang='lat' dir='ltr'><strong>ctum</strong></span> <span class='ocrx_word' id='word_1_696' title='bbox 2656 4035 2932 4105; x_wconf 79' lang='grc' dir='ltr'><strong>θεμέλιον,</strong></span> <span class='ocrx_word' id='word_1_697' title='bbox 2959 4043 3111 4090; x_wconf 89' lang='lat' dir='ltr'><strong>recte</strong></span> <span class='ocrx_word' id='word_1_698' title='bbox 3141 4034 3430 4089; x_wconf 87' lang='lat' dir='ltr'><strong>transferri</strong></span> <span class='ocrx_word' id='word_1_699' title='bbox 3461 4050 3621 4104; x_wconf 81' lang='lat' dir='ltr'><strong>posse</strong></span> <span class='ocrx_word' id='word_1_700' title='bbox 3648 4036 3700 4089; x_wconf 91' lang='lat' dir='ltr'><strong>id</strong></span> <span class='ocrx_word' id='word_1_701' title='bbox 3735 4050 3939 4091; x_wconf 85' lang='lat' dir='ltr'><strong>nomen</strong></span> <span class='ocrx_word' id='word_1_702' title='bbox 3968 4052 4069 4106; x_wconf 87' lang='lat' dir='ltr'><strong>pu-</strong></span> 
     </span>
    </p>
   </div>
   <div class='ocr_carea' id='block_1_101' title="bbox 2482 4126 4062 4199">
    <p class='ocr_par' dir='ltr' id='par_1_101' title="bbox 2482 4126 4062 4199">
     <span class='ocr_line' id='line_1_101' title="bbox 2482 4126 4062 4199; baseline 0.001 -17"><span class='ocrx_word' id='word_1_703' title='bbox 2482 4128 2619 4182; x_wconf 86' lang='lat' dir='ltr'><strong>tavit</strong></span> <span class='ocrx_word' id='word_1_704' title='bbox 2666 4128 2732 4182; x_wconf 90' lang='lat' dir='ltr'><strong>ad</strong></span> <span class='ocrx_word' id='word_1_705' title='bbox 2780 4126 3205 4197; x_wconf 78' lang='lat' dir='ltr'><strong>signiﬁcandum</strong></span> <span class='ocrx_word' id='word_1_706' title='bbox 3255 4128 3473 4181; x_wconf 90' lang='lat' dir='ltr'><strong>initium</strong></span> <span class='ocrx_word' id='word_1_707' title='bbox 3529 4136 3731 4190; x_wconf 89' lang='lat' dir='ltr'><strong>motus,</strong></span> <span class='ocrx_word' id='word_1_708' title='bbox 3779 4144 3895 4199; x_wconf 86' lang='lat' dir='ltr'><strong>quo</strong></span> <span class='ocrx_word' id='word_1_709' title='bbox 3934 4130 4062 4183; x_wconf 85' lang='lat' dir='ltr'><strong>luna</strong></span> 
     </span>
    </p>
   </div>
   <div class='ocr_carea' id='block_1_102' title="bbox 2483 4218 4069 4289">
    <p class='ocr_par' dir='ltr' id='par_1_102' title="bbox 2483 4218 4069 4289">
     <span class='ocr_line' id='line_1_102' title="bbox 2483 4218 4069 4289; baseline 0.002 -16"><span class='ocrx_word' id='word_1_710' title='bbox 2483 4219 2670 4273; x_wconf 87' lang='lat' dir='ltr'><strong>statim</strong></span> <span class='ocrx_word' id='word_1_711' title='bbox 2696 4235 2724 4273; x_wconf 86' lang='lat' dir='ltr'><strong>a</strong></span> <span class='ocrx_word' id='word_1_712' title='bbox 2761 4229 2969 4289; x_wconf 89' lang='lat' dir='ltr'><strong>puncto</strong></span> <span class='ocrx_word' id='word_1_713' title='bbox 3006 4218 3186 4273; x_wconf 89' lang='lat' dir='ltr'><strong>coitus</strong></span> <span class='ocrx_word' id='word_1_714' title='bbox 3224 4234 3350 4274; x_wconf 91' lang='lat' dir='ltr'><strong>cum</strong></span> <span class='ocrx_word' id='word_1_715' title='bbox 3380 4219 3496 4275; x_wconf 88' lang='lat' dir='ltr'><strong>sole</strong></span> <span class='ocrx_word' id='word_1_716' title='bbox 3531 4220 3601 4274; x_wconf 88' lang='lat' dir='ltr'><strong>ad</strong></span> <span class='ocrx_word' id='word_1_717' title='bbox 3631 4236 3834 4275; x_wconf 84' lang='lat' dir='ltr'><strong>novum</strong></span> <span class='ocrx_word' id='word_1_718' title='bbox 3865 4222 4069 4276; x_wconf 83' lang='lat' dir='ltr'><strong>circui-</strong></span> 
     </span>
    </p>
   </div>
   <div class='ocr_carea' id='block_1_103' title="bbox 2486 4310 4065 4385">
    <p class='ocr_par' dir='ltr' id='par_1_103' title="bbox 2486 4310 4065 4385">
     <span class='ocr_line' id='line_1_103' title="bbox 2486 4310 4065 4385; baseline 0.004 -21"><span class='ocrx_word' id='word_1_719' title='bbox 2486 4320 2600 4364; x_wconf 83' lang='lat' dir='ltr'><strong>tum</strong></span> <span class='ocrx_word' id='word_1_720' title='bbox 2647 4326 2768 4365; x_wconf 78' lang='lat' dir='ltr'><strong>sese</strong></span> <span class='ocrx_word' id='word_1_721' title='bbox 2816 4310 3031 4365; x_wconf 83' lang='lat' dir='ltr'><strong>incitat.</strong></span> <span class='ocrx_word' id='word_1_722' title='bbox 3071 4310 3237 4365; x_wconf 83' lang='lat' dir='ltr'><strong>Forte</strong></span> <span class='ocrx_word' id='word_1_723' title='bbox 3272 4320 3457 4366; x_wconf 88' lang='lat' dir='ltr'><strong>autem</strong></span> <span class='ocrx_word' id='word_1_724' title='bbox 3493 4313 3848 4383; x_wconf 66' lang='grc' dir='ltr'><strong>κυριολογιπν</strong></span> <span class='ocrx_word' id='word_1_725' title='bbox 3877 4331 4065 4385; x_wconf 84' lang='lat' dir='ltr'><strong>quam-</strong></span> 
     </span>
    </p>
   </div>
   <div class='ocr_carea' id='block_1_104' title="bbox 2484 4404 4066 4479">
    <p class='ocr_par' dir='ltr' id='par_1_104' title="bbox 2484 4404 4066 4479">
     <span class='ocr_line' id='line_1_104' title="bbox 2484 4404 4066 4479; baseline 0.004 -22"><span class='ocrx_word' id='word_1_726' title='bbox 2484 4404 2608 4457; x_wconf 91' lang='lat' dir='ltr'><strong>dam</strong></span> <span class='ocrx_word' id='word_1_727' title='bbox 2643 4413 2837 4459; x_wconf 88' lang='lat' dir='ltr'><strong>auctor</strong></span> <span class='ocrx_word' id='word_1_728' title='bbox 2865 4406 3054 4475; x_wconf 89' lang='lat' dir='ltr'><strong>posuit</strong></span> <span class='ocrx_word' id='word_1_729' title='bbox 3081 4405 3135 4458; x_wconf 93' lang='lat' dir='ltr'><strong>in</strong></span> <span class='ocrx_word' id='word_1_730' title='bbox 3169 4420 3302 4459; x_wconf 86' lang='lat' dir='ltr'><strong>voce</strong></span> <span class='ocrx_word' id='word_1_731' title='bbox 3330 4406 3457 4475; x_wconf 83' lang='grc' dir='ltr'><strong>μὴν,</strong></span> <span class='ocrx_word' id='word_1_732' title='bbox 3487 4416 3549 4460; x_wconf 92' lang='lat' dir='ltr'><strong>ut</strong></span> <span class='ocrx_word' id='word_1_733' title='bbox 3584 4423 3683 4477; x_wconf 91' lang='lat' dir='ltr'><strong>per</strong></span> <span class='ocrx_word' id='word_1_734' title='bbox 3705 4422 3826 4462; x_wconf 86' lang='lat' dir='ltr'><strong>eam</strong></span> <span class='ocrx_word' id='word_1_735' title='bbox 3860 4409 4066 4479; x_wconf 89' lang='lat' dir='ltr'><strong>alioqui</strong></span> 
     </span>
    </p>
   </div>
   <div class='ocr_carea' id='block_1_105' title="bbox 2487 4497 4068 4572">
    <p class='ocr_par' dir='ltr' id='par_1_105' title="bbox 2487 4497 4068 4572">
     <span class='ocr_line' id='line_1_105' title="bbox 2487 4497 4068 4572; baseline 0.004 -22"><span class='ocrx_word' id='word_1_736' title='bbox 2487 4506 2663 4550; x_wconf 87' lang='lat' dir='ltr'><strong>totum</strong></span> <span class='ocrx_word' id='word_1_737' title='bbox 2695 4497 3208 4565; x_wconf 83' lang='grc' dir='ltr'><strong>τριακονταήμερον</strong></span> <span class='ocrx_word' id='word_1_738' title='bbox 3246 4498 3484 4565; x_wconf 84' lang='lat' dir='ltr'><strong>spatium</strong></span> <span class='ocrx_word' id='word_1_739' title='bbox 3521 4498 3765 4567; x_wconf 79' lang='lat' dir='ltr'><strong>triginta,</strong></span> <span class='ocrx_word' id='word_1_740' title='bbox 3788 4511 3846 4555; x_wconf 90' lang='lat' dir='ltr'><strong>et</strong></span> <span class='ocrx_word' id='word_1_741' title='bbox 3869 4502 3915 4555; x_wconf 88' lang='lat' dir='ltr'><strong>si</strong></span> <span class='ocrx_word' id='word_1_742' title='bbox 3938 4503 4068 4572; x_wconf 87' lang='lat' dir='ltr'><strong>quid</strong></span> 
     </span>
    </p>
   </div>
   <div class='ocr_carea' id='block_1_106' title="bbox 2414 4587 4067 4675">
    <p class='ocr_par' dir='ltr' id='par_1_106' title="bbox 2414 4587 4067 4675">
     <span class='ocr_line' id='line_1_106' title="bbox 2414 4587 4067 4675; baseline 0.004 -34"><span class='ocrx_word' id='word_1_743' title='bbox 2414 4620 2459 4675; x_wconf 67' lang='grc' dir='ltr'>ο</span> <span class='ocrx_word' id='word_1_744' title='bbox 2488 4587 2752 4652; x_wconf 81' lang='lat' dir='ltr'><strong>excurrit,</strong></span> <span class='ocrx_word' id='word_1_745' title='bbox 2777 4587 2993 4642; x_wconf 90' lang='lat' dir='ltr'><strong>dierum</strong></span> <span class='ocrx_word' id='word_1_746' title='bbox 3025 4588 3269 4642; x_wconf 89' lang='lat' dir='ltr'><strong>indicare</strong></span> <span class='ocrx_word' id='word_1_747' title='bbox 3299 4590 3462 4659; x_wconf 77' lang='lat' dir='ltr'><strong>vulgo</strong></span> <span class='ocrx_word' id='word_1_748' title='bbox 3511 4591 3755 4657; x_wconf 79' lang='lat' dir='ltr'><strong>solitam,</strong></span> <span class='ocrx_word' id='word_1_749' title='bbox 3801 4593 3895 4649; x_wconf 83' lang='lat' dir='ltr'><strong>hic</strong></span> <span class='ocrx_word' id='word_1_750' title='bbox 3939 4612 4067 4664; x_wconf 87' lang='lat' dir='ltr'><strong>pro-</strong></span> 
     </span>
    </p>
   </div>
   <div class='ocr_carea' id='block_1_107' title="bbox 2490 4678 4071 4750">
    <p class='ocr_par' dir='ltr' id='par_1_107' title="bbox 2490 4678 4071 4750">
     <span class='ocr_line' id='line_1_107' title="bbox 2490 4678 4071 4750; baseline 0.005 -19"><span class='ocrx_word' id='word_1_751' title='bbox 2490 4679 2606 4747; x_wconf 90' lang='lat' dir='ltr'><strong>prie</strong></span> <span class='ocrx_word' id='word_1_752' title='bbox 2644 4678 2976 4733; x_wconf 84' lang='lat' dir='ltr'><strong>intellexerit</strong></span> <span class='ocrx_word' id='word_1_753' title='bbox 3006 4678 3274 4734; x_wconf 82' lang='lat' dir='ltr'><strong>Kalendas</strong></span> <span class='ocrx_word' id='word_1_754' title='bbox 3310 4679 3456 4748; x_wconf 88' lang='lat' dir='ltr'><strong>ipsas</strong></span> <span class='ocrx_word' id='word_1_755' title='bbox 3488 4682 3604 4735; x_wconf 86' lang='lat' dir='ltr'><strong>sive</strong></span> <span class='ocrx_word' id='word_1_756' title='bbox 3638 4683 3873 4750; x_wconf 89' lang='lat' dir='ltr'><strong>primam</strong></span> <span class='ocrx_word' id='word_1_757' title='bbox 3916 4700 4071 4739; x_wconf 83' lang='lat' dir='ltr'><strong>men-</strong></span> 
     </span>
    </p>
   </div>
   <div class='ocr_carea' id='block_1_108' title="bbox 2490 4769 4059 4846">
    <p class='ocr_par' dir='ltr' id='par_1_108' title="bbox 2490 4769 4059 4846">
     <span class='ocr_line' id='line_1_108' title="bbox 2490 4769 4059 4846; baseline 0.004 -24"><span class='ocrx_word' id='word_1_758' title='bbox 2490 4771 2565 4823; x_wconf 88' lang='lat' dir='ltr'><strong>sis</strong></span> <span class='ocrx_word' id='word_1_759' title='bbox 2594 4769 2774 4834; x_wconf 86' lang='lat' dir='ltr'><strong>diem;</strong></span> <span class='ocrx_word' id='word_1_760' title='bbox 2810 4770 2881 4823; x_wconf 85' lang='lat' dir='ltr'><strong>ita</strong></span> <span class='ocrx_word' id='word_1_761' title='bbox 2912 4778 2991 4832; x_wconf 81' lang='lat' dir='ltr'><strong>ut,</strong></span> <span class='ocrx_word' id='word_1_762' title='bbox 3012 4786 3136 4825; x_wconf 89' lang='lat' dir='ltr'><strong>cum</strong></span> <span class='ocrx_word' id='word_1_763' title='bbox 3172 4771 3312 4825; x_wconf 76' lang='lat' dir='ltr'><strong>dixit</strong></span> <span class='ocrx_word' id='word_1_764' title='bbox 3341 4773 3486 4841; x_wconf 77' lang='grc' dir='ltr'><strong>μῆνα</strong></span> <span class='ocrx_word' id='word_1_765' title='bbox 3521 4774 3578 4825; x_wconf 79' lang='grc' dir='ltr'><strong>δὲ</strong></span> <span class='ocrx_word' id='word_1_766' title='bbox 3606 4774 3830 4845; x_wconf 75' lang='grc' dir='ltr'>Ληναίῳ</span> <span class='ocrx_word' id='word_1_767' title='bbox 3863 4778 4059 4846; x_wconf 67' lang='grc' dir='ltr'><strong>πρώτη</strong></span> 
     </span>
    </p>
   </div>
   <div class='ocr_carea' id='block_1_109' title="bbox 2491 4860 4070 4934">
    <p class='ocr_par' dir='ltr' id='par_1_109' title="bbox 2491 4860 4070 4934">
     <span class='ocr_line' id='line_1_109' title="bbox 2491 4860 4070 4934; baseline 0.006 -23"><span class='ocrx_word' id='word_1_768' title='bbox 2491 4860 2647 4929; x_wconf 78' lang='grc' dir='ltr'><strong>βάσις</strong></span> <span class='ocrx_word' id='word_1_769' title='bbox 2700 4861 2889 4915; x_wconf 81' lang='grc' dir='ltr'><strong>ἵστατο</strong></span> <span class='ocrx_word' id='word_1_770' title='bbox 2938 4862 3134 4931; x_wconf 84' lang='grc' dir='ltr'><strong>μήνης,</strong></span> <span class='ocrx_word' id='word_1_771' title='bbox 3178 4862 3427 4918; x_wconf 84' lang='lat' dir='ltr'><strong>indicare</strong></span> <span class='ocrx_word' id='word_1_772' title='bbox 3461 4865 3609 4934; x_wconf 87' lang='lat' dir='ltr'><strong>quod</strong></span> <span class='ocrx_word' id='word_1_773' title='bbox 3646 4865 3760 4919; x_wconf 82' lang='lat' dir='ltr'><strong>dixi</strong></span> <span class='ocrx_word' id='word_1_774' title='bbox 3803 4868 4070 4931; x_wconf 77' lang='lat' dir='ltr'><strong>voluerit,</strong></span> 
     </span>
    </p>
   </div>
   <div class='ocr_carea' id='block_1_110' title="bbox 2488 4951 4073 5023">
    <p class='ocr_par' dir='ltr' id='par_1_110' title="bbox 2488 4951 4073 5023">
     <span class='ocr_line' id='line_1_110' title="bbox 2488 4951 4073 5023; baseline 0.006 -20"><span class='ocrx_word' id='word_1_775' title='bbox 2488 4966 2731 5004; x_wconf 90' lang='lat' dir='ltr'><strong>mensem</strong></span> <span class='ocrx_word' id='word_1_776' title='bbox 2756 4951 3006 5004; x_wconf 87' lang='lat' dir='ltr'><strong>lunarem</strong></span> <span class='ocrx_word' id='word_1_777' title='bbox 3035 4966 3101 5006; x_wconf 90' lang='lat' dir='ltr'><strong>eo</strong></span> <span class='ocrx_word' id='word_1_778' title='bbox 3121 4967 3265 5006; x_wconf 86' lang='lat' dir='ltr'><strong>anno</strong></span> <span class='ocrx_word' id='word_1_779' title='bbox 3296 4968 3422 5008; x_wconf 90' lang='lat' dir='ltr'><strong>cum</strong></span> <span class='ocrx_word' id='word_1_780' title='bbox 3449 4954 3595 5008; x_wconf 85' lang='lat' dir='ltr'><strong>civili</strong></span> <span class='ocrx_word' id='word_1_781' title='bbox 3622 4956 3771 5023; x_wconf 86' lang='lat' dir='ltr'><strong>paria</strong></span> <span class='ocrx_word' id='word_1_782' title='bbox 3798 4957 4073 5012; x_wconf 74' lang='lat' dir='ltr'><strong>inchoan-</strong></span> 
     </span>
    </p>
   </div>
   <div class='ocr_carea' id='block_1_111' title="bbox 2488 5043 4073 5114">
    <p class='ocr_par' dir='ltr' id='par_1_111' title="bbox 2488 5043 4073 5114">
     <span class='ocr_line' id='line_1_111' title="bbox 2488 5043 4073 5114; baseline 0.003 -16"><span class='ocrx_word' id='word_1_783' title='bbox 2488 5043 2559 5098; x_wconf 93' lang='lat' dir='ltr'><strong>d0</strong></span> <span class='ocrx_word' id='word_1_784' title='bbox 2594 5044 2812 5109; x_wconf 82' lang='lat' dir='ltr'><strong>fecisse,</strong></span> <span class='ocrx_word' id='word_1_785' title='bbox 2841 5060 2903 5099; x_wconf 90' lang='lat' dir='ltr'><strong>ac</strong></span> <span class='ocrx_word' id='word_1_786' title='bbox 2936 5046 3116 5114; x_wconf 88' lang='lat' dir='ltr'><strong>primo</strong></span> <span class='ocrx_word' id='word_1_787' title='bbox 3151 5047 3269 5114; x_wconf 88' lang='lat' dir='ltr'><strong>ipso</strong></span> <span class='ocrx_word' id='word_1_788' title='bbox 3293 5046 3543 5101; x_wconf 79' lang='lat' dir='ltr'><strong>Januarii</strong></span> <span class='ocrx_word' id='word_1_789' title='bbox 3572 5046 3810 5114; x_wconf 89' lang='lat' dir='ltr'><strong>primum</strong></span> <span class='ocrx_word' id='word_1_790' title='bbox 3842 5048 4073 5102; x_wconf 80' lang='lat' dir='ltr'><strong>inivisse</strong></span> 
     </span>
    </p>
   </div>
   <div class='ocr_carea' id='block_1_112' title="bbox 2489 5135 4073 5204">
    <p class='ocr_par' dir='ltr' id='par_1_112' title="bbox 2489 5135 4073 5204">
     <span class='ocr_line' id='line_1_112' title="bbox 2489 5135 4073 5204; baseline 0.004 -17"><span class='ocrx_word' id='word_1_791' title='bbox 2489 5135 2700 5189; x_wconf 86' lang='lat' dir='ltr'><strong>lunaris</strong></span> <span class='ocrx_word' id='word_1_792' title='bbox 2748 5136 2959 5204; x_wconf 86' lang='lat' dir='ltr'><strong>periodi</strong></span> <span class='ocrx_word' id='word_1_793' title='bbox 3018 5136 3192 5191; x_wconf 89' lang='lat' dir='ltr'><strong>diem.</strong></span> <span class='ocrx_word' id='word_1_794' title='bbox 3241 5136 3397 5201; x_wconf 88' lang='lat' dir='ltr'><strong>Quod</strong></span> <span class='ocrx_word' id='word_1_795' title='bbox 3445 5152 3511 5190; x_wconf 87' lang='lat' dir='ltr'><strong>ex</strong></span> <span class='ocrx_word' id='word_1_796' title='bbox 3546 5138 3751 5190; x_wconf 87' lang='lat' dir='ltr'><strong>tabulis</strong></span> <span class='ocrx_word' id='word_1_797' title='bbox 3791 5137 4073 5203; x_wconf 87' lang='lat' dir='ltr'><strong>hodieque</strong></span> 
     </span>
    </p>
   </div>
   <div class='ocr_carea' id='block_1_113' title="bbox 2488 5227 3741 5296">
    <p class='ocr_par' dir='ltr' id='par_1_113' title="bbox 2488 5227 3741 5296">
     <span class='ocr_line' id='line_1_113' title="bbox 2488 5227 3741 5296; baseline 0.002 -17"><span class='ocrx_word' id='word_1_798' title='bbox 2488 5227 2869 5280; x_wconf 80' lang='lat' dir='ltr'><strong>astronumicis</strong></span> <span class='ocrx_word' id='word_1_799' title='bbox 2902 5227 3249 5281; x_wconf 73' lang='lat' dir='ltr'><strong>verissimum</strong></span> <span class='ocrx_word' id='word_1_800' title='bbox 3285 5228 3741 5296; x_wconf 84' lang='lat' dir='ltr'><strong>deprehenditur.</strong></span> 
     </span>
    </p>
   </div>
   <div class='ocr_carea' id='block_1_114' title="bbox 2563 5317 4077 5388">
    <p class='ocr_par' dir='ltr' id='par_1_114' title="bbox 2563 5317 4077 5388">
     <span class='ocr_line' id='line_1_114' title="bbox 2563 5317 4077 5388; baseline 0.004 -20"><span class='ocrx_word' id='word_1_801' title='bbox 2563 5317 2784 5383; x_wconf 75' lang='grc' dir='ltr'><strong>Ἵκταρ,</strong></span> <span class='ocrx_word' id='word_1_802' title='bbox 2841 5333 2890 5384; x_wconf 89' lang='lat' dir='ltr'><strong>p.</strong></span> <span class='ocrx_word' id='word_1_803' title='bbox 2941 5318 3029 5372; x_wconf 73' lang='grc'><strong>45.</strong></span> <span class='ocrx_word' id='word_1_804' title='bbox 3090 5317 3292 5372; x_wconf 86' lang='lat' dir='ltr'><strong>lterum</strong></span> <span class='ocrx_word' id='word_1_805' title='bbox 3354 5335 3406 5386; x_wconf 93' lang='lat' dir='ltr'><strong>p.</strong></span> <span class='ocrx_word' id='word_1_806' title='bbox 3480 5318 3600 5373; x_wconf 71' lang='grc'><strong>155.</strong></span> <span class='ocrx_word' id='word_1_807' title='bbox 3645 5319 3954 5388; x_wconf 80' lang='lat' dir='ltr'><strong>Hesychius</strong></span> <span class='ocrx_word' id='word_1_808' title='bbox 4015 5324 4077 5374; x_wconf 79' lang='grc' dir='ltr'><strong>τὸ</strong></span> 
     </span>
    </p>
   </div>
   <div class='ocr_carea' id='block_1_115' title="bbox 2495 5408 4079 5479">
    <p class='ocr_par' dir='ltr' id='par_1_115' title="bbox 2495 5408 4079 5479">
     <span class='ocr_line' id='line_1_115' title="bbox 2495 5408 4079 5479; baseline 0.006 -20"><span class='ocrx_word' id='word_1_809' title='bbox 2495 5408 2654 5475; x_wconf 77' lang='grc' dir='ltr'><strong>ἴκταρ</strong></span> <span class='ocrx_word' id='word_1_810' title='bbox 2694 5408 2920 5471; x_wconf 84' lang='lat' dir='ltr'><strong>exponit</strong></span> <span class='ocrx_word' id='word_1_811' title='bbox 2949 5409 3138 5476; x_wconf 72' lang='grc' dir='ltr'><strong>ἐγγύς,</strong></span> <span class='ocrx_word' id='word_1_812' title='bbox 3163 5426 3345 5479; x_wconf 82' lang='lat' dir='ltr'><strong>prape.</strong></span> <span class='ocrx_word' id='word_1_813' title='bbox 3382 5410 3526 5464; x_wconf 85' lang='lat' dir='ltr'><strong>Idem</strong></span> <span class='ocrx_word' id='word_1_814' title='bbox 3568 5411 4079 5469; x_wconf 79' lang='lat' dir='ltr'><strong>docetEustathius</strong></span> 
     </span>
    </p>
   </div>
   <div class='ocr_carea' id='block_1_116' title="bbox 2491 5496 4076 5570">
    <p class='ocr_par' dir='ltr' id='par_1_116' title="bbox 2491 5496 4076 5570">
     <span class='ocr_line' id='line_1_116' title="bbox 2491 5496 4076 5570; baseline 0.006 -20"><span class='ocrx_word' id='word_1_815' title='bbox 2491 5500 2555 5551; x_wconf 86' lang='lat' dir='ltr'><strong>ad</strong></span> <span class='ocrx_word' id='word_1_816' title='bbox 2593 5496 2787 5568; x_wconf 80' lang='lat' dir='ltr'><strong>Odyss.</strong></span> <span class='ocrx_word' id='word_1_817' title='bbox 2821 5497 2881 5567; x_wconf 74' lang='grc' dir='ltr'><strong>ψ,</strong></span> <span class='ocrx_word' id='word_1_818' title='bbox 2926 5508 2983 5552; x_wconf 91' lang='lat' dir='ltr'><strong>ct</strong></span> <span class='ocrx_word' id='word_1_819' title='bbox 3010 5508 3243 5568; x_wconf 90' lang='lat' dir='ltr'><strong>uterque</strong></span> <span class='ocrx_word' id='word_1_820' title='bbox 3269 5502 3461 5554; x_wconf 91' lang='lat' dir='ltr'><strong>recitat</strong></span> <span class='ocrx_word' id='word_1_821' title='bbox 3490 5511 3814 5570; x_wconf 84' lang='lat' dir='ltr'><strong>usurpatum</strong></span> <span class='ocrx_word' id='word_1_822' title='bbox 3852 5503 4076 5560; x_wconf 78' lang='lat' dir='ltr'><strong>Platoni</strong></span> 
     </span>
    </p>
   </div>
   <div class='ocr_carea' id='block_1_117' title="bbox 2491 5587 4075 5667">
    <p class='ocr_par' dir='ltr' id='par_1_117' title="bbox 2491 5587 4075 5667">
     <span class='ocr_line' id='line_1_117' title="bbox 2491 5587 4075 5667; baseline 0.008 -26"><span class='ocrx_word' id='word_1_823' title='bbox 2491 5588 2523 5641; x_wconf 90' lang='lat'><strong>9</strong></span> <span class='ocrx_word' id='word_1_824' title='bbox 2552 5587 2619 5641; x_wconf 86' lang='lat' dir='ltr'><strong>de</strong></span> <span class='ocrx_word' id='word_1_825' title='bbox 2669 5589 2806 5658; x_wconf 75' lang='lat' dir='ltr'><strong>Rep.</strong></span> <span class='ocrx_word' id='word_1_826' title='bbox 2842 5590 3121 5659; x_wconf 81' lang='lat' dir='ltr'><strong>adagium.</strong></span> <span class='ocrx_word' id='word_1_827' title='bbox 3169 5591 3277 5643; x_wconf 72' lang='grc' dir='ltr'><strong>οὐδ’</strong></span> <span class='ocrx_word' id='word_1_828' title='bbox 3308 5593 3470 5663; x_wconf 78' lang='grc' dir='ltr'><strong>ἵκταρ</strong></span> <span class='ocrx_word' id='word_1_829' title='bbox 3498 5594 3704 5663; x_wconf 78' lang='grc' dir='ltr'><strong>βάλλει,</strong></span> <span class='ocrx_word' id='word_1_830' title='bbox 3754 5596 3822 5651; x_wconf 86' lang='lat' dir='ltr'><strong>de</strong></span> <span class='ocrx_word' id='word_1_831' title='bbox 3855 5598 4075 5667; x_wconf 83' lang='lat' dir='ltr'><strong>jacula-</strong></span> 
     </span>
    </p>
   </div>
   <div class='ocr_carea' id='block_1_118' title="bbox 2494 5683 4073 5759">
    <p class='ocr_par' dir='ltr' id='par_1_118' title="bbox 2494 5683 4073 5759">
     <span class='ocr_line' id='line_1_118' title="bbox 2494 5683 4073 5759; baseline 0.006 -23"><span class='ocrx_word' id='word_1_832' title='bbox 2494 5693 2611 5736; x_wconf 86' lang='lat' dir='ltr'><strong>tore</strong></span> <span class='ocrx_word' id='word_1_833' title='bbox 2641 5683 2871 5746; x_wconf 77' lang='lat' dir='ltr'><strong>infelici,</strong></span> <span class='ocrx_word' id='word_1_834' title='bbox 2904 5684 2998 5752; x_wconf 91' lang='lat' dir='ltr'><strong>qui</strong></span> <span class='ocrx_word' id='word_1_835' title='bbox 3034 5701 3145 5739; x_wconf 92' lang='lat' dir='ltr'><strong>non</strong></span> <span class='ocrx_word' id='word_1_836' title='bbox 3177 5686 3353 5739; x_wconf 89' lang='lat' dir='ltr'><strong>solum</strong></span> <span class='ocrx_word' id='word_1_837' title='bbox 3391 5703 3498 5741; x_wconf 89' lang='lat' dir='ltr'><strong>non</strong></span> <span class='ocrx_word' id='word_1_838' title='bbox 3540 5687 3665 5743; x_wconf 91' lang='lat' dir='ltr'><strong>ferit</strong></span> <span class='ocrx_word' id='word_1_839' title='bbox 3691 5704 3945 5759; x_wconf 87' lang='lat' dir='ltr'><strong>scopum,</strong></span> <span class='ocrx_word' id='word_1_840' title='bbox 3977 5696 4073 5747; x_wconf 88' lang='lat' dir='ltr'><strong>sed</strong></span> 
     </span>
    </p>
   </div>
   <div class='ocr_carea' id='block_1_119' title="bbox 2494 5775 4074 5858">
    <p class='ocr_par' dir='ltr' id='par_1_119' title="bbox 2494 5775 4074 5858">
     <span class='ocr_line' id='line_1_119' title="bbox 2494 5775 4074 5858; baseline 0.009 -33"><span class='ocrx_word' id='word_1_841' title='bbox 2494 5789 2564 5826; x_wconf 91' lang='lat' dir='ltr'><strong>ue</strong></span> <span class='ocrx_word' id='word_1_842' title='bbox 2602 5789 2769 5842; x_wconf 86' lang='lat' dir='ltr'><strong>prope.</strong></span> <span class='ocrx_word' id='word_1_843' title='bbox 2800 5775 3023 5842; x_wconf 88' lang='lat' dir='ltr'><strong>quidem</strong></span> <span class='ocrx_word' id='word_1_844' title='bbox 3056 5776 3288 5830; x_wconf 89' lang='lat' dir='ltr'><strong>accedit.</strong></span> <span class='ocrx_word' id='word_1_845' title='bbox 3323 5776 3401 5831; x_wconf 81' lang='lat' dir='ltr'><strong>Ad</strong></span> <span class='ocrx_word' id='word_1_846' title='bbox 3439 5778 3578 5833; x_wconf 89' lang='lat' dir='ltr'><strong>hanc</strong></span> <span class='ocrx_word' id='word_1_847' title='bbox 3618 5781 3783 5851; x_wconf 85' lang='lat' dir='ltr'><strong>hujus</strong></span> <span class='ocrx_word' id='word_1_848' title='bbox 3822 5781 3907 5852; x_wconf 76' lang='grc' dir='ltr'><strong>[Ρ.</strong></span> <span class='ocrx_word' id='word_1_849' title='bbox 3940 5783 4074 5858; x_wconf 68' lang='lat'><strong>482}</strong></span> 
     </span>
    </p>
   </div>
   <div class='ocr_carea' id='block_1_120' title="bbox 2495 5866 4074 5947">
    <p class='ocr_par' dir='ltr' id='par_1_120' title="bbox 2495 5866 4074 5947">
     <span class='ocr_line' id='line_1_120' title="bbox 2495 5866 4074 5947; baseline 0.011 -32"><span class='ocrx_word' id='word_1_850' title='bbox 2495 5866 2647 5919; x_wconf 84' lang='lat' dir='ltr'><strong>vocis</strong></span> <span class='ocrx_word' id='word_1_851' title='bbox 2683 5866 2967 5920; x_wconf 82' lang='lat' dir='ltr'><strong>notionem</strong></span> <span class='ocrx_word' id='word_1_852' title='bbox 3022 5869 3316 5937; x_wconf 83' lang='lat' dir='ltr'><strong>cOgitatam</strong></span> <span class='ocrx_word' id='word_1_853' title='bbox 3372 5872 3423 5923; x_wconf 88' lang='lat' dir='ltr'><strong>in</strong></span> <span class='ocrx_word' id='word_1_854' title='bbox 3458 5872 3543 5926; x_wconf 91' lang='lat' dir='ltr'><strong>his</strong></span> <span class='ocrx_word' id='word_1_855' title='bbox 3570 5872 3706 5928; x_wconf 86' lang='lat' dir='ltr'><strong>locis</strong></span> <span class='ocrx_word' id='word_1_856' title='bbox 3746 5875 4074 5947; x_wconf 69' lang='lat' dir='ltr'><strong>Pachymeri</strong></span> 
     </span>
    </p>
   </div>
   <div class='ocr_carea' id='block_1_121' title="bbox 2496 5958 4072 6032">
    <p class='ocr_par' dir='ltr' id='par_1_121' title="bbox 2496 5958 4072 6032">
     <span class='ocr_line' id='line_1_121' title="bbox 2496 5958 4072 6032; baseline 0.01 -21"><span class='ocrx_word' id='word_1_857' title='bbox 2496 5958 3005 6027; x_wconf 79' lang='lat' dir='ltr'><strong>interpretationem</strong></span> <span class='ocrx_word' id='word_1_858' title='bbox 3065 5961 3356 6031; x_wconf 78' lang='lat' dir='ltr'><strong>utrobique</strong></span> <span class='ocrx_word' id='word_1_859' title='bbox 3400 5978 3575 6019; x_wconf 85' lang='lat' dir='ltr'><strong>meam</strong></span> <span class='ocrx_word' id='word_1_860' title='bbox 3620 5969 4072 6032; x_wconf 86' lang='lat' dir='ltr'><strong>accommodans.</strong></span> 
     </span>
    </p>
   </div>
  </div>
