4194 6444
233 434 342 499 ἾΞΞ
1627 425 2144 488 GLOSSARIUM.
3383 419 3488 486 746

241 549 382 602 haud
428 547 709 602 aberrasse
735 559 820 598 me
857 544 923 598 ab
948 543 1189 596 auctoris
1243 539 1511 593 sententia
1564 537 1803 590 conﬁdo.
1839 547 1878 600 Α
1915 539 2062 591 Meus
2123 537 2417 606 l’roeopius
2469 537 2725 589 cumde
2780 535 2973 586 asserit
3019 534 3244 586 tIumeis
3290 531 3485 585 tilium.

234 641 504 707 Adjiciam
530 638 710 690 obiter
726 636 872 706 quod
911 636 963 687 in
996 643 1233 687 mentem
1262 633 1430 692 venit,
1460 643 1681 701 etymon
1717 644 1809 682 νο·
1921 629 2110 685 Liceat
2148 628 2417 697 suspirari
2454 627 2821 696 exscriptores
2855 625 2979 678 libri
3028 623 3159 678 Seth
3197 621 3361 674 Δαῦίδ
3393 638 3490 690 pro

237 735 315 784 eis
353 731 559 784 Latina!
600 731 772 783 instar
804 743 911 780 non
945 727 1162 778 aliunde
1205 725 1374 776 videri
1409 740 1570 791 quam
1611 722 1678 773 ab
1719 721 1817 774 ltac
1924 722 2113 775 Καῦάδ
2160 721 2354 774 vitiose
2410 722 2657 789 posuisse
2697 735 2861 772 :n:ttu
2897 718 2948 770 in
2994 728 3101 769 tota
3139 715 3364 768 historia
3404 730 3490 767 re-

238 825 425 878 (ἕτεραι
453 823 612 889 ἴκταρ
644 819 1027 888 repetendum.
1064 821 1158 872 Est
1186 821 1369 884 ἰκταρ,
1401 826 1456 869 ιιι
1492 824 1676 866 mth
1711 813 1816 863 lle.-

1922 829 2046 879 gum
2089 812 2437 865 PersiCorum
2494 810 2673 862 nullus
2727 810 3002 876 reperitur
3069 806 3233 860 David
3286 806 3488 860 dictus.

241 915 489 984 sycbius,
519 914 625 966 ἀπὸ
648 911 1062 972 106.1xvsi301t,
1092 910 1238 969 quod
1267 921 1423 962 sonat
1445 909 1735 976 pervenire,
1755 921 1817 958 ex
1924 902 2063 954 Puto
2087 903 2246 952 etiam
2274 916 2369 952 eos
2391 913 2606 951 errasse
2636 898 2687 951 in
2715 900 2932 951 nomine
2968 899 3199 951 Perzoes
3227 895 3490 964 trajectio-

241 1023 302 1058 ea
335 1007 554 1073 origine
585 1004 1058 1056 accommodatum
1092 1002 1157 1053 ad
1194 1001 1373 1068 signili
1411 1002 1614 1052 andqu
1649 998 1822 1050 imila-
1926 1009 1993 1044 Iw
2019 993 2348 1050 Ιίιεει-θτυιη.
2375 1006 2499 1043 cum
2537 987 2757 1042 νενοιεδ
2787 999 2929 1042 l'Ct'la
2961 988 3185 1055 SCl‘iltllO
3215 987 3286 1042 Sil
3321 1004 3332 1040 ε
3365 1001 3492 1040 nam

245 1099 456 1147 tionem
491 1108 586 1147 seu
623 1094 1032 1159 expressionem
1065 1092 1272 1152 fornae,
1315 1106 1435 1158 quae
1467 1099 1676 1140 tantum
1712 1103 1821 1141 non
1927 1083 2031 1135 hoc
2063 1097 2262 1136 nomen
2303 1083 2485 1134 Persis
2517 1081 2776 1135 usitatum
2803 1081 3092 1147 reperitur.
3114 1079 3294 1146 Quare
3322 1079 3494 1131 corri-

248 1186 505 1254 pervenit
556 1193 613 1238 et
655 1185 811 1239 abest
850 1185 1095 1252 proxime
1133 1199 1161 1234 a
1192 1197 1316 1232 veta
1345 1179 1703 1232 sinnlitmliue
1735 1194 1823 1230 ar-
1926 1173 2162 1242 gendum
2234 1188 2454 1242 quoque
2505 1182 2637 1242 puto
2689 1171 3040 1226 Ammianum
3098 1171 3498 1231 Marcellinum,

250 1277 498 1346 cbetypi,
524 1285 583 1329 ut
620 1285 771 1330 recte
804 1275 977 1328 instar
1007 1274 1150 1326 illitis
1190 1272 1359 1339 possit
1385 1270 1596 1322 babcii.
1631 1270 1822 1322 Gratu-
1929 1266 2024 1318 ΙεΙ).
2051 1281 2160 1327 nx,
2191 1264 2320 1317 dum
2369 1265 2584 1317 νίν-θείη
2612 1281 2708 1334 pro
2747 1264 3000 1325 Perozcn,
3025 1274 3082 1317 ut
3111 1261 3329 1332 opinor,
3365 1262 3502 1316 scri-

249 1367 465 1430 matici,
498 1377 553 1420 et
582 1367 634 1419 in
670 1366 754 1418 his
787 1364 1083 1416 novissime
1107 1361 1554 1415 aerio-atissiunzs
1580 1358 1822 1422 \ossius,
1931 1359 2030 1412 bit.
2063 1359 2261 1411 Totum
2294 1359 2475 1412 locum
2510 1359 2582 1411 ita
2617 1367 2671 1411 et
2701 1360 2931 1424 legerem
2961 1368 3017 1410 et
3051 1356 3132 1426 μι.
3166 1354 3295 1426 485]
3329 1356 3503 1410 inter-

249 1462 480 1522 frustra,
515 1460 569 1511 ui
603 1458 780 1520 fallor,
815 1455 1203 1508 conﬂictantur
1230 1453 1283 1504 iu
1316 1453 1672 1504 extundeudo
1711 1450 1825 1503 Mu-
1931 1460 2180 1518 pretarer
2209 1466 2340 1520 pace
2364 1451 2666 1504 doctissimi
2690 1450 2887 1504 Valesii
2914 1467 2926 1499 :
2953 1450 3129 1502 l'ersis
3158 1449 3420 1518 Saporem
3449 1460 3506 1502 et

249 1553 326 1604 sis
359 1550 554 1603 invitis
587 1548 893 1617 veriloquio
942 1546 1092 1598 vocis
1125 1546 1288 1612 hujus
1326 1561 1355 1596 e
1398 1547 1564 1594 verbo
1606 1544 1823 1593 instare.
1931 1541 2221 1594 Aulum-Ia
2257 1554 2310 1594 et
2344 1541 2574 1594 l’erozrn
2609 1541 3034 1610 appellantibus,
3085 1557 3262 1608 regum
3313 1557 3502 1608 regem,

253 1643 537 1696 llabemus
592 1656 658 1693 ex
703 1655 770 1691 eo
800 1638 944 1707 quod
979 1636 1266 1706 subjiciam
1310 1636 1476 1689 etiam
1513 1635 1747 1685 litteram
1772 1649 1826 1694 η,
1931 1638 1983 1680 et
2012 1631 2398 1696 dissipnlori‘m,
2443 1631 2636 1699 supple
2680 1630 2944 1693 hostium,
2969 1645 2998 1682 a
3029 1639 3151 1713 vn:
3184 1643 3364 1698 parata
3405 1631 3506 1684 lle-

251 1750 317 1787 ex
363 1752 392 1783 ν
443 1732 538 1784 τοῦ
581 1733 845 1799 ἱκιιέομαι.
883 1729 1062 1796 Cappa
1104 1742 1236 1781 vero
1270 1725 1428 1779 facile
1460 1725 1608 1778 credi
1648 1735 1829 1792 potest
1932 1722 2098 1776 brato.
2134 1723 2285 1775 Unde
2319 1720 2442 1774 Iiaal
2489 1725 2752 1791 peratsim
2802 1723 2988 1776 dictus
3024 1724 3178 1778 locus
3211 1723 3299 1776 ubi
3330 1725 3506 1776 divisit

249 1827 322 1879 ob
350 1824 687 1893 ettphoniam
725 1824 1002 1876 sublatqu
1039 1830 1133 1872 aut
1172 1819 1225 1870 iu
1251 1835 1274 1870 ε
1305 1818 1610 1870 emollitum
1641 1817 1694 1871 in
1733 1831 1828 1868 vo-
1935 1814 2186 1866 Dominus
2220 1815 2456 1868 inimicos
2484 1815 2697 1869 Doridis
2719 1816 2779 1885 (ll
2811 1817 2961 1869 Sum.
2983 1817 3162 1885 v,‘.ltl).
3185 1835 3203 1867 ι
3227 1816 3352 1870 ll:ec
3377 1817 3510 1871 Mal-

251 1919 455 1971 cabulo
515 1915 710 1968 Latino
755 1915 945 1970 instar.
997 1911 1090 1966 Sic
1147 1910 1414 1981 opinabar
1454 1909 1743 1979 :judicent
1783 1907 1832 1959 cl.
1864 1899 1902 1952 Β
1935 1916 2129 1966 tretus,
2174 1907 2375 1974 quibus
2399 1909 2542 1961 addo
2573 1909 2715 1976 quod
2740 1910 2899 1961 amici
2931 1908 3206 1962 Florentia
3231 1909 3505 1971 scribunt,

251 2009 490 2061 τοιαῦτα
519 2008 702 2069 δεινοί,
740 2021 972 2076 quorum
1003 2004 1250 2059 arbitriis
1269 2000 1541 2056 obnoxius
1563 2006 1618 2051 et
1655 1999 1833 2052 libens
1937 2013 2133 2065 nempe
2177 1998 2287 2052 illic
2342 2001 2393 2052 iu
2439 2000 2799 2053 celeberrima
2844 2001 3008 2054 Ducis
3051 2000 3224 2070 Magni
3266 2001 3507 2056 Medicca

255 2112 495 2156 stetere.
549 2099 856 2167 Antequam
904 2097 1122 2162 desino,
1167 2095 1442 2149 admoneo
1486 2092 1712 2146 tertium
1754 2091 1831 2144 uti
1937 2088 2271 2144 bibliotheca
2321 2091 2530 2145 servari
2564 2093 2848 2160 exemplar
2879 2091 3129 2145 ercum
3163 2091 3326 2162 hujus
3359 2094 3511 2163 ejus-

257 2193 428 2245 verbo
486 2190 592 2244 hoc
638 2189 1058 2259 Pachylnerem,
1097 2203 1152 2256 p.
1194 2185 1456 2240 nimirum
1495 2184 1601 2238 290
1648 2199 1662 2233 :
1712 2181 1833 2235 Οὐδ’
1936 2180 2060 2234 dem
2097 2181 2244 2246 libri,
2273 2198 2396 2236 cum
2441 2183 2646 2236 indicio
2679 2184 2968 2252 temporis,
3001 2201 3112 2252 quo
3141 2183 3186 2238 is
3219 2195 3302 2238 est
3331 2200 3360 2239 c
3385 2185 3513 2238 bar-

257 2284 422 2349 εκταρ
471 2282 620 2345 ἄξιον
673 2281 936 2350 κρίνουσι
969 2280 1030 2330 τὸ
1060 2276 1438 2344 συνάλλαγμα,
1487 2274 1554 2328 de
1592 2275 1832 2342 Augusta

1938 2271 2124 2325 barica
2148 2273 2200 2325 iu
2230 2273 2471 2327 Grmcatu
2508 2275 2802 2328 translatus
2829 2275 3034 2342 lingua.
3062 2277 3339 2331 Asseritur
3362 2280 3509 2332 enim

258 2385 434 2427 matre
488 2373 715 2427 Joannis
764 2373 1007 2440 dCSPOHE
1058 2369 1222 2439 hujus
1253 2365 1661 2420 matrimonium
1711 2379 1834 2418 cum
1942 2363 1994 2416 id
2028 2364 2230 2418 factum
2268 2367 2422 2436 jussu
2447 2367 2622 2420 Alexii
2652 2366 2944 2429 Cotnueni,
2967 2384 3130 2436 quem
3163 2379 3378 2422 constat
3412 2369 3513 2422 im-

257 2463 368 2515 lilia
398 2462 636 2516 Cbumni
673 2462 914 2530 przefecti
942 2460 1207 2521 rauicleo,
1241 2458 1368 2511 licet
1406 2456 1456 2510 id
1490 2455 1837 2510 Andronicus
1941 2459 2152 2525 perium
2191 2459 2468 2514 Orientale
2504 2462 2747 2515 tenuisse
2768 2464 2836 2517 ab
2867 2479 3010 2516 anno
3037 2465 3239 2518 Christi
3285 2467 3418 2519 1080
3443 2466 3510 2520 ad

258 2566 424 2625 pater
461 2557 705 2623 despotae
732 2566 970 2625 optaret,
1001 2555 1178 2621 impar
1205 2552 1460 2622 dignitati
1499 2551 1591 2604 ﬁlii
1634 2551 1838 2606 ducen-
1943 2549 2100 2604 lll8.
2134 2551 2244 2604 Nec
2283 2553 2548 2608 abhorret
2600 2556 2671 2610 ab
2705 2556 2808 2612 bac
2849 2559 3207 2626 chronologia
3245 2569 3376 2612 tetas
3414 2560 3512 2630 Sy-

258 2659 335 2700 te.
384 2647 496 2701 Sed
543 2657 600 2700 et
633 2648 774 2699 alter
809 2645 1056 2700 occurrit
1098 2644 1274 2704 locus,
1323 2657 1375 2710 p.
1423 2640 1528 2695 502
1573 2657 1587 2692 :
1638 2642 1708 2694 Τὸ
1738 2641 1838 2706 μὲν
1942 2644 2154 2696 meonis
2194 2643 2607 2715 Sethi.‘quippe
2636 2663 2800 2717 quem
2835 2649 3114 2703 illustriss.
3142 2651 3252 2703 Leo
3280 2651 3510 2704 Allatius

256 2740 470 2806 ὅσαπερ
509 2738 675 2807 ᾔτουν
739 2737 961 2801 διδόναι,
997 2735 1108 2789 οὐδ’
1138 2737 1300 2800 ἴκταρ
1333 2733 1544 2802 βάλλων
1573 2733 1838 2800 canisve-3v

1943 2733 2179 2787 diatriba
2233 2736 2300 2790 de
2351 2736 2668 2792 Simeouum
2719 2742 2962 2810 scriptis,
3006 2757 3060 2810 p.
3096 2743 3218 2803 181,
3258 2743 3513 2797 ﬂoruisse

257 2830 579 2897 ἐδοκίμαζε.
620 2827 906 2899 Signiﬁcat
933 2842 1001 2881 ne
1032 2813 1210 2896 prima
1246 2825 1469 2894 quidem
1502 2824 1837 2892 cogitatione
1947 2831 2180 2876 testatur
2212 2824 2316 2879 sub
2345 2825 2676 2896 imperatore
2713 2829 2975 2886 Michaele
2999 2832 3144 2886 Duca
3171 2848 3185 2895 ;
3219 2833 3379 2901 cujus
3407 2833 3511 2886 im-

259 2930 428 2973 tenus
459 2921 674 2974 venisse
707 2920 761 2974 in
787 2928 1025 2974 mentem
1058 2917 1375 2986 imperatori
1411 2915 1541 2970 dare
1561 2913 1840 2970 Catelanis
1943 2915 2156 2982 perium
2190 2932 2312 2970 cum
2344 2918 2412 2972 ab
2452 2934 2597 2972 anno
2643 2919 2846 2975 Christi
2897 2923 3022 2976 lO‘I-l
3061 2923 3128 2977 ad
3158 2923 3294 2978 1078
3337 2926 3511 2994 perti-

257 3011 536 3080 stipendia
569 3011 935 3082 ﬂagitantibus
969 3019 1232 3080 quantum
1273 3007 1518 3077 pecuniae
1565 3019 1832 3076 poposce-
1947 3008 2152 3072 nuerit,
2198 3008 2356 3064 facile
2400 3013 2582 3080 potuit
2633 3013 2882 3069 ﬂorentis
2927 3025 3058 3070 tunc
3087 3017 3264 3073 :etatis
3309 3017 3513 3074 Sethus

260 3114 404 3156 rant.
435 3101 567 3157 Vide
595 3105 758 3157 etiam
786 3120 841 3172 p.
863 3102 990 3157 480.
1946 3099 2112 3153 vitam
2164 3100 2229 3154 ad
2265 3103 2468 3157 multos
2495 3103 2622 3157 inde
2655 3120 2830 3158 annos
2861 3122 3189 3177 propagasse
3229 3116 3285 3164 et
3321 3125 3514 3165 conse-

344 3238 547 3302 Ἵπνός
575 3237 760 3304 ἅγιος.
797 3253 852 3306 p.
892 3236 982 3291 80.
1005 3236 1244 3312 ⁸Υμιεειιει
1279 3237 1500 3290 notione
1546 3233 1694 3298 ὶπνὸς
1727 3233 1840 3289 fur-
1867 3229 1913 3290 Ο
1949 3206 2000 3260 ῳ

1571 3233 1694 3298 m5;
1727 3233 1840 3289 [ω.-
1867 3229 1913 3290 c
1949 3199 2181 3260 quenter
2205 3193 2296 3246 diu
2338 3194 2539 3251 vixisse
2567 3197 2670 3250 sub
2699 3199 2888 3252 Alexio
2923 3198 3227 3254 Comueno.

262 3345 374 3382 nus
411 3339 516 3392 est,
555 3338 649 3382 aut
679 3330 847 3382 etiam
884 3329 1126 3382 [iniustum
1170 3338 1224 3382 et
1265 3329 1674 3396 receptaculum
1717 3341 1842 3380 sor-

2023 3330 2465 3398 Κασαλλαρικαὶ
2505 3335 2682 3399 τιμαί,
2714 3351 2765 3403 p.
2800 3337 3082 3406 498..Agit
3122 3338 3190 3392 de
3223 3340 3516 3396 comitibt‘ts

263 3421 446 3473 dium.
481 3421 619 3473 llinc
657 3421 708 3472 in
745 3420 956 3473 aedibus
987 3418 1156 3472 sacris
1186 3418 1340 3472 locus
1377 3419 1429 3471 in
1457 3433 1619 3486 quem
1648 3432 1736 3471 res
1759 3432 1842 3472 sa-
1950 3415 2256 3487 Mpyrigerii
2283 3419 2523 3482 Tentzze.
2559 3438 2791 3489 quormu
2811 3425 3022 3494 aliquos
3048 3427 3210 3482 docet
3241 3429 3310 3482 ab
3341 3429 3520 3500 impe-

262 3529 375 3564 cra:
427 3510 716 3582 putredine
767 3511 990 3566 inutiles
1031 3511 1418 3564 consumenda:
1451 3510 1840 3580 projiciuntur,
1953 3520 2132 3564 ratore
2163 3512 2519 3580 equestribus
2547 3514 2714 3568 fuisse
2752 3516 3058 3573 lumoribus
3077 3518 3328 3576 allectos.
3354 3521 3522 3575 Intel-

263 3602 495 3661 Grzeeis.
531 3611 589 3654 ut
637 3603 726 3656 hic
761 3602 955 3655 doceat
987 3613 1196 3666 noster,
1227 3604 1376 3663 ima;
1423 3601 1578 3667 ἆγιος
1640 3602 1844 3655 dicitur
1952 3599 2092 3670 ligit,
2154 3603 2373 3671 opinor,
2402 3616 2711 3673 equestrem
2762 3609 2928 3677 687
2978 3610 3295 3678 dignitatem
3351 3613 3523 3668 certis

262 3694 436 3762 683
456 3693 677 3746 .‘llemiui
715 3695 988 3748 etalicubi
1025 3695 1203 3763 legere
1233 3692 1534 3763 δεξαμενὴν
1571 3704 1842 3749 vocatum.
1953 3691 2205 3747 formulis
2239 3706 2291 3747 et
2323 3697 2538 3763 publica
2565 3700 2891 3752 cazretnonia
2934 3701 3065 3769 ipsis
3111 3701 3179 3754 ab
3205 3702 3524 3758 Andronico

266 3783 451 3836 Latini
483 3786 740 3852 piscinam
769 3786 1062 3854 appellant.
1951 3785 2196 3854 Augusto
2230 3788 2528 3842 honoriﬁce
2561 3791 2837 3844 collatam.
2864 3790 3017 3856 Quod
3063 3792 3116 3845 in
3148 3793 3394 3848 historiis
3419 3797 3522 3849 navi

431 3881 525 3955 μω.
549 3921 723 3955 Mm”
777 3921 892 3955 "tm
918 3922 1148 3955 νομὴ-ω
1179 3923 1346 3955 mh“:
1383 3937 1409 3955 ﬂ
1450 3939 1535 3955 ,Μ
1565 3922 1843 3955 mnnnh
1953 3876 2228 3929 citerioris
2259 3878 2454 3931 crebro
2481 3879 2784 3934 factitatum
2818 3899 2844 3934 a
2873 3884 3093 3950 regibus
3118 3883 3370 3952 legimus.
3390 3895 3522 3955 puta

1953 3981 2076 4017 cum
2113 3983 2274 4020 manu
2317 3985 2414 4021 sua
2461 3971 2690 4022 calcaria
2751 3973 3030 4026 nobilibus
3081 3975 3184 4028 sibi
3221 3975 3406 4029 charis
3440 3977 3524 4030 in-

1953 4057 2153 4116 duunt.
2205 4068 2298 4111 aut
2357 4069 2606 4128 torquem
2659 4065 2711 4115 iu
2752 4063 2952 4117 collum
2999 4065 3272 4133 injiciunt,
3307 4066 3522 4136 insigne

1958 4145 2313 4201 honorarium
2345 4151 2619 4217 equestris
2654 4151 2955 4221 dignitatis.

358 3921 748 3988 Ἰχνηλὰτης.
777 3921 892 3974 lloc
918 3922 1148 3974 verbum
1179 3923 1347 3990 priori
1383 3937 1410 3976 a
1450 3939 1536 3976 me
1565 3922 1843 3977 Glossario

269 4021 567 4066 tractatum
601 4027 829 4080 repono,
857 4027 924 4064 ue
976 4013 1236 4066 lectorem
1291 4013 1497 4067 lateant
1531 4029 1652 4082 quae
1685 4013 1844 4067 Clan-

268 4104 397 4156 dius
451 4103 738 4156 Multi-etus
792 4103 902 4156 illic
953 4119 984 4157 a
1041 4119 1126 4157 me
1154 4105 1359 4172 scripta
1405 4105 1592 4172 legens
1639 4105 1705 4158 de
1743 4119 1845 4157 suo

269 4197 512 4248 contulit
563 4194 628 4246 ad
671 4211 786 4247 rem
822 4195 966 4247 illam
1016 4195 1416 4257 illustrandant,
1469 4210 1605 4248 auro
1657 4208 1846 4249 contra

269 4305 380 4342 non
413 4303 565 4341 (rara.
602 4306 619 4336 ‹
655 4286 893 4352 Texeira,
937 4286 1137 4356 inquit.
1168 4287 1467 4341 Lusitanus
1522 4287 1576 4340 in
1605 4287 1844 4340 Historia

2026 4281 2190 4347 Ῑὶἀκη
2248 4283 2343 4336 καὶ
2398 4284 2594 4349 κάκην
2626 4286 2924 4350 ἐπιλύειν,
2971 4303 3024 4356 p.
3063 4286 3185 4338 128.
3228 4288 3366 4357 Μηδ’
3404 4293 3523 4343 ἑπι-

272 4383 526 4440 Persidis.
559 4380 595 4432 l.
629 4395 666 4440 ι,
691 4394 738 4432 c.
764 4379 854 4444 55,
884 4380 1133 4431 meminit
1169 4380 1310 4446 regis
1335 4379 1620 4448 cujusdam
1659 4379 1848 4432 [lt-sere

1956 4376 2104 4426 ὶύεεν
2152 4377 2249 4444 τὴν
2281 4380 2481 4443 κάκην.
2520 4377 2592 4429 lta
2625 4377 2796 4431 codex
2829 4390 3060 4448 uterque
3096 4381 3428 4436 Barberinus
3468 4393 3525 4436 et

269 4474 552 4524 Annn'ron
591 4470 788 4524 vocati.
817 4471 863 4523 ls
888 4471 1147 4524 nimirum
1179 4480 1262 4525 est
1290 4471 1542 4523 Chosroes
1573 4471 1846 4523 Anasnru-
1956 4467 2277 4526 Allatianus.
2305 4483 2425 4534 qme
2463 4468 2755 4522 Vaticanus
2793 4471 3018 4526 omittit.
3054 4473 3110 4526 In
3139 4475 3242 4528 hoc
3271 4474 3391 4527 loco
3418 4489 3524 4528 no-

275 4579 374 4613 nus
425 4563 503 4612 tui
553 4559 840 4630 Symeouis
888 4560 1042 4614 Seth.
1076 4561 1243 4614 Addit
1281 4560 1510 4612 'l‘exeira
1552 4561 1672 4629 ejus
1707 4561 1850 4628 regis
1885 4579 1927 4631 ι)
1959 4564 2116 4612 tanda
2150 4561 2454 4628 praesertim
2492 4575 2590 4612 vox
2621 4562 2798 4631 κάκην
2847 4578 2971 4617 cum
2998 4576 3228 4620 accentu
3257 4566 3310 4620 iu
3341 4566 3526 4635 priore

277 4665 527 4720 t--mpore
569 4652 782 4704 delatos
817 4668 880 4705 ex
911 4653 1066 4704 ludia
1109 4653 1163 4705 iu
1190 4652 1470 4705 Persidem
1506 4652 1678 4704 libros
1709 4652 1850 4705 duos
1957 4651 2182 4720 syllaba,
2205 4651 2362 4719 longe
2393 4652 2515 4703 ideo
2544 4653 2756 4706 diversa
2789 4669 2818 4706 a
2843 4655 3110 4709 feminino
3143 4657 3397 4726 adjectivi
3431 4673 3526 4710 κα-

275 4744 716 4810 philosophicos,
745 4757 979 4810 quorum
1013 4742 1104 4794 uni
1135 4757 1334 4795 nomen
1370 4742 1470 4794 fuit
1503 4741 1728 4802 Celiluh.
1766 4743 1850 4794 al-
1958 4743 2070 4801 κός,
2105 4741 2248 4808 quod
2277 4756 2496 4808 semper
2520 4743 2662 4811 κακή
2696 4758 2818 4794 cum
2845 4743 2992 4811 gra'vi
3027 4743 3080 4796 in
3107 4745 3295 4799 ultima
3328 4746 3545 4803 scribi--.

278 4839 380 4885 teri
427 4834 791 4886 l'uademana.
830 4832 1008 4886 Utinm
1039 4833 1300 4886 nimirum
1339 4835 1539 4886 librum
1571 4834 1757 4886 divisit
1794 4835 1848 4886 iu
1961 4844 2068 4887 tur.
2093 4834 2202 4885 Nec
2233 4833 2474 4901 antiquis
2505 4834 2686 4902 ignota
2720 4844 2804 4888 est
2836 4835 2952 4889 haec
2981 4836 3314 4892 differentia.
3350 4837 3530 4892 Euar-

276 4928 440 4985 duos.
479 4942 581 4995 pro
621 4926 840 4994 duplice
871 4926 1095 4979 nomine
1125 4927 1358 4979 duorum
1398 4928 1848 4998 interlocutorutu
1962 4938 2041 4978 rat
2068 4925 2368 4994 Hesychius
2390 4925 2681 4992 quemdam
2705 4927 2883 4980 locum
2907 4928 3232 4982 innominati
3259 4929 3526 4986 auctoris.

280 5019 472 5086 prima:
516 5017 946 5070 dissertationis.
981 5002 1103 5076 5‘5:
1154 5018 1365 5080 celi/ah,
1419 5021 1562 5082 apud
1611 5018 1843 5071 Scltiud-
1965 5020 2014 5069 in
2051 5033 2159 5083 quo
2186 5017 2506 5071 visebantur
2540 5018 2653 5070 haec
2683 5019 2845 5071 verba
2877 5021 2976 5088 τῆς
3015 5019 3153 5087 ἐμῆς
3178 5019 3375 5086 κάκης,
3404 5018 3527 5074 voci

280 5111 486 5170 lerum,
539 5123 592 5176 p.
636 5108 762 5171 86l,
801 5109 1067 5176 signiﬁcat
1111 5109 1339 5161 Arabico
1364 5126 1578 5167 corona.
1615 5111 1667 5161 in
1720 5124 1853 5162 voce

1962 5110 2136 5174 κάκης
2189 5117 2248 5160 ut
2294 5123 2650 5179 syuouytnam
2685 5109 2986 5178 subjiciens
3007 5125 3195 5164 vocem
3231 5112 3529 5176 κακουχίας

277 5203 616 5252 vuademana
677 5199 912 5266 primum
961 5216 988 5251 υ
1036 5199 1350 5267 conjunctio
1392 5210 1475 5251 est
1516 5209 1556 5256 Ἰ.
1605 5198 1850 5252 Secunda

1962 5201 2225 5267 (rescribe
2271 5202 2614 5268 κακουχίας).
2644 5201 2966 5255 Eustathius
3005 5216 3226 5271 queque
3253 5203 3527 5273 παρεκϐα-

279 5293 487 5362 syllaba
522 5307 582 5341 va
608 5301 691 5343 est
723 5291 946 5342 verbum
980 5302 1054 5346 ΝΣ
1091 5307 1174 5351 ra,
1206 5291 1488 5358 ingressus,
1516 5292 1597 5342 vel
1628 5293 1754 5358 quid
1787 5307 1852 5344 ex

1961 5295 2078 5354 ὶαίς
2110 5294 2174 5344 ad
2205 5292 2365 5346 lliaa'.
2397 5311 2446 5354 ν,
2489 5294 2553 5346 a'l
2589 5293 2741 5346 illum
2767 5309 2984 5347 versum
3008 5295 3134 5356 654.
3167 5297 3270 5347 'l-lv
3301 5296 3401 5364 ἐμὲ
3430 5295 3533 5348 λω-

3537 4119 3572 4152 κζ

277 5399 346 5436 eo
375 5381 708 5434 derivatum.
743 5381 988 5448 Reliquae
1019 5392 1130 5433 tres
1163 5384 1381 5451 syllaba:
1409 5384 1634 5434 denmna
1664 5384 1856 5435 vitien-

1965 5387 2221 5454 ϐὴςασοε,
2271 5388 2441 5436 κακαὶ
2488 5386 2667 5447 κύνες,
2719 5387 2969 5452 agnoscit
3016 5387 3344 5441 vocabulum
3388 5388 3536 5455 κάκη

284 5485 378 5525 tur
399 5487 520 5525 esse
546 5487 575 5524 a
597 5481 717 5530 rem
744 5473 926 5532 damn,
951 5471 1252 5524 observavit.
1280 5473 1570 5525 undequ
1601 5474 1857 5535 adjuncto

1962 5480 2239 5531 diversum
2270 5493 2298 5529 a
2320 5478 2486 5542 κακὴ.
2516 5480 2593 5532 sic
2624 5478 2891 5531 adnotans
2916 5493 2929 5530 :
2957 5479 3116 5548 Κάκη
3144 5479 3252 5548 γὰρ
3280 5481 3340 5532 οὔ
3371 5484 3536 5548 μόνῡν

277 5575 303 5621 J
359 5562 488 5614 Nan
535 5563 854 5616 Iteentuntico
890 5577 1086 5614 nomen
1124 5562 1388 5614 {oriuntur
1419 5563 1732 5630 signiﬁcans
1765 5563 1852 5614 ub-

1965 5575 1996 5637 ὴ
2039 5572 2224 5628 xxxix,
2257 5567 2396 5620 κατὰ
2434 5568 2558 5629 τοὺς
2585 5570 2712 5634 περὶ
2752 5569 3033 5634 Πλάτωνα,
3059 5569 3196 5621 ἀλλὰ
3231 5573 3323 5620 καὶ
3359 5569 3392 5636 ἡ
3420 5569 3529 5619 δει-

278 5668 599 5707 servatorem
625 5672 918 5724 grestnum,
947 5655 1238 5722 ἰχνηλὰτην
1265 5655 1523 5706 videlicet
1551 5671 1613 5707 ac
1633 5657 1857 5723 restigtb

1965 5664 2048 5712 ii:
2104 5661 2345 5728 ilcniqnc
2376 5661 2636 5728 antiquus
2657 5661 3048 5728 grammaticus
3068 5671 3260 5715 auctor
3282 5659 3533 5728 opusculi

280 5761 452 5801 larem
480 5758 655 5799 tuutu.
682 5748 917 5818 Symeon
955 5747 1084 5800 Setb
1119 5749 1194 5799 ait
1219 5747 1375 5800 initio
1407 5748 1562 5813 primi
1605 5748 1857 5814 l‘rolego-

1965 5755 2052 5805 cui
2088 5753 2276 5804 titulus
2307 5762 2426 5804 est:
2458 5754 2619 5803 "that.
2644 5752 2813 5815 λέξεις
2844 5754 2977 5822 πρὸς
2999 5753 3256 5820 διάφορον
3280 5751 3544 5820 σημαινό-

280 5844 432 5897 meni
477 5843 739 5897 Chanaan
781 5843 1152 5895 Anasurannm
1197 5842 1362 5894 fuisse
1405 5842 1576 5894 ‘ilium
1621 5842 1850 5894 liuentis.

1981 5907 1983 5910 ι
2022 5863 2134 5893 .·
2165 5845 2421 5908 δῖάζιερέῐτ·
2471 5845 2712 5911 δέχονται
2745 5846 2920 5905 τόντν,
2965 5847 3106 5899 inter
3140 5846 3409 5899 vocabula
3442 5858 3541 5916 pro

656 5940 925 6024 ζἠιωι..
970 5941 1084 5995 Gn.
1126 5937 1389 5995 CXLIV.

3158 5937 3235 5998 24
