4194 6444
695 353 799 416 ’147

1640 354 1703 416 Ρ.
1743 352 2046 414 POSSINI
2081 351 2731 418 OBSERVATIONUM
2778 359 2919 422 LIB.
2972 359 3017 422 Ι.

3847 367 3959 430 ’ΜΞ

692 476 955 523 accentus
1002 467 1320 522 diversitate
1376 465 1741 537 signiﬁcatum
1784 469 2052 521 mnumlia
2077 483 2269 521 recen-
2299 474 2338 527 Α
2371 470 2538 523 nicleo
2575 476 3139 544 praeratNicephorus
3166 476 3452 539 Chumnus,
3487 481 3697 549 sapiens
3726 493 3776 533 et
3805 501 3961 535 mm»

692 569 777 614 set
827 559 996 627 κάκη.
1040 557 1365 610 vocabulum
1423 556 1568 610 aliud
1627 570 1830 609 sonans
1886 571 2048 624 quam
2095 556 2263 621 κακή.

695 650 886 704 Restat
915 665 1062 703 nunc
1093 649 1446 703 statuendum
1477 663 1641 717 quam
1672 647 1804 701 huic
1833 647 1953 700 voci
1984 647 2268 699 notionem

692 745 798 798 hoc
855 743 975 796 loco
1037 742 1297 812 subjiciat
1352 740 1737 811 Pachymeres.
1789 739 1937 792 Alias
1976 738 2265 794 observavi

692 836 931 905 pendere
987 834 1139 889 illum
1173 849 1240 888 ex
1275 832 1566 904 Hesychio.
1613 831 1918 902 Hesychius
1967 840 2174 892 autem,
2206 839 2266 883 ut

694 927 858 980 modo
881 925 1095 987 monui,
1126 925 1301 992 κάκην
1326 938 1422 991 per
1448 921 1745 991 κακουχίαν
1770 919 2016 987 exponit.
2045 919 2266 972 Roscia-

694 1036 818 1074 mus
850 1029 1032 1072 autem
1069 1018 1199 1071 licet
1227 1031 1292 1070 ex
1321 1015 1513 1070 eodem
1551 1012 1820 1083 Hesychio
1864 1026 1985 1081 qum
2013 1013 2083 1064 sit
2118 1009 2264 1079 apud

697 1113 874 1182 ipsum
921 1110 1004 1164 vis
1051 1109 1217 1179 hujus
1265 1105 1535 1161 vocabuli.
1575 1104 1881 1174 Κακουχία,
1919 1103 2096 1171 inquit
2149 1102 2263 1168 ille,

694 1202 973 1265 ἀσθένεια,
998 1201 1249 1268 ἀμέλεια,
1280 1196 1674 1266 ἀθεραπευσία.
1705 1196 1801 1250 Est
1832 1210 1962 1263 ergo
1994 1194 2265 1263 Hesychio

694 1294 964 1366 κακουχεα
995 1308 1105 1347 non
1135 1291 1396 1361 quaslibet
1436 1288 1749 1354 infirmitas,
1779 1289 1874 1343 sed
1913 1287 2160 1342 incurata
2209 1294 2267 1339 et

692 1391 960 1458 neglecta.
997 1387 1139 1453 Quid
1170 1402 1301 1456 ergo
1348 1387 1438 1440 hic
1471 1384 1579 1440 sibi
1607 1385 1799 1438 volunt
1842 1381 2154 1451 Ephesinus
2211 1390 2265 1434 et

690 1482 993 1553 Cyzicenus
1017 1479 1284 1548 episcopi,
1312 1477 1599 1547 negantes,
1625 1474 2017 1530 declarandum
2035 1488 2155 1528 esse
2174 1488 2263 1526 or-

692 1574 993 1628 thodoxum
1022 1571 1348 1642 Gregorium
1371 1569 1628 1641 Cyprium
1660 1565 2264 1637 priusquamjudicium

690 1663 947 1727 subierit,
971 1669 1027 1716 et
1050 1676 1211 1716 secus
1235 1661 1414 1714 facere
1456 1659 1704 1713 dicentes
1733 1658 1846 1711 fore
1889 1656 2135 1708 ἐπιλύειν
2167 1655 2263 1724 τὴν

689 1758 889 1826 κάκην,
939 1754 1141 1808 solvere
1194 1753 1408 1823 plagam
1470 1749 1817 1806 incuratam?
1867 1747 2001 1810 Hoc,
2041 1747 2258 1816 opinor,

684 1849 922 1903 volunt:
959 1857 1065 1902 tam
1097 1861 1386 1916 perperam
1433 1844 1486 1898 id
1539 1851 1723 1897 actum
1755 1842 1844 1906 iri,
1879 1855 2042 1909 quam
2069 1839 2256 1893 incon-

687 1942 831 1996 sulte
893 1939 1147 1995 medicus
1199 1936 1492 2005 chirurgus
1548 1934 1750 1988 vulnus
1792 1933 1964 1986 altum
2014 1929 2259 1983 nondum

685 2031 948 2089 coalitum
973 2041 1067 2086 aut
1100 2029 1358 2085 cicatrice
1389 2027 1627 2083 obducta
1653 2034 2003 2096 persanatum
2029 2023 2262 2077 solveret

685 2126 876 2184 fasciis
904 2137 959 2182 et
990 2139 1086 2193 pro
1119 2125 1281 2195 plane
1304 2130 1494 2178 curato
1516 2120 1817 2174 dimitteret
1847 2132 1910 2170 ac
1946 2125 2150 2169 temere
2175 2118 2260 2183 ja-

684 2227 878 2275 ctaret.
945 2217 1104 2273 Hunc
1160 2229 1380 2270 sensum
1423 2213 1719 2267 adstruunt
1786 2209 1907 2262 dua:
1956 2207 2081 2268 illae,
2125 2220 2260 2274 quas

687 2311 949 2367 continuo
1006 2308 1369 2379 subjungunt;
1425 2301 1799 2375 proverbiales
1842 2298 1928 2371 [P.
1960 2296 2085 2368 4841
2127 2298 2258 2350 item

685 2400 1191 2468 locutiones,'6.).la.
1236 2397 1531 2458 κεύθοντας
1591 2394 1726 2447 ἄλλα
1769 2382 1974 2461 βάζειν,
2022 2388 2130 2442 alia
2179 2405 2263 2442 oc-

687 2495 947 2550 cultantes
1007 2492 1117 2546 alia
1167 2493 1388 2561 eﬂ'utire,
1423 2496 1478 2542 et
1510 2482 1932 2553 οἱκονομοῦντας
1985 2479 2259 2533 ἀνοικονόο

688 2605 858 2658 μητα,
887 2594 1194 2641 excusantes
1226 2579 1624 2642 inexcusabilia,
1662 2592 1783 2648 quae
1833 2577 1886 2629 in
1923 2589 2106 2644 parem
2138 2588 2262 2627 sen-

682 2681 909 2735 tentiam
962 2679 1122 2734 facile
1173 2685 1376 2732 coeunt
1429 2689 1527 2745 pro
1575 2670 1892 2726 conditione
1951 2665 2260 2737 argumenti

684 2769 943 2841 subjecti.

751 2903 1000 2974 Κάμπος
1053 2899 1442 2970 μαινομένου,
1485 2913 1539 2967 p.
1591 2897 1714 2951 5M.
1753 2895 1943 2964 Campi
1997 2891 2250 2946 Latinum

682 3009 886 3050 nomen
936 2993 1109 3048 (ἔτωεί
1150 2991 1491 3047 recentiores
1529 2990 1644 3044 suis
1691 2988 1891 3042 litteris
1924 2985 2115 3040 eadem
2155 2996 2256 3035 no-

683 3087 834 3140 tione
882 3084 1244 3153 scripserunt.
1272 3080 1532 3150 Exempla
1564 3080 1656 3134 dat
1693 3077 1987 3133 Meursius.
2019 3075 2131 3128 Nec
2155 3073 2259 3126 du-

676 3178 835 3233 iitum
860 3175 1080 3230 videtur
1102 3174 1234 3244 quin
1258 3175 1347 3228 hic
1371 3174 1438 3228 de
1469 3187 1665 3240 campo
1693 3171 1927 3240 quodam
1951 3177 2007 3222 et
2031 3165 2255 3235 planitie

683 3278 901 3341 agatur,
934 3268 1075 3322 forte
1108 3265 1376 3320 interiore
1415 3263 1610 3318 ditioni
1646 3263 1902 3316 Romana:
1932 3269 1988 3312 et
2021 3258 2257 3313 distante

682 3379 714 3418 a
739 3362 937 3425 limite,
971 3375 1145 3429 usque
1176 3358 1231 3412 in
1260 3372 1423 3427 quam
1448 3367 1628 3411 tamen
1666 3355 1893 3408 licenter
1914 3353 2260 3405 excurrendo

683 3448 906 3504 barbari
941 3444 1300 3517 penetrarint.
1344 3445 1478 3510 Quis
1525 3443 1743 3512 prOprie
1785 3442 1875 3495 hic
1916 3440 2071 3495 locus
2118 3441 2262 3494 inter

680 3542 993 3598 Orientales
1016 3537 1419 3608 imperiis“
1437 3535 1690 3606 regiones
1712 3535 1897 3597 fuerit,
1932 3545 1988 3587 et
2009 3548 2108 3586 cur
2133 3549 2259 3601 μαι-

686 3634 912 3703 νομένου
950 3631 1196 3700 κάμπος,
1225 3629 1445 3698 furentis
1485 3643 1698 3694 campus
1743 3626 2074 3695 appellatus,
2114 3639 2259 3677 non-

687 3729 821 3781 dum
861 3724 1064 3793 reperi,
1118 3723 1221 3776 etsi
1272 3721 1570 3790 repererim
1611 3719 1666 3770 in
1713 3718 1852 3771 actis
1910 3715 1969 3770 S.
2016 3716 2258 3770 Platonis

686 3816 958 3890 Ancyrani
1013 3814 1270 3884 martyris
1330 3809 1731 3881 elegantissime
1776 3808 1962 3863 Graece
2015 3808 2256 3876 scriptis,

687 3926 809 3981 quae
843 3925 1009 3964 manu
1060 3906 1264 3975 scripta
1305 3910 1591 3957 servantur
1633 3900 1688 3953 in
1730 3899 2061 3954 bibliotheca
2106 3897 2258 3952 Vati-

688 3989 848 4066 cana,
903 4003 1074 4056 fuisse
1137 4013 1308 4068 prope
1367 3995 1634 4065 Ancyram
1700 3996 1905 4055 locum,
1963 3992 2058 4061 qui
2098 3993 2258 4062 Κάμ-

688 4115 791 4160 πος
821 4097 1142 4153 vocabatur.
1179 4091 1235 4145 in
1258 4103 1369 4160 quo
1393 4098 1642 4143 sanctum
1673 4087 1792 4157 ejus
1833 4085 2089 4155 martyris
2136 4099 2258 4139 cor-

689 4204 792 4259 pus
828 4203 858 4240 a
883 4181 1210 4241 Christianis
1255 4179 1530 4249 sepultum
1561 4174 1670 4241 est,
1724 4176 1813 4229 ubi
1852 4184 1909 4230 et
1960 4175 2102 4229 idem
2137 4191 2254 4228 am-

693 4288 883 4350 putato
941 4275 1121 4346 capite
1174 4270 1497 4343 martyrium
1565 4277 2066 4323 consummaverat.
2131 4266 2256 4321 Πωο

688 4372 834 4426 enim
870 4369 982 4423 illic
1005 4368 1263 4437 leguntur
1294 4381 1310 4417 :
1338 4362 1412 4415 Τὸ
1452 4360 1507 4413 δὲ
1533 4361 1713 4429 τίμιον
1749 4360 1843 4412 καὶ
1876 4361 2031 4423 ἅγιον
2070 4359 2256 4427 λείψα-

689 4480 778 4515 νον
812 4458 907 4514 τοῦ
939 4457 1209 4528 μακαρίου
1257 4453 1564 4513 Πλάτωνος,
1596 4448 1847 4512 λαϐόντες
1886 4449 1937 4501 οἱ
1987 4451 2251 4518 Χριστια-

690 4557 792 4619 νοὶ,
838 4550 1131 4605 κατέθεντο
1167 4550 1222 4600 ὲν
1263 4545 1341 4615 τῷ
1375 4543 1523 4612 αὐτῷ
1552 4541 1727 4611 τόπῳ,
1758 4541 1835 4609 τῷ
1881 4541 2254 4609 ἐπιλεγομένῳ

691 4646 934 4715 Κάμπῳ.

762 4772 1137 4831 Κανικλεῖον,
1173 4787 1225 4839 p.
1261 4769 1381 4824 l93.
1413 4767 1555 4834 Quid
1586 4778 1731 4824 esset
1754 4767 2083 4832 κανικλεῖον,
2118 4784 2253 4822 nus-

691 4883 852 4940 quam
909 4867 1042 4921 satis
1073 4864 1402 4932 explicatum
1433 4861 1689 4916 occurrit.
1723 4861 1933 4917 Vereor
1973 4872 2155 4915 autem
2196 4871 2254 4914 ut

691 4957 894 5029 possim
928 4954 1155 5011 credere
1183 4954 1428 5008 Pontano
1457 4966 1637 5007 arcem
1686 4952 1737 5005 id
1767 4961 1823 5006 et
1853 4951 2252 5006 monasterium

692 5052 861 5104 fuisse
897 5045 1375 5113 Constantinopoli
1413 5044 1601 5108 aienti,
1639 5043 1784 5097 notis
1830 5044 1898 5096 ad
1939 5059 1988 5098 c.
2035 5045 2122 5105 Η,
2159 5045 2192 5097 l.
2239 5060 2254 5097 ι

692 5143 937 5197 historia:
963 5138 1352 5200 Cantacuzeni,
1380 5137 1471 5191 ubi
1523 5137 1588 5190 de
1633 5136 1735 5190 hoc
1784 5137 1902 5205 ipso
1943 5135 2256 5206 Nicephoro

691 5237 965 5292 Chunmo,
1001 5246 1163 5300 quem
1190 5231 1551 5300 Pachymeres
1595 5228 1684 5282 hic
1726 5228 1804 5281 ait
1845 5229 2086 5282 canicleo
2121 5245 2257 5298 prm-

697 5329 934 5396 positnm
970 5324 1137 5378 fuisse
1168 5323 1236 5377 ab
1270 5323 1537 5391 Augusto,
1571 5335 1844 5390 quemque
1871 5321 2022 5389 prius
2045 5336 2096 5388 p.
2130 5321 2254 5381 lti-t,

695 5419 908 5471 dixerat
940 5432 1005 5470 ex
1039 5424 1309 5486 quaestore
1336 5423 1579 5466 creatum
1619 5411 1688 5465 ab
1717 5411 1910 5464 eodem
1945 5412 2252 5481 mysticum,

696 5509 1112 5562 Cantacuzenus
1157 5514 1526 5560 consentanee
1587 5513 1776 5557 nostro
1841 5504 1956 5556 haec
2008 5504 2248 5556 scribit:

700 5598 810 5650 Καὶ
833 5598 857 5648 ὁ
883 5597 974 5647 ἐπὶ
992 5593 1082 5647 τοῦ
1125 5594 1436 5649 κανικλείου
1477 5594 1786 5662 Νικηφόρος
1815 5595 1841 5644 ὁ
1869 5592 2136 5661 Χοῦμνος,
2168 5609 2256 5643 σο-

699 5690 798 5758 φὸς
852 5689 990 5758 ἀνὴρ
1047 5689 1138 5739 καὶ
1187 5688 1485 5756 θαυμάσιος
1543 5687 1601 5737 ὲν
1649 5687 1926 5754 φρονήσει,
1969 5684 2168 5750 πολλῆς
2199 5702 2254 5734 τε

698 5781 986 5835 ἀπηλαίων
1015 5780 1276 5849 βασιλέως
1302 5779 1511 5840 εὐνοίας
1541 5795 1598 5830 τε
1628 5778 1722 5830 καὶ
1752 5778 1932 5847 τιμῆς.
1958 5777 2020 5830 Et
2047 5779 2134 5847 qui
2166 5794 2251 5827 ca-

2371 564 2664 628 prudentia:
2696 567 2796 630 uir,
2823 567 2874 617 in
2898 568 3082 635 primis
3106 571 3297 622 charus
3336 573 3640 640 imperatori
3673 576 3958 643 magnique

2371 651 2434 704 ab
2471 668 2528 704 eo
2563 653 2790 707 habitus.
2824 656 3018 710 Arcem
3066 656 3236 711 fuisse
3286 657 3763 730 Constantinopoli
3800 662 3957 715 cani-

2369 743 2546 796 cleutn
2582 755 2827 799 vocatam
2865 763 2973 800 non
3003 749 3225 801 memini
3256 751 3456 818 legere.
3486 750 3803 806 Monasterii
3834 754 3959 823 ejus

2369 834 2611 887 nominis
2640 836 2894 891 meminit
2926 839 3105 891 obiter
3135 839 3379 894 Zonaras
3409 840 3461 892 in
3499 841 3688 898 Alexio
3716 841 3957 895 Conme—

2369 938 2465 988 no,
2500 925 2630 979 dum
2672 927 2746 980 ait
2771 926 3084 984 Comnenos
3115 930 3317 986 fratres
3354 932 3488 985 urbe
3528 941 3688 1000 capta
3722 933 3832 999 jam
3866 949 3959 984 se-

2367 1028 2530 1067 curos
2583 1030 2838 1070 evocasse
2873 1028 3100 1074 matrem
3145 1030 3202 1074 et
3248 1021 3511 1090 conjugcs
3555 1037 3586 1074 e
3613 1022 3960 1075 monasterio

2368 1104 2600 1159 caniclei
2666 1107 2720 1160 in
2780 1108 3072 1176 palatium.
3108 1112 3282 1166 Verba
3320 1115 3548 1165 γένηαι-αξ
3591 1120 3723 1166 sunt
3763 1131 3776 1166 :
3811 1115 3958 1178 'llaq

2368 1195 2412 1247 δ’
2442 1199 2500 1248 ὲν
2527 1198 2766 1265 ἀσφαλεῖ
2794 1202 3080 1268 γεγονότες
3110 1204 3157 1254 oi
3179 1204 3455 1272 Κομνηνοὶ
3485 1204 3580 1256 καὶ
3605 1203 3706 1274 τὴν
3727 1207 3954 1272 μητέρα

2371 1287 2521 1355 σφῶν
2546 1291 2640 1340 καὶ
2671 1290 2772 1352 τὰς
2797 1293 3145 1359 ὀμευνέτιδας
3213 1296 3277 1346 ἐκ
3319 1295 3419 1363 τῆς
3451 1297 3616 1365 μονῆς
3658 1295 3754 1346 τοῦ
3799 1313 3960 1346 κανε-

2369 1381 2550 1434 κλείου
2611 1383 2746 1450 πρὸς
2779 1383 2845 1434 τὰ
2882 1384 3135 1452 βασίλεια
3172 1387 3606 1454 μετεστείλαντο.
3649 1386 3856 1439 Tamen
3900 1387 3955 1439 id

2368 1476 2787 1537 monasterium,
2823 1491 2934 1544 quo
2969 1476 3272 1532 abstractas
3309 1493 3339 1532 e
3376 1479 3577 1547 templo
3609 1478 3664 1532 S.
3701 1480 3954 1548 SOphize,

2368 1563 2424 1615 in
2458 1565 2604 1631 quod
2630 1566 2764 1637 asyli
2787 1567 2909 1636 jure
2933 1568 3316 1638 confugerant,
3341 1580 3617 1624 matronas
3641 1569 3957 1624 Contneno-

2367 1670 2489 1708 rum
2518 1655 2833 1713 Botaniates
2863 1661 3236 1725 transtulerat,
3273 1671 3331 1714 ut
3362 1661 3506 1716 idem
3549 1662 3793 1716 Zonaras
3820 1678 3953 1716 mox

2366 1746 2464 1808 ait,
2507 1746 2664 1801 Anna
2718 1747 3000 1805 Comnena
3052 1767 3166 1806 rem
3224 1752 3473 1806 eamdem
3525 1752 3771 1806 referens
3823 1753 3860 1805 Ι.
3907 1769 3950 1815 ι,

2364 1854 2421 1908 p.
2454 1839 2547 1902 54,
2572 1851 2732 1895 vocat
2761 1843 3081 1908 γυναικείαν
3119 1843 3288 1912 μονὴν
3313 1845 3420 1896 τῶν
3453 1844 3718 1914 Πετρίων,
3757 1845 3954 1899 mulie-

2363 1930 2454 1983 bre
2499 1933 2883 1986 monasterium
2934 1933 3260 1996 Petriorum,
3331 1935 3478 2004 quod
3535 1945 3593 1989 et
3639 1937 3716 1989 ait
3773 1938 3949 1991 situm

2363 2021 2533 2078 fuisse
2563 2039 2724 2093 prope
2749 2024 2997 2078 Ferream
3027 2027 3125 2096 τὴν
3152 2027 3322 2093 ἀγχοῦ
3347 2029 3449 2096 τῆς
3475 2029 3705 2097 Σιδηρᾶς
3737 2029 3952 2081 διακει-

2367 2117 2556 2186 μένην.
2585 2116 2850 2186 Suspicor
2884 2118 3187 2171 κανικλεῖον
3226 2118 3372 2173 aedes
3419 2119 3592 2175 fuisse
3651 2121 3706 2175 in
3739 2121 3954 2190 quibus

2364 2210 2788 2264 asscrvabantur
2825 2213 3108 2278 scriptura:
3161 2211 3412 2280 publicae,
3444 2220 3503 2266 et
3553 2212 3648 2266 ubi
3681 2211 3952 2281 expedie-

2364 2300 2568 2354 bantur
2598 2303 2947 2368 imperatoria
2983 2301 3301 2371 diplomata,
3332 2303 3493 2372 quale
3524 2303 3710 2357 Romae
3743 2304 3952 2358 visitur

2362 2394 2624 2462 palatium
2648 2395 3021 2460 cancellariaa;
3049 2397 3548 2465 monasteriumque
3574 2395 3706 2450 illud
3732 2395 3950 2449 Petrio-

2365 2500 2485 2537 rum
2542 2485 2762 2553 proprie
2810 2498 3062 2540 vocatum
3113 2501 3178 2538 ex
3221 2487 3343 2556 ejus
3373 2488 3572 2541 domus
3613 2487 3848 2557 publica!
3880 2502 3949 2542 ac

2363 2577 2664 2630 notissima:
2690 2577 2891 2631 vicinia
2928 2579 3223 2632 indicatum
3255 2589 3309 2633 et
3329 2579 3742 2632 denominatum
3777 2595 3805 2632 a
3833 2578 3948 2633 Zo-

2364 2681 2496 2718 nara
2553 2666 2742 2729 fuisse,
2787 2666 3104 2735 praefectum
3152 2679 3336 2722 autem
3381 2669 3611 2724 caniclei
3657 2676 3942 2729 vocatum.

2359 2773 2527 2826 quem
2554 2759 2941 2811 cancellarium
2971 2759 3225 2822 dicimus,
3257 2761 3346 2814 cui
3377 2769 3526 2816 esset
3557 2761 3813 2814 tabularii
3848 2775 3942 2813 re-

2362 2850 2435 2921 gii
2457 2850 2705 2905 custodia
2735 2860 2792 2904 et
2814 2851 3128 2905 chartarum
3155 2852 3628 2918 itnperatoriarum
3657 2851 3944 2920 expeditio

2363 2943 2676 3006 commissa,
2712 2944 2954 3012 amplum
2999 2945 3110 3012 jam
3161 2953 3216 2997 et
3240 2943 3477 2998 celebris
3505 2944 3559 2997 in
3583 2944 3724 2998 aulis
3757 2944 3943 2997 omni-

2363 3034 2469 3090 bus
2514 3035 2824 3104 splendoris
2858 3033 3117 3088 ofﬁcium.
3153 3036 3448 3091 Auctorem
3483 3036 3661 3091 habeo
3697 3037 3942 3091 Radevi-

2285 3145 2328 3202 C
2361 3143 2508 3190 cum,
2540 3128 2578 3181 l.
2613 3143 2628 3181 t
2682 3127 2756 3179 De
2822 3129 2978 3196 gestis
3034 3125 3296 3180 Friderici
3345 3131 3700 3197 imperatoris,
3730 3143 3780 3181 c.
3816 3128 3888 3180 47
3919 3144 3934 3180 :

2368 3219 2530 3286 Unus,
2575 3220 2671 3284 ait,
2717 3221 2780 3271 de
2840 3222 2998 3273 servis
3052 3219 3262 3288 palatii,
3324 3219 3615 3273 canictiuus
3672 3218 3939 3281 uidelicet,

2359 3329 2514 3383 quem
2563 3330 2657 3367 nos
2711 3314 3094 3367 cancellarium
3147 3316 3320 3368 dicere
3355 3329 3652 3382 possumus.
3683 3313 3772 3366 Sic
3812 3313 3932 3374 ille,

2361 3403 2580 3468 melius,
2618 3403 2834 3471 Opinor,
2864 3418 3025 3471 quam
3080 3401 3421 3466 Guntherus,
3458 3402 3552 3471 qui
3590 3401 3748 3455 metri
3787 3401 3933 3453 forte

2359 3493 2808 3549 commoditatem
2871 3503 3122 3560 secutus,
3149 3495 3472 3548 caniclinum
3531 3496 3936 3562 interpretatur

2359 3586 2735 3638 camerarium.

2566 3745 2734 3813 689
2767 3744 2934 3797 Cru’ci
2963 3747 3286 3814 cognominis
3327 3763 3424 3799 usu

2467 3814 2560 3867 llic
2595 3817 2884 3867 caniclinus
2920 3826 3055 3869 erat.
3092 3816 3255 3869 Nabis
3292 3818 3618 3871 camerarius
3645 3819 3782 3871 idem

2465 3884 2595 3937 Εοεε
2611 3894 2800 3954 potest.

2359 4039 2454 4095 Est
2472 4040 2525 4094 in
2555 4042 2745 4096 eadem
2771 4043 3044 4096 sententia
3074 4043 3444 4111 Spelmannus
3464 4045 3518 4099 in
3548 4046 3930 4117 Archaaologn,

2358 4131 2530 4184 verbo
2585 4131 2952 4185 Cancellarius
3005 4142 3060 4186 et
3116 4132 3449 4190 Caniclinus.
3505 4136 3733 4189 Videtur
3779 4137 3928 4191 idem

2357 4218 2681 4276 confirmare
2717 4223 2958 4286 Nicetas,
2986 4225 3024 4279 ι.
3056 4241 3116 4287 ιι,
3154 4226 3208 4277 in
3241 4227 3454 4289 Alexio,
3487 4226 3618 4280 dum
3646 4227 3713 4280 de
3738 4227 3930 4282 officio

2357 4311 2596 4381 praefecti
2628 4314 2875 4366 canicleo
2911 4313 2992 4383 [P.
3036 4312 3160 4384 485]
3200 4317 3427 4377 scribit,
3459 4317 3828 4370 existimatum
3870 4318 3927 4371 id

2357 4404 2525 4457 fuisse
2549 4419 2777 4458 summm
2822 4407 2965 4474 apud
3007 4406 3396 4475 imperatorem
3431 4418 3526 4461 aut
3559 4409 3660 4462 sub
3691 4410 3931 4478 impera-

2290 4488 2328 4540 D
2360 4505 2478 4550 tore
2531 4499 2837 4565 potestatis.
2866 4497 3044 4551 Verba
3101 4500 3221 4568 ejus
3283 4512 3459 4554 sunt:
3515 4502 3680 4570 Παρὰ
3715 4502 3931 4568 βασιλεί

2357 4587 2614 4639 δύνασθαι
2658 4589 2725 4640 τὰ
2772 4589 2948 4641 πάντα
2997 4590 3245 4656 οἰόμενος
3292 4590 3352 4642 τὸ
3385 4591 3483 4657 μὲν
3518 4592 3611 4643 ἐπὶ
3649 4590 3742 4642 τοῦ
3772 4609 3930 4642 κανι-

2356 4677 2535 4732 κλεὶου
2586 4679 2861 4748 ὀφφίκιον.
2901 4679 3054 4744 Quod
3093 4681 3179 4733 cui
3212 4685 3386 4750 magis
3427 4697 3590 4749 quam
3637 4683 3835 4750 magni,
3865 4695 3928 4735 ut

2356 4786 2456 4824 nos
2515 4771 2813 4838 loquimur,
2859 4771 3169 4825 cancellarii
3218 4772 3402 4827 ofﬁcio
3454 4775 3766 4836 conveniat,
3812 4791 3924 4826 non

2357 4863 2517 4915 video
2542 4879 2554 4914 :
2576 4863 2680 4916 hoc
2704 4862 2849 4915 enim
2873 4863 2966 4930 qui
2997 4874 3414 4938 exercet,mens
3446 4865 3617 4917 veluti
3644 4875 3700 4918 et
3727 4882 3927 4917 manus

2354 4962 2439 5007 cst
2471 4953 2752 5022 principis.
2783 4955 3145 5007 Κανικλείονα
3194 4971 3302 5010 uno
3349 4957 3637 5019 vocabulo,
3665 4959 3923 5010 caniclw-

2357 5064 2494 5107 nent,
2525 5049 2627 5100 isto
2661 5047 2973 5116 fungentem
3012 5048 3330 5118 magistratu
3369 5051 3545 5102 virum
3590 5051 3921 5118 appellatum

2355 5141 2588 5192 afﬁrmat
2608 5139 2960 5208 Gregentius.
2980 5141 3162 5210 Agens
3193 5142 3337 5194 enim
3370 5142 3437 5195 de
3462 5143 3696 5207 quodam
3724 5141 3922 5203 "crl'u,

2358 5231 2588 5298 probato
2617 5241 2670 5282 et
2697 5231 2867 5284 cbaro
2918 5232 3256 5300 imperatori,
3290 5233 3379 5298 qui
3432 5240 3487 5284 et
3533 5232 3677 5284 hunc
3708 5247 3738 5283 e
3763 5246 3924 5283 sacro

2357 5325 2504 5376 fonte
2547 5332 2899 5391 susceperat,
2932 5325 3007 5376 ait
3039 5339 3164 5376 eum
3211 5339 3240 5376 a
3285 5324 3500 5378 favente
3544 5324 3645 5392 ipsi
3678 5325 3926 5391 Augusto

2356 5425 2668 5481 eooptatutn
2721 5415 2771 5466 in
2822 5423 3073 5468 senatum
3139 5427 3192 5468 et
3262 5415 3463 5467 factum
3518 5415 3923 5480 ὐπεκκὶησίονα

2356 5501 2815 5570 liypecclesionem,
2840 5503 3068 5571 qualem,
3096 5512 3152 5554 ut
3187 5503 3356 5563 addit.
3383 5504 3608 5556 Romani
3639 5507 3923 5572 patricium

2357 5605 2404 5648 et
2452 5595 2805 5649 canicleonem
2885 5597 3039 5664 appet
3064 5606 3178 5650 ant.

2356 5687 2546 5739 τοῦτον
2592 5691 2835 5756 ἀπέφηνε
2861 5726 2872 5747 ,
2907 5688 3314 5757 ὑπεκκλησίονι
3370 5691 3530 5740 αὐτὸν
3575 5694 3824 5756 ποιήσας,
3863 5688 3922 5739 ὃν

3261 5597 3394 5648 Ἕνα
3455 5602 3550 5665 τῆς
3616 5597 3924 5664 συγκλήτου

2358 5781 2405 5830 οἱ
2446 5779 2700 5846 Ῥωμαῖοι
2749 5781 3033 5847 πατρίκιοι]
3065 5781 3156 5833 καὶ
3178 5781 3516 5833 κανικὶεῑωη
3551 5780 3921 5852 wanting;-
