4194 6444
683 388 775 453 751

1612 390 1675 452 Ρ.
1718 390 2014 451 Ροξςδξικι
2057 383 2699 449 (ιιιειῐιιγλτιοκυλι
2767 388 2911 449 LIB.
2956 387 3004 449 ῐ.

3825 385 3936 447 ’ῖεὲ

684 506 859 556 ιυιιιιιι
912 516 1083 570 ipsam
1145 515 1241 554 seu
1295 502 1529 569 palmam
1588 513 1642 554 et
1697 503 1930 556 mediam
1973 503 2326 570 planitieinA
2362 501 2643 552 Ammiano
2700 497 3035 564 Marcellino,
3098 498 3135 552 l.
3176 512 3326 560 xvtt,
3388 497 3459 551 sic
3506 497 3682 551 notari
3734 496 3805 550 ad
3838 494 3938 549 illa

682 609 938 649 concava:
969 607 1166 645 tnanus
1193 591 1589 660 xapnévetiam
1623 594 1747 647 dici.
1786 593 1917 646 Nam
1964 592 2252 655 Homerus,

682 686 846 741 Iliad.
910 702 940 737 σ
991 685 1221 740 choreas
1273 686 1594 740 describens
1649 691 1909 754 juvennm
1964 702 2089 738 eum
2148 686 2258 736 vir-

683 778 908 846 ginibus
968 775 1227 829 manibus
1288 776 1521 830 invicem
1582 779 1854 831 consertis
1914 778 2252 838 saltantium,

685 869 779 922 tali
846 867 1067 922 videtur
1126 867 1435 937 signiﬁcatu
1498 870 1707 937 καρπόν
1764 885 2068 938 usurpare,
2123 869 2254 923 dum

681 960 907 1015 scribit:

686 1104 875 1156 Ἔνθα
899 1101 1010 1168 μὲν
1037 1102 1224 1168 ἠΐθεοι
1266 1101 1361 1154 καὶ
1407 1099 1690 1167 παρθένοι
1731 1101 2114 1167 ἀλφεσίϐοιαι

682 1173 1014 1241 Ὠρχεῦντ’,
1042 1172 1335 1240 ἀλλήλων
1373 1172 1471 1224 ἐπὶ
1515 1170 1719 1238 καρπῷ
1746 1171 1950 1239 χεῖρας
1983 1170 2253 1238 ἔχοντες.

686 1304 740 1358 Si
774 1304 921 1359 enim
956 1304 1096 1359 alter
1120 1305 1174 1359 in
1205 1304 1435 1360 alterius
1458 1320 1627 1374 carpo
1656 1321 1876 1358 manum
1898 1305 2158 1363 habebat,
2198 1314 2256 1357 ut

682 1397 780 1464 ait,
810 1413 919 1453 non
974 1398 1167 1468 utique
1218 1398 1427 1453 brachii
1456 1399 1774 1467 juncturam
1827 1413 2054 1468 earpum
2096 1398 2255 1463 dicit,

681 1489 777 1545 sed
834 1490 1070 1560 palmam
1120 1498 1177 1543 et
1220 1490 1421 1552 volam,
1457 1506 1565 1559 qua
1607 1489 1778 1544 teneri
1812 1499 1867 1544 et
1897 1490 2088 1560 stringi
2117 1490 2257 1544 solet

687 1600 882 1640 manus
940 1600 999 1640 se
1053 1584 1289 1637 invicem
1343 1584 1595 1637 saltando
1660 1583 2023 1637 trahentium.
2082 1584 2259 1636 Habet

682 1687 866 1732 autem
915 1675 1209 1746 quamdam
1242 1676 1478 1744 Speciem
1513 1676 1649 1729 volat
1687 1687 1927 1729 extensae
1952 1675 2171 1743 pagina,
2200 1685 2259 1727 ut

683 1769 1105 1823 fundamentum
1138 1764 1519 1820 translationis
1542 1779 1652 1819 non
1679 1765 1846 1825 desit,
1880 1767 2097 1820 usitata:
2128 1776 2258 1819 tunc

2361 592 2517 645 verba
2556 591 2657 643 mei
2707 590 2953 659 Procopii
2991 603 3009 640 :
3053 588 3311 643 Arsacem
3365 588 3419 641 in
3471 586 3755 642 castellum
3795 584 3946 639 obli-

2362 684 2544 737 vionis
2606 682 2849 747 detrudi,
2900 682 3067 736 verba
3122 679 3517 751 Thcophylacti
3570 677 3775 733 Simoc.
3814 691 3944 745 quae

2364 791 2449 829 me
2480 774 2825 829 redditurum
2862 774 3090 843 promisi
3117 789 3309 844 supra,
3343 774 3433 826 hic
3459 772 3645 840 accipe
3672 786 3737 825 ex
3769 769 3808 822 1.
3853 784 3940 826 ιιι.

2361 883 2409 919 c.
2450 868 2484 921 5
2513 885 2527 921 ;
2562 866 2827 937 Φρούριον
2862 866 3215 936 (Γιλιγέρὸων
3258 866 3429 935 ὄνομα
3469 864 3641 933 αὐτῷ)
3672 863 3946 931 ἐνδοτέρω

2362 959 2461 1027 τῆς
2494 960 2749 1028 Μηδικῆς
2780 959 3127 1028 ᾠκοδόμηται
3155 961 3212 1011 ὲν
3249 958 3403 1029 χώρᾳ
3426 956 3814 1027 ’ἐπιλεγομένη
3852 948 3947 1005 Βι-

2362 1051 2551 1114 ζακοῦ,
2589 1052 2648 1104 οὐ
2681 1051 2869 1122 πόρρω
2900 1051 3336 1122 Βενδοσαδείρων
3366 1055 3465 1120 τῆς
3492 1051 3723 1112 πόλεως.
3761 1049 3946 1117 Πρόσ-

2360 1160 2477 1195 εστι
2505 1143 2562 1195 δὲ
2594 1142 2774 1211 τούτῳ
2804 1145 2895 1195 καί
2930 1160 3010 1204 τις
3052 1145 3270 1213 εἱρκτὴ.
3300 1144 3486 1213 Λήθην
3521 1142 3579 1195 δὲ
3610 1141 3948 1211 ὀνομάζουσι

2359 1237 2570 1306 ταύτην
2616 1237 2665 1288 οἱ
2714 1235 3003 1305 βάρὸαροι.
3052 1234 3191 1288 Hinc
3244 1249 3344 1290 nos
3396 1236 3614 1289 videtur
3661 1235 3948 1289 abducere

2361 1327 2684 1381 Ammianus
2713 1326 3086 1387 Marcellinus.
3126 1341 3252 1380 cum
3285 1326 3364 1379 ait
3403 1325 3660 1379 Arsacem
3688 1327 3950 1379 extermi-

2359 1429 2546 1473 natum
2593 1419 2751 1487 fuisse
2770 1420 2825 1472 in
2860 1418 3140 1472 castellum
3172 1418 3448 1489 Agabana.
3485 1420 3553 1471 At
3589 1417 3697 1471 hoc
3735 1418 3944 1486 ipsum,

2362 1528 2480 1567 mea
2524 1512 2748 1581 quidem
2790 1511 3090 1572 sententia,
3130 1510 3281 1564 illius
3334 1518 3420 1563 est
3461 1510 3703 1563 carceris
3736 1524 3945 1563 nomen

2361 1620 2427 1658 ex
2457 1604 2677 1658 duobus
2705 1604 2964 1658 coalitum
2990 1619 3116 1659 cum
3147 1602 3408 1656 articulo.
3441 1603 3693 1657 Proxime
3716 1603 3786 1669 ad
3830 1604 3950 1656 ori-

2362 1697 2515 1767 gines
2575 1698 2801 1750 accedet
2848 1696 2943 1766 qui
2994 1698 3065 1750 ita
3116 1696 3430 1765 scripserit,
3466 1696 3817 1766 Hagoba-nas
3856 1697 3951 1750 vel

2370 1788 2780 1857 llagoba-nasa.
2821 1790 3036 1843 Etenim
3086 1788 3216 1855 σοι,
3259 1800 3314 1843 et
3361 1787 3659 1848 Chaldajce
3687 1790 3820 1859 goba
3857 1790 3951 1844 vel

680 1861 821 1916 forte
864 1859 1073 1929 vulgari
1132 1871 1409 1922 sermone,
1439 1857 1540 1911 etsi
1588 1858 1765 1911 rarius
1818 1858 1870 1909 in
1907 1858 2064 1911 libris
2097 1872 2253 1926 repe-

2369 1882 2552 1949 gubba,
2577 1882 2727 1950 quod
2759 1882 2925 1935 toties
2957 1882 3015 1934 in
3039 1882 3140 1936 c.6
3174 1882 3417 1937 Danielis
3432 1857 3700 1946 occurrit,
3728 1882 3952 1936 foveam

682 1955 879 2009 riatur.
918 1950 1227 2020 Aliquando
1262 1959 1516 2020 putaram
1553 1953 1767 2021 καρπόν
1799 1950 1887 2003 hic
1921 1950 2071 2005 reddi
2100 1965 2257 2020 posse

681 2044 976 2100 articulum
1012 2052 1102 2096 aut
1155 2042 1472 2112 capitulum,
1508 2057 1723 2096 comma
1767 2044 1980 2097 scilicet
2014 2044 2255 2112 primunt

681 2139 737 2191 in
760 2135 954 2189 oculos
980 2134 1271 2189 incurrens
1291 2133 1436 2188 libro
1462 2143 1671 2204 aperto,
1706 2137 1851 2204 quod
1876 2144 2057 2204 potest
2088 2137 2260 2188 inter-

681 2230 813 2283 dum
854 2241 977 2283 esse
1036 2242 1105 2281 ex
1158 2225 1339 2280 media
1391 2236 1484 2280 aut
1539 2226 1727 2281 inﬁma
1783 2228 2003 2297 pagina.
2063 2227 2168 2281 Sed
2206 2227 2256 2281 id

682 2321 792 2377 dici
841 2318 1035 2390 nequit
1091 2317 1198 2373 hoc
1254 2317 1395 2373 loco.
1433 2317 1576 2373 Satis
1626 2318 1777 2374 enim
1819 2329 2008 2373 noster
2053 2319 2262 2375 indicat

683 2428 846 2469 omen
903 2411 971 2466 de
1023 2424 1133 2480 quo
1174 2410 1306 2481 agit,
1343 2410 1554 2481 captari
1608 2410 1831 2465 solitum
1880 2426 1946 2463 ex
1996 2410 2260 2464 vcrbisin

684 2506 865 2576 capite
894 2503 1010 2559 sive
1034 2502 1309 2573 principio
1332 2501 1543 2573 paginae
1572 2502 2019 2557 occurrentibus.
2042 2501 2262 2572 Alioqui

684 2598 833 2654 enim
868 2612 978 2652 non
1006 2612 1200 2651 omnes
1252 2594 1647 2649 convenissent
1677 2594 1734 2648 in
1771 2594 2263 2649 animadvertendo

658 2690 831 2747 ~malo
854 2690 1085 2761 augurio
1113 2705 1177 2744 ex
1198 2688 1383 2743 verbis
1412 2688 1603 2742 iisdem
1632 2706 1645 2742 :
1672 2687 1793 2742 ﬁeri
1824 2688 1972 2742 enim
1996 2688 2267 2757 potuisset

686 2792 749 2837 ut
771 2794 886 2839 tres
912 2782 1185 2853 episcopi,
1210 2796 1305 2851 qui
1329 2796 1453 2835 cum
1480 2780 1796 2835 celebrante
1822 2780 2267 2850 cooperabantur

678 2876 743 2930 in
780 2875 873 2930 illa
905 2874 1192 2945 apertione
1223 2881 1280 2928 et
1320 2871 1672 2941 impositione
1703 2870 1909 2926 codicis
1936 2870 2265 2941 evangelici,

650 2982 800 3022 ~non
822 2967 877 3021 in
906 2965 1156 3022 eamdem
1186 2978 1379 3018 omnes
1400 2963 1611 3034 pagina:
1634 2971 1844 3032 partem
1868 2961 2060 3016 oculos
2083 2947 2272 3032 conje:

683 3061 912 3116 cisscnt.
953 3056 1082 3113 Haec
1112 3071 1199 3112 me
1234 3070 1414 3110 causae
1452 3053 1796 3123 impulerunt
1822 3056 1890 3108 ad
1924 3052 2137 3123 καρπόν
2161 3052 2267 3107 hoc

688 3154 811 3209 loco
846 3151 1104 3221 paginam
1133 3146 1631 3217 interpretandum.

762 3263 1061 3337 Kdo'tpor.
1111 3260 1192 3316 Ad
1236 3276 1300 3315 ea
1329 3276 1453 3331 qua:
1496 3259 1705 3314 dudum
1750 3258 1934 3312 n0tavi
1985 3256 2269 3311 Glossario

687 3356 802 3411 vol.
828 3356 871 3421 l,
897 3371 955 3425 p.
979 3353 1270 3426 57μπερὶ
1296 3353 1538 3424 κάστρου
1588 3350 1703 3406 sive
1723 3352 1947 3422 εἱρκτῆς
1971 3349 2165 3420 λήθης,
2200 3348 2269 3403 de

690 3448 917 3503 castello
970 3438 1113 3501 sive‘
1138 3459 1365 3499 carcere
1418 3443 1739 3506 oblivionis,
1772 3444 1969 3496 addam
2015 3443 2107 3496 hic
2145 3430 2267 3511 qua?

692 3539 967 3610 suggessit
1001 3538 1161 3591 Pater
1190 3535 1457 3590 Claudius
1485 3534 1772 3589 Maltretus
1803 3533 1929 3588 Soc.
1951 3533 2106 3598 lesu,
2129 3532 2271 3587 datis

694 3633 762 3687 ad
788 3645 875 3686 me
904 3636 1030 3700 post
1051 3627 1307 3683 illa’lecta
1334 3625 1979 3681 humanissimislitteris.
2012 3643 2029 3675 ι
2062 3625 2273 3678 Dudum

697 3723 925 3794 (inquit)
949 3724 1060 3776 lucc
1085 3729 1389 3775 notaveram
1417 3721 1487 3773 ad
1518 3735 1567 3772 c.
1600 3720 1654 3784 5,
1678 3719 1714 3772 l.
1737 3733 1753 3771 ι
1778 3717 2021 3788 ProcOpii
2044 3718 2119 3772 De
2138 3717 2274 3772 bello

692 3812 906 3868 Persico
948 3810 1110 3882 692
1143 3810 1205 3862 de
1261 3808 1477 3862 castello
1521 3807 1846 3862 oblivionis:
1911 3807 2077 3876 hujus
2128 3806 2274 3860 arcis

696 3905 1033 3960 mentionem
1084 3903 1295 3958 faciunt
1343 3900 1398 3954 in
1449 3899 1569 3954 Vita
1619 3898 1677 3955 S.
1723 3897 1955 3954 Joannis
2004 3896 2086 3970 [P.
2147 3898 2274 3970 487]

692 3992 1125 4064 Eleemosynarii
1159 3990 1426 4046 Leontius
1457 3998 1513 4043 et
1540 3987 1941 4056 Metaphrastes
1965 3986 2110 4056 apud
2146 3986 2276 4040 Bol-

695 4088 918 4144 landum
959 4100 1134 4140 mens.
1168 4084 1289 4139 Jan.
1342 4091 1476 4136 tom.
1521 4081 1562 4144 l,
1594 4096 1649 4149 p.
1683 4080 1786 4134 508
1830 4088 1888 4133 et
1917 4078 2055 4143 525;
2086 4077 2154 4131 de
2178 4092 2274 4131 eo-

697 4181 822 4235 dem
856 4185 1025 4249 agunt
1062 4175 1351 4230 Cedrenus
1382 4173 1471 4227 ed.
1529 4172 1664 4241 lteg.
1702 4187 1757 4240 p.
1790 4171 1917 4236 346,
1953 4182 2147 4223 auctor
2175 4169 2278 4222 Mi-

699 4272 899 4334 scellaa,
940 4270 979 4325 l.
1032 4285 1170 4331 xvii,
1204 4284 1257 4337 p.
1298 4265 1425 4330 5l0,
1472 4264 1841 4332 Theophanes
1895 4278 1951 4331 p.
1986 4262 2112 4320 220.
2140 4263 2281 4331 Aga-

702 4366 844 4419 tbias
881 4364 918 4417 l.
959 4378 1033 4425 IV,
1080 4360 1173 4415 ed.
1230 4361 1365 4429 Reg.
1403 4375 1459 4429 p.
1520 4358 1643 4412 158.
1689 4357 2018 4411 Aecuratius
2066 4355 2279 4409 caeteris

701 4452 1151 4523 Theophylactus
1202 4450 1525 4509 Simocatta,
1566 4448 1724 4516 cujus
1754 4446 1923 4499 verba
1958 4444 2023 4497 ad
2071 4443 2276 4496 calcem

2360 1982 2416 2025 et
2450 1972 2627 2025 lacum
2662 1973 2952 2043 signiﬁcat.
2990 1972 3235 2043 Utroque
3274 1984 3457 2029 autem
3489 1975 3757 2031 vocabulo
3790 1975 3953 2031 Seri-

2362 2075 2537 2134 ptura:
2597 2081 2767 2120 sacrae
2825 2066 3161 2135 interpretes
3216 2082 3495 2122 carcerem
3542 2068 3681 2123 bene
3724 2078 3950 2138 septum

2361 2166 2418 2210 et
2454 2158 2699 2226 prmaltis
2729 2159 3039 2226 parietibus
3090 2159 3362 2210 munitum
3393 2159 3707 2229 designant.
3743 2160 3955 2214 Carccr

2328 2278 2333 2283 -
2363 2247 2417 2299 in
2441 2262 2604 2315 quem
2624 2247 2827 2315 Joseph
2860 2248 3142 2315 eonjectus
3170 2248 3294 2311 fuit,
3318 2248 3472 2302 l‘ovea
3506 2250 3709 2304 dicitur
3733 2249 3863 2319 Sap.
3894 2267 3975 2313 3,,

2367 2341 2454 2398 15.
2473 2356 2501 2393 a
2519 2338 2681 2401 LXX,
2700 2339 2920 2401 λάκκος,
2940 2338 3141 2392 ctGen.
3165 2356 3269 2399 xu,
3296 2341 3379 2403 lt,
3400 2341 3567 2409 ὀλύρπ
3591 2358 3663 2410 μι
3685 2344 3949 2396 munitio.

2365 2432 2491 2487 llaec
2520 2445 2603 2486 eSt
2649 2431 2932 2486 Chaldaici
2988 2442 3236 2499 potestas
3278 2434 3521 2485 nominis
3568 2444 3680 2493 N1:
3732 2434 3815 2487 vel
3860 2445 3955 2495 ειη

2366 2526 2612 2579 Alterum
2656 2540 2789 2577 vero
2821 2540 2849 2576 a
2878 2526 3049 2577 verbo
3081 2533 3195 2582 ma:
3234 2526 3583 2594 progenitum
3636 2526 3955 2581 oblivionem

2367 2626 2544 2670 sonat.
2601 2614 2878 2685 Originem
2921 2631 3141 2684 quoque
3189 2618 3429 2671 nominis
3466 2617 3771 2687 Giligcrdon
3810 2619 3954 2672 mihi

2367 2706 2561 2760 videor
2597 2706 2651 2757 in
2685 2721 2752 2758 eo
2785 2704 3224 2772 deprehendisse
3268 2707 3411 2774 quod
3479 2709 3705 2777 subjieit
3761 2707 3954 2762 Simo-

2369 2809 2532 2855 calta.
2552 2813 2733 2851 arcem
2750 2796 2895 2849 illam
2917 2797 3085 2851 fuisse
3104 2798 3378 2851 addictam
3399 2800 3780 2855 custodiendis
3802 2801 3954 2856 bello

2370 2886 2564 2955 captis,
2605 2901 2745 2955 quos
2772 2902 2864 2940 rex
2902 2887 3173 2941 intentius
3200 2892 3472 2943 asservari
3502 2891 3691 2945 vellet.
3724 2890 3834 2945 Gili
3861 2893 3951 2947 vel

2370 2978 2471 3047 geli
2496 2977 2711 3031 deduco
2745 2994 2775 3030 a
2808 2977 2980 3031 verbo
3006 2961 3115 3038 n5:
3144 2979 3289 3048 quod
3355 2983 3505 3035 valet
3554 2985 3817 3049 captivum
3854 2985 3953 3037 ab-

2367 3071 2510 3126 duci.
2542 3072 2638 3124 Est
2671 3082 2854 3124 antem
2903 3076 3055 3141 gerd,
3091 3072 3197 3126 nisi
3239 3072 3420 3140 fallor,
3473 3076 3617 3129 idem
3656 3093 3721 3131 ac
3769 3077 3952 3147 gadet,

2372 3161 2566 3216 Latine
2619 3172 2851 3232 septum,
2909 3180 2941 3216 a
2987 3164 3163 3219 verbo
3191 3176 3295 3225 ’πυ
3325 3168 3517 3235 gadar,
3562 3169 3707 3222 unde
3747 3184 3956 3225 nomen

2293 3225 2337 3286 Ο
2373 3252 2566 3316 Gades,
2616 3225 2689 3307 et.
2724 3225 2975 3325 Γάδειρα,
3025 3260 3172 3323 quod
3221 3225 3527 3328 Hesychius
3583 3262 3955 3331 περίφραγμσ.

2373 3345 2792 3414 interpretatur.
2861 3347 3172 3402 Subscrabit
3232 3351 3491 3413 Avienus,
3550 3369 3606 3407 ν.
3657 3354 3783 3418 9N,
3821 3371 3952 3410 cum

2372 3436 2477 3489 ait:

2376 3525 2620 3606 ξανθανο
2650 3532 2775 3595 quin
2810 3532 2984 3606 etiam
3033 3530 3202 3606 Gades
3232 3534 3347 3585 hinc
3391 3534 3571 3604 lingua
3604 3538 3905 3606 frequentat
3931 3554 3953 3590 :

2374 3595 2563 3650 Pcenus
2596 3616 2786 3667 quippe
2818 3600 2987 3653 locum
3044 3602 3209 3655 (ἰοίην
3266 3615 3413 3657 uocat
3441 3595 3672 3674 undique
3696 3595 3953 3676 'septmn.

2377 3697 2591 3766 Es'illo
2634 3712 2783 3768 fonte
2818 3716 3189 3769 transmarino
3241 3716 3468 3773 ﬂuxisse
3513 3719 3759 3773 arbitror
3785 3736 3958 3775 voces

2374 3803 2609 3859 Gallicas
2663 3807 2862 3875 garde,
2902 3806 3065 3876 693
3108 3809 3324 3876 gardcr,
3360 3810 3554 3863 leviter
3603 3796 3959 3881 transpositis

2374 3898 2596 3961 litteris,
2651 3910 2707 3950 ut
2764 3899 2915 3952 litin
2958 3901 3147 3952 ultima
3202 3914 3357 3969 parte
3413 3905 3652 3957 nominis
3704 3904 3955 3975 giligerd,

2375 3994 2541 4061 quod.
2578 3993 2685 4047 nisi
2717 4008 2800 4045 me
2835 3994 3332 4065 l'allitconjecmra,
3362 3999 3692 4066 captivorum
3744 4009 3958 4069 septum

2376 4083 2668 4151 signiﬁcat.
2712 4101 2728 4132 ι
2762 4083 2884 4136 llaec
2938 4085 3121 4137 verbis
3160 4084 3387 4137 totidem
3420 4085 3702 4139 Maltretos
3738 4097 3955 4151 noster,

2376 4176 2535 4245 cujus
2565 4175 2846 4243 specimen
2898 4187 3152 4230 notarum
3188 4177 3657 4236 doctissimarum.
3686 4178 3782 4232 sed
3814 4194 3960 4233 non-

2377 4265 2507 4318 dum
2563 4267 2862 4329 editarum,
2898 4267 2952 4319 in
3009 4266 3361 4335 Procopium,
3411 4269 3504 4337 qui
3563 4267 3771 4322 dudum
3810 4271 3961 4339 typis

2380 4356 2567 4424 Regiis
2608 4374 2733 4410 cum
2759 4359 2879 4427 ejus
2934 4367 3190 4411 accurata
3242 4369 3299 4412 et
3328 4360 3563 4428 eleganti
3622 4360 3959 4429 interpreta-

2383 4449 2530 4500 tione
2588 4449 2813 4517 prodiit,
2844 4448 3052 4502 vidisse
3108 4449 3209 4502 hac
3258 4451 3549 4504 occasione
3588 4468 3696 4504 non
3746 4454 3959 4523 pigebit

703 4547 868 4617 hujus
894 4544 1093 4614 capitis
1122 4540 1468 4596 commodius
1500 4539 1750 4594 reddam.
1784 4538 1975 4593 Simile
1998 4536 2274 4606 quoddam
2312 4563 2351 4615 υ
2383 4539 2617 4592 lectores
2648 4539 2923 4592 eruditos.

702 4637 963 4692 habuisse
1005 4635 1292 4690 castellum
1324 4634 1585 4688 videntur
1618 4631 1793 4686 Graaci
1828 4631 2136 4698 imperante
2165 4628 2277 4681 An-

700 4730 931 4784 dronico
983 4728 1229 4792 seniore,
1279 4725 1367 4780 cui
1398 4724 1745 4793 Nicephorus
1802 4720 2071 4790 Gregoras
2122 4719 2159 4771 I.
2199 4734 2275 4781 ts,

699 4838 754 4891 p.
815 4820 944 4881 208,
981 4819 1072 4873 ed.
1133 4818 1297 4871 Basil.
1351 4817 1532 4871 datam
1599 4814 1769 4868 fuisse
1807 4812 1945 4867 dicit
1996 4811 2277 4880 optionem

703 4913 956 4967 malletne
1002 4911 1370 4965 monasticum
1420 4907 1672 4962 habitum
1716 4906 1949 4960 induere
1986 4913 2079 4958 aut
2127 4901 2277 4956 aliud

702 5006 887 5061 subire
946 5006 1183 5068 malum;
1239 5018 1360 5071 qua:
1414 5011 1690 5071 postrema
1717 5001 1883 5053 verba
1930 5008 2025 5051 aut
2073 4996 2277 5051 cazdetn

703 5096 1028 5160 innuehant,
1096 5095 1276 5164 inquit
1331 5092 1636 5161 Gregoras,
1684 5101 1779 5144 aut
1848 5091 2128 5153 exsilium,
2186 5096 2282 5141 aut

706 5192 889 5261 βιαίαν
934 5189 1241 5257 ἀπαγωγὴν
1290 5188 1369 5247 εἰς
1428 5186 1489 5237 τὺ
1515 5186 1613 5253 τῆς
1643 5184 1813 5253 λήθης
1845 5183 2128 5253 φρούριον,
2166 5184 2283 5235 vio-

706 5283 909 5335 lentam
935 5278 1326 5332 abductioncm
1349 5276 1402 5328 in
1429 5274 1718 5329 castellum
1746 5272 2065 5327 oblivionis.
2104 5271 2284 5325 Leun-

705 5370 915 5424 elavius
963 5368 1016 5421 in
1055 5367 1336 5420 Pandectis
1366 5365 1595 5418 historia
1637 5363 1892 5426 Tarcicaz,
1936 5382 1988 5433 p.
2035 5364 2162 5425 M5,
2192 5364 2281 5416 ed.

708 5462 842 5531 Re'g.
880 5477 937 5514 n.
970 5458 1072 5512 128
1099 5457 1384 5512 castellum
1422 5457 1555 5510 illud
1602 5457 1885 5526 Bosphoro
1920 5457 2088 5510 fuisse
2114 5470 2283 5524 appo-

709 5553 875 5604 situm
908 5566 975 5606 ex
1006 5550 1246 5618 Gregora
1300 5548 1545 5617 conjicit.
1584 5550 1654 5601 At
1708 5563 1979 5617 nusquam
2014 5546 2285 5616 Gregoras

707 5645 828 5713 ejus
866 5642 1027 5695 situm
1064 5640 1336 5709 designat.
1407 5640 1482 5693 De
1502 5641 1718 5694 castello
1748 5658 1869 5695 vero
1904 5639 2116 5693 Persico
2159 5640 2290 5692 obli—

705 5730 877 5789 zmvtis
925 5735 1079 5794 dicto,
1148 5744 1427 5801 postquam
1471 5734 1674 5786 ostendi
1743 5734 2001 5802 tragicam
2073 5733 2288 5786 Arsacis

704 5829 989 5882 Ustoriam
1017 5844 1047 5880 a
1091 5826 1345 5897 Procopio
1378 5835 1683 5894 narratam,
1716 5830 1953 5880 eamdem
1992 5826 2178 5895 referri
2220 5826 2285 5880 ab

2451 4628 2801 4697 Καταφλᾷν,
2839 4646 2961 4699 pag.
3014 4630 3142 4683 240.
3180 4632 3464 4701 Nusquam
3502 4634 3631 4687 alibi
3686 4635 3791 4689 hoc
3826 4652 3959 4691 ver-

2381 4722 2513 4775 bum
2560 4722 2758 4790 legisse
2801 4722 3051 4775 ntetnini.
3094 4723 3341 4776 Intellexi
3399 4735 3584 4778 autem
3618 4731 3748 4793 quid
3782 4729 3962 4796 signi-

2383 4813 2506 4867 ﬁcet
2552 4828 2617 4866 ex
2650 4829 2716 4867 eo
2746 4813 2891 4881 quod
2943 4813 3248 4884 Hesychius
3288 4817 3516 4868 verbum
3551 4821 3689 4889 φἐᾇν
3717 4833 3963 4891 exponat

2386 4905 2690 4972 μαλάσσειν
2749 4905 3009 4973 πληγαῖς,
3039 4905 3208 4975 plagis
3237 4907 3491 4977 subigere.
3544 4912 3858 4966 Eustathius
3888 4916 3959 4968 ad

2381 4999 2535 5051 illum
2575 5015 2790 5052 versum
2814 4996 2898 5069 [P.
2933 5000 3058 5070 488]
3087 5000 3247 5054 Iliad.
3270 5018 3326 5060 at,
3366 5004 3471 5053 Καὶ
3494 5006 3800 5073 καρτὶσξοις
3822 5010 3965 5075 ἐμά-

2383 5107 2538 5158 χοντο
2554 5093 2759 5159 φηρσὶν
2777 5090 3126 5161 ὀρεσκῴοισι,
3140 5094 3427 5147 contendit
3446 5094 3535 5146 ’Δτ
3550 5116 3564 5145 :
3578 5097 3693 5165 ικῆς
3710 5113 3832 5152 esse
3845 5100 3960 5151 6:1-

2384 5182 2577 5234 λέκτου
2610 5182 3073 5251 permutationem
3095 5186 3123 5237 θ
3152 5185 3206 5237 in
3235 5195 3342 5253 φοι
3362 5188 3511 5257 juxta
3534 5188 3681 5241 illam
3707 5190 3815 5243 diei
3840 5192 3960 5260 φήρ

2383 5290 2483 5342 pro
2511 5274 2637 5342 θήρ,
2666 5274 2821 5342 φλάω
2856 5292 2955 5345 pro
2983 5276 3153 5330 ολάω.
3193 5278 3350 5344 Quod
3407 5281 3452 5333 si
3514 5281 3800 5349 recipitur,
3842 5284 3959 5352 jam

2386 5377 2532 5436 patet
2555 5368 2686 5435 quid
2716 5368 2787 5422 sit
2808 5369 2983 5435 φλάω,
3011 5373 3271 5438 pertundo
3298 5372 3554 5427 videlicet
3580 5390 3640 5427 ac.
3664 5378 3959 5445 perfringe.

2387 5460 2569 5525 Quare
2604 5461 2887 5531 καταφλᾷν
2919 5463 3008 5518 hic
3036 5480 3063 5516 a
3099 5475 3290 5518 nostro
3320 5466 3557 5534 positum
3589 5470 3744 5520 istam
3785 5474 3965 5520 notio-

2387 5568 2511 5607 nem
2566 5554 2774 5621 impetu
2822 5556 3060 5624 quodam
3110 5572 3175 5610 ex
3210 5559 3616 5626 praepositionis
3648 5559 3965 5627 adjectrone

2390 5643 2692 5707 roborabit,
2729 5654 2788 5699 ut
2838 5646 3070 5716 intelligi
3103 5647 3303 5701 debeat
3326 5665 3624 5717 expressus
3658 5653 3963 5704 vehemen-

2391 5735 2640 5789 tissimus
2690 5735 2854 5801 ictus,
2894 5738 3074 5807 qualis
3104 5748 3225 5791 erat
3262 5741 3397 5793 vasti
3433 5742 3656 5794 molaris
3683 5750 3963 5793 ltll‘lllcttto

2390 5828 2670 5897 ejaculati,
2723 5837 2819 5883 aut
2850 5838 2907 5882 ut
2941 5830 3125 5894 hodie,
3158 5831 3459 5887 suppositis
3502 5831 3735 5885 invicem
3806 5838 3959 5883 vete-
