4194 6444
235 423 346 486 75Ί

1601 419 2115 481 οιοδδιιιιιτιι.

3390 419 3492 479 ’ἵξιί

246 554 364 591 rum
419 536 756 591 ballistarum
799 536 946 590 tubis
985 534 1151 590 aeneis
1182 534 1616 606 prmgranilibus,
1655 535 1816 603 globo
1851 535 1888 589 Α
1920 542 2111 601 negant
2166 536 2280 601 igne
2328 552 2474 603 posse
2507 533 2690 601 subigi.
2722 534 2793 584 sic
2832 532 2917 584 isti
2961 549 2991 585 a
3041 530 3213 601 legum
3249 533 3296 584 vi
3323 548 3487 596 quan-

239 634 430 682 tt-rreo
462 629 617 698 ignea
666 628 713 680 vi
754 628 1064 683 fulminata.
1097 628 1390 682 Vaticanus
1428 628 1816 697 paraphrastes

240 723 417 787 ignoti
460 722 605 774 verbi
641 723 795 790 quasi
842 722 1222 788 contagionem
1270 720 1715 789 perhorrescens,
1743 729 1818 771 to-

243 826 355 866 tam
402 815 491 867 cui
541 825 662 867 erat
708 814 976 867 insertum
1013 814 1271 868 transiliit
1306 813 1660 875 sententiam,
1702 828 1818 866 om-

242 920 485 970 nemque
520 904 749 957 ballista:
778 918 838 957 ac
866 904 1218 972 exples-orum
1264 918 1358 971 per
1380 918 1500 957 eam
1529 903 1815 956 molarium

242 996 641 1049 iudicationem
679 994 902 1049 conscio
954 995 1175 1050 silentio
1224 995 1499 1065 absorpsit
1526 1034 1540 1060 ,
1582 994 1661 1051 sic
1701 997 1817 1065 ple-

242 1103 483 1155 rumque
514 1086 736 1154 defungi
768 1086 983 1141 solitus.

312 1184 805 1250 Κητατροποῧμαι
835 1223 850 1245 ,
887 1198 938 1251 p.
985 1182 1108 1236 59.8.
1144 1184 1265 1251 Agit
1308 1184 1375 1237 de
1408 1200 1603 1253 magno
1629 1185 1812 1255 primi-

237 1275 391 1325 cerio
416 1276 570 1341 jussu
600 1274 823 1341 Augusti
854 1274 1133 1327 Michaelis
1162 1275 1451 1329 Catelauos
1474 1277 1815 1347 Calliopolim

241 1375 497 1418 tenentes
555 1377 907 1433 oppngaute,
958 1384 1065 1420 non
1130 1370 1248 1421 sine
1298 1370 1481 1437 aliquo
1544 1371 1816 1424 interdum

238 1471 501 1508 successu
538 1456 707 1523 prmlii
764 1458 1015 1516 secundi.
1053 1474 1163 1523 quo
1196 1458 1324 1511 illos
1357 1458 1611 1512 funderet
1668 1460 1820 1528 fuga-

242 1558 460 1615 retojue.
504 1548 622 1601 Non
681 1548 810 1602 alibi
866 1565 1029 1617 quam
1065 1550 1206 1617 apud
1268 1550 1491 1602 Suidam
1546 1552 1820 1619 reperitur

240 1640 342 1689 hoc
394 1639 629 1691 verbum
668 1639 1141 1707 κατατροποῦματ.
1192 1639 1387 1693 Suidas
1426 1650 1608 1693 autem
1644 1643 1818 1695 notio-

239 1744 363 1781 nem
391 1732 514 1800 ejus
545 1747 649 1783 non
678 1732 956 1799 exprimit,
995 1734 1086 1784 sed
1114 1740 1321 1783 tantum
1355 1734 1668 1786 accusativo
1695 1734 1821 1798 jun-

236 1820 286 1883 gi
321 1828 528 1871 monet.
570 1820 644 1873 Ex
677 1821 779 1873 hoc
814 1821 1161 1891 Pachymeris
1208 1822 1329 1875 loco
1365 1823 1626 1877 habemus
1655 1826 1815 1879 activi

234 1924 356 1961 esse
391 1909 753 1979 significatus,
782 1922 838 1965 et
859 1912 1089 1967 fundere
1118 1929 1180 1966 ac
1209 1914 1398 1982 fugare
1426 1916 1640 1984 aliquos
1671 1928 1816 1973 recte

235 2000 344 2052 dici
381 2000 569 2055 Graece
602 2004 1080 2072 κατατροπτιῦσοαί
1116 2023 1286 2068 τινας.

309 2096 682 2160 Κερασϐύλοι
715 2096 954 2163 κύαμοι,
991 2111 1110 2165 pag.
1159 2098 1284 2153 5l9.
1322 2098 1448 2167 Agit
1481 2098 1549 2153 dc
1581 2100 1816 2154 Athana-

234 2182 319 2234 sio
359 2184 717 2250 patriarcha,
773 2185 995 2238 duritiei
1044 2187 1297 2240 immanis
1359 2200 1415 2241 et
1465 2189 1815 2241 inexorabilis

240 2272 489 2327 homine.
528 2275 681 2327 llunc
716 2285 1001 2345 comparat
1051 2275 1190 2330 fabis
1250 2293 1315 2330 ex
1360 2277 1427 2331 iis
1483 2280 1652 2339 ortis,
1692 2295 1813 2347 quae

235 2379 363 2417 cum
401 2365 457 2418 in
497 2373 695 2419 terram
735 2382 763 2420 a
809 2378 1026 2422 serente
1070 2368 1406 2436 jacerentur,
1441 2370 1595 2423 bovis
1640 2386 1810 2425 cornu

238 2455 524 2524 tetigerint
560 2474 573 2509 :
606 2458 737 2512 tales
756 2457 902 2511 enim
938 2457 1253 2511 ferebantur
1274 2460 1411 2514 adeo
1445 2460 1596 2514 dune
1639 2464 1811 2526 nasci,

238 2557 299 2601 ut
355 2550 506 2601 nulla
558 2559 782 2604 coctura
825 2551 891 2603 ad
949 2552 1236 2605 mollitiem
1291 2553 1409 2606 esui
1442 2564 1809 2622 opportunam

238 2640 418 2710 subigi
457 2650 703 2708 possent.
738 2642 983 2696 Meminit
1017 2644 1177 2713 hujus
1215 2654 1274 2699 ut
1314 2646 1551 2713 antiquae
1580 2655 1635 2700 et
1664 2648 1811 2701 cclc-

240 2733 354 2786 bris
408 2733 604 2787 fabula:
636 2734 1068 2803 Theophrastus,
1098 2735 1195 2788 lib.
1232 2748 1305 2799 tv,
1347 2752 1399 2791 c.
1450 2738 1536 2800 14,
1581 2738 1666 2792 his
1692 2754 1809 2793 eam

237 2824 423 2880 verbis
477 2840 579 2896 pro
627 2827 1018 2895 superstitione
1069 2827 1262 2881 frivola
1297 2829 1629 2883 traducens:
1666 2834 1729 2884 "0
1754 2832 1809 2884 δὲ

238 2915 495 2982 λέγουσιν
544 2918 594 2969 οἱ
652 2917 839 2972 πολλοὶ
867 2918 1002 2971 διότι
1031 2919 1091 2972 τὸ
1132 2938 1188 2972 κε
1202 2920 1471 2989 ρασὸόλον
1501 2924 1811 2993 ἀτέραμνον

238 3005 474 3071 γίνεται,
504 3009 705 3075 μήποτ’
736 3008 875 3074 ἄγαν
904 3009 1098 3077 εὔηθες
1232 3012 1595 3083 σκληρότερος
1634 3016 1744 3085 γὰρ
1782 3018 1811 3069 ό

236 3097 410 3160 λίθος,
452 3101 586 3169 πρὸς
624 3101 683 3154 ὃν
716 3101 971 3164 πολλάκις
1006 3103 1341 3173 προσπίπτει
1371 3105 1438 3158 τά
1473 3106 1770 3176 σπέρματα
1793 3125 1805 3139 ·

1924 629 2110 678 tumvis
2144 626 2317 679 valida
2347 627 2527 679 intnrti
2558 625 2865 695 perdurent.
2903 624 3057 677 llunc
3090 624 3266 676 lut‘ttttl
3303 623 3480 675 Plato-

1928 720 2014 771 nis
2041 719 2263 772 vidctur
2296 720 2640 787 potissimum
2669 718 2721 770 in
2751 717 2936 769 animo
2967 716 3230 771 habuisse
3278 715 3487 784 Pachy-

1924 830 2101 868 nieres
2144 815 2258 867 hzcc
2314 813 2581 866 scribens.
2615 812 2722 867 Sed
2755 822 2925 864 totam
2978 811 3119 865 hanc
3172 827 3286 864 rem
3319 808 3491 878 magis

1924 907 2161 960 illustrat
2203 906 2546 968 Plutarchus,
2583 904 2679 976 [Ρ.
2743 902 2883 975 489]
2941 904 3046 957 hoc
3113 912 3490 967 argumentum

1920 998 2077 1066 quasi
2105 1013 2169 1050 ex
2202 997 2452 1066 professo
2483 1004 2743 1058 tractans,
2778 996 2815 1049 Ι.
2862 1010 2935 1047 vn
2964 993 3331 1048 convivalium
3365 992 3492 1044 Ser-

1922 1105 2145 1142 monum
2173 1128 2187 1150 ,
2223 1098 2415 1156 quaest.
2456 1087 2527 1147 9.;
2590 1102 2653 1141 ac
2710 1087 2911 1141 factum
2955 1084 3181 1154 quidem
3231 1098 3297 1136 ex
3343 1095 3495 1135 com-

1923 1182 2072 1236 tnuui
2120 1176 2378 1250 opinione
2427 1194 2616 1234 verum
2654 1193 2885 1248 ponens,
2929 1190 3151 1232 causam
3183 1174 3304 1243 ejus
3337 1187 3492 1227 com-

1923 1274 2239 1327 miniscitur
2288 1270 2514 1327 minime
2563 1270 3029 1340 superstitiosam.
3063 1269 3271 1337 Nempe
3308 1267 3383 1319 ait
3416 1266 3494 1318 le-

1921 1367 2143 1437 gumina
2187 1379 2281 1419 aut
2334 1366 2540 1418 semina
2595 1381 2740 1433 quae,
2782 1374 2839 1416 ut
2894 1364 3037 1416 solet
3080 1361 3213 1423 dici,
3272 1360 3402 1413 dum
3439 1360 3491 1412 in

1922 1471 2124 1514 terram
2151 1458 2435 1528 jaciuntur
2458 1456 2511 1509 in
2544 1470 2752 1509 cornua
2784 1454 3094 1521 impingunt
3134 1453 3295 1505 boum
3329 1466 3489 1503 aran-

1924 1552 2080 1613 tium,
2114 1564 2220 1602 non
2249 1563 2314 1600 ex
2358 1561 2425 1599 eo
2455 1554 2707 1599 contactu
2741 1543 3004 1612 qualitate
3038 1540 3178 1595 allici
3232 1540 3492 1607 maligna,

1920 1659 2027 1712 qua
2060 1640 2259 1694 deinde
2296 1639 2388 1692 fiat
2430 1649 2485 1691 ut
2527 1654 2648 1707 qua:
2706 1637 2832 1690 imle
2864 1633 3293 1703 germinaverint
3341 1632 3494 1685 dura:

1921 1744 2162 1790 Cocturte
2198 1732 2330 1792 sint,
2384 1731 2479 1785 sed
2514 1732 2659 1800 quod
2710 1745 2774 1784 ea
2827 1728 3129 1782 offensione
3170 1740 3493 1793 repercussa

1922 1826 2030 1879 alio
2058 1824 2306 1878 resiliant
2336 1838 2498 1891 quam
2527 1837 2636 1888 quo
2664 1836 2861 1872 manus
2886 1818 3125 1872 serentis
3155 1815 3491 1877 destinabat,

1926 1920 1979 1972 in
2014 1918 2196 1972 sinum
2226 1930 2419 1983 nempe
2440 1914 2602 1976 sulci,
2631 1913 2723 1965 tibi
2753 1913 2936 1964 statim
2964 1922 3107 1965 terra
3134 1918 3452 1977 tegerentur
3478 1926 3490 1962 :

1922 2024 2069 2061 nunc
2105 2022 2234 2060 vero
2269 2006 2321 2058 in
2355 2005 2532 2073 campi
2572 2002 2917 2072 superficiem
2953 2012 3159 2055 temere
3190 2000 3387 2061 effusa,
3417 2000 3491 2054 ibi

1921 2095 2165 2165 exposita
2196 2094 2381 2163 frigori
2413 2110 2475 2147 ac
2502 2093 2730 2161 reliquis
2755 2094 2900 2147 aeris
2926 2092 3145 2161 injuriis
3168 2091 3493 2159 relinquan-

1923 2197 2032 2251 tur,
2066 2188 2211 2242 unde
2237 2202 2344 2239 non
2376 2186 2478 2239 nisi
2516 2200 2640 2238 sero
2663 2194 2717 2237 et
2745 2199 2886 2253 aigre
2920 2183 3192 2252 pullulent
3217 2180 3494 2250 sequioris

1918 2284 2083 2336 etiam
2132 2290 2342 2333 naturae
2387 2278 2602 2333 fructus
2629 2292 2691 2331 ac
2719 2285 3074 2330 contumaces
3096 2276 3161 2329 ad
3186 2282 3490 2329 COCIUI‘MH.

1922 2376 1997 2429 De
2028 2384 2228 2428 cancro
2259 2373 2401 2425 idem
2434 2370 2684 2437 agnoscit
2724 2369 2995 2442 usitatam,
3021 2368 3149 2423 inde
3176 2366 3491 2423 translatio-

1922 2482 2046 2521 nem
2077 2467 2141 2519 ad
2170 2464 2440 2534 praifracti
2473 2463 2727 2517 homines
2757 2461 2960 2531 ingenii
2989 2459 3340 2531 κερασϐόλων
3366 2475 3490 2513 ver-

1922 2561 1991 2614 bo
2033 2558 2421 2628 designandos,
2456 2558 2628 2626 Δῆλον
2657 2557 2788 2625 γὰρ,
2829 2555 3089 2623 inquiens
3111 2596 3125 2617 ,
3164 2548 3233 2625 ἦν
3266 2553 3349 2606 ὅτι
3381 2553 3492 2604 τῶν

1921 2652 2251 2719 σπερμάτων
2297 2650 2367 2702 τά
2400 2650 2818 2718 προσπίπτοντα
2853 2648 2965 2708 τοῖς
2996 2646 3104 2698 τῶν
3142 2645 3281 2713 βοῶν
3317 2644 3487 2713 κέρα-

1921 2760 2005 2794 σιν
2057 2740 2378 2809 ἀτεράμονα
2434 2741 2528 2792 τὸν
2592 2738 2805 2808 καρπὸν
2864 2735 3092 2804 ἐκφύειν
3146 2735 3480 2805 νομίζοντες,

1917 2831 2059 2885 οὕτω
2125 2832 2218 2884 τὸν
2248 2831 2458 2899 αὐθάδη
2492 2831 2585 2882 καὶ
2617 2828 2853 2897 σκληρὸν
2882 2828 3174 2897 ἄνθρωπον
3211 2828 3277 2879 ὲκ
3318 2843 3486 2895 μετα-

1918 2926 2089 2994 φορᾶς
2140 2922 2475 2994 κερασϐόλον
2532 2922 2625 2975 καὶ
2665 2922 2979 2991 ἀτεράμονα
3039 2920 3481 2990 προσηγόρευον.

1917 3017 2098 3085 Liquet
2154 3018 2313 3080 enim,
2371 3018 2436 3069 ab
2476 3016 2811 3086 opinantibus
2872 3032 2934 3068 ea
2985 3016 3187 3068 semina
3255 3029 3374 3083 qua:
3431 3015 3486 3067 in

1916 3110 2071 3161 boum
2116 3124 2316 3162 cornua
2374 3108 2669 3161 inciderunt
2710 3110 2938 3176 fructum
2988 3109 3139 3159 edere
3196 3107 3390 3159 durum
3437 3116 3487 3159 st

237 3190 345 3277 πᾶν
373 3190 452 3258 μὴ
495 3192 804 3263 προσκόψῃ,
841 3193 976 3263 μηδὲ
1023 3194 1208 3263 βουσὶν
1250 3196 1481 3267 ἀροτριᾷ
1520 3215 1625 3261 τις,
1655 3199 1811 3252 οὐδὲν

1914 3208 2064 3254 coetu
2118 3200 2402 3269 diﬂicilem,
2456 3200 2612 3269 fuisse
2652 3198 2771 3252 inde
2811 3199 3062 3252 vocabulo
3100 3196 3366 3251 translato
3392 3200 3486 3250 Im-

234 3275 406 3349 ἦττον
446 3284 755 3353 ἀτέραμνον
806 3286 1035 3350 γίνεται.
1079 3285 1230 3350 Quod
1277 3297 1452 3341 autem
1482 3291 1635 3360 vulgo
1674 3294 1806 3346 diri-

236 3384 348 3439 ειν,
374 3394 474 3430 cur
502 3395 662 3431 cornu
703 3388 1001 3433 contactum
1028 3383 1263 3436 intactile
1283 3383 1389 3450 ﬁt?
1426 3386 1713 3440 videndum
1739 3406 1806 3440 an

236 3485 340 3519 non
371 3470 715 3529 reiiciendum
743 3488 837 3533 pro
864 3489 998 3525 vano
1025 3483 1073 3525 et
1106 3478 1382 3543 nugatoria
1418 3479 1582 3531 videri
1606 3480 1808 3534 debeat.

236 3558 442 3613 Durior
477 3563 668 3629 quippe
694 3579 851 3630 quam
885 3580 1049 3618 cornu
1074 3566 1240 3637 694
1269 3577 1345 3620 est
1376 3569 1530 3637 lapis,
1568 3572 1623 3623 in
1656 3589 1810 3640 quem

233 3669 373 3719 sirpe
431 3655 689 3718 incidunt,
751 3657 874 3709 dum
925 3673 952 3709 ε
1006 3675 1168 3710 manu
1212 3660 1491 3725 jaciuntur
1518 3664 1571 3715 in
1610 3672 1811 3717 terram

232 3745 463 3796 semina.
508 3743 575 3795 Et
604 3746 860 3810 videmus,
887 3765 1003 3816 qua:
1039 3751 1107 3802 ad
1139 3765 1302 3803 cornu
1344 3768 1449 3805 non
1478 3755 1809 3823 offenderint,

236 3851 299 3886 ac
339 3852 403 3889 ne
430 3851 591 3903 opera
627 3839 834 3905 quidem
866 3841 1019 3894 boum
1050 3844 1112 3895 iis
1156 3845 1391 3898 serendis
1421 3846 1661 3902 adhibita
1695 3851 1813 3919 fue-

234 3929 331 3992 rit,
371 3929 719 3983 nihilominus
762 3933 1031 3987 incoctilia
1081 3938 1251 3989 nascii
1283 3936 1555 3992 Caeterum
1596 3955 1664 3994 ex
1710 3942 1814 3997 hoc

234 4021 611 4089 qualicunque
675 4023 887 4092 vulgari
945 4027 1095 4079 dicto
1138 4027 1248 4096 jam
1308 4030 1438 4095 olim
1477 4031 1707 4087 invaluit
1755 4044 1814 4087 ut

236 4112 495 4167 homines
533 4114 868 4184 immorigeri
912 4126 968 4169 et
1030 4118 1198 4172 ductu
1263 4120 1441 4187 legum
1484 4122 1814 4180 inflexibiles

234 4205 563 4273 κερασϐόλοι
594 4206 867 4263 dicantur.
893 4210 1066 4267 Plato.
1102 4212 1138 4265 l.
1165 4228 1237 4275 Ix,
1270 4212 1341 4265 De
1378 4214 1572 4281 legibus
1602 4232 1621 4270 :
1661 4217 1812 4271 Ἀνε-

236 4298 477 4365 μέσητον
536 4297 599 4366 δὴ
637 4299 926 4365 φοϐεῖσθαι
979 4305 1053 4373 μή
1102 4322 1184 4366 τις
1213 4306 1536 4376 ἐγγίγνηται
1567 4308 1677 4361 τῶν
1715 4327 1813 4362 που

154 4434 163 4438 .
247 4388 415 4440 λιτῶν
459 4390 590 4457 ἡμῖν
622 4386 736 4441 οἷον
766 4392 1112 4460 κερασὸὗὶος,
1162 4394 1219 4458 ὃς
1274 4397 1571 4466 ἀτεράμων
1611 4400 1692 4460 εις
1725 4417 1815 4452 το-

251 4480 451 4535 σοῦτον
474 4481 634 4548 φύσει
672 4484 902 4549 γίγνοιτ’
932 4485 997 4537 av
1029 4486 1167 4539 ὥστε
1204 4488 1277 4556 μὴ
1298 4490 1564 4557 τήκεσθαι
1595 4506 1610 4522 ο
1642 4492 1814 4546 καϐά-

1915 3296 2105 3348 minem
2159 3294 2501 3362 praefractam
2560 3300 2609 3344 et
2660 3300 3018 3343 contumacem
3070 3300 3384 3343 ateramona
3438 3296 3490 3341 et

1912 3385 2219 3439 kerasbolon
2277 3386 2497 3438 dictum.
2563 3383 2641 3436 lta
2706 3382 3054 3436 Plutarchus.
3115 3381 3252 3434 Vide
3312 3380 3481 3434 etiam

1915 3479 2030 3531 hare
2053 3476 2245 3531 eadem
2291 3476 2681 3528 confirmantes
2710 3474 2947 3527 Plinium
2981 3482 3038 3526 ct
3063 3470 3327 3537 Suidam;
3356 3485 3484 3525 nam

1915 3569 2078 3623 nobis
2113 3567 2553 3622 testimoniorum
2602 3566 2823 3621 abunde
2853 3567 2964 3635 jam
2995 3577 3100 3618 est.

1983 3659 2148 3731 695
2158 3661 2407 3721 K.lo6dc.
2439 3659 2630 3725 Ἐπιφε
2642 3658 2869 3727 ρόμενος
2884 3687 2952 3696 —
2969 3656 3194 3725 ἀδελφὸν
3216 3659 3275 3709 ὲν
3297 3655 3474 3726 κλοϐᾀ

1913 3768 2061 3821 ——p.
2112 3750 2341 3804 165.1ta
2399 3750 2563 3804 codd.
2620 3750 2662 3803 B
2727 3759 2784 3804 et
2850 3750 2913 3803 A.
2967 3749 3265 3804 Vaticanus
3306 3748 3486 3803 solum

1916 3844 2084 3897 habet
2115 3842 2520 3912 ἐπιφερόμενος
2556 3841 2803 3905 καὶτοὺς
2832 3842 3200 3909 κατακρίτους
3231 3840 3487 3911 δεσμίους

1914 3933 2006 3985 τὸν
2034 3931 2262 4001 ἀδελφὸν
2312 3932 2405 3985 καὶ
2438 3931 2533 3984 τὸν
2588 3931 3101 4001 Στρατηγόπουλον,
3136 3946 3327 3985 vocem
3357 3930 3489 3984 κλο-

1915 4024 2035 4087 6οὕ,
2070 4033 2130 4077 ιιι
2168 4023 2381 4093 reliqua
2440 4023 2581 4078 solet
2628 4038 2752 4091 quae
2808 4040 2919 4078 non
2986 4022 3265 4091 intelligit,
3324 4024 3488 4077 omit-

1917 4130 2067 4180 tens;
2115 4117 2170 4170 in
2206 4132 2317 4185 quo
2357 4132 2467 4170 non
2520 4117 2699 4171 solum
2753 4116 2971 4170 mutilat
3023 4117 3353 4171 sententiam
3390 4132 3489 4171 au-

1916 4210 2112 4273 ctoris,
2142 4207 2237 4262 sed
2273 4208 2579 4276 corrumpit
2610 4217 2666 4261 et
2702 4209 2985 4277 pervertit,
3016 4206 3221 4262 faciens
3254 4216 3313 4261 ut
3340 4206 3489 4261 aflir-

1917 4318 2066 4357 mare
2118 4300 2484 4371 Pacbymeres
2532 4300 2806 4361 videatur,
2856 4301 3003 4369 quod
3039 4302 3227 4369 potius
3256 4316 3488 4371 apparet

1916 4397 2093 4464 ipsum
2123 4392 2370 4447 studiose
2398 4407 2600 4462 negare
2637 4392 2900 4455 voluisse,
2944 4406 3142 4460 nempe
3172 4390 3490 4447 Constanti-

1918 4503 2051 4541 num
2092 4486 2626 4559 Porphyrogenitvni
2683 4500 2713 4538 a
2758 4484 2926 4538 fratre
2968 4484 3211 4554 Augusto
3242 4486 3487 4539 vinctqu

244 4593 356 4642 περ
385 4576 572 4627 ἐκεῖνα
600 4576 667 4626 τὰ
703 4576 993 4644 σπέρματα
1020 4578 1176 4646 πυρὶ,
1208 4580 1392 4647 νόμοις
1420 4573 1567 4634 οὗτοι
1609 4586 1813 4655 καίπερ

1922 4580 2220 4634 abductum
2274 4594 2384 4632 non
2433 4577 2615 4630 minus
2648 4591 2813 4645 quam
2860 4575 3328 4645 Strategopulum,
3361 4591 3487 4631 cum

236 4665 414 4727 οὕτως
453 4667 695 4733 ἰσχυροῖς
746 4664 899 4716 οὖσιν
936 4666 1147 4719 ἄθικτοι
1199 4669 1520 4738 γίγνωνται.
1572 4670 1694 4727 llzec
1731 4674 1813 4727 sic

238 4759 410 4810 vertit
446 4757 713 4810 Serranus
748 4774 760 4809 :
797 4758 1015 4811 Minime
1044 4761 1432 4829 indignandum
1489 4773 1585 4825 est,
1636 4766 1681 4817 si
1726 4782 1813 4819 ve-

245 4867 466 4903 reamur
515 4866 577 4902 ne
614 4853 729 4918 quis
780 4853 970 4904 civium
1013 4854 1088 4904 ita
1124 4854 1357 4921 projecta
1413 4857 1638 4911 audacia
1669 4860 1811 4911 nobis

242 4953 524 5005 nascatur,
560 4943 640 4997 vel
666 4960 826 4996 cornu
856 4942 1232 5007 miuabundus,
1278 4954 1434 4999 atrox
1480 4949 1733 5001 nimirum
1762 4960 1810 5002 et

238 5038 404 5098 ferus,
466 5044 522 5088 ut
571 5036 723 5103 quasi
773 5035 1043 5105 legumina
1093 5049 1241 5090 coctu
1284 5039 1593 5105 ρνανάιιναεξυ
1612 5042 1687 5094 ita
1730 5041 1810 5095 illi

236 5128 368 5178 adeo
402 5124 661 5177 indomito
696 5126 801 5178 sint
830 5135 877 5177 et
910 5126 1224 5193 refractario
1274 5129 1505 5196 ingenio,
1554 5139 1609 5178 ut
1657 5132 1807 5183 velte-

235 5221 689 5271 mentissimarum
741 5219 1326 5287 robustissimarumque
1362 5219 1534 5289 legum
1577 5224 1695 5291 igne
1742 5225 1807 5276 Ii-

230 5308 457 5375 qne/ieri
493 5323 584 5359 nec
614 5309 917 5376 perdomuri
958 5309 1180 5376 possint.
1225 5308 1300 5361 Ita
1360 5308 1469 5362 ille.
1524 5311 1687 5379 Atqui
1721 5328 1809 5362 κε-

542 5416 649 5452 non
698 5401 843 5454 valet
896 5402 987 5454 hic
1038 5418 1203 5453 cornu
1259 5402 1633 5459 minabundus.
1699 5406 1809 5472 ligo

227 5494 411 5544 locum
440 5490 519 5545 sic
550 5491 960 5560 interpretarer,
995 5493 1288 5561 judicium,
1331 5505 1451 5549 utra
1497 5495 1569 5548 sit
1613 5497 1806 5549 melior

228 5586 432 5645 versio,
491 5600 650 5649 aequo
698 5593 754 5637 et
808 5584 982 5649 perito
1035 5585 1223 5639 lectori
1288 5586 1616 5653 permittens
1653 5605 1664 5638 :
1697 5587 1801 5640 Nec

231 5674 638 5740 repreliensibile
688 5676 843 5741 fuerit
900 5677 1067 5728 vereri
1129 5693 1190 5728 ne
1219 5678 1342 5730 civis
1371 5678 1596 5729 exsistat
1654 5679 1802 5731 nobis

231 5768 503 5833 quispiam
549 5766 685 5818 velut
736 5783 895 5819 cornu
929 5778 1221 5830 contactus,
1252 5772 1341 5838 qui
1375 5786 1432 5821 eo
1464 5786 1624 5839 usque
1654 5771 1801 5821 int/o-

234 5859 445 5914 mabilis
486 5866 739 5913 nascatur
766 5902 777 5919 ,
835 5870 887 5913 ut
931 5862 1057 5914 sicut
1101 5860 1193 5913 illa
1232 5861 1283 5913 id
1326 5878 1483 5925 passa
1532 5863 1797 5925 qunrninn

232 5420 259 5465 ρ
272 5401 500 5460 ισὸύὶκις

1920 4672 2067 4723 inter
2106 4686 2202 4724 eos
2237 4669 2533 4723 historicus
2562 4668 2858 4722 discrimen
2890 4667 3139 4721 habitum
3180 4678 3349 4736 ponat
3381 4668 3485 4721 bu~

1910 4762 2176 4831 jusmodi,
2204 4769 2263 4813 ut
2313 4760 2741 4828 Strategopulus
2796 4757 3019 4827 quidem
3054 4757 3255 4827 ligatus
3290 4757 3487 4826 depor-

1916 4860 2064 4905 tatus
2124 4851 2328 4914 luerit,
2380 4850 2777 4904 Constantinus
2828 4864 2961 4902 vero
3012 4864 3111 4917 pro
3176 4850 3485 4904 reverentia

1916 4945 2177 4997 natalium
2216 4942 2455 4997 vinculis
2486 4941 2709 5011 quidem
2762 4941 3027 5006 caruerit,
3083 4943 3175 4994 sed
3228 4941 3283 4994 in
3329 4951 3487 5011 septo

1914 5034 2186 5087 clathrato
2243 5040 2338 5085 aut
2382 5046 2586 5093 cavea,
2636 5030 2786 5084 velut
2822 5045 3046 5085 carcere
3095 5031 3363 5099 portatili,
3412 5031 3485 5084 sit

1914 5136 2178 5194 gestatus.
2204 5124 2618 5179 Consideranda
2652 5123 2815 5177 nobis
2836 5123 3102 5191 deinceps
3122 5133 3207 5177 est
3232 5138 3337 5177 vox
3363 5122 3485 5174 κλο-

1914 5221 2029 5283 6ός,
2065 5235 2227 5288 quam
2262 5220 2353 5271 alii
2384 5219 2634 5280 κλουὸόν,
2660 5217 2753 5271 alii
2784 5217 2999 5269 κλωϐόν
3035 5214 3307 5269 scribunt.
3349 5215 3483 5270 Eam

1914 5320 2059 5362 recte
2087 5312 2477 5376 interpretatur
2504 5309 2591 5361 hic
2617 5316 2807 5361 noster
2826 5306 3049 5373 εἱρκτὴν
3068 5306 3336 5374 φορητὴν,
3364 5321 3485 5357 car-

1912 5416 2079 5450 cerem
2127 5396 2456 5464 portatilem,
2490 5397 2779 5450 definiens.
2842 5394 2932 5447 list
2985 5397 3154 5458 enim,
3184 5403 3242 5447 ut
3287 5393 3484 5462 glossa:

1910 5502 2126 5542 veteres
2160 5490 2379 5552 docent,
2417 5489 2621 5548 κλωὸδς
2650 5502 2847 5549 cavea;
2885 5485 3028 5537 unde
3077 5494 3162 5538 est
3196 5484 3484 5538 diminuti-

1909 5598 2037 5635 vum
2068 5581 2299 5632 κῖιωὸίον
2334 5582 2665 5636 rccensitum
2704 5595 2732 5631 a
2765 5578 3065 5631 scholiaste
3114 5576 3347 5645 Oppiani
3395 5576 3483 5630 in-

1914 5685 1994 5726 ter
2078 5673 2447 5725 instrumenta
2538 5671 2853 5739 piscatoria.
2934 5670 3101 5739 Igitur
3165 5669 3483 5724 vehiculum

1906 5764 2180 5835 quoddam
2216 5774 2311 5817 aut
2340 5764 2531 5817 cellam
2559 5765 2645 5817 vcl
2689 5764 2937 5817 lecticam
2987 5764 3339 5832 gestatoriam
3371 5763 3485 5816 ela-

1910 5859 2147 5910 thratam
2186 5858 2274 5910 hie
2321 5858 2616 5927 significari
2666 5858 2930 5911 vocabulo
2986 5854 3184 5909 κλοὸοὗ
3233 5862 3490 5924 apparet,
