4194 6444
784 394 895 460 755

1686 408 1747 471 P.
1792 410 2104 473 POSSINI
2145 411 2801 479 OBSERVATIONUM
2866 417 3017 480 LIB.
3060 418 3112 481 Ι.

3939 412 4045 479 756

783 527 897 581 quo
928 520 1046 568 tuto
1084 512 1404 582 deportatus
1453 517 1524 573 sit
1562 518 1861 591 Nymphaeo
1888 524 2354 594 Constantinopo-
2384 526 2429 587 Α
2457 528 2712 584 tinaciter
2764 529 2821 584 in
2872 528 3145 586 sententia
3195 527 3538 583 haerentibus
3590 525 3754 598 vulgo
3782 528 4036 598 appella-

784 602 903 670 lim,
932 606 1068 659 citra
1099 605 1334 672 vincula,
1366 609 1873 681 Porphyrogenitus
1898 655 1913 679 ,
1964 624 2123 684 septo
2160 615 2351 684 prohi-

782 691 935 748 bitus
991 695 1254 766 effugere,
1306 711 1588 770 utcunque
1631 705 1839 760 catenis
1893 705 2057 760 liber.
2116 706 2353 775 Reperio

783 794 963 841 tamen
994 786 1062 840 ad
1106 789 1395 843 mulierum
1426 807 1607 857 usum,
1639 809 1774 863 quas
1808 796 2025 850 clausas
2067 797 2256 851 haberi
2284 798 2351 852 ad

778 891 944 931 sexus
975 878 1242 933 honorem
1271 882 1530 949 pertinet,
1560 885 1870 940 adhibitum
1903 889 2145 956 carpenti
2179 904 2354 958 genus

778 968 1011 1021 κλουσόν
1041 982 1440 1041 nuncupatum,
1464 976 1724 1030 cancellis
1763 977 2022 1031 videlicet
2053 981 2350 1034 munitum.

778 1058 836 1112 ld
864 1058 1022 1114 docet
1057 1061 1300 1117 Joannes
1335 1065 1585 1127 'l'zetzes,
1633 1068 1765 1121 dum
1811 1067 2062 1123 Cbiliade
2089 1086 2141 1133 v,
2174 1085 2227 1139 p_
2258 1069 2351 1147 ρο,

774 1151 866 1205 ed.
913 1151 1078 1207 Basil.
1120 1163 1222 1208 “an.
1281 1156 1420 1210 1545
1476 1158 1545 1211 de
1594 1159 1712 1214 avia
1761 1175 1860 1214 sua
1918 1172 2205 1224 memorat,
2234 1163 2351 1231 pari

775 1255 896 1295 eam
938 1244 1107 1299 fuisse
1144 1246 1358 1302 honore
1412 1248 1692 1318 dignatam
1747 1266 1873 1304 cum
1934 1252 2040 1306 alia
2086 1253 2353 1322 primaria

777 1332 999 1400 femina,
1030 1336 1081 1388 in
1108 1339 1365 1393 eumdem
1401 1355 1526 1393 cum
1567 1341 1657 1394 illa
1700 1338 1959 1405 ﬂow-5v,
1981 1343 2085 1398 hoc
2113 1356 2199 1398 est
2232 1361 2353 1398 mu-

774 1424 951 1479 liebre
979 1436 1300 1493 carpentum
1342 1431 1602 1485 cancellis
1631 1432 1983 1495 clathratum,
2010 1433 2351 1503 impositam.

776 1516 940 1569 lstarn
960 1517 1132 1581 enim,
1163 1519 1217 1571 ni
1245 1518 1424 1582 fallor.
1461 1521 1628 1576 habet
1659 1523 1987 1577 sententiam
2019 1524 2111 1579 ille
2137 1526 2353 1580 Tzetzis

776 1622 969 1662 versus
998 1627 1010 1660 ἲ

858 1744 1140 1812 Ἰτοτιμῶν
1180 1748 1275 1797 κχὶ
1317 1746 1392 1815 τῷ
1424 1747 1573 1816 αὐτῴ
1631 1748 1845 1813 κλουόᾦ
1904 1750 2346 1818 συνεμὸιόἀξων.

846 1879 1233 1946 Κομμέρκισν.
1273 1894 1396 1950 pag.
1451 1883 1578 1938 448.
1630 1886 2037 1939 Commercium
2092 1885 2344 1940 Latinam
2381 1877 2418 1931 Β

766 1986 958 2024 vocem
1002 1972 1207 2028 Grzeeis
1262 1975 1367 2029 hoc
1429 1976 1550 2031 loco
1596 1978 1859 2046 scriptam
1899 1977 2102 2031 litteris
2156 1988 2351 2033 auctor

735 2056 739 2061 “
769 2065 1019 2128 adhibet,
1059 2082 1125 2119 ex
1164 2068 1338 2121 multo
1368 2068 1582 2122 scilicet
1610 2084 1733 2123 cum
1777 2068 2166 2125 Geuuensihus
2195 2071 2347 2125 Lati-

767 2158 856 2212 nis
886 2172 986 2210 usu
1018 2156 1231 2212 Gravis
1266 2174 1491 2228 quoque
1527 2160 1847 2232 Byzantinis
1884 2164 2164 2216 usitatam.

839 2246 921 2318 [P.
954 2246 1079 2318 490]
1116 2249 1356 2304 Κόκκοι.
1412 2251 1469 2305 In
1526 2252 1692 2321 priori
1738 2252 2017 2307 Glossario
2048 2253 2193 2321 quod
2228 2253 2341 2307 dixi

763 2342 830 2393 ad
866 2341 971 2394 hoc
1001 2340 1354 2401 vocabulum.
1398 2342 1672 2397 confessio
1724 2343 1907 2412 potius
1936 2343 2042 2397 fuit
2075 2345 2340 2411 ignoran-

766 2432 855 2485 tia:
920 2448 1057 2486 meae
1108 2448 1271 2503 quam
1324 2434 1475 2489 vocis
1525 2436 1819 2504 proposita:
1865 2436 2183 2491 deelaratio.
2222 2436 2339 2490 Lux

761 2524 963 2578 deinde
990 2525 1123 2579 mihi
1150 2525 1403 2594 quaedam
1436 2542 1464 2580 a
1499 2526 1660 2579 cascis
1686 2525 1915 2582 affulsit.
1950 2525 2338 2596 Conjeeturam

763 2617 893 2671 inde
929 2618 1147 2671 ductam
1182 2618 1271 2672 hic
1300 2618 1537 2673 obnoxie
1588 2634 1838 2687 propono
1880 2619 2167 2687 prudentis
2190 2620 2339 2687 judi-

765 2710 849 2761 cio
892 2708 1135 2771 lectoris,
1173 2718 1230 2763 et
1279 2709 1346 2762 de
1377 2725 1435 2762 re
1487 2710 1600 2777 ipsa
1645 2720 1701 2763 et
1747 2709 1815 2763 de
1860 2709 2175 2779 suspicione
2214 2725 2334 2764 mea

764 2801 987 2867 plenum
1045 2801 1093 2853 ei
1136 2801 1427 2854 arbitrium
1474 2801 1744 2855 tribuens.
1792 2801 1928 2855 Cum
1987 2801 2224 2870 legerem
2276 2801 2331 2855 in

764 2891 867 2946 hac
916 2893 1154 2945 secunda
1193 2893 1435 2947 historia:
1485 2894 1929 2964 Pachymerianm
1971 2904 2147 2962 parte,
2183 2893 2221 2947 l.
2256 2910 2328 2960 ιν,

757 2998 806 3038 c.
836 2984 894 3046 2,
927 2984 1127 3054 εωιιίυε
1174 2986 1466 3039 n'tetnorari
1521 2987 1757 3053 τυφλοὺς
1793 2985 2081 3055 μοναχούς.
2119 2987 2173 3039 in
2207 3001 2327 3039 eam

758 3075 1081 3144 opinionem
1117 3092 1237 3131 sum
1290 3069 1590 3146 ingressus,
1627 3079 1847 3134 eosdem
1887 3078 2000 3132 illic
2030 3076 2326 3147 significari

755 3168 849 3237 ‘IUi
900 3168 1011 3222 vol.
1072 3169 1116 3232 l,
1309 3170 1435 3233 489,
1500 3173 1687 3223 κόκκοι
1738 3170 1964 3239 μοναχοί
2019 3185 2049 3224 a
2120 3169 2328 3239 Pachy-

756 3276 906 3315 mere
968 3271 1255 3316 vocantur.
1313 3259 1642 3317 Certe'tuto
1700 3265 1795 3318 illo
1855 3264 2033 3331 capite
2075 3266 2326 3331 exempla

755 3356 1184 3407 excazcationum
1241 3355 1542 3410 crudeliter
1595 3357 1784 3409 multis
1818 3357 2092 3410 illatarum
2120 3370 2325 3424 conge-

758 3457 960 3500 runtur
1015 3447 1187 3501 multa
1214 3463 1228 3514 ;
1267 3459 1387 3515 post
1438 3463 1560 3517 qum
1595 3449 1780 3502 subdit
1811 3458 2003 3502 auctor
2028 3448 2131 3502 sub
2160 3447 2324 3501 (luem

752 3540 950 3608 capitis
978 3554 1029 3591 ν.
1074 3537 1140 3592 16
1171 3555 1183 3589 :
1243 3538 1493 3601 Κόκκους
1518 3539 1575 3592 δὲ
1604 3542 1871 3608 μοναχοὺς
1900 3539 1996 3591 καὶ
2037 3538 2164 3601 τοὺς
2199 3541 2324 3589 κατ’

753 3631 960 3683 ἐκεῖνον
992 3628 1086 3681 ἰῶ.
1112 3626 1212 3683 Ubi
1253 3629 1481 3684 relativo
1510 3630 1724 3682 ἐκεῖνον
1751 3630 2028 3699 indigitari
2054 3627 2325 3699 vel696

753 3722 968 3791 καιρόν,
996 3730 1213 3789 tempus
1241 3721 1500 3773 nimirum
1538 3722 1694 3789 prius
1722 3721 1855 3775 illud
1883 3718 2189 3775 exorientis
2216 3721 2318 3772 Ar-

751 3811 963 3876 seniani
993 3811 1329 3872 schismatis,
1365 3813 1448 3865 vel
1476 3812 1656 3882 ipsum
1687 3814 1805 3882 ejus
1834 3811 2151 3867 sebismatis
2185 3826 2315 3865 cau-

748 3923 864 3963 sam
886 3913 980 3960 aut
1008 3914 1334 3978 prmtextum
1357 3904 1800 3975 expatriarcham
1828 3904 2142 3969 Arsenium,
2166 3902 2319 3958 credi

749 3996 976 4069 poterit.
1009 4001 1304 4070 Comparat
1329 4000 1476 4052 enim
1514 3998 1678 4051 tacite
1710 3995 2009 4051 historicus
2037 3994 2147 4049 duo
2181 4004 2321 4049 tem-

747 4110 904 4163 pora,
951 4094 1152 4162 quibus
1188 4091 1424 4145 similem
1476 4088 1853 4158 impotentiam
1906 4086 2167 4141 saeviendi
2224 4085 2321 4139 Mi-

746 4185 900 4240 chael
958 4185 1259 4253 imperator
1317 4182 1643 4245 ostenderit,
1679 4182 1832 4251 prius
1878 4179 2177 4234 exorientis
2214 4178 2319 4233 sub

746 4275 1120 4346 patriarchatu
1153 4273 1379 4341 Josephi
1416 4274 1734 4327 Arsenianze
1787 4272 2079 4333 factionis,
2123 4282 2316 4323 aucto«

745 4369 899 4423 ribus
950 4367 1185 4420 maxime
1235 4367 1561 4430 monachis;
1621 4367 1675 4420 in
1729 4383 1869 4437 quos
1916 4367 2041 4421 ideo
2078 4366 2314 4435 impulsu

743 4459 990 4528 Josephi,
1021 4460 1176 4528 jussu
1208 4459 1457 4528 Augusti,
1483 4459 1752 4529 Georgius
1778 4459 2094 4527 Acropolita
2129 4458 2318 4509 imma-

2459 622 2682 687 bantur,
2721 625 2912 677 κόκκοι
2946 622 3191 693 μοναχοῐ,
3240 637 3367 678 cum
3420 621 3584 676 laude
3626 636 3693 676 ac
3747 637 4035 677 commen-

2457 714 2678 770 datione
2727 724 2985 783 tanquam
3041 714 3387 770 confessores
3414 715 3687 770 celebrari
3719 715 3789 769 ab
3820 714 3913 768 bis
3946 728 4032 768 so-

2456 808 2605 869 litos,
2637 807 2905 862 vocabulo
2937 806 3411 862 videlicetLatino
3440 807 3584 871 caeci,
3614 815 3676 859 ut
3710 805 3817 859 alia
3860 804 4035 859 multa

2454 918 2553 971 per
2607 902 2658 957 id
2697 911 2915 971 tempus
2946 900 3147 956 Graecae
3198 901 3375 971 plebis
3419 916 3521 954 usu
3581 899 3935 970 frequentate
3979 909 4036 952 et

2454 1010 2717 1064 expresso
2768 994 2972 1050 Graecis
3005 993 3246 1058 litteris;
3309 1003 3369 1048 ut
3413 993 3555 1048 forte
3588 992 3883 1062 legendum
3915 991 4032 1045 illic

2455 1088 2528 1141 sit
2564 1089 2771 1149 καῑκοι,
2803 1096 2900 1140 aut
2927 1086 3079 1156 juxta
3106 1085 3439 1155 scripturam
3470 1084 3658 1139 multis
3702 1084 4029 1138 Latinorum

2458 1182 2712 1237 usitatam
2749 1184 2948 1246 κοῖκοι,
2994 1180 3142 1249 quod
3197 1180 3425 1250 propius
3492 1195 3522 1234 a
3574 1180 3779 1247 xdxxot',
3826 1179 4032 1234 aberit.

2453 1272 2661 1329 Caecum
2690 1275 2836 1328 enim
2873 1290 2969 1343 per
2997 1273 3401 1343 diphthongum
3446 1288 3493 1325 ω
3550 1286 3581 1325 a
3638 1272 3828 1326 multis
3885 1270 4032 1325 Lati-

2454 1382 2651 1422 norum
2678 1407 2693 1429 ,
2758 1366 3087 1420 voi-abulum
3166 1365 3352 1435 τυφλῷ
3398 1364 3591 1420 Graco
3640 1362 3986 1433 respondens
4015 1402 4032 1424 .

2454 1458 2623 1513 scribi
2658 1459 2714 1511 in
2748 1473 2857 1511 non
2904 1457 3091 1526 paucis
3124 1457 3419 1526 hodieque,
3455 1466 3515 1511 ut
3564 1472 3673 1509 non
3707 1457 3883 1509 dicam
3919 1454 4032 1522 ple-

2454 1548 2659 1616 risque,
2714 1546 2879 1600 etiam
2941 1546 3165 1615 antiqua
3218 1548 3459 1600 exaratis
3510 1560 3717 1607 manu,
3778 1543 4033 1597 cernitur

2453 1638 2631 1692 libris.
2679 1637 2794 1703 Qua
2851 1638 3141 1692 occasione
3198 1653 3308 1691 non
3366 1639 3603 1692 verebor
3658 1635 3847 1691 dicere
3888 1634 4032 1689 forte

2452 1730 2615 1783 istam
2644 1728 3103 1794 emendatiorem,
3134 1737 3322 1799 utpote
3351 1728 3914 1783 accommodatiorem
3958 1727 4028 1781 ad

2451 1829 2718 1890 etymum,
2755 1821 3111 1891 scriptionem
3163 1836 3307 1874 esse.
3360 1819 3535 1874 Video
3570 1820 4029 1875 accuratissimos

2450 1913 2841 1982 grammaticos
2893 1913 3127 1967 multum
3181 1928 3240 1968 se
3285 1921 3655 1981 contorquere
3714 1912 3770 1966 in
3812 1911 4032 1980 disqui-

2453 2005 2622 2059 renda
2687 2006 2901 2075 origine
2960 2005 3111 2060 vocis
3179 2021 3368 2059 circus.
3425 2004 3690 2067 Isidorus,
3732 2004 4027 2063 Perottus.

2450 2096 2827 2157 Decembrius,
2868 2095 3023 2149 relati
3072 2111 3103 2148 a
3155 2095 3352 2151 Vossio
3383 2096 3439 2149 in
3470 2110 3571 2150 suo
3604 2095 4027 2149 accuratissime

2448 2188 2844 2261 Etymologico,
2902 2205 3098 2243 caecum
3150 2204 3249 2258 per
3289 2204 3334 2243 re
3386 2188 3696 2243 scribentes
3730 2205 3758 2241 a
3791 2189 4025 2240 carendo

2445 2293 2543 2338 aut
2576 2283 2829 2351 capiendo
2888 2282 3096 2337 dictum
3149 2292 3476 2346 autumant,
3541 2281 3687 2350 quod
3749 2279 4018 2334 nimirum

2442 2380 2621 2426 careat
2640 2379 2736 2427 aut
2762 2379 2949 2442 captus
2981 2372 3048 2424 sit
3071 2371 3269 2429 oculis,
3289 2372 3435 2439 quod
3470 2378 3530 2422 ut
3566 2369 3726 2438 longe
3758 2368 4019 2437 petitum,

2442 2464 2627 2519 nullus
2668 2477 2779 2517 non
2826 2462 3188 2517 emunctioris
3250 2462 3414 2532 paulo
3472 2462 3623 2515 naris
3678 2460 4023 2513 transmittat

2442 2555 2633 2610 lector.
2674 2553 2965 2609 Martinius
3018 2561 3306 2624 postquam
3347 2569 3377 2607 a
3425 2553 3614 2609 Grazco
3641 2552 3823 2604 καίειν
3866 2566 4023 2603 urere

2422 2661 2643 2705 caecum
2678 2646 2852 2701 videri
2883 2645 3185 2700 formatum
3218 2645 3531 2716 proposuit,
3563 2644 3710 2698 sicut
3741 2642 3954 2709 τυφλόν
3990 2656 4020 2694 a

2436 2738 2593 2808 τύφω
2619 2738 2849 2791 accendo
2884 2737 3231 2808 (neutiquam
3293 2737 3349 2791 in
3403 2736 3511 2791 hoc
3538 2735 3639 2805 ipsi
3674 2733 4021 2788 assentiente

2436 2829 2625 2885 (ἴε-αεοο
2682 2830 3134 2900 etymologista),
3192 2828 3396 2884 deinde
3464 2828 3624 2898 longe
3685 2825 4023 2896 prudentius

2432 2920 2637 2976 fatetur
2672 2922 2797 2975 σιεοὲ
2848 2921 3274 2991 originationem
3317 2920 3480 2990 plane
3508 2934 3706 2974 caecam
3740 2928 3801 2972 et
3829 2917 4020 2971 occul-

2434 3021 2544 3068 tam
2590 3028 2733 3068 esse.
2767 3012 2910 3079 Quid
2942 3013 2988 3067 si
3020 3021 3201 3067 autem
3237 3028 3433 3067 meum
3464 3027 3561 3080 per
3589 3028 3633 3065 re
3676 3010 4015 3071 scribamus,

2431 3114 2488 3161 et
2517 3106 2638 3174 ejus
2694 3106 2774 3160 sic
2811 3105 3000 3173 scripti
3047 3104 3300 3158 vocabuli
3347 3104 3714 3174 veriloquium
3764 3114 4021 3155 accersa-

2357 3223 2400 3281 c
2438 3212 2560 3249 mus
2594 3212 2622 3248 a
2651 3194 2841 3250 Graeco
2863 3194 2995 3255 κοῶ,
3019 3194 3167 3264 quod
3193 3205 3277 3249 est
3301 3196 3428 3256 νοῶ,
3461 3202 3523 3248 ut
3547 3193 3618 3246 sit
3650 3191 3834 3252 κοῖκός
3865 3190 4013 3243 idem

2437 3287 2585 3357 quod
2618 3289 2816 3350 νεῖκός,
2845 3286 2940 3356 qui
2982 3286 3099 3339 acie
3124 3286 3300 3341 solum
3334 3286 3537 3340 mentis
3566 3283 3771 3346 videat,
3804 3281 4013 3335 intuitu

2434 3380 2723 3433 oculorum
2800 3377 3035 3431 carens?
3065 3378 3209 3431 Sane
3275 3375 3598 3431 Eustathius
3631 3372 4014 3445 παραϐολαῖς

2434 3473 2516 3535 εἰς
2559 3470 2743 3526 Ἱλιάδ.
2788 3469 2839 3535 ζ,
2888 3485 2941 3539 p.
2983 3468 3087 3523 756
3119 3468 3210 3525 ed.
3254 3469 3440 3535 Rom,
3488 3482 3676 3522 vocem
3736 3466 4012 3521 comieam

2433 3563 2703 3632 κοάλεμος
2764 3577 3069 3631 exponens,
3120 3564 3292 3632 ἡγουν
3355 3561 3582 3630 (inquit)
3623 3563 3681 3613 ἐν
3710 3558 3789 3628 τῷ
3832 3560 4013 3621 κοεῖν,

2434 3658 2554 3727 ἢτοι
2612 3656 2755 3708 νοεῖν
2813 3652 3115 3722 ἀλώμενος.
3160 3654 3306 3720 Ergo
3362 3656 3507 3705 κοείν
3567 3654 3711 3704 νοεῖν
3765 3664 3887 3712 est;
3950 3658 4013 3701 ut

2430 3748 2618 3803 κοῖκόν
2643 3762 2833 3800 caecum
2863 3747 3027 3814 primi
3059 3745 3240 3800 Latini
3282 3745 3515 3815 profecti
3553 3758 3584 3798 e
3623 3742 3833 3799 Graecia
3880 3742 4008 3794 κατ’

2431 3838 2784 3910 εὐφημισμόν
2818 3837 2984 3908 697
3032 3838 3306 3906 privatum
3339 3836 3547 3890 lumine
3572 3836 3866 3889 oculorum
3916 3848 4012 3887 vo-

2430 3946 2558 3987 care
2611 3933 2916 4000 potuerint,
2956 3928 3113 3998 quasi
3174 3928 3241 3982 ad
3279 3927 3673 4006 consolandam
3718 3925 4012 3980 calamita-

2429 4033 2538 4080 tem
2572 4023 2816 4078 bominis
2872 4022 3124 4093 principe
3164 4008 3560 4091 corporeorum
3602 4036 3868 4075 sensuum
3910 4036 4009 4072 or-

2430 4117 2581 4180 bati;
2615 4132 2726 4185 quo
2749 4130 2949 4184 genere
2990 4115 3170 4168 solatii
3204 4130 3485 4169 recreasse
3510 4129 3717 4169 «meum
3753 4113 3835 4185 [P.
3876 4113 4007 4179 ssi:

2427 4210 2717 4278 Didymum
2777 4223 3008 4276 magnus
3046 4208 3177 4262 olim
3220 4206 3493 4264 Antonius
3525 4208 3746 4277 legitur,
3797 4221 4010 4275 negans

2427 4316 2592 4371 grave
2626 4300 2704 4353 illi
2740 4315 2861 4353 esse
2911 4300 3136 4364 debere,
3165 4300 3310 4370 quod
3357 4300 3758 4354 destitueretur
3789 4299 4009 4352 instru-

2426 4403 2614 4447 mento
2664 4408 2935 4462 corporeo
2981 4393 3225 4455 videndi,
3263 4393 3544 4447 communi
3602 4392 3808 4447 homini
3876 4406 4006 4445 cum

2425 4484 2699 4538 culicibus
2732 4494 2789 4537 et
2838 4482 3041 4537 inlimis
3076 4484 3417 4536 iusectorum
3445 4520 3460 4543 ,
3518 4497 3642 4534 cum
3691 4491 4009 4555 tuente‘va-

743 4551 889 4603 niter
931 4557 1211 4618 grassatus
1253 4548 1574 4604 ulciscendo
1604 4549 1696 4611 sit,
1737 4549 1996 4619 χαλεπῶς
2024 4547 2315 4616 αἰκιζόμε-

2434 4575 2571 4630 leret
2597 4576 2892 4629 annutante
2927 4574 3297 4644 perspicerem
3331 4574 3750 4642 intelligentiam
3781 4561 4009 4627 immor-

742 4658 849 4705 voc.
891 4641 1117 4709 δαέρων,
1149 4640 1526 4710 κρεμαννύων,
1568 4642 1873 4711 μαστίζων,
1920 4641 2070 4695 omni
2122 4640 2322 4695 crude-

738 4737 912 4791 litatis
942 4747 995 4789 et
1024 4736 1339 4805 ignominiae
1363 4752 1565 4807 genere
1597 4738 1816 4792 caadens
1846 4753 1910 4791 ac
1941 4737 2319 4791 dehonestans

742 4825 1091 4881 venerabiles
1128 4827 1331 4896 populo
1378 4827 1723 4895 professores
1754 4828 1883 4881 vitae
1925 4826 2216 4896 religiosae.
2249 4841 2317 4880 ex

737 4919 943 4972 celebri
999 4919 1303 4988 praesertim
1354 4919 1709 4980 monasterio,
1739 4920 2095 4987 PantepOpta:
2142 4917 2311 4974 dicto.

739 5031 880 5084 quos
930 5028 985 5070 et
1035 5024 1324 5086 postquam
1398 5016 1538 5071 male
1588 5018 1955 5071 mulctaverat
2003 5016 2313 5070 exsulatum

739 5106 1089 5160 amandahat.
1116 5107 1271 5161 Tunc
1300 5115 1603 5162 exczecatos
1626 5108 1799 5163 fuisse
1836 5108 1975 5162 istos
2000 5108 2313 5177 antesigna-

735 5212 839 5252 nos
868 5198 1185 5252 Arseniauae
1218 5199 1414 5268 partis,
1449 5215 1590 5267 quos
1618 5201 1948 5255 convincere
1980 5210 2036 5255 et
2081 5200 2147 5253 ad
2183 5216 2314 5255 cou-

735 5289 981 5343 cordiam
1044 5289 1311 5344 reducere
1368 5299 1601 5345 conatus
1660 5292 1825 5362 longo
1878 5302 2002 5361 post
2061 5302 2309 5360 tempore

733 5380 1085 5436 Andronicus
1111 5391 1213 5445 est,
1251 5392 1414 5451 prout
1457 5383 1627 5438 refert
1654 5396 1846 5440 noster
1876 5388 1996 5454 ejus
2039 5385 2305 5449 Historirc,

730 5487 786 5540 p.
838 5472 964 5536 462,
1042 5474 1300 5543 equidem
1345 5476 1698 5540 crediderim,
1733 5493 1857 5532 cum
1918 5478 1970 5532 id
2012 5479 2144 5534 alibi
2181 5496 2311 5532 nar-

729 5575 909 5617 ratum
957 5565 1025 5619 ab
1080 5582 1147 5621 eo
1187 5567 1505 5623 distinctius
1561 5585 1671 5623 non
1720 5570 1916 5639 legam.
1948 5571 2088 5624 Puto
2121 5582 2304 5627 autem

726 5656 864 5711 istos
903 5659 995 5712 tali
1042 5675 1207 5716 causa
1246 5671 1303 5717 ct
1364 5674 1610 5733 tempore
1657 5666 1902 5734 privatos
1957 5669 2134 5722 oculis
2188 5685 2304 5722 mo-

724 5749 957 5815 nachos,
1030 5752 1138 5804 vol.
1206 5753 1246 5815 Ι,
1307 5770 1359 5823 p.
1403 5756 1529 5820 489,
1600 5771 1633 5809 a
1685 5757 2019 5828 l’achyrrrre
2084 5761 2295 5814 indica.

730 5850 833 5901 tes,
878 5843 1129 5909 populari
1164 5848 1407 5917 nomine,
1458 5865 1567 5919 quo
1603 5865 1631 5903 a
1664 5852 1779 5905 suis
1813 5855 2131 5908 Arseuiauis
2172 5872 2295 5925 por-

2427 4668 2617 4722 talium
2658 4667 2948 4727 mentium,
2988 4666 3296 4733 praesertim
3340 4681 3465 4720 eum
3516 4664 3924 4735 iugeniosiores
3950 4676 4009 4719 et

2424 4759 2700 4815 acutiores
2733 4760 3055 4828 plerumque
3084 4759 3295 4813 caeteris
3323 4758 3377 4811 in
3402 4757 3817 4826 operationibus
3845 4772 4005 4809 meo-

2426 4852 2496 4905 tis
2548 4851 2668 4905 luce
2719 4850 2858 4905 cassi
2910 4851 3199 4905 oculorum
3258 4850 3597 4926 experientia
3659 4850 4006 4915 probentur;

2423 4944 2568 4997 unde
2602 4951 2659 4998 et
2708 4941 3085 4997 Democritum
3134 4928 3309 5004 aiunt,
3364 4958 3474 5011 quo
3510 4942 4005 5010 philosopharetur

2421 5034 2654 5089 felicius.
2693 5036 2837 5089 ultro
2872 5033 2977 5089 sibi
3014 5034 3236 5089 videndi
3292 5049 3515 5088 sensum
3564 5035 3857 5088 ademisse.
3892 5036 4001 5088 Sed

2420 5128 2536 5182 haec
2572 5130 2737 5182 nimis
2773 5129 2943 5182 multa
2979 5137 3133 5182 extra
3165 5144 3279 5182 rem
3322 5138 3584 5182 nostram.
3641 5128 3753 5183 Hoc
3789 5134 4001 5200 quippe

2418 5220 2594 5274 solum
2632 5220 2945 5289 significare
2979 5221 3125 5273 volui
3159 5237 3172 5273 :
3202 5236 3296 5273 seu
3324 5236 3423 5273 vox
3468 5221 3656 5275 Latina
3700 5238 3867 5275 aecus
3901 5240 4001 5289 per

2416 5327 2461 5363 ae
2490 5326 2585 5364 seu
2634 5327 2801 5364 aecus
2835 5326 2933 5379 per
2972 5328 3017 5365 az
3053 5312 3350 5371 scribatur.
3381 5321 3436 5365 et
3470 5314 3630 5378 cujus
3670 5328 3731 5366 ea
3768 5313 3998 5368 demum

2415 5418 2632 5471 cunque
2695 5403 2765 5456 sit
2810 5403 3061 5472 originis,
3102 5406 3237 5459 mihi
3269 5405 3440 5459 videri
3479 5406 3762 5474 probabile
3794 5422 4000 5463 mona-

2414 5496 2548 5547 chos
2592 5495 2860 5562 quosdam
2914 5498 3115 5565 passim
3176 5498 3426 5552 celebres
3474 5500 3591 5552 visu
3648 5500 3915 5556 orbatos.
3965 5517 3999 5557 a

2412 5588 3020 5660 Constantinopolitana
3060 5592 3237 5660 plebe.
3277 5608 3343 5646 ex
3398 5592 3672 5661 frequenti
3726 5595 3995 5650 convictu

2410 5683 2855 5751 commerciOque
2891 5683 3214 5738 Latinorum
3248 5687 3415 5739 muita
3449 5688 3501 5738 in
3533 5703 3687 5741 suam
3722 5692 3997 5745 vocabula

2411 5772 2653 5843 linguam
2680 5776 3069 5841 transferente,
3116 5778 3343 5842 καὶκους
3394 5781 3509 5834 sive
3552 5782 3769 5844 mima;
3823 5800 3995 5847 μονα.-

2412 5867 2538 5929 ϊσὲς
2583 5867 2802 5925 dictos.
2864 5868 3028 5939 idque
3097 5873 3316 5943 vulgare
3367 5874 3592 5929 verbum
3641 5874 3996 5943 expressisse
