4194 6444
224 410 330 470 757

1586 406 2101 469 (ELOSSARIUM.

3380 406 3483 468 75.9

225 526 330 577 vol.
396 525 435 581 l.
488 541 538 591 ιο.
610 524 723 585 ὶὸῐὶ,
781 524 1204 597 l’acbymerem.
1271 534 1399 577 met
1460 524 1579 584 eius
1635 524 1799 577 libra-

1905 524 2089 589 χεῖρας
2131 521 2455 590 «pangi-lpum
2497 520 2585 573 διὰ
2636 520 2731 589 τῆς
2782 517 2859 588 μ’.
2925 516 3053 589 492]
3106 517 3354 587 θυρίδος,
3386 522 3484 573 καὶ

225 619 315 678 rii,
351 618 609 673 codicum
660 634 799 687 quos
856 619 1097 673 vidimus
1152 619 1544 686 deseri;:ares,

222 712 506 779 scriptura
567 712 721 766 verbi
769 712 965 767 leviter
1016 714 1353 775 erraverint,
1408 716 1640 774 ώκκους

223 804 461 866 καίκους
523 813 618 858 aut
678 804 895 868 κοικους
958 806 1292 861 scribentes.
1359 806 1591 871 Rz‘;\€"‘io

221 893 564 965 “esyrhium
602 898 825 959 καιλους
865 898 1131 967 οὐρανοὺς
1172 899 1473 966 Ῥωμαῖοι·
1516 914 1583 950 an
1631 897 1805 963 magis

220 987 431 1039 mirum
478 988 630 1042 caelos
677 973 865 1043 vocem
923 988 1168 1043 Latinam
1225 1006 1254 1041 a
1293 988 1498 1042 Graecis
1556 987 1622 1039 ad
1660 988 1802 1038 idem

217 1075 371 1144 quod
441 1077 682 1131 Romane
744 1085 903 1132 sonat
963 1078 1380 1148 significandum
1443 1085 1803 1145 usurpatam,

218 1182 389 1231 quam
448 1171 642 1222 καῖκον
694 1170 765 1225 ab
809 1171 1003 1225 iisdem
1037 1172 1245 1225 dictum
1280 1170 1502 1237 τυφλόν,
1538 1171 1802 1238 quoniam

216 1258 298 1313 sic
352 1258 539 1314 Latini
592 1264 831 1316 vocant?
884 1263 951 1317 Et
1015 1262 1105 1315 hic
1151 1263 1318 1317 etiam
1381 1271 1509 1316 nota
1567 1261 1801 1315 abusum

215 1353 568 1420 scriptionis,
600 1354 731 1408 dum
762 1356 950 1409 κατλον
982 1369 1241 1424 tanquam
1288 1370 1354 1409 ex
1389 1355 1583 1410 Latino
1616 1355 1803 1409 cwlum

214 1442 413 1499 Grece
463 1447 761 1515 scribitur,
794 1450 940 1519 quod
992 1449 1221 1503 omnino
1257 1448 1424 1503 scribi
1478 1448 1670 1503 debuit
1701 1448 1805 1501 La-

215 1537 334 1590 tine
398 1539 609 1594 uelum.
652 1540 745 1595 Est
793 1542 942 1595 enim
998 1541 1289 1596 manifeste
1320 1556 1350 1595 a
1380 1540 1569 1595 Grazeo
1603 1542 1798 1601 κοῖλον,

213 1646 443 1695 cavum;
488 1642 547 1687 ut
600 1634 783 1687 minus
816 1643 869 1687 te
909 1644 1150 1700 moveat,
1180 1635 1249 1697 si,
1278 1634 1425 1704 quod
1464 1634 1799 1695 monuimus,

214 1720 565 1778 increbnerit
612 1739 744 1777 usus
791 1724 1072 1779 scribendi
1117 1740 1305 1790 meus,
1337 1741 1462 1779 cum
1501 1722 1800 1778 sitrectius

214 1828 409 1865 (αευε.

287 1904 826 1971 Κουσουκλείσιος,
875 1921 995 1976 pag.
1031 1905 1157 1961 480.
1188 1908 1313 1977 Agit
1360 1908 1427 1962 de
1466 1910 1672 1963 honore
1706 1912 1800 1964 ha-

214 1991 337 2046 bito
364 1995 589 2062 corpori
646 2005 768 2064 post
820 1997 1044 2066 longum
1099 2010 1319 2065 tempus
1362 1998 1687 2067 incorrupto
1716 2015 1802 2052 re-

215 2094 381 2148 perto
454 2084 743 2154 cujusdam
803 2087 1097 2152 monachi,
1138 2102 1301 2155 quem
1361 2089 1806 2142 κουὸουκλείσιον

213 2172 378 2235 dicit,
412 2175 521 2231 hoc
554 2185 661 2241 est,
694 2193 761 2231 ex
806 2194 875 2233 eo
906 2194 1107 2249 genere
1134 2181 1228 2248 qui
1260 2181 1641 2249 exquisitioris
1678 2182 1803 2234 reli-

213 2265 403 2333 gionis
429 2284 594 2321 causa
625 2279 894 2338 perpetuo
936 2271 1133 2325 inclusi
1179 2272 1313 2325 eella
1363 2273 1756 2341 permanebant
1786 2290 1801 2337 ;

212 2358 471 2426 qualium
523 2376 645 2415 cum
702 2363 774 2415 sit
819 2363 1153 2419 creberrima
1205 2366 1257 2418 in
1294 2367 1690 2421 ecclesiasticis
1720 2368 1805 2421 hi—

214 2453 414 2507 s'oriis
472 2457 680 2510 mentio
710 2495 725 2519 ,
773 2457 1098 2512 lucrifacere
1151 2475 1376 2527 operam
1424 2475 1647 2528 possum
1705 2462 1801 2516 de-

216 2544 570 2597 monstrandi
615 2547 753 2599 tales
805 2547 1079 2601 exstitisse
1124 2551 1394 2618 exetnplis
1444 2567 1566 2620 qua:
1599 2553 1799 2622 passim

212 2644 587 2688 occurrerent
626 2636 973 2705 colligendis.
1036 2638 1273 2692 Tantum
1323 2640 1484 2703 dico,
1535 2658 1676 2708 quos
1720 2643 1803 2696 in-

218 2725 409 2778 clusos
442 2726 623 2781 Latini
672 2737 898 2791 vocant,
960 2730 1049 2784 hic
1101 2726 1145 2784 ai
1185 2733 1518 2802 Pachymere
1570 2735 1807 2789 κουσουο

219 2815 504 2879 aduolet);
539 2817 670 2881 dici.
704 2821 860 2888 quasi
894 2822 1115 2877 clausos
1166 2825 1424 2880 cubiculo
1459 2844 1471 2876 :
1512 2844 1635 2880 nam
1670 2845 1803 2881 κου-

220 2907 508 2961 ϐουκλείον
535 2908 708 2964 Graeci
773 2914 1133 2981 posteriores,
1168 2930 1305 2969 voce
1341 2935 1368 2969 a
1424 2916 1634 2971 Latinis
1686 2933 1805 2971 mu-

222 3006 399 3062 tuata,
432 3000 728 3056 cubiculum
760 3004 1132 3072 appellarunt,
1156 3016 1215 3059 ut
1246 3007 1454 3061 dudum
1488 3007 1805 3063 observavit

222 3090 518 3145 Meursius.
557 3093 792 3149 Eosdem
843 3097 1194 3163 ὲγκὶείστους
1253 3100 1564 3155 nominatos
1605 3102 1781 3155 intelli

221 3184 407 3250 gimus
435 3199 503 3237 ex
530 3186 760 3252 epistola
799 3191 971 3244 sancti
1027 3191 1243 3245 abbatis
1301 3192 1501 3255 Nili,.l.
1535 3211 1593 3255 u,
1623 3198 1713 3256 96.
1747 3196 1802 3249 in

220 3275 470 3328 editione
506 3292 715 3344 nupera
766 3279 969 3335 Leonis
1024 3283 1204 3336 Allatii
1259 3287 1350 3335 τοῦ
1390 3287 1551 3342 πάνυ.
1606 3288 1676 3340 Ea
1718 3289 1801 3340 in-

222 3365 489 3417 scribitur
524 3369 939 3439 ΦΙΛΟΥΜΕΝῼ
1001 3375 1389 3443 ΕΓΚΛΙΣΤῼ.
1430 3377 1508 3429 lta
1556 3380 1801 3446 oportuit

222 3454 275 3507 in
301 3471 412 3508 ms.
446 3457 742 3528 archetypo
772 3460 902 3529 legi,
945 3463 1053 3515 nisi
1103 3479 1261 3519 error
1306 3476 1389 3521 est
1425 3470 1750 3538 typographi
1784 3490 1795 3523 :

220 3551 315 3598 sed
370 3548 550 3600 ausim
585 3550 783 3618 quovis
834 3552 1062 3619 pignore
1111 3558 1447 3611 contendere
1494 3562 1797 3633 ἐγκλείστῳ

221 3639 494 3708 scriptum
544 3656 573 3694 a
634 3642 779 3696 Nilo.
824 3644 949 3714 Agit
1009 3649 1157 3699 enim
1200 3651 1490 3705 manifeste
1543 3668 1665 3706 cum
1707 3657 1805 3708 ho-

222 3732 396 3795 mine,
428 3733 521 3801 qui
553 3744 746 3803 sponte
779 3736 1027 3792 inclusus
1048 3739 1304 3808 degeret;
1335 3759 1497 3810 quem
1536 3756 1592 3799 et
1622 3749 1803 3816 arguit

224 3822 373 3891 quod
414 3839 607 3892 parum
637 3835 1007 3883 consentanee
1060 3831 1152 3883 tali
1203 3833 1533 3900 professioni
1568 3838 1799 3893 viveret.

223 3915 545 3969 Describam
570 3926 781 3970 tantum
825 3920 995 3990 698
1027 3922 1193 3976 verba
1228 3926 1655 3997 Qtliedalll,rQIlm
1696 3930 1801 3984 hoc

224 4011 523 4068 evidenter
555 4012 809 4080 probam.
837 4014 929 4069 Sic
964 4014 1158 4085 incipit
1187 4036 1201 4071 :
1236 4015 1376 4085 Εὖγε
1395 4021 1502 4071 τῶν
1520 4023 1803 4093 ὑμετέρων

223 4102 367 4155 κατὰ
418 4102 519 4169 τὴν
560 4100 907 4173 ἀναχώρησιν
986 4106 1422 4175 ἀριστευμάτων.
1502 4110 1642 4179 Εὖγε
1694 4113 1803 4164 τῶν

226 4193 519 4263 ὑμετέρων
580 4192 701 4246 κατ’
731 4195 933 4265 ἀρετὴν
995 4199 1291 4268 τροπαίων.
1344 4201 1647 4273 ’Υπέρευγε
1703 4206 1802 4274 τῆς

226 4282 504 4351 ὑμετέρας
536 4283 679 4335 κατὰ
709 4285 801 4337 τὸν
850 4284 1177 4357 ὲγκλεισμὺν
1218 4290 1451 4358 ματαίας
1499 4294 1589 4346 καὶ
1618 4311 1803 4363 σκηνι-

226 4375 327 4444 κῆς
353 4376 453 4427 καὶ
482 4377 1072 4449 κατεσχηματισμὲνης
1106 4380 1399 4450 διαγωγῆς.
1435 4382 1597 4439 Vides
1628 4386 1681 4440 in
1716 4388 1802 4443 his

223 4468 437 4520 claram
466 4466 802 4521 mentionem
823 4470 1253 4540 ἀναχωρήσεως,
1284 4477 1585 4529 secessionis
1606 4495 1638 4531 η
1675 4496 1798 4533 con-

222 4574 408 4627 gressu
459 4559 754 4624 hominum,
777 4570 832 4616 et
868 4561 1148 4630 διαγωγῆς
1182 4566 1303 4617 κατ’
1328 4567 1680 4637 ὶγκλιισμόν,
1713 4573 1795 4625 in-

222 4653 399 4706 stituti
432 4654 554 4706 vita:
579 4655 723 4708 intra
766 4654 1078 4711 clausuram
1128 4674 1184 4712 se
1222 4662 1561 4717 continentis.
1599 4662 1804 4734 Objur-

224 4761 316 4817 gat
343 4757 537 4801 autem
576 4748 723 4803 hunc
760 4751 907 4818 quod
938 4767 1007 4805 ex
1031 4751 1339 4808 ~fenestella
1371 4757 1612 4812 cubiculi
1650 4760 1797 4814 intra

226 4840 374 4901 quod
402 4840 625 4895 clausus
649 4840 905 4903 durabat,
928 4852 984 4897 ct
1008 4854 1160 4898 trans
1183 4845 1423 4899 obducta
1459 4850 1536 4903 illi
1570 4852 1802 4917 clathra,

226 4933 563 4986 audiebatur
606 4934 964 5004 cupidissime
996 4952 1061 4990 ac
1092 4937 1484 5008 loquacissime
1515 4946 1803 5011 negotian-

224 5025 299 5077 do
341 5025 709 5091 tumultuans,
752 5029 884 5095 quin
908 5037 963 5081 et
989 5028 1252 5085 iracunde
1276 5033 1618 5096 convicians,
1666 5053 1805 5091 non-

224 5131 510 5186 nunquam
546 5132 743 5173 manus
771 5134 870 5187 per
900 5130 1082 5175 crates
1125 5121 1193 5175 ad
1238 5124 1541 5192 pulsandos
1588 5128 1805 5184 rabiose

222 5207 424 5263 obvios
473 5208 769 5275 emittens,
829 5218 889 5264 ut
936 5227 1101 5267 ursus
1150 5229 1182 5268 e
1219 5230 1406 5271 cavea.
1464 5218 1641 5273 Verba
1690 5221 1805 5279 haec

224 5311 356 5356 sunt
404 5321 418 5356 :
456 5303 577 5356 Τῶν
623 5306 683 5358 ἐν
739 5308 806 5376 τῇ
857 5306 1033 5377 ἀγορᾷ
1074 5307 1292 5379 Θερμῶς
1326 5312 1803 5386 ὲμπορευομένων,

225 5395 321 5447 καὶ
363 5393 478 5447 τῶν
513 5395 612 5459 τὰς
643 5397 840 5465 μυρίας
879 5397 1034 5461 δίκας
1074 5402 1165 5453 καὶ
1212 5402 1310 5464 τὰς
1358 5405 1607 5469 ποικίλας
1650 5409 1806 5476 λογο-

230 5487 437 5555 μαχίας
493 5487 553 5538 ιν
610 5489 964 5557 πραιτωρίοις
1001 5491 1360 5559 πλεκόντων,
1425 5496 1578 5550 οὐδὲν
1630 5500 1807 5563 δοκεῖς

223 5572 587 5636 διαλλάττειν,
610 5579 992 5646 πραγματιίας
1018 5584 1277 5645 παντοίας
1296 5586 1548 5649 ἐπινοῶν,
1578 5590 1805 5659 κράζων

230 5664 681 5760 μέτ’μόργῆςῗκαὶ
709 5669 961 5760 βρύχων,
1014 5675 1122 5725 ἀπὸ
1168 5677 1266 5743 τῆς
1321 5677 1633 5747 γαλεάγρας
1678 5682 1807 5733 καθ-

229 5757 473 5825 υϐρίζων
506 5759 600 5810 καὶ
635 5757 900 5816 σκώπτων
930 5766 1021 5818 καὶ
1053 5765 1328 5835 λοιδορῶν,
1359 5769 1804 5843 διαμεμφόμενος

224 5850 351 5912 τὼς
410 5854 964 5923 παρατυγχάνοντας,
1002 5856 1110 5911 ἐσθ’
1145 5859 1233 5914 ὅτε
1272 5859 1329 5912 δὲ
1377 5864 1471 5914 καὶ
1517 5864 1615 5927 τὰς
1670 5866 1803 5930 ἰδίας

1742 5962 1769 5971 κ

1598 620 1651 673 in
1684 618 1805 687 ejus

1708 725 1807 779 pro

1662 802 1804 871 apud

1908 616 2036 678 τοὺς
2074 616 2334 681 ἀδελφοὺς
2385 613 2625 668 τύπτων.
2694 614 2861 669 Paulo
2916 622 3042 683 post
3096 612 3260 683 hujus
3287 613 3480 667 cellam

1910 708 2119 761 inducit
2157 706 2548 760 lamentantem
2580 704 2652 759 ob
2683 704 3082 759 immanitatem
3117 714 3172 759 et
3211 704 3484 759 acerbita—

1909 809 2013 854 tem
2057 799 2158 855 feri
2217 800 2400 869 hujus,
2436 814 2600 868 quem
2651 798 2801 853 velut
2860 798 2916 853 in
2961 799 3175 853 vivario
3233 799 3482 854 clausum

1906 896 2199 949 detineret.
2234 893 2442 947 Deinde
2496 893 2677 961 ipsum
2731 891 2935 946 alfatur
2967 911 2980 945 :
3014 887 3151 944 Εἰπέ
3207 910 3318 961 μοι,
3378 910 3484 944 πα-

1910 986 2156 1056 ρακαλῶ,
2190 988 2243 1039 τί
2281 986 2647 1054 κεκέρδακας,
2678 986 2756 1055 τῷ
2794 985 3002 1055 οἰκιδῖῳ
3032 985 3482 1047 κατακλεισθείςς

1906 1076 2000 1129 Dic
2032 1078 2178 1139 mihi,
2216 1076 2407 1129 amabo
2439 1087 2506 1141 te,
2542 1076 2670 1147 quid
2704 1078 2942 1130 lucratus
2976 1092 3052 1139 es,
3079 1076 3399 1129 domuncula
3438 1087 3486 1129 te

1906 1170 2227 1223 includens?
2266 1169 2315 1221 τί
2350 1168 2569 1239 ὤνησας
2599 1170 2701 1238 τὴν
2751 1169 2949 1221 σαυτοῦ
2982 1168 3163 1238 ψυχὴν
3185 1210 3199 1231 ,
3234 1170 3347 1231 τοῖς
3378 1185 3487 1221 τοι·

1906 1262 2116 1331 χαρίνλις
2151 1260 2212 1313 τὸ
2256 1261 2417 1330 σῶμα
2468 1258 2872 1329 ὲγκεκρυ-,εὼςς
2907 1261 3033 1328 quid
3066 1260 3315 1328 profuisti
3365 1261 3487 1313 ani-

1907 1370 2005 1408 ma:
2047 1363 2174 1415 tum,
2207 1369 2394 1422 corpus
2447 1363 2595 1406 tuum
2641 1354 2784 1406 intra
2822 1364 3001 1406 muros
3051 1363 3226 1406 arctos
3263 1355 3482 1407 abscon-

1904 1446 2067 1498 dens?
2102 1444 2226 1498 Haec
2259 1444 2488 1497 dubium
2533 1458 2641 1497 non
2693 1444 3016 1513 relinquunt
3049 1444 3183 1511 quin
3219 1444 3335 1498 h:ec
3368 1449 3487 1513 epi-

1905 1538 2046 1593 stola
2102 1538 2365 1606 inscripta
2420 1536 2587 1590 fuerit
2652 1535 2965 1590 Philumena
3030 1535 3266 1607 Inclusa.
3315 1537 3489 1590 Porro

1904 1646 2265 1700 permagnum
2320 1632 2430 1703 jam
2487 1631 2616 1683 olim
2682 1630 2826 1683 inter
2885 1627 3106 1683 Grmcos
3158 1628 3488 1696 Byzantinos

1905 1723 2073 1777 fuisse
2109 1739 2400 1777 numerum
2447 1723 2680 1777 istorum
2741 1721 2896 1776 cellis
2944 1720 3312 1785 inclusorum,
3355 1720 3485 1775 inde

1908 1817 2269 1887 intelligimus
2315 1817 2463 1887 quod
2508 1831 2819 1888 anonymus
2859 1816 3099 1883 scriptor
3129 1816 3253 1869 vita:
3282 1824 3487 1869 sancta:

1910 1909 2350 1980 Mari'njunioris
2403 1910 2457 1963 in
2498 1911 2674 1963 Vatic.
2722 1912 2847 1964 cod.
2898 1910 3022 1973 800,
3067 1909 3251 1978 quise
3284 1908 3485 1962 vixisse

1909 2001 2118 2057 indicat
2144 2003 2246 2056 sub
2274 2001 2477 2056 Basilio
2512 2001 2833 2067 Macedone,
2861 2002 3008 2056 circa
3038 2002 3245 2055 Christi
3278 2015 3483 2055 annum

1909 2096 2035 2159 875,
2073 2095 2125 2148 in
2153 2094 2292 2148 duas
2325 2094 2484 2164 quasi
2520 2095 2843 2148 notissimas
2887 2103 2941 2148 et
2994 2094 3245 2161 copiosas
3276 2092 3487 2161 species

1909 2189 2305 2243 monachorum
2379 2202 2555 2257 genus
2609 2186 2932 2239 universum
3000 2184 3231 2244 dividat,
3277 2185 3359 2237 sic
3418 2184 3485 2237 de

1907 2294 2095 2335 sancta
2132 2280 2300 2334 Maria
2340 2280 2561 2350 jnniore
2611 2279 2862 2333 scribens
2903 2295 2916 2331 :
2957 2280 3249 2347 Μοναχοῖς,
3284 2279 3392 2340 τοῖς
3428 2296 3483 2329 τε

1908 2376 1964 2426 ὲν
1993 2373 2278 2443 σπηλαίοις
2305 2375 2398 2426 καὶ
2427 2375 2541 2436 τοῖς
2567 2374 2625 2425 ὲν
2656 2371 2924 2435 οῑκίσκοις
2954 2373 3182 2432 ἑαυτοὺς
3210 2372 3487 2436 ὲγκλείου-

1908 2483 2011 2527 σιν,
2047 2468 2299 2537 ὲχορῆγει
2333 2466 2402 2519 τὰ
2455 2466 2594 2536 πρὸς
2632 2466 2732 2535 τὴν
2774 2465 2991 2536 χρείαν.
3056 2465 3344 2528 Monachis,
3376 2468 3483 2519 sire

1905 2559 1958 2611 in
1982 2557 2242 2627 speluncis
2277 2559 2383 2611 sive
2414 2558 2466 2611 in
2495 2556 2831 2611 domunculis
2887 2572 2941 2610 se
2990 2557 3136 2625 ipsos
3166 2556 3484 2609 includenti-

1904 2651 2017 2709 bus,
2055 2667 2172 2720 qua
2205 2668 2333 2718 apus
2377 2660 2530 2705 erant
2564 2650 2847 2718 prabebat.
2880 2647 2998 2703 Huc
3029 2649 3326 2718 facitquod
3355 2664 3483 2702 san-

1903 2755 2025 2795 ctus
2055 2741 2381 2796 Theodorus
2425 2740 2643 2795 Studita
2705 2740 2773 2794 de
2821 2739 2880 2796 S.
2935 2740 3161 2794 Platone
3213 2737 3485 2793 monacho

1906 2833 1959 2885 in
2003 2835 2127 2902 ejus
2195 2832 2531 2904 percleganti
2592 2831 2856 2887 Oratione
2910 2830 3176 2895 funebri,
3234 2829 3482 2883 nondum

1902 2924 2075 2986 edita,
2110 2924 2213 2977 sub
2252 2923 2414 2978 finem
2460 2923 2699 2979 scribit:
2737 2923 2875 2977 Μεθ’
2908 2923 3237 2992 ἡσυχαστῶν
3278 2924 3485 2992 ἡσυχα-

1906 3024 2036 3089 στὴς
2088 3016 2351 3085 ἔννομος,
2420 3016 2560 3085 μετὰ
2625 3016 2960 3086 καθηγητῶν
3012 3013 3332 3086 καθηγητὴς
3392 3013 3484 3068 ἐν·

1905 3110 2126 3179 Θεσμος,
2162 3109 2280 3177 μετ’
2314 3108 2650 3177 ὲγκλιιστῶν
2680 3109 2740 3161 οὐ
2779 3109 2945 3178 μόνον
2974 3108 3312 3175 ἐγκλειστδς,
3341 3106 3482 3160 ἀλλὰ

1834 3199 1876 3259 C
1909 3200 2005 3252 καὶ
2028 3200 2434 3269 ὑποτακτήτης,
2466 3198 2494 3252 ὃ
2521 3200 2619 3251 καὶ
2652 3196 2974 3268 σεϐάσμιον.
3016 3198 3123 3255 Ubi
3154 3197 3301 3253 clare
3327 3197 3482 3252 vides

1906 3293 2050 3345 inter
2084 3292 2297 3360 species
2344 3291 2744 3345 monachorum
2792 3290 3143 3358 ὲγκλειστούς
3172 3290 3476 3345 recenseri.

1904 3384 1961 3438 ln
2011 3400 2123 3451 quo
2164 3393 2220 3437 et
2284 3385 2467 3437 obiter
2538 3383 2783 3437 notanda
2846 3383 2961 3438 toni
3014 3383 3347 3449 diversitas,
3410 3382 3478 3437 ad

1902 3492 2064 3545 quam
2100 3486 2157 3529 ut
2202 3477 2640 3531 emendatiorem
2674 3476 2869 3546 τεηηεί
2906 3476 3159 3531 volumus
3192 3490 3310 3530 eam
3360 3487 3470 3545 qua

1904 3586 2096 3625 sumus
2139 3571 2244 3635 usi,
2273 3571 2586 3638 ἐγκλειστον
2619 3587 2743 3625 cum
2776 3580 2938 3626 acuto
2961 3571 3015 3625 in
3047 3570 3480 3639 antepenultima

1904 3662 2214 3716 scribendo.
2266 3668 2282 3679 ‘
2357 3688 2365 3698 υ

1976 3757 2374 3822 Κοιυμοὺνιον,
2432 3769 2556 3824 pag.
2616 3755 2743 3810 559.
2821 3755 2950 3811 Scio
2980 3770 3171 3812 vocem
3227 3773 3477 3820 κουμου-

1905 3846 2018 3898 νίου
2087 3846 2344 3914 usurpari
2420 3848 2476 3901 in
2535 3847 2773 3902 concilio
2850 3848 3168 3904 Florentino
3252 3863 3354 3918 pro
3409 3863 3479 3904 eo

1904 3939 2049 4009 quod
2101 3938 2309 3995 Gallice
2361 3940 2566 3995 dicitur
2618 3943 3022 4005 communauté,
3058 3956 3268 3996 sonans
3325 3957 3479 3996 com-

1904 4034 2216 4102 plexionem
2246 4034 2493 4087 omnium
2526 4034 2785 4088 ordinum
2809 4050 2871 4089 ac
2902 4034 3107 4088 civium
3135 4033 3286 4088 urbis
3311 4032 3480 4105 699

1904 4141 1969 4179 ac
2010 4127 2331 4195 reipublica:
2364 4126 2631 4195 cujusvis.
2683 4126 2882 4192 Quales
2928 4126 3288 4181 collectiones
3354 4126 3479 4179 titti-

1903 4235 2075 4274 versa:
2100 4235 2224 4273 cum
2277 4228 2554 4289 nequeant
2602 4220 2765 4273 simul
2812 4219 3148 4274 intervenire
3190 4220 3480 4273 conventi-

1904 4312 2031 4375 bus,
2076 4320 2259 4367 certos
2302 4312 2555 4367 homines
2601 4311 2879 4365 destinant
2909 4313 3004 4381 qui
3053 4312 3179 4367 loco
3228 4311 3477 4381 ipsarum

1906 4404 2105 4457 adsint.
2147 4404 2215 4459 Et
2242 4403 2299 4457 hi
2331 4414 2602 4459 vocantur
2631 4404 2686 4457 in
2713 4405 2852 4459 actis
2880 4403 3128 4459 Florent.
3160 4403 3359 4476 synodi
3387 4422 3481 4458 το-

1837 4536 1883 4590 D
1909 4500 2217 4566 ποτηρηταὶ
2250 4495 2361 4549 τῶν
2394 4497 2758 4566 κουμουνέων.
2790 4494 2904 4550 Hoc
2935 4497 3056 4550 loco
3089 4512 3155 4550 ea
3188 4512 3289 4550 vox
3328 4498 3481 4551 vide-

1910 4595 2000 4642 tur
2053 4587 2367 4659 signitlcare
2401 4598 2610 4643 certum
2648 4604 2939 4643 numerum
2967 4589 3239 4643 lectorum
3284 4590 3483 4645 suffra-

1906 4681 2009 4750 giis
2042 4681 2232 4749 populi
2288 4681 2757 4747 consiliariorutn,
2809 4682 2904 4751 qui
2938 4683 3259 4752 praescripto
3304 4683 3482 4752 spatio

1908 4773 2173 4841 temporis
2233 4786 2470 4847 ppeesse
2530 4771 2782 4841 regimini
2840 4772 3159 4842 reipublicae
3212 4773 3492 4841 debeant.

1906 4865 1996 4918 Ait
2026 4867 2175 4919 enim
2216 4872 2403 4919 noster
2447 4865 2823 4919 Andronicum
2859 4864 3130 4921 oll’ensum
3168 4864 3480 4922 Genuensi-

1907 4958 2009 5012 btts
2036 4960 2178 5027 quod
2214 4959 2249 5013 ii
2277 4959 2570 5027 quemdam
2614 4959 2755 5012 male
2790 4958 3136 5013 multandum
3168 4966 3477 5022 curassent,
3544 5014 3550 5019 _

1905 5050 2209 5103 exclusisse
2261 5049 2409 5117 ipsos
2456 5049 2615 5108 urbe.
2660 5050 2983 5118 versarique
3013 5050 3237 5104 solitum
3272 5052 3326 5105 in
3357 5052 3482 5119 ejus

1906 5138 2169 5191 comitatu
2213 5138 2449 5207 legatum
2499 5140 2794 5208 quemdam
2841 5149 2937 5194 aut
2968 5141 3349 5209 magistratum
3377 5158 3478 5198 eo-

1907 5242 2026 5281 rum
2083 5243 2112 5279 a
2165 5236 2465 5296 conspectu
2518 5229 2813 5295 amovisse,
2857 5230 2925 5285 de
2958 5231 3103 5285 facto
3133 5242 3316 5287 tamen
3356 5232 3479 5302 ipso

1907 5319 2150 5372 nomium
2205 5319 2501 5387 judieantlo
2564 5333 2657 5374 aut
2707 5321 2943 5391 judicari
3009 5338 3108 5392 per
3155 5321 3479 5379 Genuenses

1907 5408 2259 5479 postulando,
2294 5410 2441 5478 quod
2491 5411 2611 5479 ejus
2645 5411 2918 5480 judicium
2967 5420 3280 5466 reservaret
3328 5428 3476 5467 novo

1906 5502 2223 5563 communio,
2276 5500 2379 5554 hoc
2419 5510 2503 5554 est
2542 5502 2776 5571 collegio
2815 5502 3233 5568 magistratuum
3263 5503 3477 5562 delecto

1908 5592 1973 5643 ad
2002 5592 2287 5659 regiminis
2325 5591 2883 5647 administrationem.
2916 5594 3233 5649 Istiusmodi
3267 5596 3473 5666 quippe

1908 5699 2112 5736 novum
2159 5683 2453 5738 concilium
2490 5698 2586 5739 aut
2622 5687 2911 5753 collegium
2962 5688 3345 5756 praefectorum
3388 5704 3475 5742 re-

1907 5776 2095 5844 gimini
2142 5776 2252 5844 jam
2295 5776 2642 5847 designatum
2700 5794 2823 5831 mox
2869 5780 3131 5835 initurum
3177 5782 3475 5852 possessio-

1908 5883 2031 5923 nem
2074 5869 2492 5935 gubernationis
2537 5879 2734 5929 norum
2769 5871 3047 5934 audiebat.
