4194 6444
711 386 815 450 ’159

1623 387 1679 446 Ρ.
1730 387 2029 446 POSSINI
2069 387 2722 450 OBSERVATIONUM
2765 388 2910 448 LIB.
2958 388 3004 448 Ι.

3852 386 3958 444 ’763

784 497 1148 565 Κτητσρικέν
1175 496 1426 551 δίκαιον.
1488 510 1542 563 p.
1605 496 1721 550 l95.
1760 496 1885 566 Agit
1931 496 2000 551 de
2050 510 2283 564 corpore

2389 495 2615 551 Proclns
2646 497 2783 552 alter
2810 494 3156 558 scholiastes,
3194 494 3349 549 varia
3377 492 3666 563 disputans
3697 492 3765 546 de
3792 507 3957 546 voca-

710 589 1115 659 protovestiarii
1181 587 1657 655 Constantinopoli
1712 590 1938 651 mortui,
1988 590 2134 657 quod
2200 588 2278 642 ait

711 692 988 750 portatum
1019 681 1278 743 Nic-ram,
1310 680 1437 749 quia
1478 682 1570 750 jus
1625 680 1699 733 ibi
1751 682 2050 749 sepultura:
2106 682 2151 734 is
2185 679 2281 732 ha-

712 773 868 826 beret
891 769 1057 824 dotali
1092 770 1304 823 ratione
1333 779 1572 837 partum,
1603 784 1775 821 uxore
1808 769 1980 836 ipsius
2018 776 2281 835 patrona-

710 873 827 916 tum
877 862 932 916 in
974 861 1022 914 id
1061 861 1453 913 monasterium
1499 860 1809 920 obtinente,
1858 860 2001 929 quod
2042 858 2281 926 majores

710 949 919 1003 scilicet
955 950 1075 1019 ejus
1129 962 1221 1001 aut
1260 950 1372 1016 ipsa
1399 958 1571 1001 totum
1625 950 1705 1003 vel
1756 965 1821 1001 ex
1872 961 2025 1016 parte
2057 949 2280 1003 fundas—

709 1049 853 1093 sent.
893 1040 1008 1094 Hoc
1036 1041 1253 1093 videtur
1285 1041 1372 1093 hic
1426 1042 1533 1094 dici
1576 1042 1896 1107 κτητορικδν
1929 1041 2134 1091 δίκαιον
2173 1040 2279 1091 aut

707 1132 807 1198 τῆς
834 1130 1089 1194 συζύγου.
1128 1132 1403 1199 κτήτορες
1439 1131 1708 1199 Πυηιιιιίυ
1739 1142 1859 1183 sunt
1891 1131 2128 1190 κτίσται,
2155 1146 2280 1181 con-

709 1224 927 1283 ditores,
960 1238 1077 1283 seu,
1117 1233 1177 1276 tit
1218 1224 1379 1291 vulgo
1419 1223 1717 1291 loquimur,
1756 1222 2100 1290 futtdutorcs;
2136 1221 2281 1274 unde

708 1315 819 1383 jus,
849 1313 993 1384 quod
1027 1330 1092 1366 ex
1148 1315 1359 1366 conditu
1411 1314 1524 1365 sive
1554 1314 1862 1382 fundatione
1895 1312 2283 1365 {amatoribus

712 1407 999 1475 competit,
1060 1415 1207 1459 recte
1260 1408 1583 1475 κτητορικδν
1648 1406 1856 1457 δίκαιον
1906 1405 2016 1457 dici
2078 1404 2281 1472 potuit.

712 1498 869 1568 Saepe
894 1509 1077 1552 autem
1105 1499 1481 1552 ecclesiastico
1518 1516 1616 1551 usu
1650 1500 1795 1551 inter
1835 1497 1937 1549 alia
1966 1497 2281 1556 honoraria,

712 1608 835 1654 qua!
887 1592 1274 1646 fundatoribus
1325 1592 1596 1652 ecclesias,
1637 1591 1955 1643 monasterii
2009 1598 2104 1641 ant
2142 1587 2281 1640 sat-ri

712 1685 958 1755 cujusvis
1003 1683 1109 1739 loci
1154 1686 1499 1752 competunt,
1548 1693 1630 1735 est
1657 1684 1747 1749 jus
1789 1681 2083 1749 sepultura:
2124 1678 2177 1730 in
2220 1679 2284 1730 iis

714 1777 871 1830 locis.

2384 588 2532 659 bulis
2579 587 2872 652 mensium.
2907 586 3214 656 propendet
3263 585 3480 639 eodem.
3536 584 3785 652 Denique
3825 583 3958 637 folio

2385 678 2471 743 73,
2506 679 2748 734 Joannes
2772 678 3003 732 Tzetzes
3030 678 3235 731 diserte
3277 677 3473 731 scribit
3513 675 3809 743 Ληναιῶνα
3839 675 3962 744 ἦτοι

2383 771 2474 822 τὸν
2540 770 2887 837 Ἰανουάριον,
2948 769 3023 829 ὼς
3077 767 3293 837 ληναιδς
3350 767 3505 837 παρὰ
3560 767 3712 819 Ἴωσι
3771 765 3957 818 καλεῖ-

2382 880 2492 915 ται.
2539 863 2802 917 νίιιειῐιιιε
2848 862 2978 916 hinc
3006 876 3275 931 quosnam
3334 862 3531 913 innuat
3563 860 3957 930 Bachymeres,

2384 969 2581 1023 nempe
2595 954 3032 1023 Moschopnlum,
3056 956 3311 1009 Proetum
3333 962 3389 1008 et
3409 953 3671 1008 Joannem
3690 953 3961 1006 Tzetzen.

2384 1045 2523 1111 Quid
2566 1045 2837 1114 significat
2872 1030 3057 1100 autem
3115 1062 3240 1100 cum
3303 1061 3361 1101 se
3392 1046 3807 1114 ὲποποιήσαντα
3839 1042 3964 1095 κατ’

2385 1135 2581 1199 αὐτούς
2616 1144 2883 1190 memorat
2907 1136 2930 1188 ?
2952 1151 3020 1190 an
3060 1151 3139 1195 se.
3182 1150 3305 1190 cum
3336 1151 3475 1206 puer
3509 1136 3727 1189 illorum
3762 1132 3962 1188 ludum

2386 1229 2764 1296 frequentaret
2807 1240 2861 1282 et
2891 1244 3084 1282 versus
3113 1245 3254 1296 quos
3284 1230 3484 1283 recitat
3507 1228 3576 1282 de
3609 1227 3793 1281 lunari
3822 1226 3969 1279 deli-

2384 1323 2516 1390 quio
2548 1321 2882 1389 compositos
2928 1332 2984 1374 ut
3009 1322 3401 1375 Scholasticum
3434 1335 3662 1390 pensum
3702 1320 3813 1374 illis
3850 1335 3971 1372 ma—

2386 1416 2572 1487 gistris
2604 1416 2878 1479 redderet,
2920 1417 3011 1470 isli
3040 1433 3232 1471 eorum
3279 1417 3333 1470 in
3367 1417 3454 1470 his
3487 1416 3737 1484 Opinioni
3779 1415 3970 1467 adlue-

2386 1510 2556 1563 sissc?
2590 1526 2656 1563 an
2700 1509 2911 1578 pmins,
2964 1524 3090 1563 cum
3131 1509 3389 1577 privatim
3436 1507 3731 1562 Hesiodum
3772 1506 3973 1573 legens

2390 1603 2585 1656 horum
2621 1603 2910 1656 adhiberet
2941 1602 3173 1663 scholia,
3218 1611 3274 1655 et
3308 1600 3524 1655 interim
3557 1600 3822 1654 suborttis
3865 1598 3970 1663 ipsi

2386 1702 2532 1747 esset
2575 1693 2814 1761 impetus
2855 1692 3152 1746 meditandi
3199 1707 3423 1746 carmen
3473 1690 3785 1744 imitatione
3825 1691 3977 1741 vatis

2386 1801 2549 1853 quem.
2599 1792 3091 1844 commentaretur,
3145 1784 3310 1837 obvio
3374 1791 3700 1850 argumento
3753 1780 3977 1832 lunaris

784 1869 1009 1931 Λεπιίς,
1034 1883 1086 1936 p.
1120 1867 1205 1919 55.
1238 1866 1351 1921 Hoc
1383 1866 1732 1934 proverbium
1782 1874 1928 1916 tomo
1955 1863 2122 1932 priori
2156 1879 2184 1915 a
2222 1878 2279 1916 se

2389 1877 2731 1937 defectionis,
2798 1876 3039 1930 noluisse
3099 1875 3153 1928 in
3214 1888 3281 1928 eo
3312 1874 3573 1929 recedere
3610 1889 3641 1926 a
3688 1869 3977 1925 sententia

713 1974 1061 2032 usurpatum,
1092 1970 1148 2015 et
1191 1962 1304 2014 illic
1337 1977 1364 2013 a
1412 1960 1573 2014 nobis
1606 1960 1944 2014 declaratum
1981 1957 2031 2008 in
2065 1955 2285 2009 Glossa-

712 2056 818 2113 rio.
855 2070 919 2108 co
948 2056 1129 2122 aptius
1163 2064 1218 2107 et
1248 2054 1551 2121 elegantius
1595 2052 1684 2105 hic
1715 2051 1939 2103 adhibet
1982 2049 2283 2118 Pachymc-

714 2162 823 2211 res,
856 2151 1004 2215 quod
1053 2147 1194 2199 istud
1235 2144 1521 2199 Prodromi
1560 2141 1977 2201 monasterium,
2019 2154 2047 2192 a
2091 2153 2200 2207 quo
2227 2152 2285 2191 se

712 2240 898 2293 divelli
925 2254 1065 2307 κει-θ
1089 2237 1304 2293 sinebat
1328 2236 1414 2308 [P.
1448 2235 1573 2305 495]
1606 2234 1931 2288 Theodorus
1958 2232 2284 2302 Cyzicenus,

715 2333 929 2388 fortiter
958 2331 1239 2401 abducere
1265 2330 1597 2385 conantibus
1626 2329 1941 2389 obluctans,
1973 2326 2151 2380 Petra:
2193 2336 2287 2377 co-

714 2440 950 2495 gnomen
990 2423 1247 2477 habebat.
1282 2422 1431 2476 ldcm
1455 2422 1624 2483 enim,
1665 2429 1726 2473 ut
1756 2420 1997 2480 videtur,
2038 2423 2127 2471 est
2160 2428 2286 2469 cum

716 2518 813 2572 illo
843 2514 990 2584 quod
1032 2516 1289 2582 superius
1320 2529 1374 2581 p.
1406 2512 1497 2572 44,
1544 2512 1679 2579 μονὴ
1711 2510 1803 2563 τοῦ
1840 2509 2156 2581 Προδρόμου
2188 2505 2287 2574 τῆς

718 2610 965 2679 Πέτρας.
1024 2607 1404 2661 monasterium
1457 2603 1737 2659 Prodromi
1806 2602 2001 2667 Petrae,
2044 2597 2286 2668 appella-

715 2711 830 2756 tur.

786 2793 1033 2855 Δίκνος,
1066 2806 1119 2859 p.
1158 2790 1241 2845 l9.
1294 2789 1512 2852 Λέκνος,
1542 2786 1707 2855 vulgo
1742 2799 1908 2850 cuna,
1940 2782 2162 2838 videtur
2196 2783 2287 2839 bic

713 2880 822 2939 dici
852 2895 1027 2951 genus
1055 2879 1259 2935 lecticae
1284 2885 1377 2931 aut
1406 2875 1621 2935 ferculi.
1646 2890 1757 2945 quo
1786 2883 2096 2943 gestaretur
2120 2888 2288 2929 senex

717 2975 1059 3045 decrepitus,
1092 2986 1287 3041 nempe
1317 2969 1685 3041 gestatorium,
1714 2982 1817 3020 vox
1860 2975 2125 3033 usurpata
2153 2965 2290 3023 Sue-

716 3069 870 3125 tonio
903 3067 958 3121 in
982 3066 1211 3121 Claudio
1238 3082 1250 3118 :
1296 3063 1494 3119 Solitus
1514 3063 1569 3116 in
1596 3063 1882 3130 gestatoria
1909 3059 2109 3113 ludere.

789 3156 1086 3227 Ληναιών,
1116 3172 1168 3225 p.
1206 3154 1329 3209 506.
1364 3153 1469 3206 Τοῦ
1501 3151 1544 3204 δ’
1588 3151 1752 3204 αὑτοῦ
1777 3151 2287 3220 ἔτους-Ἑκατομ-

714 3251 925 3304 ϐαιῶνα
962 3249 1201 3316 λέγουσι.
1228 3247 1295 3300 Et
1329 3246 1468 3299 infra
1495 3262 1507 3296 :

792 3344 979 3409 Μῆνας
1011 3341 1065 3393 δὲ
1097 3339 1319 3408 Ληναιῶ
1344 3335 1533 3404 πρώτη
1570 3334 1726 3404 βάσις
1761 3334 1948 3386 ἵστατο
1983 3333 2176 3402 μήνης.

720 3434 902 3490 Habes
936 3434 988 3487 in
1020 3433 1107 3485 his
1169 3413 1557 3501 Pacltyitierettt
1606 3436 1855 3482 secutum
1906 3426 2286 3481 auctoritatem

715 3529 1077 3598 interpretum
1107 3522 1350 3585 Hesiodi,
1384 3521 1515 3575 dum
1542 3536 1764 3574 carmen
1791 3518 1935 3588 apud
1963 3520 2112 3586 ipsos
2139 3533 2289 3587 pan-

714 3611 1235 3693 geret,.lanuarium
1270 3630 1495 3670 vocasse
1527 3614 1843 3683 Ληναιῶνα,
1873 3612 2032 3681 quasi
2079 3611 2161 3665 sic
2193 3610 2286 3664 ille

718 3714 924 3770 mensis
946 3712 1013 3767 ab
1035 3707 1469 3766 Atheniensibus
1496 3705 1898 3766 nominaretur,
1919 3718 2045 3757 cum
2072 3718 2132 3757 re
2157 3718 2287 3757 vera

712 3808 866 3878 juxta
921 3804 1278 3863 exactiorem,
1311 3808 1373 3853 ut
1431 3808 1609 3868 putat,
1646 3796 1976 3851 sententiam
2010 3796 2289 3849 Romano-

717 3916 839 3953 rum
870 3898 1165 3953 Jaattarius
1189 3893 1354 3964 700
1400 3890 1832 3945 Atheniensibus
1863 3888 2288 3942 Hecatombteon

715 3997 900 4052 dictus
952 3995 1045 4048 sit.
1114 3992 1227 4047 lam
1278 3988 1491 4057 pridem
1557 3987 1611 4039 in
1673 3983 2136 4039 Observationibus
2220 3981 2287 4035 ad

717 4086 955 4155 priorem
983 4080 1236 4135 Historiae
1263 4077 1707 4147 Pacnymerianaz
1727 4088 1962 4146 partem,
1993 4076 2032 4128 l.
2060 4090 2138 4136 tu,
2157 4089 2207 4128 c.
2234 4074 2285 4138 l,

717 4175 1090 4232 demonstravi
1149 4173 1291 4226 hanc
1344 4170 1594 4223 historici
1647 4172 1819 4223 nostri
1870 4174 2186 4241 opinionem
2234 4181 2287 4223 et

721 4271 797 4325 illi
856 4268 1187 4338 singularem
1246 4272 1300 4317 et
1349 4261 1538 4315 falsam
1588 4278 1731 4323 esse,
1778 4263 1883 4316 nisi
1931 4264 2106 4317 solum
2159 4261 2291 4315 velit

722 4363 957 4433 primum
1015 4360 1143 4434 anni
1201 4354 1363 4411 Attici
1410 4370 1654 4410 mensem
1698 4356 2149 4424 Ἑκατομϐαιῶνα.
2205 4354 2291 4407 di-

717 4465 893 4514 ctum,
933 4450 1395 4520 quemadmodum
1424 4452 1635 4519 primus
1653 4448 1781 4501 anni
1817 4446 2048 4501 Romani
2088 4448 2290 4502 mensis

2390 1968 2812 2021 seltoliastarum
2855 1965 3099 2030 Hesiodi,
3140 1974 3421 2034 utcunque
3478 1964 3661 2018 minus
3691 1962 3795 2015 sibi
3840 1975 3977 2029 pro-

2388 2060 2554 2113 bata?
2612 2059 2915 2126 Snspicari.
2981 2059 3200 2128 opinor,
3254 2057 3451 2111 liceret
3501 2056 3860 2115 alterutrum,
3922 2054 3971 2105 si

2388 2146 2829 2214 Moschopulum,
2858 2146 3116 2200 Proclum
3139 2157 3197 2199 et
3214 2145 3454 2199 'I'zetzen
3482 2160 3548 2198 eo
3576 2155 3861 2198 constaret
3893 2143 3977 2195 si-

2389 2240 2501 2292 mul
2526 2253 2720 2292 onmes
2746 2246 2991 2305 tempore
3018 2237 3217 2291 vixisse
3239 2251 3349 2306 quo
3371 2235 3642 2301 potuisset
3673 2234 3804 2287 dare
3836 2233 3981 2301 ipsis

2389 2345 2528 2399 puer
2558 2346 2781 2399 cperam
2819 2329 3182 2400 Pachymercs
3235 2330 3289 2382 in
3340 2328 3474 2382 ludo
3525 2328 3820 2381 litterario.
3866 2325 3976 2380 Cui

2389 2438 2458 2478 ne
2500 2438 2602 2477 nos
2657 2422 3005 2491 implicemus
3057 2420 3434 2490 disquisitioui
3468 2434 3576 2473 non
3610 2419 3973 2476 necessaria.

2390 2515 2687 2570 secundam
2716 2515 2899 2584 potius
2939 2516 3083 2567 viam
3116 2513 3448 2573 tenebimus,
3480 2510 3582 2564 nisi
3615 2510 3661 2564 si
3694 2509 3820 2578 quis
3855 2524 3976 2561 ma-

2388 2605 2453 2661 lit
2481 2606 2752 2675 suspicari
2788 2605 3202 2675 Pacbymerem.
3236 2602 3380 2671 apud
3408 2601 3824 2671 qualescunque
3861 2614 3980 2652 ma-

2389 2699 2592 2769 gistros
2622 2699 2779 2753 daret
2809 2713 3033 2767 operam
3073 2695 3296 2757 litteris,
3329 2693 3503 2764 quod.
3529 2694 3564 2746 ii
3620 2693 3785 2761 vulgo
3823 2692 3977 2745 cele-

2389 2790 2573 2845 brium
2610 2791 2840 2845 istorum
2875 2788 3101 2844 Hesiodi
3131 2791 3495 2855 interpretum
3536 2784 3872 2839 sententiam
3899 2797 3976 2837 eo

2388 2893 2555 2953 poeta
2578 2883 2887 2938 enarrando
2916 2892 3303 2952 sequerentur,
3340 2881 3486 2935 illam
3522 2877 3663 2932 dicis
3702 2891 3872 2931 causa
3913 2885 3976 2929 et

2390 2976 2770 3046 perfunctorie
2825 2974 2879 3028 in
2942 2975 3200 3030 versibus
3253 2975 3410 3045 juxta
3458 2986 3699 3042 ipsorum
3758 2968 3974 3024 dictata

2389 3068 2611 3137 scriptis
2651 3068 2960 3137 amplexum
2993 3066 3183 3121 fuisse.

2463 3158 2547 3231 [P.
2579 3158 3146 3231 4941Λογαριαστὴς
3173 3158 3285 3227 τῆς
3301 3155 3520 3223 αὐλῆς,
3547 3171 3602 3225 p.
3639 3153 3767 3209 296.
3805 3153 3961 3221 [ἰαρ-

2390 3252 2493 3321 ῆγε
2551 3252 2607 3305 δὲ
2654 3254 2746 3306 καὶ
2779 3253 3036 3321 μάρτυρα
3084 3250 3396 3320 λεγομένων
3429 3251 3521 3300 τὸν
3553 3249 3672 3300 τότε
3702 3248 3972 3315 λογαρια-

2391 3346 2524 3413 στὴν
2550 3347 2649 3414 τῆς
2678 3345 2848 3414 αὐλῆς
2880 3345 3167 3413 Ἄγγελον.
3218 3343 3339 3398 Mox
3371 3342 3525 3396 illum
3562 3340 3640 3393 ait
3673 3338 3839 3392 fuisse
3870 3338 3975 3404 ὀφ-

2391 3436 2557 3507 φικὶῳ
2578 3436 2966 3504 τετιμημένον,
2992 3437 3309 3489 honoratum
3331 3432 3528 3503 ofﬁcio,
3551 3431 3657 3485 hoc
3682 3439 3768 3484 est
3794 3429 3976 3499 magi-

2390 3540 2566 3582 stratu
2609 3527 2915 3581 honorifico
2948 3528 3241 3600 insignem.
3270 3526 3445 3596 Hujus
3469 3538 3670 3578 munus
3691 3521 3970 3581 Codinus.

2389 3634 2440 3673 c.
2490 3620 2545 3681 5,
2594 3636 2651 3673 ιι.
2689 3620 2780 3678 84.
2832 3619 2917 3673 his
2956 3618 3142 3672 verbis
3183 3616 3445 3686 exprimit
3487 3632 3503 3669 :
3547 3613 3606 3666 Ὀ
3656 3613 3760 3678 τῆς
3792 3612 3972 3680 αὐλῆς

2392 3713 2751 3781 λογαριαστὴς
2783 3710 3057 3777 λογίζεται
3100 3710 3225 3770 τοὺς
3263 3709 3320 3760 ὲν
3363 3710 3427 3777 τῇ
3464 3705 3603 3776 αὐλῇ
3631 3704 3969 3773 εὑρισκομέ-

2392 3822 2514 3866 νους
2540 3804 2747 3863 πάντας
2781 3802 3102 3871 ρογάτορας,
3136 3802 3184 3853 εἰ
3206 3798 3380 3851 λείπει
3400 3799 3505 3851 τινὶ
3539 3797 3649 3850 ἀπὸ
3672 3798 3768 3865 τῆς
3799 3796 3964 3866 701

2392 3898 2557 3965 ῥόγας
2581 3894 2768 3956 αὐτοῦ,
2812 3892 3252 3965 ἢὲξεδούλευτεν
3307 3891 3448 3961 ὑπὲρ
3498 3883 3573 3944 ὧν
3623 3891 3958 3961 ὲῤῥογεύθη.

2392 3988 2508 4042 Hoc
2546 3996 2632 4041 est
2689 3988 2992 4054 interprete
3043 3984 3304 4040 Gretsero
3346 3993 3535 4038 nostro
3573 3999 3587 4036 :
3630 3982 3971 4052 Lagariastes

2392 4078 2529 4132 aula:
2546 4085 2787 4132 numerat
2816 4087 2863 4131 et
2894 4084 3161 4147 computat
3186 4091 3365 4129 omnes
3394 4074 3585 4129 milites
3609 4075 3700 4143 qui
3750 4076 3805 4125 in
3834 4075 3966 4125 aula

2390 4173 2653 4241 stipendia
2700 4180 2933 4233 merent;
2983 4178 3034 4222 et
3093 4169 3302 4238 dispicit
3380 4168 3615 4236 nunquid
3679 4166 3838 4219 alicui
3903 4168 3973 4218 de

2390 4264 2648 4333 stipendio
2692 4263 2844 4324 desit,
2869 4271 2962 4315 aut
3003 4278 3128 4314 num
3159 4260 3313 4331 plene
3357 4259 3674 4327 satisfecerit
3726 4275 3820 4327 pro
3873 4261 3973 4310 sti-

2393 4364 2580 4433 pendio
2602 4361 2740 4433 quod
2768 4362 2993 4430 accepit.
3025 4359 3273 4414 Meminit
3298 4359 3456 4427 hujus
3480 4356 3645 4410 oﬂicii
3666 4371 3810 4424 sarpe
3830 4356 3970 4408 alibi

2391 4453 2654 4509 Codinus.
2687 4453 2820 4507 Erat
2867 4460 2924 4505 et
2972 4451 3114 4505 alius
3144 4448 3468 4517 logoriastes
3492 4463 3722 4515 magnus
3752 4461 3971 4501 metuo-

718 4544 1009 4599 Januarius
1068 4542 1297 4597 dicitur.
1352 4542 1468 4597 Hoc
1512 4542 1658 4596 enim
1713 4555 1845 4593 sane
1914 4539 2285 4593 verissimum.
2319 4559 2363 4612 ῃ
2392 4558 2545 4600 ratus
2572 4546 2749 4600 eidem
2784 4560 2893 4599 non
2956 4543 3149 4604 semel,
3198 4551 3259 4595 ιιι
3309 4556 3357 4597 ο,
3409 4543 3463 4605 2,
3502 4558 3557 4596 η,
3595 4541 3700 4606 ιο;
3751 4542 3821 4595 ab
3861 4528 3972 4596 ᾕοο

719 4637 853 4690 Illud
925 4645 1109 4687 autem
1174 4633 1572 4694 falsissimum,
1630 4630 1951 4684 Januariuiu
2012 4629 2286 4697 Ἑκατομο

732 4728 913 4780 33::de
962 4726 1322 4795 respondere,
1360 4724 1434 4777 ita
1486 4732 1546 4776 ut
1582 4721 1926 4788 temporibus
1978 4718 2290 4772 indicandis

716 4820 951 4875 alterum
992 4818 1209 4871 illorum
1261 4817 1660 4869 vocabulorum
1720 4815 1973 4882 usurpari
2033 4824 2289 4885 tanquam

716 4912 1049 4982 :equivalcns
1077 4910 1235 4963 alteri
1262 4918 1450 4975 queat,
1492 4908 1639 4977 quod
1676 4919 2017 4974 constanter,
2056 4910 2150 4963 sed
2177 4910 2293 4963 sin-

718 5004 982 5074 gulariter
1005 5012 1061 5056 et
1090 5001 1375 5065 mendose,
1403 5000 1762 5072 Pachymeres
1792 5000 1943 5055 iacit.
1975 5000 2073 5055 llic
2100 5000 2293 5056 viden-

718 5099 849 5150 dum
884 5097 1059 5149 solum
1090 5104 1174 5147 est
1194 5094 1420 5162 quinam
1453 5093 1565 5148 sint
1589 5094 1667 5148 illi
1702 5109 1841 5162 quos
1866 5094 1957 5147 hic
1999 5104 2290 5155 memorat,

721 5189 984 5257 ἐξηγηταὶ
1010 5186 1106 5239 τοῦ
1128 5188 1442 5255 ’Δσκρηθεν
1469 5186 2069 5256 παιητοῦβηαιϊιιιονεε
2097 5190 2292 5240 Ascra'i

719 5291 908 5347 poene.
944 5279 1223 5333 Habemus
1250 5279 1553 5333 Hesiodum
1589 5294 1737 5332 mere
1767 5281 1952 5333 Griece
1984 5295 2107 5332 cum
2142 5295 2289 5334 Illel‘c

720 5372 927 5427 Graecis
963 5369 1215 5432 scholiis,
1248 5368 1459 5422 editum
1507 5367 1774 5434 Venetiis,
1815 5386 1906 5422 an.
1942 5369 2072 5423 Chr.
2130 5372 2290 5431 1557,

720 5478 887 5532 opera
925 5462 1162 5515 Victoris
1210 5461 1544 5523 Trittcaveli,
1576 5462 1732 5531 cujus
1769 5463 1819 5514 in
1877 5462 2001 5513 libri
2038 5462 2169 5515 folio
2200 5466 2288 5523 iis,

722 5557 787 5606 ad
824 5554 975 5607 illum
1005 5553 1122 5621 ejus
1150 5564 1321 5620 pocla:
1352 5567 1569 5606 versum
1607 5572 1619 5605 :

794 5646 954 5712 Μῆνα
983 5647 1040 5697 δὲ
1071 5646 1362 5711 Ληναιῶνα
1390 5650 1483 5697 καὶ
1514 5647 1699 5715 ἤματα.
1738 5647 1968 5715 Sodoma
2006 5649 2199 5708 πάντα,

725 5736 1113 5805 Muscltopulus
1164 5738 1243 5789 sic
1276 5738 1501 5791 adnotat
1536 5757 1546 5790 :
1587 5741 1739 5790 Κατὶι
1784 5740 1837 5790 6'2
1873 5741 2016 5805 μὴνα
2046 5744 2150 5797 κτὸν
2182 5743 2259 5805 Ar,

727 5829 951 5895 union,
984 5832 1131 5892 ὀπτις
1162 5831 1308 5883 ἐστὶν
1348 5835 1373 5883 ὁ
1411 5833 1756 5903 Ἰανουάρινις.
1798 5832 1949 5887 folio
1982 5845 2166 5901 postea
2203 5837 2285 5899 7i:

2394 4638 2546 4708 prior
2574 4639 2936 4707 distinguitur
2970 4640 3227 4710 adjuncto
3256 4636 3395 4689 aula:
3418 4635 3711 4691 vocabulo.
3748 4633 3913 4699 Quod
3934 4651 3965 4688 a

2391 4728 2602 4782 Codino
2614 4729 2895 4792 scribitur,
2916 4744 2966 4783 c.
2985 4728 3042 4793 5,
3059 4744 3114 4782 ιι.
3131 4727 3301 4794 6t,de
3318 4725 3609 4795 logariaste
3624 4724 3782 4785 aulas,
3797 4717 3969 4787 Οὗτος

2392 4821 2493 4872 οὐκ
2527 4819 2642 4888 ἔχει
2666 4838 2719 4873 τι
2745 4820 3080 4890 ὑπηρέτημα
3112 4819 3227 4884 νῦν,
3259 4834 3443 4871 carere
3496 4833 3635 4869 nunc
3674 4817 3967 4884 (unctione,

2392 4910 2552 4965 facile
2580 4912 2818 4980 quadrat
2844 4913 2899 4968 in
2930 4913 3044 4967 haec
3069 4922 3161 4966 aut
3196 4910 3359 4981 paulo
3379 4908 3682 4979 posteriora
3704 4908 3792 4961 his
3830 4917 3971 4961 tem-

2392 5026 2549 5081 pora,
2596 5007 2801 5075 quibus
2844 5006 3046 5059 vixisse
3103 5003 3351 5059 Codinus
3405 5016 3633 5074 putatur
3678 4998 3781 5056 sub
3822 5001 3969 5057 Can—

2397 5114 2661 5156 tacuzeno
2698 5108 2791 5152 aut
2822 5113 2947 5152 cum
2989 5097 3104 5158 illo,
3150 5097 3254 5149 hoc
3284 5104 3370 5150 est
3400 5097 3710 5164 principatu
3750 5095 3971 5151 Andro-

2395 5194 2505 5247 nici
2533 5193 2796 5245 iunioris.
2824 5190 2986 5259 hujus
3012 5188 3331 5248 Andronici,
3353 5189 3512 5255 cujus
3560 5188 3843 5241 historiam
3867 5190 3972 5242 Pa-

2393 5286 2682 5354 chytneres
2730 5284 2834 5335 hoc
2885 5296 3048 5347 opere
3087 5280 3269 5341 tradit,
3310 5281 3525 5347 nepotis
3573 5289 3628 5333 et
3667 5281 3970 5348 aliquando

2396 5379 2635 5445 Collegae.
2665 5376 2801 5428 Cum
2844 5374 2989 5426 enim
3023 5390 3086 5425 ex
3122 5373 3206 5427 his
3236 5388 3355 5440 qua:
3402 5388 3544 5440 Str-pe
3580 5375 3834 5439 superius
3869 5391 3970 5428 no-

2398 5482 2510 5522 ster
2544 5478 2774 5536 questus
2804 5475 2886 5520 est
2926 5466 2994 5517 de
3039 5465 3283 5534 neglecta
3324 5465 3597 5517 solutione
3636 5467 3966 5533 pensionem

2397 5563 2664 5615 militibus
2711 5560 3081 5617 decreturum,
3121 5574 3257 5625 quas
3284 5559 3446 5625 ῥόγας
3498 5557 3739 5610 (ῖικΙιιιιις
3790 5560 3967 5611 etalii

2397 5663 2611 5709 vocant.
2650 5652 2984 5718 intelligatur
3015 5651 3219 5703 sensim
3256 5649 3537 5702 inductum
3589 5650 3690 5699 sub
3745 5650 3935 5702 Andro

2400 5748 2521 5798 nim
2555 5747 2757 5798 seniori
2800 5760 3006 5797 morem
3038 5743 3273 5811 primum
3315 5760 3441 5795 seru
3474 5758 3570 5796 nec
3620 5752 3830 5809 integre
3857 5746 3942 5795 sol

2401 5841 2559 5896 \‘L‘lttll
2585 5840 2729 5905 quod
2761 5840 3121 5893 constitutum
3159 5837 3523 5891 militantibus
3560 5844 3694 5899 arat,
3740 5836 3959 5891 deinde.
