4194 6444
722 384 831 449 τϐὖ

1675 381 1735 441 Ρ.
1779 379 2086 442 ΡΟΞΞῘΝῘ
2131 375 2784 441 OBSERVATIONUM
2824 376 2969 434 LIB.
3018 375 3059 435 Ι.

3896 369 4005 431 ’ἴοὶ

726 494 1086 547 instrumenta
1118 490 1192 544 illi
1232 493 1498 560 praecipua
1545 493 1824 561 regimiois
1854 494 2086 546 universi
2123 501 2299 556 erant,
2332 495 2375 550 Α
2409 488 2673 544 fiscalium
2730 488 2993 556 qui'lqnid
3036 486 3230 553 cuique
3278 483 3584 539 abunlaret
3634 499 3797 551 supra
3834 499 3988 536 mere

730 593 928 635 cuncta
966 582 1076 636 fere
1107 599 1201 651 per
1233 583 1353 635 tilos
1385 592 1480 634 aut
1509 597 1697 634 eorum
1732 598 1895 635 suasu
1928 582 2311 636 interventuve

728 679 956 744 gurenti.
990 674 1272 728 Ministros
1313 675 1562 743 quaedam
1608 675 1834 743 Europa
1866 674 2005 727 aulae
2035 676 2194 729 hodie
2235 686 2314 727 ta-

730 774 808 825 les
844 772 959 824 κατ’
996 768 1187 837 ἐξοχὴν
1248 779 1303 822 et
1359 768 1793 822 antonomastice
1839 768 2132 836 appellant,
2191 768 2313 820 fun-

729 877 1076 930 ctionentqne
1112 864 1353 930 ipsorum
1413 861 1656 913 absolute
1713 862 2097 915 ministerium.
2153 859 2310 930 Ejus-

735 958 875 1013 tnodi
917 955 1018 1009 fuit
1068 954 1204 1022 apud
1242 954 1610 1006 Andronicum
1664 950 1821 1017 huius
1858 951 2100 1005 historia:
2148 967 2314 1017 argu-

735 1059 976 1102 Inrntum
1012 1048 1186 1115 prium
1221 1029 1540 1099 Theodorus
1590 1045 1821 1105 Muzalo.
1858 1045 1891 1098 Ι.
1932 1061 1970 1109 t,
2014 1060 2063 1097 c.
2120 1045 2139 1098 ι
2175 1055 2225 1097 et
2256 1045 2311 1106 ‘2,

732 1141 924 1193 deinde
954 1139 1234 1193 Chumnns
1264 1139 1549 1205 praebemus
1571 1138 1817 1201 caniclei,
1846 1138 1881 1190 I.
1912 1154 1972 1197 ιι,
2004 1154 2053 1192 c.
2088 1138 2310 1201 ultimo;

733 1232 772 1285 l.
802 1247 875 1294 ιν,
906 1246 952 1282 c.
986 1232 1040 1291 7,
1070 1241 1120 1283 et
1152 1229 1297 1281 aiihi.
1327 1226 1476 1293 Quos
1510 1226 1872 1295 Pacbymeres
1905 1227 2310 1295 μεσιτεύοντας,

737 1322 955 1374 videtur
980 1321 1396 1375 Cantacnzenns
1420 1332 1477 1373 et
1509 1320 1809 1373 Phrantzcs
1849 1318 2187 1386 μεσάζοντας
2217 1334 2313 1371 vo-

736 1430 860 1467 care
891 1430 907 1478 ;
939 1415 1003 1465 de
1034 1415 1231 1481 quibus
1272 1414 1389 1466 vide
1420 1428 1540 1478 qua:
1571 1413 1791 1465 adnotat
1820 1412 2097 1465 Pontanus
2126 1421 2312 1466 nostcr

738 1508 790 1559 in
849 1506 1252 1574 Piolcgomenis
1305 1505 1370 1558 ad
1427 1504 1735 1563 Phrantzen
1810 1505 1887 1555 Ad
1950 1520 2011 1555 ea
2054 1518 2171 1571 qua:
2229 1503 2316 1556 hic

738 1601 921 1654 scribo
974 1598 1159 1665 retingi
1196 1597 1356 1649 velint
1409 1612 1528 1666 qum
1581 1597 1744 1661 priori
1792 1596 2071 1649 Glossario
2131 1596 2311 1650 notavi

737 1691 901 1743 verbo
969 1690 1239 1757 μεσάζων.
1278 1688 1410 1741 lllud
1473 1689 1635 1742 etiam
1699 1690 1952 1755 adjungo,
2018 1686 2161 1740 unde
2188 1690 2310 1740 'non

733 1798 925 1850 parum
982 1783 1379 1833 confirmantur
1425 1781 1694 1833 hactenus
1747 1778 1913 1840 dicta,
1969 1793 2064 1832 eos
2113 1779 2204 1847 qui
2244 1777 2310 1830 ad

2416 580 2783 633 necessariam
2817 590 2938 631 vita:
3001 578 3290 630 tolerandae
3318 592 3608 639 annonam,
3658 576 3900 630 conferri
3938 579 4003 630 ad

2415 672 2655 725 delt-etus
2710 671 2987 723 habendos
3034 671 3271 737 jnssntn.
3319 669 3432 723 sola
3468 670 3629 722 victui
3678 668 4003 738 quotidiano

2416 764 2493 816 sic
2521 773 2928 815 auctoratorutn
2957 772 3112 830 parte
3143 760 3436 813 soll'cctura
3469 761 3682 820 relicta.
3716 776 3883 826 quam
3916 762 4004 814 hic

2421 853 2806 924 μονοκε).λικὸν
2836 854 2938 904 dici
2965 862 3263 906 antumem.
3306 852 3463 917 Quod
3495 855 3538 906 si
3575 854 3662 907 cui
3718 854 3860 906 haud
3892 853 4004 919 pla—

2417 952 2520 1002 cet,
2554 945 2695 995 aliud
2726 952 2998 1011 suggerat.

2487 1038 2871 1101 Μουγούλιοι,
2906 1050 2957 1102 ῃ.
3021 1035 3146 1099 620,
3206 1046 3343 1104 etp.
3393 1036 3516 1089 657.
3556 1036 3701 1101 Quos
3755 1037 4002 1104 plt'riqttc

2418 1126 2735 1181 Latinorum
2770 1126 3045 1184 Tartaros.
3083 1127 3258 1183 Grzeci
3297 1129 3496 1192 passim
3556 1138 3610 1180 et
3645 1128 3851 1181 Arabes
3889 1126 4003 1181 Ta-

2418 1230 2582 1281 taros,
2614 1217 2979 1286 Pachymeres
3008 1216 3273 1272 Tocharos
3322 1219 3580 1287 (Plinium
3616 1232 3859 1282 secutus,
3902 1222 3993 1288 qui

2418 1312 2454 1365 l.
2486 1329 2559 1375 vt,
2596 1328 2645 1365 c.
2680 1313 2771 1371 17,
2826 1313 2966 1364 inter
2992 1310 3279 1381 Scythicas
3318 1322 3507 1377 gentes
3547 1311 3748 1364 diserte
3782 1312 4003 1365 Tocha-

2419 1419 2510 1457 ros
2548 1418 2823 1462 recenset:
2881 1420 2983 1455 non
3020 1405 3179 1472 longe
3240 1404 3529 1456 ablutleute
3565 1403 3855 1468 Strabone,
3906 1406 3997 1473 qui

2419 1496 2556 1549 libro
2585 1512 2636 1548 ιι
2693 1497 2913 1549 eosdem
2978 1495 3260 1550 Tarbaros
3319 1496 3598 1566 appellat),
3645 1512 3740 1552 eos
3785 1498 4001 1552 dixerat

2414 1585 2550 1651 jam,
2586 1585 2689 1639 vol.
2729 1587 2767 1649 Ι,
2826 1586 2965 1638 idem
3022 1586 3319 1639 historicus
3349 1596 3555 1648 noster,
3588 1602 3641 1653 ρ.
3693 1589 3821 1647 3M.
3876 1603 4001 1643 sese

2421 1679 2565 1745 ipsos
2590 1693 2787 1731 vocare
2818 1677 2869 1730 Μ
2879 1678 3088 1746 ngulios
3116 1680 3491 1733 consuevisse.
3516 1679 3841 1747 Megalenses
3872 1698 4004 1735 con-

2419 1780 2629 1825 stanter
2654 1773 2889 1840 appellat
2933 1770 3230 1840 Gregorius
3268 1772 3700 1840 Abulpharagius
3752 1774 3805 1825 in
3842 1787 4005 1827 accn.

736 1848 880 1930 istnd
939 1875 1243 1944 principale
1275 1875 1638 1927 ministcrinm
1689 1871 2168 1937 promovebantur,
2206 1868 2313 1920 dici
2344 1848 2391 1905 Β
2424 1864 2693 1917 ratissimo
2740 1864 3012 1917 Chronico
3059 1865 3291 1919 Arabico
3318 1867 3524 1934 scripto
3556 1865 3659 1919 sub
3699 1868 3837 1919 idem
3867 1878 4005 1921 tern-

736 1972 1087 2022 consnevisse
1144 1967 1591 2029 ἀποκαταστῆναι
1649 1964 1741 2016 ἐπὶ
1774 1962 1866 2015 τοῦ
1900 1963 2087 2029 μέσου,
2125 1969 2183 2011 ιιι
2232 1962 2312 2011 vi-

740 2063 870 2114 dere
899 2074 979 2113 est
1010 2061 1148 2126 apud
1198 2060 1341 2112 lnmc
1378 2067 1623 2111 uestrum
1663 2066 1938 2108 auctorem
1978 2052 2032 2105 in
2070 2052 2229 2103 titulo
2263 2065 2312 2104 c.

740 2151 833 2215 '52,
888 2150 924 2205 l.
975 2166 1037 2207 ιι.
1079 2150 1165 2202 ubi
1206 2148 1266 2201 τὸ
1333 2148 1493 2219 μέσον
1526 2162 1719 2200 nomen
1765 2155 1845 2200 est
1898 2144 2055 2197 oliivii
2118 2141 2310 2209 hujus;

740 2244 882 2311 quod
919 2243 1025 2293 illic
1061 2241 1251 2294 Latine
1288 2240 1494 2294 reddidi
1544 2256 1724 2292 curam
1759 2238 2077 2305 primariam
2106 2234 2313 2300 princi-

740 2333 941 2402 palium
976 2336 1323 2400 negotiorum.

812 2428 999 2482 Μέπε.
1048 2412 1118 2478 De
1169 2424 1318 2492 Mope
1343 2423 1533 2476 Iberia!
1584 2433 1886 2475 memorato
1941 2421 1995 2474 in
2032 2412 2315 2474 Glossario

737 2517 848 2572 vol.
887 2533 926 2579 ι,
960 2533 1022 2569 r-x
1072 2533 1123 2585 p.
1162 2514 1287 2576 216.
1324 2515 1400 2568 sic
1436 2516 1691 2568 admonet
1718 2513 1976 2568 Claudius
2032 2512 2316 2567 Maltretns

745 2620 974 2662 noster:
1016 2629 1034 2658 ‹
1073 2608 1209 2673 Quid
1271 2606 1313 2662 si
1380 2609 1721 2675 suspicemur
1771 2606 2067 2673 principem
2126 2604 2315 2658 lberia:

743 2699 894 2769 Mope
922 2700 1118 2751 dictum
1149 2717 1175 2752 a
1214 2697 1545 2769 Par-hymere
1568 2697 1845 2751 additione
1869 2696 2073 2751 Graecis
2104 2697 2318 2751 citerio-

742 2790 818 2842 ris
845 2791 941 2842 aevi
973 2789 1172 2843 usitata
1206 2788 1298 2841 τοῦ
1339 2808 1373 2857 μ
1411 2799 1538 2843 ante
1581 2806 1641 2840 π.
1680 2788 1767 2840 Sic
1797 2788 1938 2841 enim
1974 2787 2047 2840 iiIi
2074 2786 2318 2840 scribunt

745 2880 962 2947 μπάλλα
1015 2880 1181 2948 palla,
1249 2881 1557 2948 μπαρουνία
1615 2896 1712 2949 pro
1770 2880 2014 2942 baronia,
2076 2880 2315 2948 μπασίας

740 2970 921 3030 bassa.
958 2973 1741 3040 paorécta;potestas,etalia
1771 2973 1939 3025 multa
1975 2973 2114 3038 apud
2145 2971 2319 3025 Meur-

744 3065 907 3117 sium.
961 3065 1202 3118 Potnerit
1252 3080 1379 3135 ergo
1412 3066 1638 3136 dynasta
1674 3064 1947 3117 lberorum
1987 3064 2091 3119 illis
2136 3063 2316 3117 vocari

744 3166 860 3214 τιηέ
885 3157 1044 3224 peltelt
1076 3166 1126 3207 et
1151 3164 1430 3209 contracto
1461 3172 1539 3219 pe,
1571 3171 1689 3223 qun‘
1716 3171 1813 3207 vox
1848 3156 2037 3207 ducem
2070 3170 2131 3207 ac
2168 3156 2317 3223 prin-

746 3249 920 3306 cipem
955 3245 1182 3303 indicat.
1235 3255 1286 3298 et
1319 3262 1344 3297 a
1406 3246 1759 3311 Pachymere,
1804 3244 2031 3297 solemni
2094 3247 2321 3298 istorum

748 3338 841 3390 τοῦ
885 3350 922 3406 μ
954 3338 1353 3403 pra-positione,
1411 3337 1524 3403 Mpe
1572 3336 1865 3401 nominari,
1896 3337 2037 3390 unde
2072 3336 2203 3392 vitio
2232 3353 2325 3392 ex-

750 3430 1035 3494 scriptoris
1071 3428 1213 3495 Mope
1244 3428 1481 3481 iluxcrit.
1520 3446 1539 3477 s

819 3520 1294 3580 Μονοκελλικόν,
1355 3535 1407 3587 p.
1466 3519 1589 3572 590.
1624 3518 1771 3594 Quid
1818 3520 2027 3573 dicatur
2069 3522 2167 3573 hoc
2205 3522 2324 3575 loco

754 3610 1154 3676 povoxskhxdv,
1208 3609 1465 3662 libentius
1503 3610 1765 3661 discerem
1820 3626 1982 3679 quam
2039 3612 2323 3680 aggrediar

750 3702 967 3753 docere.
1008 3700 1168 3754 Multa
1212 3702 1356 3754 enim
1407 3702 1492 3753 diu
1526 3702 1812 3769 quarenti.
1844 3718 2032 3769 parum
2059 3704 2200 3771 quod
2234 3720 2323 3754 sa-

752 3794 1030 3848 tisfaceret
1058 3797 1314 3847 occurrit.
1337 3793 1441 3846 Res
1468 3792 1580 3860 ipsa
1613 3793 1788 3846 locum
1809 3802 1979 3847 totum
2012 3800 2324 3862 espenztcn-

749 3886 894 3938 tibus
924 3886 1217 3953 persuadet
1260 3888 1363 3940 hoc
1404 3885 1781 3954 μονοκελλικόν
1817 3889 2088 3955 pertinere
2122 3889 2189 3941 ad
2226 3904 2318 3956 ge-

754 3993 853 4029 nus
876 3978 1159 4047 προνοιῶν,
1187 3977 1503 4041 pensiooum
1541 3990 1636 4028 seu
1671 3990 1975 4030 annuorum
2006 3992 2263 4030 censnum
2292 3993 2323 4030 e

755 4069 888 4121 ﬁsco
951 4071 1335 4136 praebitorum;
1409 4068 1571 4139 Ὶοά1
1636 4068 1817 4135 qualia
1879 4084 2021 4123 nunc
2077 4080 2326 4124 auctora-

757 4173 958 4225 menta,
1020 4162 1343 4230 gravissimo
1380 4161 1693 4229 reipublicm
1752 4150 2017 4228 tempore.
2049 4162 2246 4215 remitti
2293 4176 2323 4214 a

755 4268 842 4317 gos
874 4254 1197 4306 habentibus
1236 4255 1301 4303 ad
1337 4254 1422 4305 illa
1465 4253 1810 4321 coni‘errique
1865 4253 1930 4305 ad
1968 4253 2191 4306 militem
2230 4269 2326 4306 no-

760 4360 882 4394 vnut
919 4345 1353 4407 conducendum,
1381 4344 1685 4398 decrevisse
1738 4346 2121 4413 imperatorem
2157 4345 2324 4400 refert

761 4437 1058 4490 historicus
1085 4438 1183 4491 hoc
1220 4436 1358 4500 loco,
1396 4438 1597 4490 addens
1633 4447 1811 4490 tamen
1846 4448 2132 4505 exceptum
2162 4438 2329 4493 fuisse

2424 1972 2549 2027 pus,
2581 1967 2675 2009 aut
2711 1972 2817 2010 non
2847 1956 3017 2009 multo
3052 1957 3305 2024 superius
3337 1972 3501 2027 quam
3530 1971 3684 2011 suam
3742 1960 3885 2011 hanc
3920 1961 4004 2013 hi-

2421 2049 2650 2103 storiam
2684 2049 3047 2123 Pachymeres
3073 2059 3557 2106 commentaretur.
3586 2051 3721 2116 Quin
3752 2062 3807 2106 et
3838 2055 4007 2123 Ayte-

2421 2156 2525 2194 nus
2583 2141 2827 2210 ejusdem
2885 2120 3008 2194 aevi“
3044 2142 3303 2210 scriptor,
3358 2155 3409 2195 c.
3466 2142 3531 2195 16
3579 2141 3832 2195 Historia:
3886 2120 4006 2196 sua:

2424 2230 2740 2296 Orientalis,
2772 2248 2891 2300 qua:
2939 2231 3129 2285 Latine
3163 2243 3363 2295 exstat,
3397 2231 3565 2301 Mogli
3597 2235 3821 2288 eosdem
3858 2237 4005 2288 voci-

2426 2335 2566 2380 tatos
2612 2334 2897 2379 memorat.
2933 2325 3087 2391 Quod
3137 2340 3335 2380 nomen
3380 2326 3736 2381 Lennclavins
3796 2327 4006 2379 indicat

2424 2416 2640 2485 proprie
2671 2416 2984 2484 designasse
3036 2419 3241 2486 aliquot
3289 2418 3597 2488 singulares
3645 2419 3868 2486 populos
3894 2419 4007 2483 {se-

2424 2522 2567 2578 ptem
2603 2509 2671 2564 ab
2704 2511 2917 2581 Aytono
2950 2510 3330 2579 numerantur)
3373 2512 3651 2565 communi
3680 2509 4001 2566 Tocharica:

2424 2612 2517 2655 aut
2568 2602 2833 2657 Tataricre
2873 2605 3049 2671 gentis
3106 2604 3465 2672 appellatione
3515 2603 3778 2667 censitos,
3837 2604 3908 2657 ita
3944 2613 4001 2655 ιιι

2424 2692 2679 2761 adjuncto
2719 2696 2954 2763 quodam
3006 2695 3147 2747 inter
3202 2709 3260 2749 se
3316 2695 3778 2758 discernerentur,
3816 2711 4002 2764 quem-

2425 2785 2714 2840 admodum
2782 2789 2834 2841 in
2876 2786 3089 2850 Gothis.
3120 2788 3490 2854 Ostrogotbis.
3523 2789 3823 2857 Visigothis
3885 2789 3998 2842 fieri

2426 2880 2693 2934 videmus.
2720 2879 2876 2943 Nam,
2908 2892 2959 2932 ut
2990 2882 3033 2933 is
3075 2882 3310 2947 scriptor
3334 2882 3429 2943 ait,
3464 2881 3707 2949 Sumogli
3742 2882 4002 2936 diceban-

2427 2980 2514 3023 tur
2545 2973 2741 3023 accolae
2773 2972 2955 3023 Tatari
2989 2972 3190 3034 amnis,
3225 2987 3345 3038 qua:
3390 2987 3492 3025 vos
3526 2975 3765 3039 ipsorum
3817 2973 3999 3036 lingua

2430 3063 2697 3131 Mugnlios
2728 3067 2995 3132 aqtmticos
3023 3066 3323 3129 signiticet;
3354 3081 3419 3117 ac
3450 3065 3528 3119 sic
3572 3066 3662 3119 alii
3700 3067 3822 3119 aliis
3851 3066 4003 3119 diffe-

2432 3157 2619 3208 rentiis
2640 3157 2705 3209 ad
2740 3158 2984 3209 notitiam
3023 3159 3482 3226 insigniebantur.
3507 3158 3677 3227 Hujus
3712 3174 3874 3224 porro
3906 3175 4004 3227 pe-

2428 3249 2650 3301 culiaris
2710 3250 2909 3316 speciei
2971 3248 3380 3315 Tocharornm,
3445 3266 3566 3320 qua:
3636 3250 4001 3319 Muguliorum

2428 3340 2691 3394 vocabulo
2713 3342 3020 3407 generalem
3064 3342 3380 3397 Tocltaricaa
3406 3353 3499 3397 attt
3521 3342 3789 3397 Tatarica
3825 3344 4005 3413 gentis

2431 3430 2922 3484 nomenclationem
2978 3433 3359 3496 contrahebat,
3411 3433 3687 3500 proprium
3723 3432 3828 3487 fuit
3870 3434 4001 3488 illud

2432 3521 2714 3590 imperium
2746 3525 2889 3591 quod
2916 3524 2982 3576 ab
3013 3539 3155 3576 anno
3184 3525 3381 3579 Christi
3410 3525 3547 3579 1202
3573 3541 3669 3593 per
3694 3537 3917 3581 centum
3952 3537 4005 3580 et

2430 3616 2575 3681 quod
2633 3616 2873 3668 excurrit
2927 3630 3100 3670 annos
3153 3617 3255 3669 late
3310 3632 3409 3686 per
3447 3617 3627 3671 Asiam
3669 3623 3736 3672 'et
3792 3630 4003 3686 partem

2432 3707 2884 3771 Septentrionalis
2947 3706 3177 3775 Europae
3238 3708 3448 3776 magnis
3480 3707 3836 3762 victoriarum
3878 3726 4007 3763 suc-

2429 3797 2677 3850 cessibus
2697 3796 2987 3861 inclaruit;
3022 3797 3175 3863 cuius
3209 3797 3336 3865 quia
3361 3811 3502 3864 saepe
3520 3807 3703 3851 noster
3728 3800 4003 3862 meminit,

2429 3889 2591 3942 breve
2613 3889 2883 3956 specimen
2906 3889 3096 3942 damus
3112 3904 3162 3943 c.
3192 3889 3245 3951 7,
3274 3889 3309 3943 l.
3337 3906 3420 3954 ιιι,
3443 3891 3632 3945 barum
3651 3889 4006 3946 Observatio-

2429 3996 2581 4034 num.
2603 3980 2999 4051 Gingizcbanes
3017 3981 3289 4044 videlicet,
3314 3983 3635 4052 auctorejns
3668 3984 3906 4051 imperii,
3938 4002 4002 4039 ex

2432 4073 2593 4145 705
2637 4075 2722 4126 illa
2760 4074 3129 4127 'I‘ocharorutn
3174 4084 3328 4142 parte
3371 4075 3592 4141 stirpem
3642 4076 3915 4137 trahebat,
3952 4086 4007 4130 ut

2432 4166 2607 4221 innuit
2642 4166 3096 4235 Abulpharagins,
3140 4180 3259 4232 quae
3304 4166 3559 4230 peculiari
3609 4167 4004 4235 Hogulensimn

2431 4257 2787 4326 appellatione
2830 4256 3171 4311 noscebatur.
3218 4254 3397 4317 Certe,
3445 4258 3587 4325 quod
3637 4257 3779 4312 idem
3827 4261 4006 4327 diser-

2434 4349 2640 4403 tissime
2670 4349 2918 4411 aliirmat,
2956 4347 3343 4415 Ilogttlensiutn
3378 4349 3632 4403 concordi
3656 4350 3921 4405 electione
3953 4364 4007 4404 cl.

2434 4444 2613 4497 delato
2644 4441 2972 4494 unanimiter
3005 4442 3266 4508 obsequio
3296 4440 3435 4495 idem
3468 4442 4007 4523 Gingizchanespri-

766 4526 1168 4594 povoxel‘uxov,
1197 4529 1339 4594 quod
1380 4527 1589 4579 salvum
1620 4527 2022 4594 possidentibus
2060 4537 2323 4583 maneret.
2359 4538 2403 4592 Ι)
2433 4550 2574 4587 mam
2610 4548 2763 4586 suam
2796 4543 2875 4592 et.
2899 4544 2953 4584 ut
2982 4533 3059 4585 sic
3090 4532 3291 4593 dicam,
3318 4533 3667 4599 originariatn
3705 4538 4005 4601 potentiam

759 4618 898 4681 Quid
933 4618 980 4670 al
1012 4619 1078 4669 ttd
1106 4619 1356 4686 suspicer
1384 4634 1547 4685 quam
1576 4621 1648 4671 ita
1673 4630 1918 4672 vocatam
1962 4628 2170 4687 partem
2196 4636 2327 4688 pen-

762 4712 973 4761 sionnm
1012 4710 1237 4776 praecise
1267 4709 1630 4763 necessariam
1684 4710 1750 4762 ad
1802 4712 2005 4764 victum
2038 4711 2326 4774 dittrntnn;

760 4818 865 4867 quo
900 4803 1099 4868 privari
1156 4800 1531 4869 pensionarios
1592 4801 1780 4868 utique
1833 4817 1939 4855 non
2000 4801 2330 4869 oportebat?

763 4893 964 4952 Κέὶλα.
996 4910 1057 4946 (ιι
1092 4894 1285 4947 Latino
1316 4894 1471 4956 cella,
1516 4908 1713 4961 penum
1740 4908 1845 4946 non
1886 4909 2008 4947 raro
2034 4895 2327 4963 signiﬁcat,

761 4988 1080 5050 npmhccam
1113 4987 1413 5054 quotidiani
1455 4985 1716 5038 alimenti.
1768 4985 1965 5051 Quidni
2013 5002 2145 5055 ergo
2175 5005 2333 5057 μονο·

760 5081 1010 5132 κελλικὸν
1040 5082 1352 5134 demensum
1399 5079 1737 5148 intelligatur
1784 5082 1980 5149 cuique
2024 5090 2332 5136 auctorato-

766 5187 882 5222 rum
914 5189 943 5223 e
974 5172 1101 5224 lisco
1134 5170 1462 5237 descriptum
1510 5173 1575 5225 ad
1635 5172 1934 5225 alimenta?
1965 5183 2161 5240 praeter
2189 5174 2330 5241 quod

763 5264 880 5315 istae
926 5263 1240 5329 plerumque
1297 5267 1584 5331 pensiones
1641 5264 1991 5316 abundabant
2052 5264 2119 5316 ad
2174 5280 2335 5318 orna-

768 5365 947 5407 menta
996 5364 1049 5405 et
1109 5354 1282 5408 minus
1332 5354 1671 5409 necessarias
1706 5369 1991 5421 expensas.
2049 5354 2201 5419 Stepe
2231 5355 2332 5422 lcgi

769 5450 906 5510 apud
941 5445 1255 5497 (licemnern
1290 5447 1340 5497 in
1370 5443 1615 5498 Verrinis
1649 5446 1764 5496 dari
1809 5444 2026 5495 solitum
2058 5459 2088 5497 a
2122 5445 2337 5511 provin-

771 5537 852 5589 cia
896 5535 1298 5602 nuagistratibns
1326 5534 1583 5588 Romanis
1637 5537 1682 5588 ei
1736 5535 1981 5603 regenda:
2012 5535 2190 5587 missis
2224 5534 2335 5600 [ru-

772 5637 1001 5679 mentunt
1032 5629 1087 5678 in
1115 5627 1297 5679 cellam
1334 5637 1428 5681 aut
1487 5626 1770 5696 pecuniam
1798 5629 1938 5680 unde
1991 5626 2042 5679 id
2073 5638 2334 5693 emerent,

772 5720 872 5769 hoc
902 5727 1006 5776 est.
1043 5727 1099 5769 nt
1133 5719 1348 5786 opinor.
1391 5720 1529 5771 unde
1585 5717 1672 5789 [P.
1704 5717 1829 5787 497]
1881 5734 2123 5771 mensam
2156 5720 2254 5772 sibi
2284 5730 2339 5773 et

774 5810 991 5865 uenalia:
1024 5809 1393 5879 qumidianant
1436 5811 1789 5868 instruerent.
1827 5811 2145 5865 i‘easionum
2176 5811 2337 5879 igitur

2430 4622 2660 4692 accepit.
2697 4622 3106 4690 transmittitque
3138 4621 3189 4674 in
3231 4632 3497 4688 posteros.
3532 4621 3650 4678 Non
3694 4637 3776 4680 est
3811 4627 4008 4681 iocre-

2431 4715 2593 4768 dibile
2641 4715 2916 4768 habitasse
2958 4714 3056 4767 bos
3093 4713 3314 4782 populos
3348 4715 3401 4767 in
3442 4715 3662 4783 regione
3704 4720 4009 4788 antiquitus

2430 4806 2637 4876 Megala
2682 4815 2907 4869 vocata,
2951 4821 3112 4874 quam
3163 4806 3216 4858 in
3262 4802 3565 4858 confinibus
3596 4806 3784 4863 Hediae
3829 4826 4006 4880 prope

2435 4897 2762 4966 Elyntaidem
2796 4897 3026 4950 collocat
3059 4895 3282 4960 Plinius,
3312 4896 3346 4951 l.
3384 4911 3436 4951 vt
3461 4895 3589 4951 Nat.
3629 4898 3799 4960 Ηὶει..
3826 4916 3877 4954 c.
3912 4903 4005 4967 26,

2435 4990 2522 5041 ubi
2570 4989 2832 5057 suspicari
2867 4988 2991 5042 licet
3016 4988 3367 5042 mutationem
3404 4989 3692 5056 irrepsisse
3735 4994 4004 5059 aliquam,

2434 5081 2613 5148 qualis
2648 5081 2698 5134 in
2730 5081 3084 5135 translatione
3115 5096 3179 5134 ex
3216 5094 3319 5132 una
3347 5080 3398 5135 in
3439 5081 3596 5134 aliam
3628 5083 3865 5149 linguam
3902 5104 4008 5140 no-

2438 5173 2637 5225 minum
2658 5172 3064 5241 peregrinorum
3086 5171 3197 5225 fere
3216 5186 3430 5241 semper
3446 5174 3759 5230 intervenit.
3786 5176 4007 5247 Magola

2435 5278 2565 5315 sane
2594 5272 2681 5314 aut
2716 5260 2941 5329 Mugula
2969 5262 3129 5316 facile
3159 5279 3185 5315 a
3216 5261 3420 5316 Graecis
3451 5268 3630 5317 omnia
3669 5267 3733 5319 ad
3782 5270 3866 5322 sui
3896 5273 4013 5324 ori.

2438 5356 2589 5421 κίκι-ε
2647 5353 2921 5407 idiomatis
2968 5353 3186 5409 trahere
3234 5355 3407 5407 solitis
3451 5358 3533 5424 (ut
3584 5358 3634 5409 in
3686 5358 3859 5428 Byrsa
3910 5381 4012 5431 pro

2437 5444 2632 5508 Bosra,
2686 5445 2735 5497 in
2777 5444 2950 5497 Axino
2995 5453 3047 5497 et
3086 5444 3290 5498 Euxino
3346 5461 3444 5515 pro
3492 5446 3742 5512 Ascenez,
3792 5463 3847 5504 et
3888 5455 4015 5511 aliis

2439 5537 2709 5590 sexcentis
2754 5535 3056 5603 cernimus)
3102 5536 3152 5589 in
3204 5536 3415 5606 Megala
3466 5539 3637 5605 potuit
3689 5541 4013 5608 deformati,

2441 5625 2673 5691 quodex
2716 5625 2822 5687 his,
2861 5635 2920 5678 ut
2969 5626 3073 5677 alia
3125 5624 3400 5694 pleraque,
3446 5631 3740 5697 stnnpserit
3776 5630 4011 5691 Plinius.

2445 5715 2698 5783 Equidem
2752 5715 2987 5768 arbitror
3032 5718 3324 5781 maximum
3372 5718 3529 5771 hodie
3577 5734 3640 5772 ac
3686 5724 4012 5788 potentissi-

2443 5824 2587 5861 munt
2632 5807 2915 5877 imperium
2955 5806 3169 5875 Magalis
3189 5808 3532 5876 superstitem
3572 5810 3730 5865 istius
3782 5811 4016 5884 legale
