4194 6444
242 424 352 485 765

1617 420 2143 488 GLOSSARIUM.

3400 428 3500 490 7tit‘.

234 544 656 615 appellationem
705 560 949 603 servare.
1002 545 1207 601 Ferunt
1249 544 1397 601 enim
1445 543 1577 599 illud
1627 541 1820 597 condi-
1852 543 1896 601 Α
1925 543 2113 608 δοῦλος
2158 543 2253 598 τοῦ
2306 544 2467 609 Θεοῦ,
2528 555 2635 600 ctc.
2688 544 2753 601 Et
2797 554 2957 600 antea
3003 544 3200 599 similia
3249 546 3497 599 attulerat

236 647 352 691 tuin
389 653 418 690 a
453 638 699 693 Baburxa
741 637 920 708 magni
964 636 1307 693 Tamerlanis
1341 646 1655 705 pronepote.
1706 631 1815 687 Ta-

235 727 539 781 merlanem
590 736 769 781 autem
816 742 877 781 se
924 740 1098 795 genus
1138 740 1167 779 a
1216 724 1612 795 Megalensibus
1677 722 1814 775 anti-

232 820 362 887 quis
396 818 733 888 principibus
764 818 989 873 duxisse
1020 819 1163 872 haud
1195 831 1334 871 vane
1378 816 1688 886 gloriatum,
1724 829 1813 866 sa.

235 911 307 964 ti!
330 920 418 965 est
452 910 771 965 verisimile.
808 910 942 964 Nam
980 910 1080 963 etsi
1124 910 1267 963 hunc:
1296 908 1566 962 vilissimo
1595 921 1814 976 genere,

235 1013 395 1070 patre
433 1002 694 1071 pecuario
725 1011 908 1056 natum
944 1002 995 1056 in
1030 1001 1320 1069 Sogdianis
1346 1000 1624 1053 montibus
1653 997 1814 1052 Turcl

231 1096 545 1163 praesertim
596 1095 844 1150 historici
889 1094 1249 1150 Ottomanicis
1299 1093 1633 1163 principibus
1681 1091 1817 1145 adu-

230 1186 413 1241 lantes
449 1187 797 1256 scripserint,
846 1188 912 1241 ad
949 1187 1315 1241 infamandam
1352 1186 1468 1255 ejus
1498 1186 1814 1239 memoriam

226 1280 323 1348 qui
360 1279 669 1333 Baiazeteiu
710 1279 853 1333 bello
889 1280 1088 1333 victum
1121 1294 1183 1331 ac
1226 1285 1443 1347 captum
1482 1275 1601 1328 dira
1644 1288 1815 1343 usque

226 1370 295 1423 ad
350 1382 583 1425 mortem
630 1373 877 1425 custodia
930 1372 1226 1433 tenuisset,
1280 1380 1457 1422 tanien
1506 1366 1817 1419 Alliaccuus

223 1461 432 1522 Arabs.
483 1462 574 1529 qui
601 1462 650 1514 ei
698 1476 883 1515 comes
922 1461 1231 1514 individuus
1264 1457 1665 1526 expeditionum
1700 1468 1817 1508 out-

223 1552 387 1605 nium
425 1553 720 1608 adhaesisse
749 1553 955 1608 dicitur
984 1562 1037 1606 et
1068 1553 1188 1607 ideo
1228 1554 1421 1607 mcritn
1450 1551 1691 1605 creditur
1728 1563 1816 1603 res

222 1643 347 1709 ejus
370 1660 484 1713 pra:
514 1648 723 1700 cmteris
752 1656 1066 1715 perspectas
1112 1645 1391 1711 habuisse,
1425 1644 1476 1697 in
1507 1643 1623 1713 ejus
1651 1655 1814 1711 quam

220 1736 452 1803 scripsit
493 1738 598 1789 vita
643 1728 872 1791 testatur
934 1738 1107 1802 illum,
1143 1752 1267 1792 cum
1309 1736 1671 1791 inclarescere
1695 1745 1813 1789 stu-

219 1828 426 1896 peudis
504 1826 840 1883 facinoribus
894 1828 978 1902 [Ρ.
1040 1829 1167 1902 498]
1241 1831 1385 1884 circa
1447 1828 1651 1883 Christi
1710 1843 1809 1881 an-

225 1934 363 1971 num
404 1920 539 1973 l590
566 1921 750 1988 t-(epit,
781 1937 887 1975 non
915 1937 979 1977 ex
1008 1923 1213 1991 privata
1243 1930 1297 1977 et
1324 1922 1542 1977 sordida
1575 1921 1810 1983 fortuna,

219 2015 322 2067 sed
352 2029 420 2067 ex
448 2014 787 2084 avito,quem
816 2015 1163 2071 haereditario
1190 2015 1310 2085 jure
1331 2015 1686 2084 suscepisset,
1708 2014 1811 2068 Sa-

220 2105 546 2161 markanda‘
573 2108 878 2177 principatu
899 2109 951 2162 in
977 2122 1095 2163 eam
1131 2109 1438 2161 claritatem
1477 2107 1768 2161 emersisse
1794 2123 1807 2158 :

222 2198 402 2251 fuisse
437 2202 637 2269 quippe
686 2200 837 2255 illuni
887 2202 1174 2255 oriundum
1212 2220 1241 2256 e
1272 2203 1422 2272 regio
1456 2200 1807 2263 Tatarorum,

222 2290 329 2344 hoc
354 2300 441 2345 est
472 2292 884 2363 Mogulensium,
916 2293 1301 2363 imperatorum
1334 2295 1613 2361 sanguine.
1654 2293 1809 2359 Quod

223 2384 468 2438 iunuens
498 2386 745 2451 Bizarus,
777 2387 813 2442 I.
849 2403 926 2450 tx,
964 2387 1163 2441 fatetur
1200 2404 1227 2440 a
1276 2386 1551 2441 nonnullis
1586 2389 1636 2439 in
1667 2386 1809 2440 litte-

224 2492 318 2529 ras
372 2478 603 2531 relatum
663 2478 830 2534 fuisse
874 2478 1252 2533 Tamerlanem
1316 2480 1485 2533 lilium
1536 2479 1678 2546 (hoc
1725 2488 1808 2530 est

224 2582 400 2619 unum
427 2582 457 2619 e
487 2568 743 2638 posteris)
788 2569 965 2637 magni
1004 2568 1195 2623 Chami
1232 2568 1595 2634 Tatarorutn;
1639 2577 1693 2621 ct
1726 2568 1807 2621 di-

222 2667 375 2711 serte
408 2659 721 2713 Alianabius
765 2668 820 2715 et
847 2660 1125 2714 Ahmedus
1171 2662 1412 2716 historici
1440 2662 1688 2722 .Arabes,
1739 2660 1807 2715 ab

226 2748 487 2803 Eduardo
538 2748 807 2805 Pocockio
854 2752 1057 2806 laudati
1117 2753 1171 2807 in
1211 2752 1486 2821 Suppletn.
1544 2752 1800 2809 Chronici

221 2842 661 2913 Abulpharagii,
720 2860 771 2912 p.
819 2844 876 2906 5,
922 2843 1302 2900 Tamerlanem
1359 2860 1390 2899 e
1435 2843 1804 2915 Giugisvhzne

222 2938 407 3004 primo
474 2937 683 3005 imperii
766 2936 1153 3008 Mogulensium
1226 2939 1507 2992 conditore
1580 2940 1801 3003 stirpem

224 3032 452 3085 duxisse
509 3033 794 3086 aﬂirmant.
845 3031 1015 3086 Porro
1074 3033 1220 3095 licet,
1284 3042 1341 3084 ut
1396 3031 1800 3093 Chalcondiles,

224 3124 260 3179 Ι.
300 3139 386 3187 ιιι,
422 3134 478 3176 et
509 3124 771 3178 lleroldus
800 3125 850 3177 in
876 3124 1281 3180 continuatione
1308 3124 1443 3176 Belli
1465 3124 1642 3186 Sacri,
1668 3124 1700 3177 Ι.
1728 3138 1799 3183 vt.

1920 637 2176 707 vulgaris
2198 638 2283 693 sui
2316 653 2449 693 usus
2483 641 2647 693 verba
2684 641 2772 693 illa
2815 658 2828 693 :
2867 640 2953 692 Νὰ
3003 638 3111 708 ἔχω
3134 639 3196 690 τὸ
3228 640 3375 700 ἔῗιεος
3408 639 3500 691 τοῦ

1919 725 2081 789 Θεοῦ.
2114 728 2179 781 vi
2226 729 2344 797 εἰμὶ
2375 729 2564 791 δοῦλος
2596 729 2691 782 τοῦ
2724 729 2881 792 Θεοῦ,
2922 732 2986 781 va
3020 729 3279 781 ἀποθάνω
3310 732 3367 780 ιν
3402 747 3461 796 με

1919 820 2130 889 τανοξᾳ.
2163 820 2219 873 lu
2254 821 2337 875 his
2368 821 2436 874 νά
2472 836 2578 875 non
2613 822 2826 875 videtur
2858 820 3014 888 plane
3034 821 3280 885 usttrpari
3317 820 3368 872 in
3404 836 3493 868 no~

1921 911 2068 965 tione
2124 912 2284 966 hodie
2339 915 2464 966 trita
2515 914 2567 967 in
2626 913 2831 981 vulgari
2892 912 3148 966 idiomate
3183 912 3496 965 Grecorum

1921 1005 2065 1065 (nam
2092 1003 2253 1073 hujus
2281 1005 2474 1073 lingua:
2507 1004 2707 1059 Graeca:
2736 1016 3004 1073 corruptae
3033 1004 3401 1072 lexicographi
3433 1004 3499 1055 νά

1919 1084 2198 1163 exponunt
2250 1096 2497 1160 women,
2541 1099 2697 1164 ecce),
2749 1100 2841 1151 sed
2904 1094 3115 1151 leetur
3165 1096 3348 1165 potius
3400 1111 3498 1148 usu

1919 1190 2148 1256 quodam
2193 1188 2457 1257 peculiari
2499 1186 2727 1242 Joannis
2759 1193 2968 1241 tiosma'
3001 1188 3238 1256 positum
3261 1202 3359 1248 pro
3385 1188 3497 1249 vati,

1920 1280 2117 1345 utique,
2172 1290 2330 1331 certe.
2370 1279 2447 1332 Illi
2482 1291 2659 1332 autem
2703 1282 2792 1344 qui
2828 1279 3042 1344 jurnssc
3080 1279 3226 1331 illum
3257 1293 3351 1345 per
3384 1279 3497 1331 luet:

1920 1374 2081 1423 verba
2116 1373 2486 1431 crediderant.
2527 1372 2593 1424 νά
2623 1388 2717 1437 pro
2748 1374 2810 1439 νή
2841 1373 3093 1425 videntur
3130 1372 3493 1434 intellexisse;

1919 1462 1983 1529 νὴ
2012 1461 2183 1525 enim,
2218 1468 2271 1512 ut
2302 1472 2490 1514 nolunt
2519 1472 2621 1522 est,
2644 1462 2827 1529 lingua
2859 1461 3024 1514 veteri
3057 1459 3244 1513 Graeca
3273 1460 3327 1525 ju
3342 1460 3497 1512 randi

1922 1553 2240 1605 adverbium
2270 1564 2375 1605 est.
2408 1552 2596 1605 Possm
2624 1554 2786 1604 etiam
2831 1552 3000 1604 videri
3032 1552 3256 1603 Cosmas
3290 1550 3343 1603 in
3395 1549 3498 1601 ali-

1918 1657 2024 1711 qua
2058 1658 2125 1695 ex
2157 1642 2400 1696 recitatis
2434 1640 2703 1699 formulis.
2738 1652 2864 1707 puta
2905 1641 3017 1705 illa,
3044 1641 3111 1692 νᾶ
3147 1638 3405 1692 ἀποθάνω
3440 1639 3483 1691 ι’-

1922 1734 2205 1805 μετανοίᾳ,
2236 1735 2481 1802 posuisse
2508 1734 2573 1787 νά
2597 1749 2693 1801 pro
2727 1733 2865 1793 ιτοε.
2908 1733 3133 1785 utinam.

1988 1827 2131 1890 Νέα,
2168 1842 2223 1896 p.
2262 1826 2384 1881 “5.
2409 1825 2736 1893 Suspicabar
2764 1824 2850 1877 hic
2874 1826 3004 1877 νέαν
3028 1823 3155 1883 dici.
3185 1830 3243 1875 ut
3272 1821 3494 1883 assolet,

1923 1936 2018 1989 per
2064 1918 2468 2000 coittpeitiliuiti,
2502 1916 2881 1971 subiutellecta
2946 1916 3325 1984 νοοοιπύὶην.
3389 1914 3497 1967 Sed

1923 2012 2210 2074 deterruit,
2245 2012 2385 2079 quod
2415 2009 2612 2064 Petrus
2640 2008 2861 2074 Gillius,
2896 2009 2985 2063 ubi
3038 2007 3191 2062 urbis
3222 2007 3497 2062 Constan-

1923 2102 2221 2170 tinopoleos
2259 2110 2444 2167 portas
2489 2111 2797 2162 enumerat,
2842 2100 2880 2155 ι.
2916 2115 2954 2160 t,
2996 2114 3048 2153 c.
3082 2098 3175 2163 20,
3228 2112 3504 2166 nusquam

1919 2200 2166 2253 meminit
2196 2198 2358 2252 ullius
2386 2207 2555 2268 portae
2584 2213 2704 2265 quae
2734 2198 2851 2262 νέα,
2881 2213 3012 2252 nera
3050 2197 3340 2253 diceretur.
3388 2196 3494 2249 Po-

1920 2293 2017 2345 tuit
2056 2300 2111 2346 et
2143 2290 2474 2359 subintelligi
2522 2290 2667 2345 aliud
2699 2292 3099 2345 substantivum
3140 2290 3489 2347 femininum

1919 2395 2044 2453 puta
2082 2385 2215 2453 μονή
2250 2393 2341 2435 aut
2373 2383 2569 2452 ἀγορά.
2610 2383 2990 2437 monasterium
3015 2382 3101 2437 vel
3135 2381 3312 2452 forum
3348 2398 3367 2434 :
3396 2396 3417 2433 s
3477 2386 3487 2433 l

1917 2495 2040 2531 cum
2078 2479 2246 2546 μονήν
2280 2486 2371 2529 aut
2411 2477 2620 2545 ἀγορὰν
2663 2476 2793 2530 νέαν
2839 2477 3127 2529 vocitatam
3172 2474 3410 2529 Constaz.
3472 2498 3479 2507 ι

1918 2573 2095 2642 nopoli
2129 2572 2291 2625 fuisse
2325 2572 2450 2624 alibi
2481 2587 2586 2625 non
2617 2571 2857 2637 legerim,
2890 2571 3135 2624 divinare
3166 2584 3272 2623 non
3302 2584 3464 2622 ausus

1917 2664 1969 2717 in
2004 2665 2454 2731 interpretatione
2500 2679 2693 2717 nomen
2724 2664 2896 2732 ipsum
2929 2662 3099 2728 Νέαν,
3142 2661 3309 2717 Neam
3341 2660 3487 2715 velut

1918 2756 2019 2810 loci
2064 2757 2173 2809 noti
2214 2755 2487 2823 proprium
2539 2754 2762 2817 retinui,
2799 2755 2972 2809 donec
3017 2753 3164 2808 aliud
3215 2755 3361 2822 quod
3406 2768 3494 2809 se~

1914 2862 2111 2916 querer
2157 2848 2360 2898 cet-tius
2394 2856 2728 2899 occurreret.
3339 2879 3342 2883 η

1988 2940 2072 3013 [Ρ.
2111 2939 2493 3013 4991Ξενών,
2542 2956 2594 3008 p.
2636 2940 2762 2994 285.
2815 2940 3077 2994 Videntur
3125 2940 3211 2994 hic
3260 2939 3483 3004 ξενῶνος

1916 3032 2120 3101 συνήθη
2158 3034 2467 3101 νομίσματα
2508 3033 2613 3086 dici
2651 3033 3006 3100 eleetttosynze
3040 3034 3106 3085 ab
3156 3032 3487 3102 imperatore

1913 3129 2127 3193 suggeri
2180 3127 2501 3194 patriarchae
2552 3127 2742 3187 solitae,
2804 3137 2862 3179 ιιι
2906 3142 3000 3179 eas
3050 3126 3378 3193 impenderet
3428 3126 3479 3177 in

222 3235 273 3273 ρ.
310 3221 364 3281 5,
400 3220 612 3283 docent,
641 3229 854 3272 mortuo
882 3220 1201 3273 Tamerlauc
1224 3218 1387 3287 (quod
1417 3216 1639 3283 contigit
1663 3230 1804 3268 anno
1834 3228 1880 3291 ο
1910 3219 2261 3287 excipiendos
2325 3218 2559 3287 hospitio
2613 3217 2927 3286 peregrinos
2968 3226 3022 3270 et
3066 3218 3118 3270 in
3174 3218 3277 3271 alia
3328 3232 3469 3285 egeo

219 3313 357 3365 Chr.
403 3311 559 3379 “02)
582 3312 943 3365 vastissimum
975 3311 1093 3379 ejus
1117 3311 1401 3377 imperium
1437 3310 1585 3363 brevi
1606 3309 1800 3360 discer-

224 3415 381 3471 ptum
413 3414 496 3455 est
545 3403 864 3457 infelicitate
897 3414 983 3455 an°
1023 3403 1384 3470 imprudentia
1424 3414 1803 3455 successerunt

221 3495 365 3562 «ius.
406 3494 484 3547 Ex
512 3494 670 3560 huius
706 3504 885 3547 tamen
922 3495 1091 3561 stiipe
1128 3504 1457 3547 memoratus
1489 3493 1648 3561 paulo
1680 3502 1806 3544 ante

221 3586 504 3649 lialiurxa,
535 3586 799 3638 Sadruelii
832 3595 924 3638 aut
955 3585 1299 3655 Paianguris,
1324 3586 1557 3637 ﬁliorum
1583 3583 1805 3636 Tamer—

217 3678 390 3741 lanis,
449 3690 634 3741 nepos,
692 3676 994 3747 dynastiam
1039 3676 1344 3731 obtinuisse
1406 3674 1803 3729 haereditariant

217 3773 367 3825 inter
426 3768 659 3837 Mogoles
711 3777 923 3837 gentem
981 3768 1289 3839 Scythicam
1364 3783 1392 3821 a
1459 3764 1804 3833 ehronologis

218 3862 618 3916 recentioribus
700 3863 964 3925 traditur;
1028 3862 1260 3931 indeque
1327 3859 1621 3913 contractis
1714 3872 1806 3911 co-

218 3955 325 4022 piis
378 3954 577 4008 vicinis
619 3954 853 4021 primum
900 3951 1131 4007 Parthos
1184 3953 1300 4005 sive
1340 3949 1577 4003 Patanas
1622 3947 1805 4001 debel-

218 4049 389 4108 lasse,
425 4044 781 4112 felicibusque
814 4044 939 4099 inde
970 4044 1346 4111 progressibus
1378 4057 1546 4108 usque
1577 4040 1640 4091 ad
1674 4055 1799 4091 cott-

217 4139 557 4192 stitumiiuzn
618 4136 1200 4201 tt'ausmittentluiuque
1464 4133 1647 4198 stirpis
1693 4145 1802 4182 sua!

219 4230 462 4299 posteris
505 4229 824 4295 Mogolicum
860 4229 1021 4281 hodie
1061 4225 1261 4279 florens
1297 4224 1584 4291 imperium
1618 4221 1799 4291 profe-

217 4322 392 4381 cisse,
420 4321 696 4381 adatnato,
744 4327 904 4386 prout
942 4318 1215 4384 suspicatu
1248 4331 1475 4383 pronum
1502 4324 1607 4377 est,
1637 4314 1803 4381 potis-

219 4415 423 4467 simum
452 4412 558 4464 isto
588 4411 822 4470 nomine,
852 4411 993 4478 quod
1025 4410 1073 4461 id
1097 4406 1580 4471 Giugizcbanidum
1614 4421 1797 4471 regunt

222 4506 493 4571 majorum
522 4517 740 4555 suorum
774 4502 903 4554 olim
934 4501 1189 4572 inclytam
1223 4499 1482 4553 vocabulo
1521 4498 1799 4563 Mogulen-

1912 3312 2043 3362 tium
2075 3310 2301 3373 solatia;
2336 3326 2493 3377 quam
2531 3310 2582 3361 iu
2633 3325 2743 3362 rein
2792 3320 3063 3375 sumptum
3108 3306 3219 3362 fere
3249 3324 3485 3361 annuum

1913 3402 2056 3455 mille
2105 3416 2393 3454 aureorum
2463 3401 2717 3468 imputari
2764 3402 3119 3455 consuevisse
3179 3400 3486 3453 rationibus

1910 3494 2234 3563 patriarcha:
2284 3508 2347 3546 es
2407 3495 2695 3547 occasione
2750 3494 2909 3564 docet
2961 3493 3045 3545 hic
3104 3503 3303 3545 noster.
3364 3490 3480 3544 Non

1908 3587 2155 3639 omittam
2211 3587 2503 3639 admonere
2564 3586 2704 3639 haud
2758 3596 2902 3640 recte
2960 3586 3291 3639 intellectum
3340 3587 3482 3638 hunc

1910 3679 2085 3731 locum
2121 3678 2288 3731 videri
2317 3694 2345 3731 a
2370 3678 2723 3746 paraphraste
2758 3678 3039 3735 Vaticano.
3081 3678 3208 3730 dum
3242 3693 3365 3728 eum
3405 3676 3482 3729 sic

1909 3772 2167 3839 exprimit
2199 3789 2212 3823 :
2251 3772 2357 3823 Kal
2396 3773 2464 3823 τὰ
2509 3771 2713 3841 συνήθη
2747 3771 2840 3823 τοῦ
2892 3769 3121 3834 ξενῶνος
3171 3772 3484 3839 νομίσματα

1910 3865 2181 3930 πέμπων·
2236 3862 2411 3915 ἐποίει
2461 3862 2570 3929 γὰρ
2624 3862 2745 3915 κατ’
2786 3862 2904 3924 ἔτος
2953 3862 3210 3931 βασιλεὺς
3250 3864 3473 3931 ἐλεημο-

1910 3952 2076 4019 σύνην
2111 3954 2379 4022 κρυφίως,
2415 3954 2617 4014 εἰδότος
2646 3952 2741 4004 τοῦ
2776 3954 3145 4023 πατριάρχου.
3388 3956 3481 4023 κείς

1909 4044 2153 4113 χιλιάδας
2210 4044 2407 4105 πολλὰς
2461 4044 2827 4110 ποτωμένην.
2870 4046 2994 4096 Ηειτο
3044 4044 3136 4110 qui
3190 4045 3482 4099 Conlulerit

1906 4149 2029 4187 cum
2090 4144 2342 4187 contextu
2402 4136 2668 4196 auctoris,
2736 4134 2893 4187 lncile
2936 4116 3471 4203 discrepantias‘tm-

1908 4225 2075 4278 tabit.

1979 4317 2345 4383 Οὶκονομίαι.
2376 4331 2427 4383 p.
2464 4316 2561 4368 163
2625 4300 2741 4385 sign
2772 4326 2837 4369 de
2858 4319 3241 4373 ecclesiasticis
3273 4337 3301 4372 a
3336 4320 3476 4387 Saba.

1908 4412 2171 4463 Inmiacho
2219 4408 2447 4468 veitatis,
2500 4409 2551 4458 in
2600 4424 2828 4475 quorum
2873 4424 2995 4461 euut
3043 4412 3358 4481 οἰκονομίας
3412 4398 3484 4465 εἱ-

1907 4502 2078 4554 ruisse
2112 4500 2399 4553 detinendo
2434 4509 2487 4551 et
2522 4502 2811 4566 repetendo
2847 4497 3166 4565 proventus,
3224 4515 3477 4571 tauquam

217 4599 363 4651 sium
403 4594 707 4665 principum
752 4593 1077 4661 polenliam.
1126 4607 1155 4645 ε
1195 4592 1363 4644 Veleri
1392 4590 1797 4657 ι’θβειίιιηηιῐὶε·
1835 4571 1878 4626 θ
1911 4596 1984 4649 illi
2010 4598 2132 4663 jure
2179 4595 2295 4649 illos
2343 4595 2672 4661 percipiendi
2713 4596 3042 4647 excidi~scnt
3088 4597 3317 4650 crimine
3362 4614 3482 4665 per.

219 4688 417 4747 moria,
456 4686 810 4756 pra-sentibus
849 4684 1127 4753 objiceret.
1191 4682 1316 4737 llaec
1349 4683 1415 4734 de
1447 4681 1800 4748 Mugulioruni

217 4781 488 4836 vocabulo
533 4777 800 4831 Toiharis
839 4794 867 4830 a
909 4778 1238 4846 I’acliymere
1291 4776 1492 4829 tributo
1545 4775 1630 4826 hic
1676 4774 1802 4825 duxi

216 4871 567 4924 memoranda
591 4885 603 4932 ;
641 4883 759 4937 qua!
781 4868 846 4921 ad
871 4868 1248 4921 illustrandum
1272 4868 1411 4920 hunc
1442 4865 1607 4916 nostri
1634 4862 1803 4916 histo-

217 4964 313 5017 rici
336 4963 517 5015 locum
554 4976 655 5015 tt0u
683 4976 872 5029 parum
906 4974 1027 5013 esse
1059 4960 1206 5012 utilia
1233 4973 1422 5028 aequus
1448 4957 1607 5029 credo
1635 4956 1806 5007 lector

209 5053 507 5123 judicbit.
684 5026 696 5029 ’
1298 5026 1311 5028 ⁷
1466 5026 1558 5053 “

282 5144 415 5207 Na',
442 5158 497 5213 p.
521 5143 647 5198 5“.
683 5144 741 5196 Ὀ
767 5143 812 5196 δ’
841 5142 1001 5212 ὅρκος
1026 5142 1311 5205 ἰδιωτικῶς
1336 5160 1452 5203 πως
1484 5144 1657 5209 οὕτως
1688 5147 1799 5211 ἑξε.

213 5236 453 5306 νεχϐεὶς,
496 5253 516 5287 ι
570 5235 657 5287 Na
699 5232 842 5306 ἧμαι
892 5234 1080 5297 δοῦλος
1119 5235 1213 5286 τοῦ
1266 5234 1528 5305 Χριστοῦ,
1584 5238 1645 5289 οὐ
1695 5239 1803 5310 μὴν

214 5330 330 5398 εἰμὶ
375 5327 500 5398 μεθ’
536 5328 712 5397 ὑμῶν,
763 5330 812 5380 si
861 5328 935 5398 μὴ
988 5327 1057 5380 τὰ
1097 5329 1325 5395 γένοιτο.
1371 5346 1388 5379 ι
1433 5328 1565 5381 Cum
1617 5341 1801 5383 autem

212 5423 560 5475 dubitaretur
602 5436 669 5473 an
710 5421 811 5473 hoc
861 5429 1006 5474 esset
1065 5435 1193 5472 vere
1231 5420 1627 5486 juramentuni,
1667 5437 1799 5474 con-

210 5512 397 5564 sultus
438 5511 553 5577 ipse
593 5510 831 5565 Joannes
879 5505 1114 5565 Cosmus
1155 5512 1491 5579 patriarcha,
1532 5514 1622 5581 qui
1684 5514 1798 5569 lure

210 5599 447 5659 dixerat,
485 5599 613 5665 quid
663 5586 931 5664 censeret,
967 5601 1246 5666 respondit
1281 5601 1336 5653 in
1374 5603 1514 5655 hunc
1552 5607 1792 5668 modum,

209 5704 262 5757 β.
301 5690 447 5745 550:
483 5691 661 5759 ὀπερ
692 5688 1043 5760 ἐφθεγξάμην
1074 5692 1179 5743 ἀπὸ
1214 5693 1655 5761 παραλυπήοεως
1686 5678 1794 5748 ’ἐῶν

208 5781 455 5851 ἁῦιὶφῶν
503 5802 628 5853 μου,
682 5786 780 5854 οὐχ
843 5786 919 5846 ὡς
970 5787 1133 5854 ὅρκον
1201 5786 1549 5849 λογιζόμενος
1599 5784 1772 5849 εἷπον,

206 5874 318 5927 ἀλλ’
376 5876 567 5941 ἁπλῶς
608 5879 671 5930 ὲκ
722 5877 1007 5945 συνηθείας
1052 5876 1205 5929 τοῦτο
1260 5878 1457 5943 λέγειν,
1521 5880 1586 5931 vi
1637 5876 1775 5949 ἧμειι

1910 4686 2219 4749 duellionis,
2249 4686 2300 4737 in
2355 4686 2498 4753 quod
2540 4684 2659 4737 illos
2708 4686 3008 4745 incurrisse
3038 4687 3241 4747 aiebat,
3275 4687 3480 4741 habens

1903 4780 2012 4846 jam
2059 4788 2166 4831 tum
2207 4779 2351 4845 ipsos
2410 4793 2503 4843 pro
2545 4779 2807 4830 couivictis
2857 4787 2912 4830 et
2958 4780 3248 4834 damnatis.
3283 4780 3359 4853 Ex
3396 4781 3480 4853 his

1912 4872 2125 4923 videtur
2174 4870 2348 4938 colligi
2401 4869 2715 4935 οἰκονομίας
2767 4870 2853 4923 hic
2906 4872 3084 4922 vocari
3135 4845 3484 4940 quas‘vulgo

1909 4960 2214 5028 prabendas
2275 4972 2365 5011 aut
2404 4960 2657 5026 beneﬁcia
2717 4960 2970 5019 dicimus,
3017 4960 3139 5027 jura
3179 4962 3325 5013 varia
3357 4977 3481 5029 per-

1910 5056 2277 5123 t'ipiettil:trtt_tti
2310 5052 2618 5125 portionuut
2654 5067 2716 5103 ex
2771 5050 3034 5103 reditibus
3069 5052 3323 5125 Ecclesia:
3359 5068 3478 5107 cer-

1909 5152 1975 5198 tis
2002 5144 2215 5196 clericis
2237 5154 2327 5195 aut
2356 5144 2728 5196 sacerdotibus
2763 5143 2973 5205 ratione
3005 5124 3343 5196 functionuui
3388 5155 3483 5201 aut

1908 5237 2333 5289 ministeriorum
2389 5235 2518 5303 ipsis
2582 5235 3026 5290 deinandatorum
3090 5238 3476 5304 competentia.

1904 5328 1993 5380 Sic
2042 5327 2325 5394 opinabar.
2356 5325 2559 5379 Tamen
2592 5341 2656 5378 ne
2687 5326 2814 5393 quid
2848 5326 3281 5407 praeiudicat-em,
3308 5329 3475 5405 ipsam

1903 5420 2348 5473 diconomiarum
2385 5432 2571 5470 vocem
2605 5420 3011 5486 interpretando
3036 5421 3257 5473 retinui.

1985 5512 2237 5580 Ὀδηγοί.
2270 5527 2319 5577 p.
2352 5510 2439 5563 85.
2498 5511 2620 5577 Agit
2670 5514 2734 5561 de
2794 5524 2919 5562 arca
2979 5511 3115 5563 intra
3146 5526 3307 5579 quam
3361 5522 3481 5567 erat

1903 5606 2180 5659 conditum
2218 5602 2431 5654 Arsenii
2469 5617 2703 5667 corpus;
2740 5616 2901 5668 quam
2938 5602 3097 5667 paulo
3142 5613 3267 5655 ante
3303 5602 3468 5655 κιϐώ-

1899 5714 2013 5749 τιον
2038 5697 2268 5755 Vucavit,
2294 5705 2342 5745 et
2378 5694 2543 5744 litasse
2589 5692 2879 5756 repositam
2906 5693 3041 5744 dixit
3077 5695 3204 5759 περὶ
3227 5695 3292 5745 τὰ
3321 5694 3470 5759 δεξ.ὰ

1901 5790 1993 5841 τοῦ
2016 5792 2279 5858 βήματος,
2304 5804 2333 5837 a
2352 5786 2550 5838 dextris
2569 5784 2775 5840 altaris.
2801 5785 2887 5836 hic
2903 5794 3080 5837 autem
3102 5786 3195 5848 ait,
3216 5786 3346 5839 feria
3367 5798 3433 5837 tm

1890 5884 1957 5935 tia
1992 5878 3063 5951 cujusvisltedetuaulis,concurretttide
3089 5894 3234 5933 more
3271 5894 3407 5950 p0p~
