4194 6444
198 413 311 477 72:9

1574 419 1620 479 G
1635 419 2095 485 LOSSARIUM.
3360 444 3424 504 77

193 531 691 585 ansthematismos
720 530 771 584 in
805 531 1038 587 haereses
1061 544 1088 583 a
1112 531 1333 601 synodis
1354 532 1618 588 decretos.
1647 535 1774 600 Qm-
1815 540 1859 596 Α
1957 538 2259 606 Πάροικοι,
2308 555 2358 607 p.
2414 539 2540 597 209.
2595 542 2740 609 Quos
2786 544 2873 601 hic
2912 558 3069 603 vorat
3099 549 3460 622 Pacbymeies

193 625 305 679 bus
345 635 715 679 consentanee
744 626 931 680 scribit
973 625 1355 697 Paeliymeres,
1398 644 1447 694 p.
1483 629 1572 691 32,
1612 629 1781 683 Joan-

196 732 325 769 nem
363 715 599 771 Veceum
632 719 993 785 patriarcham
1013 719 1286 774 addidisse
1319 721 1523 790 aliquot
1554 724 1767 775 anathe-

195 811 489 863 tnatismos
530 811 595 864 iis
625 811 713 873 qui
748 810 993 865 solebant
1028 812 1243 865 recitari
1287 814 1374 866 die
1418 815 1775 869 orthodoiiie.

190 898 273 954 ΕΑ
334 916 446 967 quo
501 903 852 969 intelligimus
906 919 1011 957 non
1068 902 1234 958 fuisse
1286 908 1593 960 necessario
1650 908 1776 961 illud

187 995 521 1061 synodicum
566 995 843 1048 decretum
875 1006 968 1049 aut
996 1012 1260 1051 canonetn
1299 1000 1491 1068 synodi
1537 1014 1771 1055 (crume-

184 1084 351 1145 nicm,
388 1086 481 1137 sed
518 1095 757 1151 potu‘sse
784 1088 884 1139 sub
917 1087 966 1139 id
1007 1101 1202 1140 nomen
1239 1089 1427 1140 venire
1460 1090 1776 1142 sanctiones

183 1184 430 1230 statutas
478 1178 531 1229 itt
563 1178 859 1232 ordinariis
890 1178 1109 1247 synodis
1137 1179 1458 1245 patriarcha:
1483 1182 1772 1247 cujusque.

264 1269 807 1336 Παραθεοψεῖσθαι,
847 1286 897 1337 p.
928 1269 1053 1325 618.
1086 1272 1204 1339 Agit
1235 1275 1297 1323 de
1338 1271 1419 1323 his
1449 1272 1539 1339 qui
1567 1273 1776 1324 acerbis

184 1358 356 1425 jussis
398 1360 683 1413 Athanasii
737 1363 1057 1428 patriarcha:
1114 1364 1265 1417 inviti
1317 1367 1485 1419 coacti
1527 1366 1777 1433 jejuuat'e

183 1451 331 1499 clam
363 1450 853 1515 comessabantur;
885 1453 1022 1504 unde
1045 1457 1478 1522 consequebatur
1507 1470 1601 1509 eos
1632 1457 1773 1524 quod

183 1552 350 1594 nocte
405 1545 728 1609 intempesta
775 1545 1155 1607 comedissent,
1200 1557 1380 1601 astare
1423 1550 1773 1615 postriilianis

181 1636 487 1687 sacriﬁciis
514 1646 728 1688 saturos
748 1648 799 1689 et
827 1638 1053 1699 crudos;
1080 1640 1129 1690 in
1154 1654 1258 1706 quo
1280 1652 1395 1693 erat
1420 1641 1771 1696 irreverentia

184 1724 499 1789 disciplina:
524 1728 688 1778 veteri
712 1727 987 1780 damnata.
1010 1725 1329 1798 Vocat‘ergo
1357 1736 1538 1784 noster
1563 1731 1648 1784 hic
1671 1750 1774 1784 πα-

182 1814 599 1884 ραθεωρείσθαι
633 1819 901 1885 μυστικὰς
935 1818 1131 1883 θυσίας
1178 1821 1367 1875 violari
1408 1825 1769 1877 reverentiam

184 1911 426 1976 mystico
470 1910 743 1964 Sacriﬁcio
782 1912 1017 1963 debitam
1053 1928 1117 1965 ex
1155 1928 1252 1965 usu
1292 1916 1481 1977 veteri,
1510 1916 1769 1969 assisten-
1803 1891 1843 1945 Β

177 1997 260 2047 tia
292 2012 405 2047 non
437 1997 751 2065 jejunorutn
788 2016 814 2049 a
853 2010 1010 2054 nocte
1039 2003 1233 2056 media.
1268 2004 1509 2072 Θεωρετν
1547 2016 1601 2059 et
1631 2006 1767 2059 θεω-

180 2088 403 2155 ρεῖσθαι
456 2090 683 2144 verbum
734 2102 818 2145 est
867 2093 1039 2145 sacris
1096 2094 1223 2146 olim
1287 2096 1582 2160 addit-tum,
1623 2109 1770 2153 caste

169 2180 366 2233 obitas
406 2184 753 2236 caerimonias
785 2193 840 2236 et
878 2185 1141 2254 religiosis
1176 2199 1537 2255 praeparatum
1569 2190 1769 2246 ritibus

174 2282 548 2339 (‘0I’tSpCClUlll
588 2276 968 2345 mysteriorum
1000 2280 1331 2345 exprimens.
1379 2279 1514 2335 Hinc
1567 2283 1620 2334 in
1651 2283 1765 2349 epi-

176 2364 321 2415 stola
379 2364 624 2419 Platanis
683 2367 732 2417 οἱ
776 2367 1106 2437 θεωροῦντες
1151 2370 1210 2421 ἐν
1254 2372 1476 2438 Δελφοῖς
1534 2373 1765 2427 titinistri

176 2456 336 2522 juxta
374 2458 514 2510 ritus
550 2459 657 2512 illic
693 2474 981 2514 consuetos
1013 2464 1273 2536 Apollinis
1306 2466 1471 2517 cultui
1517 2479 1766 2521 vacantes

177 2562 232 2603 et
262 2552 453 2605 varias
496 2553 800 2606 functiones
836 2553 1111 2621 religionis
1141 2554 1259 2623 ejus
1292 2560 1559 2623 proprias,
1600 2576 1764 2627 opt-ra

178 2645 599 2697 cmisulentibus
624 2650 922 2711 praesertim
953 2648 1231 2700 oraculum
1263 2650 1527 2710 ttavauda,
1560 2650 1764 2704 obeun-

180 2746 287 2789 tes.
355 2732 512 2787 Unde
560 2734 923 2805 Thucydides,
987 2738 1024 2789 Ι.
1088 2753 1138 2799 ν,
1193 2739 1419 2807 θεωρεῖν
1468 2740 1611 2792 κατὰ
1663 2742 1763 2793 πά-

176 2845 339 2898 τρια,
376 2827 484 2881 hoc
540 2836 646 2889 est,
696 2828 909 2896 opinor,
973 2828 1077 2881 ritu
1131 2846 1159 2882 a
1209 2831 1506 2898 majoribus
1565 2834 1764 2888 tradrto

171 2934 342 2973 sacra
382 2917 558 2972 ollicia
593 2919 770 2982 obire,
819 2916 1100 2987 coniungit
1151 2935 1273 2974 cum
1328 2920 1478 2974 θύειν
1527 2933 1578 2975 et
1629 2943 1765 2991 μαν-

180 3010 452 3062 τεύεσθαι
509 3010 819 3063 sacriﬁcare
880 3021 934 3064 et
990 3010 1269 3064 oraculum
1330 3015 1611 3067 consulere
1670 3027 1763 3071 aut

178 3117 470 3169 :scci'pltlttt
519 3104 697 3154 edere.
732 3100 848 3154 Non
891 3104 1032 3155 enim
1064 3106 1262 3155 accedo
1300 3105 1607 3157 sclioliastzu
1640 3124 1760 3159 ver-

174 3194 309 3245 bnttt
373 3194 603 3259 Θεωριίν
668 3207 733 3243 eo
798 3191 913 3244 loco
970 3193 1260 3258 exponenti
1322 3193 1561 3262 Οειυροίις
1616 3196 1758 3262 πέμ.-

176 3301 342 3348 πεινς
374 3288 443 3336 de
475 3299 582 3351 quo
614 3284 858 3350 pluribus
888 3283 1189 3341 disserendi
1232 3300 1333 3337 non
1366 3296 1449 3338 est
1485 3289 1567 3337 hie
1592 3287 1762 3341 locus.

176 3375 356 3427 Porro
388 3375 610 3443 quando
636 3373 703 3426 ab
736 3374 969 3443 indignis
1003 3383 1094 3426 attt
1129 3390 1233 3427 non
1268 3374 1507 3443 legitimo
1540 3376 1766 3432 initiatis

178 3478 452 3537 apparatu
478 3468 704 3535 ὲποψία,
736 3472 1485 3536 conspecmsmysteriorum,
1518 3482 1606 3524 aut
1631 3488 1763 3525 con-

182 3570 260 3612 tia
296 3576 463 3627 quain
511 3559 593 3612 fas
640 3571 721 3612 est
759 3560 1008 3627 neglecto
1049 3569 1250 3613 statuto
1305 3562 1408 3613 ritu
1454 3563 1760 3629 religiosum

180 3654 401 3722 aliquod
437 3653 621 3705 obitur
654 3652 911 3715 oﬂiciutn,
935 3652 1437 3721 παραθεωρεῖσθαε,
1474 3656 1676 3722 despici
1705 3665 1761 3712 et

180 3746 333 3811 (ιιιαεὶ
363 3744 533 3811 pollui
561 3757 717 3796 sacra
752 3742 1027 3797 dicuntur.
1058 3741 1149 3797 Sic
1187 3743 1489 3814 Hesychius
1538 3746 1762 3815 exponit

177 3834 660 3907 παρεθεωροῦντο,
710 3834 1162 3904 κατεφρονοῦντο.
1218 3834 1317 3890 Ubi
1370 3838 1469 3891 etsi
1516 3839 1761 3893 videatur

177 3931 452 3999 respicere
489 3928 665 3981 locum
700 3928 863 3997 710
907 3929 1029 3983 Act.
1087 3931 1281 3998 Apost.
1339 3945 1414 3995 vr,
1464 3932 1515 3994 1,
1578 3942 1756 3988 tamen

177 4021 339 4073 latius
367 4020 475 4072 hoc
501 4019 720 4073 extendi
744 4019 866 4087 jure
890 4029 1106 4088 potest;
1141 4030 1194 4072 et
1220 4024 1285 4073 ad
1322 4022 1754 4089 irreverentiatn,

176 4128 278 4181 qua
308 4112 506 4180 religio
541 4111 790 4171 violatur,
822 4126 929 4164 non
955 4112 1225 4166 immerito
1252 4114 1336 4166 hic
1359 4129 1388 4167 a
1426 4114 1757 4185 l’achymere

176 4204 646 4255 accommodatum
676 4210 777 4254 est.
812 4199 1166 4267 Contemptus
1207 4202 1348 4255 enim
1406 4219 1512 4257 non
1560 4208 1754 4258 dubius

175 4306 256 4348 est
304 4295 508 4347 divina:
556 4293 877 4358 majestatis,
914 4294 1258 4362 praescriptas
1290 4296 1356 4346 ab
1404 4296 1519 4363 ipso
1560 4296 1669 4349 Deo
1700 4298 1752 4350 in

173 4388 288 4455 ejus
343 4385 496 4438 cultu
552 4385 958 4436 observationes
1008 4383 1299 4452 negligere.
1344 4385 1521 4450 Quare
1556 4384 1753 4441 Paulus

172 4476 490 4530 Corinthios
552 4484 807 4542 tanquam
858 4474 948 4527 Dei
998 4473 1292 4528 Ecclesiatn
1343 4484 1749 4543 contemnentes,

174 4567 679 4636 καταφρονοῦντας,
715 4566 957 4633 increpat
1007 4565 1173 4623 ICor.
1208 4582 1285 4629 ιι,
1308 4566 1401 4629 ‘22,
1436 4569 1577 4634 quod
1605 4569 1657 4620 itt
1689 4584 1750 4622 ea

176 4665 321 4715 velut
374 4665 429 4713 in
467 4660 586 4713 loco
623 4659 849 4725 profano
881 4658 1234 4712 comedet'ent
1277 4674 1290 4710 :
1332 4659 1415 4726 Μὴ
1440 4666 1546 4728 γὰρ
1574 4662 1751 4724 οὶκιχς

171 4758 324 4825 ἔχετε
358 4757 443 4817 εἰς
483 4754 546 4805 τὸ
580 4752 782 4804 ἐσθίειν
817 4754 911 4803 καὶ
946 4753 1163 4816 πίνει-ις
1198 4750 1237 4819 ἦ
1278 4752 1377 4820 τῆς
1422 4753 1749 4822 Ἐκλλησίας

170 4850 260 4901 τοῦ
293 4847 435 4901 Θευῦ
481 4847 879 4914 καταφρονεῖτε
902 4844 923 4897 ?
948 4843 1088 4908 Ouid
1125 4854 1307 4898 autem
1342 4845 1387 4897 si
1417 4849 1752 4913 Sospicemur

171 4942 563 5011 l‘aehymerem
613 4947 882 5004 nostrum,
916 4951 1038 4990 cum
1087 4938 1225 5005 apud
1281 4951 1439 4989 suum
1494 4952 1747 5005 magnum

170 5036 475 5102 Apollinem
538 5031 864 5100 llesycltium
917 5031 1157 5098 legisset,
1202 5031 1319 5083 loco
1374 5046 1401 5081 a
1463 5046 1547 5083 tne
1591 5032 1750 5083 modo

166 5128 465 5195 descripto,
519 5125 1002 5193 παραθεωρείσθαι
1055 5132 1110 5176 et
1166 5122 1629 5192 καταφρονεῖσθαι
1692 5132 1749 5175 ut

170 5217 603 5285 ῐτοδυναμοῦντα
629 5218 956 5283 comparari,
985 5217 1253 5284 simulque
1291 5216 1516 5270 haberet
1548 5216 1596 5267 itt
1630 5215 1750 5267 ani-

171 5330 255 5366 mo
306 5318 676 5364 memoratum
732 5308 881 5362 Pauli
925 5309 1099 5361 locum
1145 5307 1440 5370 contemni,
1477 5323 1749 5376 καταφρο-

170 5403 404 5468 νεῖσθαι,
441 5400 526 5473 [Ρ.
552 5400 683 5471 502}
711 5399 1014 5454 Ecclesiatn
1039 5400 1377 5455 comestioue
1405 5416 1747 5470 conqueren-

168 5503 255 5560 iis,
288 5496 647 5550 irreverentia
700 5510 806 5573 qua
852 5506 1181 5563 praasumpto
1228 5508 1388 5549 nocte
1424 5495 1745 5563 intempesta

167 5592 286 5643 etbo
320 5598 453 5641 'non
502 5587 671 5655 jejuni
726 5570 912 5641 c‘ierici
972 5596 1066 5640 aut
1120 5589 1368 5659 monachi
1428 5588 1557 5651 aris,
1619 5588 1745 5639 dunt

168 5684 510 5734 sacriﬁcatur
534 5694 690 5734 mane
713 5689 973 5742 astarenl,
1003 5679 1506 5749 παραθεωρεῑσοαι,
1536 5678 1642 5732 hoc
1663 5688 1747 5732 est

167 5770 657 5841 καταφρονεῖσθαι,
678 5772 900 5841 despici,
920 5774 1199 5827 contemni
1229 5787 1418 5827 sacras
1439 5771 1745 5828 oblationes

167 5882 188 5924 t
202 5870 576 5929 t‘ituinantent,
601 5868 849 5935 posuisse
867 5865 891 5919 τ

1886 630 2203 699 πιροίκους,
2230 633 2454 699 opponit
2482 634 2802 690 habentibus
2831 639 3109 707 προνοίας,
3143 660 3279 711 quas
3304 647 3373 699 ab
3394 664 3459 700 eo

1885 725 2065 774 vocari
2105 725 2395 791 pensiones
2440 726 2597 793 pendi
2633 728 2821 783 solitas
2855 745 2884 783 e
2914 734 3126 800 pullico
3175 738 3460 791 militanti-

1884 812 1986 867 bus
2040 824 2132 867 ant
2190 815 2425 882 aliquant
2480 820 2790 887 reipublicae
2840 825 3163 880 navantibus
3212 844 3459 897 operam,

1883 906 2137 956 docemus
2162 908 2226 958 ad
2251 909 2300 960 id
2337 909 2557 961 verbum
2590 912 2689 964 hoc
2722 913 2839 980 ipso
2869 913 3166 971 Glossario.
3193 918 3280 972 Ait
3313 923 3458 975 enim

1885 993 1970 1045 hic
2006 996 2335 1063 (quanquam
2371 999 2660 1054 intriuc.te
2695 1022 2756 1055 at:
2795 1005 3123 1073 perohseure
3162 1027 3174 1059 :
3217 1028 3338 1065 nam
3377 1023 3458 1065 ιυ-

1885 1088 2113 1140 tumhoc
2135 1106 2240 1157 pne
2265 1093 2470 1144 ca-Icris
2492 1104 2647 1161 caput
2669 1097 2908 1161 confuse,
2934 1100 3192 1167 ellipticc,
3220 1107 3424 1158 tenebri
3444 1138 3457 1147 -

1879 1181 2162 1233 eosissitne
2209 1196 2533 1250 conceptum
2567 1186 2695 1255 est),
2745 1190 2835 1248 ait,
2870 1191 3110 1258 inquam,
3167 1196 3246 1247 vel
3284 1199 3459 1263 potius

1882 1284 2154 1338 utcunque
2185 1276 2469 1341 signiﬁcat,
2509 1276 2902 1343 Andronicum,
2944 1285 3029 1336 cui
3085 1301 3273 1353 magna
3322 1304 3457 1358 opus

1878 1374 1995 1415 erat
2038 1381 2263 1431 pecunia
2301 1368 2438 1418 unde
2468 1370 2733 1435 stipendia
2776 1370 3126 1428 Cretensibus
3157 1380 3223 1429 ah
3258 1381 3372 1447 ipso
3405 1383 3454 1433 in

1879 1452 2155 1506 Orientem
2183 1458 2423 1509 evocatis
2445 1469 2497 1509 et
2528 1460 2635 1511 illic
2661 1462 2819 1514 ﬁdam
2850 1465 2947 1532 ipsi
2978 1470 3299 1523 navantibus
3326 1488 3451 1538 ope-

1880 1562 1991 1599 ram
2024 1564 2145 1599 cum
2187 1548 2288 1601 ﬁde
2331 1563 2771 1617 reprtesuttaret,
2805 1570 2921 1608 eam
2965 1557 3164 1612 indicta
3206 1563 3454 1615 subdito-

1881 1652 1997 1690 rum
2038 1640 2323 1693 collatione
2364 1642 2682 1696 conferi>se.
2724 1645 2858 1709 Quia
2897 1663 3023 1703 vero
3057 1651 3323 1717 ejusmodi
3360 1672 3457 1707 cs-

1879 1731 2254 1783 traordinariis
2318 1734 2623 1800 Sntnptibns
2680 1739 2954 1805 assignate
3016 1742 3213 1792 dudum
3279 1743 3455 1796 fuerat

1877 1820 2086 1872 exactio
2113 1819 2340 1875 decima:
2384 1828 2705 1888 pensiuuutn
2763 1842 3068 1881 annuaruin
3121 1847 3149 1882 a
3186 1833 3449 1901 stipendia

1873 1924 2196 1979 quocunque
2243 1915 2458 1966 nomine
2511 1918 2867 1982 merentibus,
2904 1935 3024 1973 cum
3068 1924 3176 1982 jam
3218 1925 3250 1975 ii
3280 1927 3448 1977 conli-

1871 2012 2036 2055 nuata
2062 2002 2151 2055 diu
2178 2020 2239 2057 ea
2265 2006 2623 2061 diminutione
2654 2011 2921 2063 mercedis
2947 2015 3195 2066 exhausti
3223 2031 3451 2067 enerva-

1871 2094 2020 2162 tique
2044 2095 2307 2149 solvendo
2340 2113 2447 2151 non
2478 2109 2680 2161 essent,
2710 2116 2846 2153 onus
2883 2103 2932 2155 id
2967 2104 3353 2159 dmolvebatur
3383 2109 3447 2159 ad

1870 2185 2190 2253 παροίκους.
2230 2187 2329 2239 hoc
2360 2201 2464 2253 est,
2502 2202 2560 2241 ut
2590 2206 2677 2245 res
2708 2191 2821 2254 ipsa
2865 2205 3066 2257 monet,
3097 2196 3161 2250 ad
3210 2200 3449 2267 ιπίνςιιοει

1869 2276 2198 2343 patrimonio
2224 2277 2466 2332 viventes
2486 2288 2577 2332 aut
2604 2283 2814 2349 peculio
2837 2283 3161 2347 domestico,
3189 2290 3304 2341 sine
3324 2291 3393 2339 ull
3422 2307 3447 2341 s

1870 2381 1898 2419 a
1942 2368 2073 2419 lisco
2102 2369 2377 2425 subsidiis.
2416 2370 2489 2423 En
2532 2373 2624 2437 qui
2658 2374 2907 2427 dicantur
2940 2378 3038 2429 hoc
3084 2379 3199 2430 loco
3253 2382 3448 2449 πάροι-

1870 2474 1973 2509 κοι.
2007 2458 2120 2526 Ego
2148 2459 2371 2526 privatae
2408 2460 2485 2514 rei
2516 2462 2762 2515 dominos
2804 2474 2857 2517 et
2895 2467 3319 2533 patrcsfamilias
3364 2474 3445 2523 i:;-

1870 2555 2162 2616 terpreter.

1936 2682 2457 2748 Παρυποστάσεις,
2492 2698 2545 2751 ρ.
2574 2685 2695 2739 141.
2734 2685 2820 2749 Ὦς
2858 2688 3018 2758 εἴπερ
3064 2690 3338 2760 ebpsﬁzw:
3376 2722 3447 2734 .—

1864 2774 1974 2826 τῶν
2008 2774 2235 2842 ἀγαθῶν
2291 2777 2584 2838 ἀπουσίας.
2644 2779 2766 2833 Haec
2809 2783 3054 2836 scribens
3091 2798 3280 2836 auctor
3330 2789 3444 2836 Sili».

1864 2866 2028 2919 dubio
2054 2869 2323 2936 eogitapat
2349 2869 2476 2921 illttd
2503 2870 2561 2922 S.
2595 2871 2831 2941 Dionysii
2855 2876 3193 2946 AreOpagitze
3214 2877 3399 2929 dictun
3429 2917 3443 2942 ,

1867 2959 1903 3014 Ι.
1956 2960 2029 3015 De
2067 2963 2259 3017 divinis
2312 2966 2627 3030 nominibus,
2661 2984 2710 3019 c.
2745 2967 2801 3034 4,
2833 2984 2885 3038 p.
2926 2970 3053 3034 217,
3094 2974 3180 3026 ed.
3210 2972 3445 3026 Lanseli

1864 3050 2211 3120 Parisieusis,
2259 3072 2349 3111 an.
2396 3058 2576 3113 16l5:
2607 3059 2699 3111 Διὸ
2732 3058 2856 3112 οὔτε
2899 3061 3201 3117 ὑπόστασιν
3244 3065 3359 3132 εχει
3383 3065 3445 3116 τὸ

1865 3148 2055 3205 κακὸν.
2090 3147 2224 3199 ἀλλὰ
2259 3149 2699 3216 παρυπόστασιν.
2735 3149 3038 3221 Signiﬁcat,
3075 3169 3194 3207 cum
3243 3158 3443 3209 malum

1790 3230 1835 3289 α
1871 3241 2003 3292 nihil
2050 3242 2118 3293 sit
2170 3241 2316 3295 aliud
2367 3256 2528 3309 quam
2566 3244 2689 3297 boni
2742 3245 2995 3313 privatio,
3042 3246 3142 3302 hoc
3180 3248 3445 3302 vocabulo

1868 3336 2064 3385 malum
2118 3348 2219 3386 non
2256 3334 2549 3403 signiﬁcari
2589 3351 2770 3389 veram
2804 3340 3131 3391 exstantiam
3184 3348 3276 3392 aut
3309 3342 3443 3392 sub-

1867 3426 2166 3479 SISletIiia'tt
2200 3429 2274 3480 rei
2311 3428 2639 3497 cojuspiam,
2674 3428 2767 3482 sed
2797 3430 2955 3498 Quasi
2984 3432 3315 3484 exstantium
3348 3442 3443 3487 aut

1866 3522 2021 3589 quasi
2054 3518 2491 3585 subsistentiam,
2508 3521 2623 3575 solo
2643 3523 2799 3577 modo
2830 3522 3083 3592 loquendi
3103 3526 3442 3592 exprimente

1866 3613 2092 3680 po~itiva
2122 3611 2292 3665 forma
2327 3628 2437 3667 rem
2467 3629 2613 3667 mere
2636 3613 2976 3680 privativam.
3010 3614 3164 3670 Umle
3182 3616 3322 3669 idem
3349 3634 3443 3670 no-

1865 3712 1979 3756 ster
2016 3702 2467 3773 Paehytneresjn
2484 3705 2801 3771 paraphrasi
2832 3705 2898 3757 ad
2940 3720 3062 3758 cum
3102 3704 3339 3776 Dienysti
3367 3707 3443 3758 lo—

1863 3812 2011 3858 cum,
2045 3794 2241 3863 p.124,
2266 3795 2503 3863 ejusdem
2539 3796 2814 3857 editionis,
2837 3797 3100 3849 rationem
3130 3811 3297 3864 quare
3320 3797 3441 3849 Dio-

1865 3887 2049 3954 nysius
2082 3900 2238 3954 neget
2282 3887 2583 3938 ὑπόστασιν
2644 3887 3048 3951 subsistentiatn
3097 3889 3259 3952 malo,
3298 3890 3438 3940 hanc

1864 3978 2019 4045 711
2058 3977 2263 4033 afl'et't:
2311 3979 2374 4029 'H
2410 3985 2667 4047 στέρησις
2692 3982 2797 4047 γὰρ
2817 3980 2918 4030 οὐκ
2943 3979 3091 4030 ἐστιν
3114 3978 3435 4039 ὖὴόστασις.

1866 4066 2016 4120 Unde
2038 4070 2199 4120 inl'ett
2225 4085 2329 4121 non
2355 4084 2512 4137 posse
2535 4070 2735 4121 habere
2756 4070 3010 4121 virtutem
3047 4070 3205 4119 ullam
3238 4085 3251 4119 :
3279 4068 3351 4118 Τὸ
3382 4069 3437 4119 δὲ

1862 4167 1935 4235 μὴ
1952 4164 2321 4232 ὑφιστάμενον
2339 4162 2618 4221 ποίανέξει
2636 4161 2733 4229 τὴν
2749 4160 3261 4228 δύναμινλῖΕιιισνΓει
3276 4162 3439 4227 igitur

1858 4259 2219 4327 Pachymeres
2256 4271 2312 4307 Se
2347 4257 2556 4320 ipsum;
2580 4264 2633 4305 et
2661 4269 2758 4305 cur
2782 4252 3250 4321 παρυποστάςεις,
3289 4252 3437 4305 vice-

1857 4352 2266 4409 subsistentias,
2298 4356 2353 4400 ttt
2393 4350 2471 4400 sic
2522 4349 2778 4407 dixerim,
2820 4348 2884 4398 ἐκ
2932 4346 3029 4411 τῆς
3071 4345 3180 4395 τῶν
3214 4344 3437 4411 ἀγαθῶν

1856 4444 2149 4505 ἀπουσίας,
2178 4452 2333 4493 vocet
2370 4439 2537 4501 κακά,
2573 4438 2811 4491 declaret
2844 4438 2907 4489 iis
2939 4438 3070 4504 ipsis
3104 4434 3283 4489 verbis
3313 4454 3434 4504 qua:

1789 4562 1829 4615 ι)
1860 4540 1965 4589 non
1994 4536 2157 4601 longo
2193 4533 2481 4587 intervallo
2529 4544 2647 4599 post
2699 4534 2856 4585 modo
2895 4532 3164 4599 descripta
3221 4532 3272 4583 in
3313 4532 3433 4598 ejus

1860 4628 2176 4697 paraphrasi
2218 4627 2507 4694 leguntur:
2543 4625 2665 4675 Ὅτι
2690 4624 2809 4675 τότε
2854 4625 2885 4693 ἡ
2930 4625 3187 4693 στέρησις
3217 4640 3435 4691 παρυφ-

1860 4721 2091 4780 ίσταται,
2119 4721 2205 4770 ὅτε
2232 4717 2290 4768 τὸ
2317 4717 2519 4782 ἀγαθὸν
2536 4718 2860 4785 ἀπέρχεται,
2883 4717 3145 4778 Quoniam
3176 4724 3297 4767 tunc
3316 4718 3433 4783 pri-

1856 4815 1994 4867 t'atio
2027 4812 2180 4881 quasi
2212 4811 2472 4871 subsistit,
2505 4810 2717 4876 quando
2751 4812 2940 4860 bonum
2972 4808 3147 4879 (cujus
3193 4818 3277 4861 εει
3320 4810 3433 4875 pri,-

1854 4905 2021 4973 Vatio)
2064 4904 2318 4955 abscedit.
2362 4900 2515 4955 Unde
2560 4902 2690 4953 nihil
2719 4912 2800 4952 est
2830 4902 3084 4961 solidum,
3122 4902 3217 4952 sed
3252 4898 3428 4951 forma

1852 4997 2011 5049 solidi
2036 5010 2375 5062 expressum.
2405 4993 2475 5047 Ut
2509 5009 2629 5045 cum
2663 4996 2909 5046 tenebras
2941 4995 3064 5060 quis
3094 4992 3244 5054 tlitit,
3282 4993 3428 5043 vitle-

1854 5098 1943 5141 tur
1979 5090 2268 5156 positivum
2323 5086 2525 5154 aliquid
2583 5087 2783 5149 dicere,
2821 5101 3009 5137 revera
3066 5095 3241 5138 antem
3294 5085 3427 5136 nihil

1853 5182 1983 5236 dicit
2016 5180 2117 5233 nisi
2156 5179 2401 5248 positivo:
2442 5178 2515 5231 rei
2544 5177 2847 5230 absentiam
2877 5176 3036 5229 lucis.

1920 5311 2250 5382 Πεισμονή,
2285 5327 2338 5380 p.
2374 5312 2493 5365 1‘20.
2534 5312 2625 5364 Ait
2661 5312 3022 5379 patriarcltam
3046 5308 3299 5379 Cyprium
3334 5325 3423 5360 er-

1854 5421 2032 5460 rorem
2093 5408 2146 5457 in
2203 5403 2321 5471 ejus
2378 5414 2523 5455 lomo
2577 5403 2970 5470 deprehensum
3023 5416 3316 5469 agnoscere
3362 5418 3424 5452 ai:

1851 5498 2125 5565 corrigere
2173 5498 2444 5549 nolentem
2483 5510 2586 5548 non
2611 5494 2783 5548 solum
2824 5493 3154 5561 πεισμονῆς,
3194 5491 3295 5545 hoc
3340 5503 3427 5546 est

1853 5604 2108 5643 assensus
2146 5588 2197 5639 in
2232 5602 2472 5640 errorem
2509 5598 2695 5639 contra
2734 5585 2913 5647 ﬁdetn,
2946 5588 3037 5639 sed
3071 5586 3234 5637 etiam
3276 5586 3425 5653 αἱρέο

1853 5698 2011 5744 σεως,
2057 5681 2395 5733 contumacis
2430 5680 2676 5732 videlicet
2708 5680 2759 5730 in
2790 5687 3008 5731 ostenso
3043 5693 3229 5731 errore
3253 5679 3424 5746 perti-

1852 5776 2039 5837 naciw,
2078 5782 2392 5826 accttsatu-tn
2444 5776 2582 5840 apud
2629 5773 3008 5839 imperatorem
3040 5771 3228 5825 fuisse.
3271 5768 3423 5824 Unde

1862 5877 2083 5937 apparet
2110 5868 2225 5922 voci
2259 5866 2532 5935 πεισμονὴ
2558 5865 2927 5921 ριςιυεὶςιειίςυ
2959 5879 3055 5918 usu
3085 5867 3220 5918 hanc
3255 5862 3423 5917 fuisse
