  <div class='ocr_page' id='page_1' title='image "/cluster/home/n/w/nwhite01/storage/ocr_20150623/144/nnc1.0046980792/404.png"; bbox 0 0 4194 6444; ppageno 0'>
   <div class='ocr_carea' id='block_1_1' title="bbox 176 414 301 479">
    <p class='ocr_par' dir='ltr' id='par_1_1' title="bbox 176 414 301 479">
     <span class='ocr_line' id='line_1_1' title="bbox 176 414 301 479; baseline -0.048 0"><span class='ocrx_word' id='word_1_1' title='bbox 176 414 301 479; x_wconf 61' lang='lat' dir='ltr'><strong><em>Ti}</em></strong></span> 
     </span>
    </p>
   </div>
   <div class='ocr_carea' id='block_1_2' title="bbox 1579 408 2102 471">
    <p class='ocr_par' dir='ltr' id='par_1_2' title="bbox 1579 408 2102 471">
     <span class='ocr_line' id='line_1_2' title="bbox 1579 408 2102 471; baseline 0.006 -4"><span class='ocrx_word' id='word_1_2' title='bbox 1579 408 2102 471; x_wconf 71' lang='lat' dir='ltr'><strong><em>(HOSSARIUM.</em></strong></span> 
     </span>
    </p>
   </div>
   <div class='ocr_carea' id='block_1_3' title="bbox 3351 415 3455 480">
    <p class='ocr_par' dir='ltr' id='par_1_3' title="bbox 3351 415 3455 480">
     <span class='ocr_line' id='line_1_3' title="bbox 3351 415 3455 480; baseline -0.038 1"><span class='ocrx_word' id='word_1_3' title='bbox 3351 415 3455 480; x_wconf 64' lang='lat'><strong><em>77‘</em></strong></span> 
     </span>
    </p>
   </div>
   <div class='ocr_carea' id='block_1_4' title="bbox 181 519 3451 598">
    <p class='ocr_par' dir='ltr' id='par_1_4' title="bbox 181 519 3451 598">
     <span class='ocr_line' id='line_1_4' title="bbox 181 519 3451 598; baseline -0 -15"><span class='ocrx_word' id='word_1_4' title='bbox 181 531 318 585; x_wconf 74' lang='lat' dir='ltr'><strong><em>neti</em></strong></span> <span class='ocrx_word' id='word_1_5' title='bbox 358 528 528 582; x_wconf 88' lang='lat' dir='ltr'><strong><em>nostri</em></strong></span> <span class='ocrx_word' id='word_1_6' title='bbox 569 543 584 582; x_wconf 88' lang='lat'><strong>:</strong></span> <span class='ocrx_word' id='word_1_7' title='bbox 615 525 839 594; x_wconf 76' lang='lat' dir='ltr'><strong><em>Magnus</em></strong></span> <span class='ocrx_word' id='word_1_8' title='bbox 866 525 1076 594; x_wconf 70' lang='lat' dir='ltr'><strong><em>[tut-ius,</em></strong></span> <span class='ocrx_word' id='word_1_9' title='bbox 1112 539 1262 592; x_wconf 85' lang='lat' dir='ltr'><strong><em>quem</em></strong></span> <span class='ocrx_word' id='word_1_10' title='bbox 1312 526 1410 576; x_wconf 75' lang='lat' dir='ltr'><strong><em>hoa‘</em></strong></span> <span class='ocrx_word' id='word_1_11' title='bbox 1438 539 1461 575; x_wconf 67' lang='grc' dir='ltr'><em>δ</em></span> <span class='ocrx_word' id='word_1_12' title='bbox 1500 522 1763 592; x_wconf 69' lang='lat' dir='ltr'><strong><em>Sangario</em></strong></span> <span class='ocrx_word' id='word_1_13' title='bbox 1801 522 1840 576; x_wconf 66' lang='grc' dir='ltr'>Α</span> <span class='ocrx_word' id='word_1_14' title='bbox 1870 519 2110 586; x_wconf 85' lang='lat' dir='ltr'><strong><em>quojure</em></strong></span> <span class='ocrx_word' id='word_1_15' title='bbox 2134 534 2288 574; x_wconf 88' lang='lat' dir='ltr'><strong><em>suum</em></strong></span> <span class='ocrx_word' id='word_1_16' title='bbox 2311 520 2647 576; x_wconf 77' lang='lat' dir='ltr'><strong>Garumnam</strong></span> <span class='ocrx_word' id='word_1_17' title='bbox 2665 521 2939 580; x_wconf 81' lang='lat' dir='ltr'><strong><em>Ausonius</em></strong></span> <span class='ocrx_word' id='word_1_18' title='bbox 2959 523 3014 581; x_wconf 90' lang='lat' dir='ltr'><strong><em>in</em></strong></span> <span class='ocrx_word' id='word_1_19' title='bbox 3036 523 3257 584; x_wconf 72' lang='lat' dir='ltr'><strong><em>Mosella</em></strong></span> <span class='ocrx_word' id='word_1_20' title='bbox 3279 543 3451 598; x_wconf 73' lang='grc' dir='ltr'>ιεᾳιιοο</span> 
     </span>
    </p>
   </div>
   <div class='ocr_carea' id='block_1_5' title="bbox 179 613 1770 682">
    <p class='ocr_par' dir='ltr' id='par_1_5' title="bbox 179 613 1770 682">
     <span class='ocr_line' id='line_1_5' title="bbox 179 613 1770 682; baseline -0.009 -7"><span class='ocrx_word' id='word_1_21' title='bbox 179 634 406 682; x_wconf 74' lang='lat' dir='ltr'><strong><em>eocant,</em></strong></span> <span class='ocrx_word' id='word_1_22' title='bbox 460 637 617 674; x_wconf 79' lang='lat' dir='ltr'><strong><em>cursu</em></strong></span> <span class='ocrx_word' id='word_1_23' title='bbox 670 620 1073 672; x_wconf 80' lang='lat' dir='ltr'><strong><em>violentissimus</em></strong></span> <span class='ocrx_word' id='word_1_24' title='bbox 1133 619 1184 669; x_wconf 88' lang='lat' dir='ltr'><strong><em>in</em></strong></span> <span class='ocrx_word' id='word_1_25' title='bbox 1245 616 1433 675; x_wconf 83' lang='lat' dir='ltr'><strong><em>medio,</em></strong></span> <span class='ocrx_word' id='word_1_26' title='bbox 1472 613 1770 682; x_wconf 75' lang='lat' dir='ltr'><strong><em>profundus</em></strong></span> 
     </span>
    </p>
   </div>
   <div class='ocr_carea' id='block_1_6' title="bbox 180 703 1770 774">
    <p class='ocr_par' dir='ltr' id='par_1_6' title="bbox 180 703 1770 774">
     <span class='ocr_line' id='line_1_6' title="bbox 180 703 1770 774; baseline -0.006 -9"><span class='ocrx_word' id='word_1_27' title='bbox 180 713 481 765; x_wconf 82' lang='lat' dir='ltr'><strong><em>admodum</em></strong></span> <span class='ocrx_word' id='word_1_28' title='bbox 512 711 893 774; x_wconf 74' lang='lat' dir='ltr'><strong><em>latitudincque</em></strong></span> <span class='ocrx_word' id='word_1_29' title='bbox 921 722 1216 774; x_wconf 78' lang='lat' dir='ltr'><strong><em>cequoreus,</em></strong></span> <span class='ocrx_word' id='word_1_30' title='bbox 1242 720 1508 773; x_wconf 85' lang='lat' dir='ltr'><strong><em>nunquam</em></strong></span> <span class='ocrx_word' id='word_1_31' title='bbox 1533 715 1645 766; x_wconf 85' lang='lat' dir='ltr'><strong><em>post</em></strong></span> <span class='ocrx_word' id='word_1_32' title='bbox 1679 703 1770 755; x_wconf 81' lang='lat' dir='ltr'><strong><em>Ito-</em></strong></span> 
     </span>
    </p>
   </div>
   <div class='ocr_carea' id='block_1_7' title="bbox 180 797 1768 866">
    <p class='ocr_par' dir='ltr' id='par_1_7' title="bbox 180 797 1768 866">
     <span class='ocr_line' id='line_1_7' title="bbox 180 797 1768 866; baseline -0.002 -15"><span class='ocrx_word' id='word_1_33' title='bbox 180 810 362 855; x_wconf 77' lang='lat' dir='ltr'><strong><em>mines</em></strong></span> <span class='ocrx_word' id='word_1_34' title='bbox 418 811 569 855; x_wconf 85' lang='lat' dir='ltr'><strong><em>natos</em></strong></span> <span class='ocrx_word' id='word_1_35' title='bbox 622 810 828 866; x_wconf 84' lang='lat' dir='ltr'><strong><em>pontem</em></strong></span> <span class='ocrx_word' id='word_1_36' title='bbox 889 801 1044 853; x_wconf 85' lang='lat' dir='ltr'><strong><em>subiit</em></strong></span> <span class='ocrx_word' id='word_1_37' title='bbox 1087 802 1220 852; x_wconf 83' lang='lat' dir='ltr'><strong><em>:sed</em></strong></span> <span class='ocrx_word' id='word_1_38' title='bbox 1265 800 1473 866; x_wconf 75' lang='lat' dir='ltr'><strong><em>scaphis</em></strong></span> <span class='ocrx_word' id='word_1_39' title='bbox 1532 797 1768 863; x_wconf 81' lang='lat' dir='ltr'><strong><em>pl-t.ibus</em></strong></span> 
     </span>
    </p>
   </div>
   <div class='ocr_carea' id='block_1_8' title="bbox 178 894 1766 964">
    <p class='ocr_par' dir='ltr' id='par_1_8' title="bbox 178 894 1766 964">
     <span class='ocr_line' id='line_1_8' title="bbox 178 894 1766 964; baseline -0.004 -16"><span class='ocrx_word' id='word_1_40' title='bbox 178 898 442 948; x_wconf 71' lang='lat' dir='ltr'><strong><em>conneris</em></strong></span> <span class='ocrx_word' id='word_1_41' title='bbox 511 899 792 964; x_wconf 86' lang='lat' dir='ltr'><strong><em>tegetisque</em></strong></span> <span class='ocrx_word' id='word_1_42' title='bbox 845 897 1014 946; x_wconf 86' lang='lat' dir='ltr'><strong><em>instar</em></strong></span> <span class='ocrx_word' id='word_1_43' title='bbox 1069 895 1209 946; x_wconf 83' lang='lat' dir='ltr'><strong><em>inter</em></strong></span> <span class='ocrx_word' id='word_1_44' title='bbox 1260 909 1314 945; x_wconf 84' lang='lat' dir='ltr'><strong><em>se</em></strong></span> <span class='ocrx_word' id='word_1_45' title='bbox 1375 895 1511 959; x_wconf 68' lang='lat' dir='ltr'><strong><em>aptis</em></strong></span> <span class='ocrx_word' id='word_1_46' title='bbox 1579 894 1766 942; x_wconf 61' lang='lat' dir='ltr'><strong><em>qudem</em></strong></span> 
     </span>
    </p>
   </div>
   <div class='ocr_carea' id='block_1_9' title="bbox 178 984 1765 1057">
    <p class='ocr_par' dir='ltr' id='par_1_9' title="bbox 178 984 1765 1057">
     <span class='ocr_line' id='line_1_9' title="bbox 178 984 1765 1057; baseline -0.004 -18"><span class='ocrx_word' id='word_1_47' title='bbox 178 989 495 1057; x_wconf 73' lang='lat' dir='ltr'><strong><em>transgredi</em></strong></span> <span class='ocrx_word' id='word_1_48' title='bbox 527 989 742 1056; x_wconf 74' lang='lat' dir='ltr'><strong><em>pedites;</em></strong></span> <span class='ocrx_word' id='word_1_49' title='bbox 777 997 830 1039; x_wconf 88' lang='lat' dir='ltr'><strong><em>ut</em></strong></span> <span class='ocrx_word' id='word_1_50' title='bbox 874 987 1140 1054; x_wconf 86' lang='lat' dir='ltr'><strong><em>quondam</em></strong></span> <span class='ocrx_word' id='word_1_51' title='bbox 1187 984 1462 1038; x_wconf 78' lang='lat' dir='ltr'><strong><em>Medorum</em></strong></span> <span class='ocrx_word' id='word_1_52' title='bbox 1510 999 1765 1035; x_wconf 43' lang='lat' dir='ltr'><strong><em>exercitus</em></strong></span> 
     </span>
    </p>
   </div>
   <div class='ocr_carea' id='block_1_10' title="bbox 181 1076 1774 1144">
    <p class='ocr_par' dir='ltr' id='par_1_10' title="bbox 181 1076 1774 1144">
     <span class='ocr_line' id='line_1_10' title="bbox 181 1076 1774 1144; baseline -0.003 -14"><span class='ocrx_word' id='word_1_53' title='bbox 181 1080 595 1142; x_wconf 79' lang='lat' dir='ltr'><strong><em>Hellespontum</em></strong></span> <span class='ocrx_word' id='word_1_54' title='bbox 630 1080 864 1139; x_wconf 88' lang='lat' dir='ltr'><strong><em>transiit,</em></strong></span> <span class='ocrx_word' id='word_1_55' title='bbox 916 1076 1105 1131; x_wconf 67' lang='lat' dir='ltr'><strong><em>Xerxis</em></strong></span> <span class='ocrx_word' id='word_1_56' title='bbox 1164 1091 1393 1130; x_wconf 83' lang='lat' dir='ltr'><strong><em>metuens</em></strong></span> <span class='ocrx_word' id='word_1_57' title='bbox 1446 1077 1774 1144; x_wconf 80' lang='lat' dir='ltr'><strong><em>indignatio-</em></strong></span> 
     </span>
    </p>
   </div>
   <div class='ocr_carea' id='block_1_11' title="bbox 175 1170 1765 1238">
    <p class='ocr_par' dir='ltr' id='par_1_11' title="bbox 175 1170 1765 1238">
     <span class='ocr_line' id='line_1_11' title="bbox 175 1170 1765 1238; baseline -0.001 -16"><span class='ocrx_word' id='word_1_58' title='bbox 175 1189 326 1223; x_wconf 83' lang='lat' dir='ltr'><strong><em>nem.</em></strong></span> <span class='ocrx_word' id='word_1_59' title='bbox 387 1173 451 1225; x_wconf 81' lang='lat' dir='ltr'><strong><em>At</em></strong></span> <span class='ocrx_word' id='word_1_60' title='bbox 485 1187 565 1223; x_wconf 87' lang='lat' dir='ltr'><strong><em>res</em></strong></span> <span class='ocrx_word' id='word_1_61' title='bbox 599 1187 701 1224; x_wconf 86' lang='lat' dir='ltr'><strong><em>non</em></strong></span> <span class='ocrx_word' id='word_1_62' title='bbox 733 1183 879 1224; x_wconf 76' lang='lat' dir='ltr'><strong><em>vacat</em></strong></span> <span class='ocrx_word' id='word_1_63' title='bbox 913 1171 1144 1238; x_wconf 89' lang='lat' dir='ltr'><strong><em>periculo</em></strong></span> <span class='ocrx_word' id='word_1_64' title='bbox 1187 1187 1203 1223; x_wconf 92' lang='lat'><strong><em>:</em></strong></span> <span class='ocrx_word' id='word_1_65' title='bbox 1241 1187 1365 1222; x_wconf 87' lang='lat' dir='ltr'><strong><em>nam</em></strong></span> <span class='ocrx_word' id='word_1_66' title='bbox 1406 1186 1540 1235; x_wconf 66' lang='lat' dir='ltr'><strong><em>sirpe</em></strong></span> <span class='ocrx_word' id='word_1_67' title='bbox 1572 1170 1765 1237; x_wconf 83' lang='lat' dir='ltr'><strong><em>ﬂumen</em></strong></span> 
     </span>
    </p>
   </div>
   <div class='ocr_carea' id='block_1_12' title="bbox 173 1263 1768 1330">
    <p class='ocr_par' dir='ltr' id='par_1_12' title="bbox 173 1263 1768 1330">
     <span class='ocr_line' id='line_1_12' title="bbox 173 1263 1768 1330; baseline -0.004 -14"><span class='ocrx_word' id='word_1_68' title='bbox 173 1266 396 1330; x_wconf 75' lang='lat' dir='ltr'><strong><em>scaphis</em></strong></span> <span class='ocrx_word' id='word_1_69' title='bbox 453 1265 695 1317; x_wconf 83' lang='lat' dir='ltr'><strong><em>omnibus</em></strong></span> <span class='ocrx_word' id='word_1_70' title='bbox 751 1266 982 1330; x_wconf 74' lang='lat' dir='ltr'><strong><em>abreptis</em></strong></span> <span class='ocrx_word' id='word_1_71' title='bbox 1036 1281 1152 1316; x_wconf 87' lang='lat' dir='ltr'><strong><em>cum</em></strong></span> <span class='ocrx_word' id='word_1_72' title='bbox 1208 1264 1426 1314; x_wconf 62' lang='lat' dir='ltr'><strong><em>naribus</em></strong></span> <span class='ocrx_word' id='word_1_73' title='bbox 1487 1263 1768 1314; x_wconf 67' lang='lat' dir='ltr'><strong><em>&quot;nihilth</em></strong></span> 
     </span>
    </p>
   </div>
   <div class='ocr_carea' id='block_1_13' title="bbox 175 1352 1767 1421">
    <p class='ocr_par' dir='ltr' id='par_1_13' title="bbox 175 1352 1767 1421">
     <span class='ocr_line' id='line_1_13' title="bbox 175 1352 1767 1421; baseline -0.003 -14"><span class='ocrx_word' id='word_1_74' title='bbox 175 1357 479 1409; x_wconf 62' lang='lat' dir='ltr'><strong><em>viatoribus</em></strong></span> <span class='ocrx_word' id='word_1_75' title='bbox 505 1357 705 1408; x_wconf 78' lang='lat' dir='ltr'><strong><em>abnuit.</em></strong></span> <span class='ocrx_word' id='word_1_76' title='bbox 738 1354 893 1410; x_wconf 83' lang='lat' dir='ltr'><strong><em>Nunc</em></strong></span> <span class='ocrx_word' id='word_1_77' title='bbox 920 1355 1264 1408; x_wconf 79' lang='lat' dir='ltr'><strong><em>Iustinianns</em></strong></span> <span class='ocrx_word' id='word_1_78' title='bbox 1285 1356 1419 1420; x_wconf 79' lang='lat' dir='ltr'><strong><em>Aug.</em></strong></span> <span class='ocrx_word' id='word_1_79' title='bbox 1452 1365 1656 1421; x_wconf 88' lang='lat' dir='ltr'><strong><em>pontem</em></strong></span> <span class='ocrx_word' id='word_1_80' title='bbox 1690 1352 1767 1403; x_wconf 87' lang='lat' dir='ltr'><strong><em>illi</em></strong></span> 
     </span>
    </p>
   </div>
   <div class='ocr_carea' id='block_1_14' title="bbox 176 1444 1766 1517">
    <p class='ocr_par' dir='ltr' id='par_1_14' title="bbox 176 1444 1766 1517">
     <span class='ocr_line' id='line_1_14' title="bbox 176 1444 1766 1517; baseline -0.001 -21"><span class='ocrx_word' id='word_1_81' title='bbox 176 1449 457 1515; x_wconf 78' lang='lat' dir='ltr'><strong><em>imponere</em></strong></span> <span class='ocrx_word' id='word_1_82' title='bbox 487 1466 760 1517; x_wconf 74' lang='lat' dir='ltr'><strong><em>aggressus</em></strong></span> <span class='ocrx_word' id='word_1_83' title='bbox 803 1451 1001 1501; x_wconf 82' lang='lat' dir='ltr'><strong><em>acriter</em></strong></span> <span class='ocrx_word' id='word_1_84' title='bbox 1051 1450 1103 1500; x_wconf 88' lang='lat' dir='ltr'><strong><em>in</em></strong></span> <span class='ocrx_word' id='word_1_85' title='bbox 1133 1465 1263 1514; x_wconf 86' lang='lat' dir='ltr'><strong><em>opus</em></strong></span> <span class='ocrx_word' id='word_1_86' title='bbox 1299 1449 1574 1503; x_wconf 86' lang='lat' dir='ltr'><strong><em>incumbit,</em></strong></span> <span class='ocrx_word' id='word_1_87' title='bbox 1627 1444 1766 1494; x_wconf 77' lang='lat' dir='ltr'><strong><em>brevi</em></strong></span> 
     </span>
    </p>
   </div>
   <div class='ocr_carea' id='block_1_15' title="bbox 174 1535 1763 1605">
    <p class='ocr_par' dir='ltr' id='par_1_15' title="bbox 174 1535 1763 1605">
     <span class='ocr_line' id='line_1_15' title="bbox 174 1535 1763 1605; baseline -0.002 -17"><span class='ocrx_word' id='word_1_88' title='bbox 174 1539 370 1602; x_wconf 72' lang='lat' dir='ltr'><strong><em>procitl</em></strong></span> <span class='ocrx_word' id='word_1_89' title='bbox 412 1539 572 1590; x_wconf 83' lang='lat' dir='ltr'><strong><em>dubio</em></strong></span> <span class='ocrx_word' id='word_1_90' title='bbox 607 1539 1034 1598; x_wconf 75' lang='lat' dir='ltr'><strong><em>absolvendum;</em></strong></span> <span class='ocrx_word' id='word_1_91' title='bbox 1079 1539 1232 1605; x_wconf 80' lang='lat' dir='ltr'><strong><em>idque</em></strong></span> <span class='ocrx_word' id='word_1_92' title='bbox 1290 1552 1353 1588; x_wconf 76' lang='lat' dir='ltr'><strong><em>ex</em></strong></span> <span class='ocrx_word' id='word_1_93' title='bbox 1411 1553 1469 1587; x_wconf 80' lang='lat' dir='ltr'><strong><em>eo</em></strong></span> <span class='ocrx_word' id='word_1_94' title='bbox 1514 1535 1763 1602; x_wconf 64' lang='lat' dir='ltr'><strong><em>conj-cio,</em></strong></span> 
     </span>
    </p>
   </div>
   <div class='ocr_carea' id='block_1_16' title="bbox 171 1627 1764 1697">
    <p class='ocr_par' dir='ltr' id='par_1_16' title="bbox 171 1627 1764 1697">
     <span class='ocr_line' id='line_1_16' title="bbox 171 1627 1764 1697; baseline -0.002 -18"><span class='ocrx_word' id='word_1_95' title='bbox 171 1634 322 1696; x_wconf 76' lang='lat' dir='ltr'><strong><em>quod</em></strong></span> <span class='ocrx_word' id='word_1_96' title='bbox 365 1632 608 1684; x_wconf 81' lang='lat' dir='ltr'><strong><em>omnibus</em></strong></span> <span class='ocrx_word' id='word_1_97' title='bbox 645 1632 793 1684; x_wconf 79' lang='lat' dir='ltr'><strong><em>illius</em></strong></span> <span class='ocrx_word' id='word_1_98' title='bbox 845 1632 1023 1697; x_wconf 74' lang='lat' dir='ltr'><strong><em>captis</em></strong></span> <span class='ocrx_word' id='word_1_99' title='bbox 1076 1647 1290 1682; x_wconf 83' lang='lat' dir='ltr'><strong><em>manum</em></strong></span> <span class='ocrx_word' id='word_1_100' title='bbox 1334 1630 1470 1681; x_wconf 71' lang='lat' dir='ltr'><strong><em>Deus</em></strong></span> <span class='ocrx_word' id='word_1_101' title='bbox 1505 1627 1764 1681; x_wconf 76' lang='lat' dir='ltr'><strong><em>admovet.</em></strong></span> 
     </span>
    </p>
   </div>
   <div class='ocr_carea' id='block_1_17' title="bbox 177 1722 1766 1793">
    <p class='ocr_par' dir='ltr' id='par_1_17' title="bbox 177 1722 1766 1793">
     <span class='ocr_line' id='line_1_17' title="bbox 177 1722 1766 1793; baseline 0 -19"><span class='ocrx_word' id='word_1_102' title='bbox 177 1723 415 1776; x_wconf 82' lang='lat' dir='ltr'><strong><em>Ponlem</em></strong></span> <span class='ocrx_word' id='word_1_103' title='bbox 451 1725 613 1790; x_wconf 67' lang='lat' dir='ltr'><strong><em>igitur</em></strong></span> <span class='ocrx_word' id='word_1_104' title='bbox 639 1740 800 1792; x_wconf 80' lang='lat' dir='ltr'><strong>supra</strong></span> <span class='ocrx_word' id='word_1_105' title='bbox 831 1724 1099 1793; x_wconf 71' lang='lat' dir='ltr'><strong><em>Sangarin</em></strong></span> <span class='ocrx_word' id='word_1_106' title='bbox 1132 1725 1399 1777; x_wconf 71' lang='lat' dir='ltr'><strong><em>aediﬁcare</em></strong></span> <span class='ocrx_word' id='word_1_107' title='bbox 1426 1722 1766 1776; x_wconf 80' lang='lat' dir='ltr'><strong><em>Justinianus</em></strong></span> 
     </span>
    </p>
   </div>
   <div class='ocr_carea' id='block_1_18' title="bbox 173 1815 1762 1884">
    <p class='ocr_par' dir='ltr' id='par_1_18' title="bbox 173 1815 1762 1884">
     <span class='ocr_line' id='line_1_18' title="bbox 173 1815 1762 1884; baseline -0.001 -17"><span class='ocrx_word' id='word_1_108' title='bbox 173 1832 504 1883; x_wconf 69' lang='lat' dir='ltr'><strong><em>aggressus,</em></strong></span> <span class='ocrx_word' id='word_1_109' title='bbox 533 1817 750 1884; x_wconf 84' lang='lat' dir='ltr'><strong><em>quando</em></strong></span> <span class='ocrx_word' id='word_1_110' title='bbox 779 1832 907 1869; x_wconf 84' lang='lat' dir='ltr'><strong><em>suos</em></strong></span> <span class='ocrx_word' id='word_1_111' title='bbox 939 1819 1002 1869; x_wconf 84' lang='lat' dir='ltr'><strong><em>de</em></strong></span> <span class='ocrx_word' id='word_1_112' title='bbox 1038 1816 1157 1883; x_wconf 87' lang='lat' dir='ltr'><strong><em>ejus</em></strong></span> <span class='ocrx_word' id='word_1_113' title='bbox 1194 1815 1436 1868; x_wconf 67' lang='lat' dir='ltr'><strong><em>aediliciis</em></strong></span> <span class='ocrx_word' id='word_1_114' title='bbox 1485 1829 1762 1866; x_wconf 79' lang='lat' dir='ltr'><strong><em>common-</em></strong></span> 
     </span>
    </p>
   </div>
   <div class='ocr_carea' id='block_1_19' title="bbox 177 1903 1762 1974">
    <p class='ocr_par' dir='ltr' id='par_1_19' title="bbox 177 1903 1762 1974">
     <span class='ocr_line' id='line_1_19' title="bbox 177 1903 1762 1974; baseline -0.004 -18"><span class='ocrx_word' id='word_1_115' title='bbox 177 1908 356 1960; x_wconf 74' lang='lat' dir='ltr'><strong><em>tnrios</em></strong></span> <span class='ocrx_word' id='word_1_116' title='bbox 387 1906 681 1973; x_wconf 75' lang='lat' dir='ltr'><strong><em>Procopius</em></strong></span> <span class='ocrx_word' id='word_1_117' title='bbox 711 1907 902 1968; x_wconf 86' lang='lat' dir='ltr'><strong><em>edidit,</em></strong></span> <span class='ocrx_word' id='word_1_118' title='bbox 939 1916 1124 1972; x_wconf 63' lang='lat' dir='ltr'><strong><em>postea</em></strong></span> <span class='ocrx_word' id='word_1_119' title='bbox 1173 1905 1418 1974; x_wconf 65' lang='lat' dir='ltr'><strong><em>perfecit.</em></strong></span> <span class='ocrx_word' id='word_1_120' title='bbox 1471 1903 1762 1957; x_wconf 79' lang='lat' dir='ltr'><strong><em>Vocatum-</em></strong></span> 
     </span>
    </p>
   </div>
   <div class='ocr_carea' id='block_1_20' title="bbox 174 1994 1763 2068">
    <p class='ocr_par' dir='ltr' id='par_1_20' title="bbox 174 1994 1763 2068">
     <span class='ocr_line' id='line_1_20' title="bbox 174 1994 1763 2068; baseline 0.001 -23"><span class='ocrx_word' id='word_1_121' title='bbox 174 2014 286 2068; x_wconf 77' lang='lat' dir='ltr'><strong><em>que</em></strong></span> <span class='ocrx_word' id='word_1_122' title='bbox 342 1999 472 2050; x_wconf 87' lang='lat' dir='ltr'><strong><em>illud</em></strong></span> <span class='ocrx_word' id='word_1_123' title='bbox 519 2013 651 2065; x_wconf 93' lang='lat' dir='ltr'><strong><em>opus</em></strong></span> <span class='ocrx_word' id='word_1_124' title='bbox 693 1998 1123 2059; x_wconf 78' lang='grc' dir='ltr'><strong><em>Ἰουστινιάνειος</em></strong></span> <span class='ocrx_word' id='word_1_125' title='bbox 1167 1994 1571 2062; x_wconf 74' lang='grc' dir='ltr'><strong><em>ποντργέφυρα.</em></strong></span> <span class='ocrx_word' id='word_1_126' title='bbox 1629 1994 1763 2047; x_wconf 81' lang='lat' dir='ltr'><strong><em>Cum</em></strong></span> 
     </span>
    </p>
   </div>
   <div class='ocr_carea' id='block_1_21' title="bbox 171 2086 1762 2157">
    <p class='ocr_par' dir='ltr' id='par_1_21' title="bbox 171 2086 1762 2157">
     <span class='ocr_line' id='line_1_21' title="bbox 171 2086 1762 2157; baseline -0.003 -15"><span class='ocrx_word' id='word_1_127' title='bbox 171 2090 326 2143; x_wconf 85' lang='lat' dir='ltr'><strong><em>enim</em></strong></span> <span class='ocrx_word' id='word_1_128' title='bbox 370 2089 599 2157; x_wconf 81' lang='lat' dir='ltr'><strong><em>simplex</em></strong></span> <span class='ocrx_word' id='word_1_129' title='bbox 631 2089 880 2157; x_wconf 76' lang='grc' dir='ltr'><strong><em>γεφύρας</em></strong></span> <span class='ocrx_word' id='word_1_130' title='bbox 929 2089 1272 2151; x_wconf 82' lang='lat' dir='ltr'><strong><em>vocabulum,</em></strong></span> <span class='ocrx_word' id='word_1_131' title='bbox 1306 2087 1404 2140; x_wconf 90' lang='lat' dir='ltr'><strong><em>etsi</em></strong></span> <span class='ocrx_word' id='word_1_132' title='bbox 1443 2101 1503 2139; x_wconf 82' lang='lat' dir='ltr'><strong><em>ex</em></strong></span> <span class='ocrx_word' id='word_1_133' title='bbox 1533 2086 1762 2155; x_wconf 77' lang='lat' dir='ltr'><strong><em>origine,</em></strong></span> 
     </span>
    </p>
   </div>
   <div class='ocr_carea' id='block_1_22' title="bbox 173 2177 1762 2241">
    <p class='ocr_par' dir='ltr' id='par_1_22' title="bbox 173 2177 1762 2241">
     <span class='ocr_line' id='line_1_22' title="bbox 173 2177 1762 2241; baseline -0.001 -11"><span class='ocrx_word' id='word_1_134' title='bbox 173 2179 218 2230; x_wconf 91' lang='lat' dir='ltr'><strong><em>si</em></strong></span> <span class='ocrx_word' id='word_1_135' title='bbox 253 2177 551 2231; x_wconf 84' lang='lat' dir='ltr'><strong><em>Eustatbio</em></strong></span> <span class='ocrx_word' id='word_1_136' title='bbox 589 2177 889 2241; x_wconf 80' lang='lat' dir='ltr'><strong><em>credimus,</em></strong></span> <span class='ocrx_word' id='word_1_137' title='bbox 916 2192 1108 2231; x_wconf 83' lang='lat' dir='ltr'><strong><em>sonare</em></strong></span> <span class='ocrx_word' id='word_1_138' title='bbox 1144 2177 1388 2230; x_wconf 85' lang='lat' dir='ltr'><strong><em>videatur</em></strong></span> <span class='ocrx_word' id='word_1_139' title='bbox 1423 2177 1653 2230; x_wconf 84' lang='lat' dir='ltr'><strong><em>solidum</em></strong></span> <span class='ocrx_word' id='word_1_140' title='bbox 1696 2191 1762 2228; x_wconf 77' lang='lat' dir='ltr'><strong><em>ex</em></strong></span> 
     </span>
    </p>
   </div>
   <div class='ocr_carea' id='block_1_23' title="bbox 175 2268 1763 2338">
    <p class='ocr_par' dir='ltr' id='par_1_23' title="bbox 175 2268 1763 2338">
     <span class='ocr_line' id='line_1_23' title="bbox 175 2268 1763 2338; baseline -0.001 -16"><span class='ocrx_word' id='word_1_141' title='bbox 175 2270 363 2338; x_wconf 75' lang='lat' dir='ltr'><strong><em>lapide</em></strong></span> <span class='ocrx_word' id='word_1_142' title='bbox 393 2287 457 2323; x_wconf 80' lang='lat' dir='ltr'><strong><em>ac</em></strong></span> <span class='ocrx_word' id='word_1_143' title='bbox 479 2281 742 2324; x_wconf 67' lang='lat' dir='ltr'><strong><em>caemento</em></strong></span> <span class='ocrx_word' id='word_1_144' title='bbox 767 2284 927 2338; x_wconf 83' lang='lat' dir='ltr'><strong><em>super</em></strong></span> <span class='ocrx_word' id='word_1_145' title='bbox 953 2269 1067 2322; x_wconf 92' lang='lat' dir='ltr'><strong><em>loca</em></strong></span> <span class='ocrx_word' id='word_1_146' title='bbox 1095 2270 1371 2324; x_wconf 78' lang='lat' dir='ltr'><strong><em>humentis</em></strong></span> <span class='ocrx_word' id='word_1_147' title='bbox 1399 2277 1629 2320; x_wconf 89' lang='lat' dir='ltr'><strong><em>stratum</em></strong></span> <span class='ocrx_word' id='word_1_148' title='bbox 1663 2268 1763 2336; x_wconf 88' lang='lat' dir='ltr'><strong><em>(sic</em></strong></span> 
     </span>
    </p>
   </div>
   <div class='ocr_carea' id='block_1_24' title="bbox 174 2360 1761 2426">
    <p class='ocr_par' dir='ltr' id='par_1_24' title="bbox 174 2360 1761 2426">
     <span class='ocr_line' id='line_1_24' title="bbox 174 2360 1761 2426; baseline -0.003 -12"><span class='ocrx_word' id='word_1_149' title='bbox 174 2364 326 2414; x_wconf 90' lang='lat' dir='ltr'><strong><em>enim</em></strong></span> <span class='ocrx_word' id='word_1_150' title='bbox 379 2362 471 2416; x_wconf 89' lang='lat' dir='ltr'><strong><em>ille</em></strong></span> <span class='ocrx_word' id='word_1_151' title='bbox 521 2365 741 2416; x_wconf 82' lang='lat' dir='ltr'><strong><em>adnotat</em></strong></span> <span class='ocrx_word' id='word_1_152' title='bbox 790 2378 854 2416; x_wconf 78' lang='lat' dir='ltr'><strong><em>ex</em></strong></span> <span class='ocrx_word' id='word_1_153' title='bbox 889 2360 1195 2416; x_wconf 83' lang='lat' dir='ltr'><strong><em>Herodiano</em></strong></span> <span class='ocrx_word' id='word_1_154' title='bbox 1224 2361 1291 2414; x_wconf 91' lang='lat' dir='ltr'><strong><em>ad</em></strong></span> <span class='ocrx_word' id='word_1_155' title='bbox 1338 2360 1486 2414; x_wconf 86' lang='lat' dir='ltr'><strong><em>lliad.</em></strong></span> <span class='ocrx_word' id='word_1_156' title='bbox 1520 2377 1598 2426; x_wconf 73' lang='grc' dir='ltr'><strong>φτ</strong></span> <span class='ocrx_word' id='word_1_157' title='bbox 1649 2360 1761 2410; x_wconf 85' lang='lat' dir='ltr'><strong><em>Ko-</em></strong></span> 
     </span>
    </p>
   </div>
   <div class='ocr_carea' id='block_1_25' title="bbox 179 2451 1760 2524">
    <p class='ocr_par' dir='ltr' id='par_1_25' title="bbox 179 2451 1760 2524">
     <span class='ocr_line' id='line_1_25' title="bbox 179 2451 1760 2524; baseline -0.003 -17"><span class='ocrx_word' id='word_1_158' title='bbox 179 2457 317 2524; x_wconf 79' lang='grc' dir='ltr'><strong><em>ρίως</em></strong></span> <span class='ocrx_word' id='word_1_159' title='bbox 374 2454 596 2524; x_wconf 75' lang='grc' dir='ltr'><strong><em>γέφυρά</em></strong></span> <span class='ocrx_word' id='word_1_160' title='bbox 626 2456 741 2507; x_wconf 73' lang='grc' dir='ltr'><strong><em>ἐστι</em></strong></span> <span class='ocrx_word' id='word_1_161' title='bbox 783 2455 853 2523; x_wconf 83' lang='grc' dir='ltr'><strong><em>γῆ</em></strong></span> <span class='ocrx_word' id='word_1_162' title='bbox 899 2456 987 2524; x_wconf 81' lang='grc' dir='ltr'><strong><em>ἐφ’</em></strong></span> <span class='ocrx_word' id='word_1_163' title='bbox 1038 2455 1233 2524; x_wconf 78' lang='grc' dir='ltr'><strong><em>ὑγρᾶς,</em></strong></span> <span class='ocrx_word' id='word_1_164' title='bbox 1290 2452 1621 2522; x_wconf 80' lang='grc' dir='ltr'><strong><em>Ἡρωδιανὸς</em></strong></span> <span class='ocrx_word' id='word_1_165' title='bbox 1669 2451 1760 2502; x_wconf 84' lang='grc' dir='ltr'><strong><em>λέ-</em></strong></span> 
     </span>
    </p>
   </div>
   <div class='ocr_carea' id='block_1_26' title="bbox 174 2542 1762 2614">
    <p class='ocr_par' dir='ltr' id='par_1_26' title="bbox 174 2542 1762 2614">
     <span class='ocr_line' id='line_1_26' title="bbox 174 2542 1762 2614; baseline -0.003 -16"><span class='ocrx_word' id='word_1_166' title='bbox 174 2547 320 2614; x_wconf 59' lang='lat' dir='ltr'><strong><em>yet),</em></strong></span> <span class='ocrx_word' id='word_1_167' title='bbox 351 2555 538 2599; x_wconf 72' lang='lat' dir='ltr'><strong><em>tamen</em></strong></span> <span class='ocrx_word' id='word_1_168' title='bbox 593 2547 725 2600; x_wconf 89' lang='lat' dir='ltr'><strong><em>satis</em></strong></span> <span class='ocrx_word' id='word_1_169' title='bbox 776 2544 1088 2613; x_wconf 75' lang='lat' dir='ltr'><strong><em>frequenter</em></strong></span> <span class='ocrx_word' id='word_1_170' title='bbox 1117 2545 1405 2598; x_wconf 76' lang='lat' dir='ltr'><strong><em>adhibetur</em></strong></span> <span class='ocrx_word' id='word_1_171' title='bbox 1461 2546 1528 2597; x_wconf 91' lang='lat' dir='ltr'><strong><em>ad</em></strong></span> <span class='ocrx_word' id='word_1_172' title='bbox 1579 2542 1762 2612; x_wconf 77' lang='lat' dir='ltr'><strong><em>expri-</em></strong></span> 
     </span>
    </p>
   </div>
   <div class='ocr_carea' id='block_1_27' title="bbox 177 2634 1760 2703">
    <p class='ocr_par' dir='ltr' id='par_1_27' title="bbox 177 2634 1760 2703">
     <span class='ocr_line' id='line_1_27' title="bbox 177 2634 1760 2703; baseline 0.001 -16"><span class='ocrx_word' id='word_1_173' title='bbox 177 2637 443 2689; x_wconf 88' lang='lat' dir='ltr'><strong><em>mendum</em></strong></span> <span class='ocrx_word' id='word_1_174' title='bbox 488 2635 741 2690; x_wconf 86' lang='lat' dir='ltr'><strong><em>mobilem</em></strong></span> <span class='ocrx_word' id='word_1_175' title='bbox 773 2645 1081 2690; x_wconf 77' lang='lat' dir='ltr'><strong><em>contextum</em></strong></span> <span class='ocrx_word' id='word_1_176' title='bbox 1119 2636 1444 2697; x_wconf 85' lang='lat' dir='ltr'><strong><em>tabularum,</em></strong></span> <span class='ocrx_word' id='word_1_177' title='bbox 1479 2649 1586 2703; x_wconf 91' lang='lat' dir='ltr'><strong><em>quo</em></strong></span> <span class='ocrx_word' id='word_1_178' title='bbox 1616 2651 1644 2687; x_wconf 88' lang='lat' dir='ltr'><strong><em>e</em></strong></span> <span class='ocrx_word' id='word_1_179' title='bbox 1674 2634 1760 2688; x_wconf 89' lang='lat' dir='ltr'><strong><em>lit-</em></strong></span> 
     </span>
    </p>
   </div>
   <div class='ocr_carea' id='block_1_28' title="bbox 178 2727 1760 2782">
    <p class='ocr_par' dir='ltr' id='par_1_28' title="bbox 178 2727 1760 2782">
     <span class='ocr_line' id='line_1_28' title="bbox 178 2727 1760 2782; baseline 0.002 -3"><span class='ocrx_word' id='word_1_180' title='bbox 178 2741 300 2780; x_wconf 85' lang='lat' dir='ltr'><strong><em>tore</em></strong></span> <span class='ocrx_word' id='word_1_181' title='bbox 331 2728 384 2781; x_wconf 93' lang='lat' dir='ltr'><strong><em>in</em></strong></span> <span class='ocrx_word' id='word_1_182' title='bbox 427 2729 601 2780; x_wconf 83' lang='lat' dir='ltr'><strong><em>navim</em></strong></span> <span class='ocrx_word' id='word_1_183' title='bbox 630 2737 723 2781; x_wconf 83' lang='lat' dir='ltr'><strong><em>aut</em></strong></span> <span class='ocrx_word' id='word_1_184' title='bbox 751 2744 780 2782; x_wconf 90' lang='lat' dir='ltr'><strong><em>e</em></strong></span> <span class='ocrx_word' id='word_1_185' title='bbox 811 2729 935 2781; x_wconf 85' lang='lat' dir='ltr'><strong><em>navi</em></strong></span> <span class='ocrx_word' id='word_1_186' title='bbox 966 2727 1225 2780; x_wconf 79' lang='lat' dir='ltr'><strong><em>transitur</em></strong></span> <span class='ocrx_word' id='word_1_187' title='bbox 1257 2730 1320 2779; x_wconf 86' lang='lat' dir='ltr'><strong><em>ad</em></strong></span> <span class='ocrx_word' id='word_1_188' title='bbox 1358 2728 1510 2780; x_wconf 81' lang='lat' dir='ltr'><strong><em>littus</em></strong></span> <span class='ocrx_word' id='word_1_189' title='bbox 1543 2742 1556 2778; x_wconf 89' lang='lat'><strong>:</strong></span> <span class='ocrx_word' id='word_1_190' title='bbox 1593 2727 1760 2782; x_wconf 89' lang='lat' dir='ltr'><strong><em>moles</em></strong></span> 
     </span>
    </p>
   </div>
   <div class='ocr_carea' id='block_1_29' title="bbox 173 2819 1758 2889">
    <p class='ocr_par' dir='ltr' id='par_1_29' title="bbox 173 2819 1758 2889">
     <span class='ocr_line' id='line_1_29' title="bbox 173 2819 1758 2889; baseline -0.001 -16"><span class='ocrx_word' id='word_1_191' title='bbox 173 2821 283 2873; x_wconf 71' lang='lat' dir='ltr'><strong><em>illa:</em></strong></span> <span class='ocrx_word' id='word_1_192' title='bbox 313 2820 540 2888; x_wconf 69' lang='lat' dir='ltr'><strong><em>lapideae</em></strong></span> <span class='ocrx_word' id='word_1_193' title='bbox 573 2821 836 2887; x_wconf 74' lang='lat' dir='ltr'><strong><em>ingentes,</em></strong></span> <span class='ocrx_word' id='word_1_194' title='bbox 860 2821 1053 2889; x_wconf 81' lang='lat' dir='ltr'><strong><em>quibus</em></strong></span> <span class='ocrx_word' id='word_1_195' title='bbox 1085 2834 1399 2886; x_wconf 81' lang='lat' dir='ltr'><strong><em>magnorum</em></strong></span> <span class='ocrx_word' id='word_1_196' title='bbox 1428 2820 1553 2887; x_wconf 67' lang='lat' dir='ltr'><strong><em>ripae</em></strong></span> <span class='ocrx_word' id='word_1_197' title='bbox 1583 2819 1758 2872; x_wconf 83' lang='lat' dir='ltr'><strong><em>ﬂutui-</em></strong></span> 
     </span>
    </p>
   </div>
   <div class='ocr_carea' id='block_1_30' title="bbox 173 2910 1760 2978">
    <p class='ocr_par' dir='ltr' id='par_1_30' title="bbox 173 2910 1760 2978">
     <span class='ocr_line' id='line_1_30' title="bbox 173 2910 1760 2978; baseline 0.001 -16"><span class='ocrx_word' id='word_1_198' title='bbox 173 2927 310 2964; x_wconf 89' lang='lat' dir='ltr'><strong><em>num</em></strong></span> <span class='ocrx_word' id='word_1_199' title='bbox 349 2912 488 2962; x_wconf 84' lang='lat' dir='ltr'><strong><em>ﬁunt</em></strong></span> <span class='ocrx_word' id='word_1_200' title='bbox 518 2912 816 2964; x_wconf 67' lang='lat' dir='ltr'><strong><em>viatoribus</em></strong></span> <span class='ocrx_word' id='word_1_201' title='bbox 861 2912 1079 2978; x_wconf 70' lang='lat' dir='ltr'><strong><em>perviaz,</em></strong></span> <span class='ocrx_word' id='word_1_202' title='bbox 1123 2910 1372 2962; x_wconf 84' lang='lat' dir='ltr'><strong><em>videntur</em></strong></span> <span class='ocrx_word' id='word_1_203' title='bbox 1406 2913 1470 2963; x_wconf 89' lang='lat' dir='ltr'><strong><em>ad</em></strong></span> <span class='ocrx_word' id='word_1_204' title='bbox 1506 2911 1760 2964; x_wconf 75' lang='lat' dir='ltr'><strong><em>dilleren-</em></strong></span> 
     </span>
    </p>
   </div>
   <div class='ocr_carea' id='block_1_31' title="bbox 173 3000 1756 3070">
    <p class='ocr_par' dir='ltr' id='par_1_31' title="bbox 173 3000 1756 3070">
     <span class='ocr_line' id='line_1_31' title="bbox 173 3000 1756 3070; baseline 0.001 -17"><span class='ocrx_word' id='word_1_205' title='bbox 173 3013 310 3053; x_wconf 88' lang='lat' dir='ltr'><strong><em>ttatn</em></strong></span> <span class='ocrx_word' id='word_1_206' title='bbox 345 3017 452 3054; x_wconf 85' lang='lat' dir='ltr'><strong><em>non</em></strong></span> <span class='ocrx_word' id='word_1_207' title='bbox 481 3000 801 3068; x_wconf 86' lang='lat' dir='ltr'><strong><em>simpliciter</em></strong></span> <span class='ocrx_word' id='word_1_208' title='bbox 827 3002 1086 3070; x_wconf 79' lang='grc' dir='ltr'><strong><em>γέφυραι,</em></strong></span> <span class='ocrx_word' id='word_1_209' title='bbox 1111 3004 1204 3054; x_wconf 86' lang='lat' dir='ltr'><strong><em>sed</em></strong></span> <span class='ocrx_word' id='word_1_210' title='bbox 1244 3003 1457 3067; x_wconf 86' lang='lat' dir='ltr'><strong><em>proprie</em></strong></span> <span class='ocrx_word' id='word_1_211' title='bbox 1495 3005 1756 3070; x_wconf 73' lang='grc' dir='ltr'><strong><em>ποντογέ-</em></strong></span> 
     </span>
    </p>
   </div>
   <div class='ocr_carea' id='block_1_32' title="bbox 173 3092 1752 3166">
    <p class='ocr_par' dir='ltr' id='par_1_32' title="bbox 173 3092 1752 3166">
     <span class='ocr_line' id='line_1_32' title="bbox 173 3092 1752 3166; baseline 0.002 -20"><span class='ocrx_word' id='word_1_212' title='bbox 173 3112 349 3162; x_wconf 73' lang='grc' dir='ltr'><strong><em>φυραι</em></strong></span> <span class='ocrx_word' id='word_1_213' title='bbox 388 3104 612 3148; x_wconf 56' lang='lat' dir='ltr'><strong><em>vocata.</em></strong></span> <span class='ocrx_word' id='word_1_214' title='bbox 666 3093 720 3147; x_wconf 88' lang='lat' dir='ltr'><strong><em>Id</em></strong></span> <span class='ocrx_word' id='word_1_215' title='bbox 783 3092 1065 3147; x_wconf 76' lang='lat' dir='ltr'><strong><em>Maurilius</em></strong></span> <span class='ocrx_word' id='word_1_216' title='bbox 1115 3094 1291 3146; x_wconf 88' lang='lat' dir='ltr'><strong><em>innuit</em></strong></span> <span class='ocrx_word' id='word_1_217' title='bbox 1350 3095 1382 3146; x_wconf 93' lang='grc' dir='ltr'><strong><em>Ι.</em></strong></span> <span class='ocrx_word' id='word_1_218' title='bbox 1421 3109 1457 3146; x_wconf 88' lang='grc' dir='ltr'><strong><em>ιι</em></strong></span> <span class='ocrx_word' id='word_1_219' title='bbox 1495 3093 1752 3166; x_wconf 74' lang='grc' dir='ltr'><strong><em>81νο¹ε9.,</em></strong></span> 
     </span>
    </p>
   </div>
   <div class='ocr_carea' id='block_1_33' title="bbox 172 3185 1825 3252">
    <p class='ocr_par' dir='ltr' id='par_1_33' title="bbox 172 3185 1825 3252">
     <span class='ocr_line' id='line_1_33' title="bbox 172 3185 1825 3252; baseline 0.002 -14"><span class='ocrx_word' id='word_1_220' title='bbox 172 3202 222 3238; x_wconf 90' lang='lat' dir='ltr'><strong><em>c.</em></strong></span> <span class='ocrx_word' id='word_1_221' title='bbox 257 3187 352 3248; x_wconf 62' lang='grc' dir='ltr'><strong><em>Ἣ,</em></strong></span> <span class='ocrx_word' id='word_1_222' title='bbox 387 3186 453 3237; x_wconf 89' lang='lat' dir='ltr'><strong><em>de</em></strong></span> <span class='ocrx_word' id='word_1_223' title='bbox 485 3195 647 3250; x_wconf 89' lang='lat' dir='ltr'><strong><em>ponte</em></strong></span> <span class='ocrx_word' id='word_1_224' title='bbox 674 3185 928 3239; x_wconf 87' lang='lat' dir='ltr'><strong><em>amnibus</em></strong></span> <span class='ocrx_word' id='word_1_225' title='bbox 951 3185 1294 3252; x_wconf 86' lang='lat' dir='ltr'><strong><em>imponendo,</em></strong></span> <span class='ocrx_word' id='word_1_226' title='bbox 1321 3195 1585 3252; x_wconf 74' lang='lat' dir='ltr'><strong><em>quatenus</em></strong></span> <span class='ocrx_word' id='word_1_227' title='bbox 1615 3187 1665 3241; x_wconf 91' lang='lat' dir='ltr'><strong><em>id</em></strong></span> <span class='ocrx_word' id='word_1_228' title='bbox 1693 3189 1754 3240; x_wconf 81' lang='lat' dir='ltr'><strong><em>ad</em></strong></span> <span class='ocrx_word' id='word_1_229' title='bbox 1785 3189 1825 3240; x_wconf 72' lang='grc' dir='ltr'><strong>Ω</strong></span> 
     </span>
    </p>
   </div>
   <div class='ocr_carea' id='block_1_34' title="bbox 172 3273 1754 3345">
    <p class='ocr_par' dir='ltr' id='par_1_34' title="bbox 172 3273 1754 3345">
     <span class='ocr_line' id='line_1_34' title="bbox 172 3273 1754 3345; baseline 0.004 -20"><span class='ocrx_word' id='word_1_230' title='bbox 172 3274 590 3340; x_wconf 71' lang='lat' dir='ltr'><strong><em>imperatoriam</em></strong></span> <span class='ocrx_word' id='word_1_231' title='bbox 644 3276 886 3327; x_wconf 77' lang='lat' dir='ltr'><strong><em>dtu-toris</em></strong></span> <span class='ocrx_word' id='word_1_232' title='bbox 947 3273 1031 3344; x_wconf 80' lang='grc' dir='ltr'><strong><em>[Ρ.</em></strong></span> <span class='ocrx_word' id='word_1_233' title='bbox 1077 3273 1204 3345; x_wconf 68' lang='grc'><strong><em>505]</em></strong></span> <span class='ocrx_word' id='word_1_234' title='bbox 1254 3277 1524 3329; x_wconf 75' lang='lat' dir='ltr'><strong><em>exercitus</em></strong></span> <span class='ocrx_word' id='word_1_235' title='bbox 1569 3293 1754 3331; x_wconf 78' lang='lat' dir='ltr'><strong><em>eui-am</em></strong></span> 
     </span>
    </p>
   </div>
   <div class='ocr_carea' id='block_1_35' title="bbox 170 3366 1756 3440">
    <p class='ocr_par' dir='ltr' id='par_1_35' title="bbox 170 3366 1756 3440">
     <span class='ocr_line' id='line_1_35' title="bbox 170 3366 1756 3440; baseline 0.003 -22"><span class='ocrx_word' id='word_1_236' title='bbox 170 3377 410 3433; x_wconf 84' lang='lat' dir='ltr'><strong><em>spectat,</em></strong></span> <span class='ocrx_word' id='word_1_237' title='bbox 446 3368 762 3434; x_wconf 78' lang='lat' dir='ltr'><strong><em>praecipiens</em></strong></span> <span class='ocrx_word' id='word_1_238' title='bbox 810 3366 894 3419; x_wconf 88' lang='lat' dir='ltr'><strong><em>his</em></strong></span> <span class='ocrx_word' id='word_1_239' title='bbox 926 3367 1102 3419; x_wconf 87' lang='lat' dir='ltr'><strong><em>verbis</em></strong></span> <span class='ocrx_word' id='word_1_240' title='bbox 1137 3383 1150 3418; x_wconf 88' lang='lat'><strong>:</strong></span> <span class='ocrx_word' id='word_1_241' title='bbox 1191 3369 1250 3418; x_wconf 85' lang='grc' dir='ltr'><strong>Εἰ</strong></span> <span class='ocrx_word' id='word_1_242' title='bbox 1293 3372 1391 3435; x_wconf 83' lang='grc' dir='ltr'><strong><em>μὲν</em></strong></span> <span class='ocrx_word' id='word_1_243' title='bbox 1437 3371 1756 3440; x_wconf 76' lang='grc' dir='ltr'><strong><em>γεφυρῶσαι</em></strong></span> 
     </span>
    </p>
   </div>
   <div class='ocr_carea' id='block_1_36' title="bbox 169 3458 1757 3527">
    <p class='ocr_par' dir='ltr' id='par_1_36' title="bbox 169 3458 1757 3527">
     <span class='ocr_line' id='line_1_36' title="bbox 169 3458 1757 3527; baseline 0.003 -17"><span class='ocrx_word' id='word_1_244' title='bbox 169 3461 360 3527; x_wconf 76' lang='grc' dir='ltr'>χρεία,</span> <span class='ocrx_word' id='word_1_245' title='bbox 411 3461 660 3510; x_wconf 73' lang='grc' dir='ltr'><strong><em>τουτέστι</em></strong></span> <span class='ocrx_word' id='word_1_246' title='bbox 711 3459 1126 3525; x_wconf 76' lang='grc' dir='ltr'><strong><em>ποντογέςρυραν</em></strong></span> <span class='ocrx_word' id='word_1_247' title='bbox 1177 3458 1424 3527; x_wconf 76' lang='grc' dir='ltr'><strong><em>ποιῆσαι,</em></strong></span> <span class='ocrx_word' id='word_1_248' title='bbox 1480 3460 1594 3513; x_wconf 73' lang='grc' dir='ltr'><strong><em>δέον</em></strong></span> <span class='ocrx_word' id='word_1_249' title='bbox 1649 3462 1757 3514; x_wconf 78' lang='grc' dir='ltr'><strong><em>ἀπὸ</em></strong></span> 
     </span>
    </p>
   </div>
   <div class='ocr_carea' id='block_1_37' title="bbox 169 3549 1754 3619">
    <p class='ocr_par' dir='ltr' id='par_1_37' title="bbox 169 3549 1754 3619">
     <span class='ocr_line' id='line_1_37' title="bbox 169 3549 1754 3619; baseline 0.004 -19"><span class='ocrx_word' id='word_1_250' title='bbox 169 3551 265 3617; x_wconf 82' lang='grc' dir='ltr'><strong><em>τὴς</em></strong></span> <span class='ocrx_word' id='word_1_251' title='bbox 307 3550 450 3610; x_wconf 59' lang='lat' dir='ltr'><strong><em>idid;</em></strong></span> <span class='ocrx_word' id='word_1_252' title='bbox 484 3551 649 3618; x_wconf 74' lang='grc' dir='ltr'><strong><em>ὄχθης</em></strong></span> <span class='ocrx_word' id='word_1_253' title='bbox 693 3549 956 3619; x_wconf 81' lang='grc' dir='ltr'><strong><em>ἄρχεσθαι</em></strong></span> <span class='ocrx_word' id='word_1_254' title='bbox 1002 3551 1071 3602; x_wconf 77' lang='grc' dir='ltr'><strong>τὰ</strong></span> <span class='ocrx_word' id='word_1_255' title='bbox 1121 3552 1213 3603; x_wconf 80' lang='grc' dir='ltr'><strong><em>ἐπὶ</em></strong></span> <span class='ocrx_word' id='word_1_256' title='bbox 1255 3553 1482 3616; x_wconf 81' lang='grc' dir='ltr'><strong><em>τούτων,</em></strong></span> <span class='ocrx_word' id='word_1_257' title='bbox 1509 3555 1754 3607; x_wconf 77' lang='grc' dir='ltr'><strong><em>τουτέστι</em></strong></span> 
     </span>
    </p>
   </div>
   <div class='ocr_carea' id='block_1_38' title="bbox 169 3643 1755 3714">
    <p class='ocr_par' dir='ltr' id='par_1_38' title="bbox 169 3643 1755 3714">
     <span class='ocr_line' id='line_1_38' title="bbox 169 3643 1755 3714; baseline 0.003 -20"><span class='ocrx_word' id='word_1_258' title='bbox 169 3643 415 3703; x_wconf 74' lang='grc' dir='ltr'><strong><em>ναύκλας</em></strong></span> <span class='ocrx_word' id='word_1_259' title='bbox 457 3643 700 3708; x_wconf 73' lang='grc' dir='ltr'><strong><em>μεγάλας</em></strong></span> <span class='ocrx_word' id='word_1_260' title='bbox 747 3645 842 3695; x_wconf 74' lang='grc' dir='ltr'><strong><em>καὶ</em></strong></span> <span class='ocrx_word' id='word_1_261' title='bbox 891 3643 1256 3708; x_wconf 78' lang='grc' dir='ltr'><strong><em>ποντυλῶσαι,</em></strong></span> <span class='ocrx_word' id='word_1_262' title='bbox 1291 3646 1408 3713; x_wconf 76' lang='grc' dir='ltr'><strong><em>ἦτοι</em></strong></span> <span class='ocrx_word' id='word_1_263' title='bbox 1440 3647 1755 3714; x_wconf 71' lang='grc' dir='ltr'><strong><em>καταστρῶ-</em></strong></span> 
     </span>
    </p>
   </div>
   <div class='ocr_carea' id='block_1_39' title="bbox 171 3734 1754 3805">
    <p class='ocr_par' dir='ltr' id='par_1_39' title="bbox 171 3734 1754 3805">
     <span class='ocr_line' id='line_1_39' title="bbox 171 3734 1754 3805; baseline 0.004 -18"><span class='ocrx_word' id='word_1_264' title='bbox 171 3753 285 3798; x_wconf 75' lang='grc' dir='ltr'>σαι,</span> <span class='ocrx_word' id='word_1_265' title='bbox 322 3738 548 3787; x_wconf 75' lang='grc' dir='ltr'><strong>πάντων</strong></span> <span class='ocrx_word' id='word_1_266' title='bbox 581 3737 637 3786; x_wconf 76' lang='grc' dir='ltr'><strong><em>ὲν</em></strong></span> <span class='ocrx_word' id='word_1_267' title='bbox 658 3735 860 3804; x_wconf 76' lang='grc' dir='ltr'><strong><em>ἑτοίμῳ</em></strong></span> <span class='ocrx_word' id='word_1_268' title='bbox 887 3734 1075 3787; x_wconf 80' lang='grc' dir='ltr'><strong><em>ὄντων.</em></strong></span> <span class='ocrx_word' id='word_1_269' title='bbox 1107 3735 1180 3786; x_wconf 82' lang='lat' dir='ltr'><strong><em>En</em></strong></span> <span class='ocrx_word' id='word_1_270' title='bbox 1213 3740 1462 3805; x_wconf 79' lang='lat' dir='ltr'><strong><em>magister</em></strong></span> <span class='ocrx_word' id='word_1_271' title='bbox 1505 3740 1754 3793; x_wconf 80' lang='lat' dir='ltr'><strong><em>militaris</em></strong></span> 
     </span>
    </p>
   </div>
   <div class='ocr_carea' id='block_1_40' title="bbox 171 3827 1751 3894">
    <p class='ocr_par' dir='ltr' id='par_1_40' title="bbox 171 3827 1751 3894">
     <span class='ocr_line' id='line_1_40' title="bbox 171 3827 1751 3894; baseline 0.003 -15"><span class='ocrx_word' id='word_1_272' title='bbox 171 3843 264 3881; x_wconf 79' lang='lat' dir='ltr'><strong><em>seu</em></strong></span> <span class='ocrx_word' id='word_1_273' title='bbox 309 3828 490 3893; x_wconf 86' lang='lat' dir='ltr'><strong><em>potius</em></strong></span> <span class='ocrx_word' id='word_1_274' title='bbox 526 3827 889 3894; x_wconf 68' lang='lat' dir='ltr'><strong><em>imperator-im</em></strong></span> <span class='ocrx_word' id='word_1_275' title='bbox 934 3827 1067 3879; x_wconf 83' lang='lat' dir='ltr'><strong><em>artis</em></strong></span> <span class='ocrx_word' id='word_1_276' title='bbox 1119 3828 1204 3880; x_wconf 85' lang='lat' dir='ltr'><strong><em>hic</em></strong></span> <span class='ocrx_word' id='word_1_277' title='bbox 1264 3829 1528 3894; x_wconf 67' lang='lat' dir='ltr'><strong><em>praecipit.</em></strong></span> <span class='ocrx_word' id='word_1_278' title='bbox 1567 3831 1651 3882; x_wconf 87' lang='lat' dir='ltr'><strong><em>ubi</em></strong></span> <span class='ocrx_word' id='word_1_279' title='bbox 1701 3833 1751 3884; x_wconf 92' lang='lat' dir='ltr'><strong><em>in</em></strong></span> 
     </span>
    </p>
   </div>
   <div class='ocr_carea' id='block_1_41' title="bbox 171 3921 1752 3986">
    <p class='ocr_par' dir='ltr' id='par_1_41' title="bbox 171 3921 1752 3986">
     <span class='ocr_line' id='line_1_41' title="bbox 171 3921 1752 3986; baseline 0.006 -17"><span class='ocrx_word' id='word_1_280' title='bbox 171 3921 348 3971; x_wconf 78' lang='lat' dir='ltr'><strong><em>amnis</em></strong></span> <span class='ocrx_word' id='word_1_281' title='bbox 382 3935 640 3983; x_wconf 87' lang='lat' dir='ltr'><strong><em>occursu,</em></strong></span> <span class='ocrx_word' id='word_1_282' title='bbox 681 3935 840 3986; x_wconf 89' lang='lat' dir='ltr'><strong><em>quem</em></strong></span> <span class='ocrx_word' id='word_1_283' title='bbox 895 3921 1015 3972; x_wconf 89' lang='lat' dir='ltr'><strong><em>belli</em></strong></span> <span class='ocrx_word' id='word_1_284' title='bbox 1068 3923 1206 3972; x_wconf 81' lang='lat' dir='ltr'><strong><em>ratio</em></strong></span> <span class='ocrx_word' id='word_1_285' title='bbox 1253 3938 1357 3974; x_wconf 91' lang='lat' dir='ltr'><strong><em>non</em></strong></span> <span class='ocrx_word' id='word_1_286' title='bbox 1385 3931 1592 3976; x_wconf 81' lang='lat' dir='ltr'><strong><em>tantum</em></strong></span> <span class='ocrx_word' id='word_1_287' title='bbox 1629 3939 1752 3977; x_wconf 90' lang='lat' dir='ltr'><strong><em>cum</em></strong></span> 
     </span>
    </p>
   </div>
   <div class='ocr_carea' id='block_1_42' title="bbox 171 4011 1751 4085">
    <p class='ocr_par' dir='ltr' id='par_1_42' title="bbox 171 4011 1751 4085">
     <span class='ocr_line' id='line_1_42' title="bbox 171 4011 1751 4085; baseline 0.005 -25"><span class='ocrx_word' id='word_1_288' title='bbox 171 4012 419 4064; x_wconf 76' lang='lat' dir='ltr'><strong><em>exercitu</em></strong></span> <span class='ocrx_word' id='word_1_289' title='bbox 448 4011 773 4078; x_wconf 77' lang='lat' dir='ltr'><strong><em>transgredi,</em></strong></span> <span class='ocrx_word' id='word_1_290' title='bbox 804 4011 896 4063; x_wconf 83' lang='lat' dir='ltr'><strong><em>sed</em></strong></span> <span class='ocrx_word' id='word_1_291' title='bbox 934 4011 1094 4062; x_wconf 86' lang='lat' dir='ltr'><strong><em>etiam</em></strong></span> <span class='ocrx_word' id='word_1_292' title='bbox 1136 4027 1230 4079; x_wconf 80' lang='lat' dir='ltr'><strong><em>per</em></strong></span> <span class='ocrx_word' id='word_1_293' title='bbox 1263 4030 1384 4064; x_wconf 73' lang='lat' dir='ltr'><strong><em>eum</em></strong></span> <span class='ocrx_word' id='word_1_294' title='bbox 1614 4016 1751 4068; x_wconf 84' lang='lat' dir='ltr'><strong><em>viam</em></strong></span> 
     </span>
    </p>
   </div>
   <div class='ocr_carea' id='block_1_43' title="bbox 173 4103 1754 4173">
    <p class='ocr_par' dir='ltr' id='par_1_43' title="bbox 173 4103 1754 4173">
     <span class='ocr_line' id='line_1_43' title="bbox 173 4103 1754 4173; baseline 0.006 -21"><span class='ocrx_word' id='word_1_295' title='bbox 173 4104 401 4154; x_wconf 77' lang='lat' dir='ltr'><strong><em>liberam</em></strong></span> <span class='ocrx_word' id='word_1_296' title='bbox 453 4117 670 4155; x_wconf 80' lang='lat' dir='ltr'><strong><em>servare</em></strong></span> <span class='ocrx_word' id='word_1_297' title='bbox 714 4103 779 4155; x_wconf 90' lang='lat' dir='ltr'><strong><em>ad</em></strong></span> <span class='ocrx_word' id='word_1_298' title='bbox 814 4117 1118 4169; x_wconf 73' lang='lat' dir='ltr'><strong><em>regressum</em></strong></span> <span class='ocrx_word' id='word_1_299' title='bbox 1152 4104 1401 4168; x_wconf 74' lang='lat' dir='ltr'><strong><em>suadeat,</em></strong></span> <span class='ocrx_word' id='word_1_300' title='bbox 1429 4121 1563 4173; x_wconf 89' lang='lat' dir='ltr'><strong><em>opus</em></strong></span> <span class='ocrx_word' id='word_1_301' title='bbox 1595 4108 1754 4162; x_wconf 75' lang='lat' dir='ltr'><strong><em>fuerit</em></strong></span> 
     </span>
    </p>
   </div>
   <div class='ocr_carea' id='block_1_44' title="bbox 173 4193 1751 4266">
    <p class='ocr_par' dir='ltr' id='par_1_44' title="bbox 173 4193 1751 4266">
     <span class='ocr_line' id='line_1_44' title="bbox 173 4193 1751 4266; baseline 0.003 -20"><span class='ocrx_word' id='word_1_302' title='bbox 173 4194 345 4246; x_wconf 76' lang='lat' dir='ltr'><strong><em>solida</em></strong></span> <span class='ocrx_word' id='word_1_303' title='bbox 379 4193 532 4244; x_wconf 88' lang='lat' dir='ltr'><strong><em>illum</em></strong></span> <span class='ocrx_word' id='word_1_304' title='bbox 589 4193 728 4245; x_wconf 84' lang='lat' dir='ltr'><strong><em>nole</em></strong></span> <span class='ocrx_word' id='word_1_305' title='bbox 761 4206 1115 4247; x_wconf 63' lang='lat' dir='ltr'><strong><em>consmrnere</em></strong></span> <span class='ocrx_word' id='word_1_306' title='bbox 1146 4211 1302 4260; x_wconf 88' lang='lat' dir='ltr'><strong><em>quam</em></strong></span> <span class='ocrx_word' id='word_1_307' title='bbox 1343 4199 1751 4266; x_wconf 68' lang='grc' dir='ltr'><strong><em>ποντογέφυραν</em></strong></span> 
     </span>
    </p>
   </div>
   <div class='ocr_carea' id='block_1_45' title="bbox 173 4284 1747 4354">
    <p class='ocr_par' dir='ltr' id='par_1_45' title="bbox 173 4284 1747 4354">
     <span class='ocr_line' id='line_1_45' title="bbox 173 4284 1747 4354; baseline 0.005 -21"><span class='ocrx_word' id='word_1_308' title='bbox 173 4287 354 4352; x_wconf 86' lang='lat' dir='ltr'><strong><em>potius</em></strong></span> <span class='ocrx_word' id='word_1_309' title='bbox 427 4298 587 4351; x_wconf 83' lang='lat' dir='ltr'><strong><em>quam</em></strong></span> <span class='ocrx_word' id='word_1_310' title='bbox 655 4284 908 4353; x_wconf 81' lang='grc' dir='ltr'><strong><em>γέφυραν</em></strong></span> <span class='ocrx_word' id='word_1_311' title='bbox 964 4288 1106 4351; x_wconf 74' lang='lat' dir='ltr'><strong><em>(quae</em></strong></span> <span class='ocrx_word' id='word_1_312' title='bbox 1157 4285 1224 4337; x_wconf 92' lang='lat' dir='ltr'><strong><em>sit</em></strong></span> <span class='ocrx_word' id='word_1_313' title='bbox 1269 4297 1747 4354; x_wconf 71' lang='lat' dir='ltr'><strong><em>extemporaneum</em></strong></span> 
     </span>
    </p>
   </div>
   <div class='ocr_carea' id='block_1_46' title="bbox 171 4377 1748 4448">
    <p class='ocr_par' dir='ltr' id='par_1_46' title="bbox 171 4377 1748 4448">
     <span class='ocr_line' id='line_1_46' title="bbox 171 4377 1748 4448; baseline 0.004 -21"><span class='ocrx_word' id='word_1_314' title='bbox 171 4377 478 4445; x_wconf 87' lang='lat' dir='ltr'><strong><em>quidpiam)</em></strong></span> <span class='ocrx_word' id='word_1_315' title='bbox 511 4377 688 4430; x_wconf 86' lang='lat' dir='ltr'><strong><em>vocari</em></strong></span> <span class='ocrx_word' id='word_1_316' title='bbox 723 4379 819 4440; x_wconf 86' lang='lat' dir='ltr'><strong><em>ait,</em></strong></span> <span class='ocrx_word' id='word_1_317' title='bbox 851 4377 1109 4430; x_wconf 82' lang='lat' dir='ltr'><strong><em>inchoare</em></strong></span> <span class='ocrx_word' id='word_1_318' title='bbox 1133 4391 1188 4430; x_wconf 92' lang='lat' dir='ltr'><strong><em>et</em></strong></span> <span class='ocrx_word' id='word_1_319' title='bbox 1221 4391 1534 4447; x_wconf 80' lang='lat' dir='ltr'><strong><em>apparatum</em></strong></span> <span class='ocrx_word' id='word_1_320' title='bbox 1566 4382 1748 4448; x_wconf 87' lang='lat' dir='ltr'><strong><em>operis</em></strong></span> 
     </span>
    </p>
   </div>
   <div class='ocr_carea' id='block_1_47' title="bbox 169 4469 1745 4537">
    <p class='ocr_par' dir='ltr' id='par_1_47' title="bbox 169 4469 1745 4537">
     <span class='ocr_line' id='line_1_47' title="bbox 169 4469 1745 4537; baseline 0.004 -19"><span class='ocrx_word' id='word_1_321' title='bbox 169 4481 380 4537; x_wconf 64' lang='lat' dir='ltr'><strong><em>etOpus</em></strong></span> <span class='ocrx_word' id='word_1_322' title='bbox 417 4471 593 4537; x_wconf 88' lang='lat' dir='ltr'><strong><em>ipsum</em></strong></span> <span class='ocrx_word' id='word_1_323' title='bbox 627 4484 652 4519; x_wconf 84' lang='lat' dir='ltr'><strong><em>a</em></strong></span> <span class='ocrx_word' id='word_1_324' title='bbox 679 4472 793 4534; x_wconf 88' lang='lat' dir='ltr'><strong><em>ripa</em></strong></span> <span class='ocrx_word' id='word_1_325' title='bbox 829 4484 991 4537; x_wconf 87' lang='lat' dir='ltr'><strong><em>quam</em></strong></span> <span class='ocrx_word' id='word_1_326' title='bbox 1029 4469 1323 4534; x_wconf 87' lang='lat' dir='ltr'><strong><em>imperator</em></strong></span> <span class='ocrx_word' id='word_1_327' title='bbox 1355 4485 1478 4524; x_wconf 90' lang='lat' dir='ltr'><strong><em>cum</em></strong></span> <span class='ocrx_word' id='word_1_328' title='bbox 1505 4472 1745 4524; x_wconf 81' lang='lat' dir='ltr'><strong><em>exercitu</em></strong></span> 
     </span>
    </p>
   </div>
   <div class='ocr_carea' id='block_1_48' title="bbox 169 4559 1749 4628">
    <p class='ocr_par' dir='ltr' id='par_1_48' title="bbox 169 4559 1749 4628">
     <span class='ocr_line' id='line_1_48' title="bbox 169 4559 1749 4628; baseline 0 -17"><span class='ocrx_word' id='word_1_329' title='bbox 169 4560 399 4619; x_wconf 84' lang='lat' dir='ltr'><strong><em>obtinet,</em></strong></span> <span class='ocrx_word' id='word_1_330' title='bbox 439 4575 540 4617; x_wconf 84' lang='lat' dir='ltr'><strong><em>non</em></strong></span> <span class='ocrx_word' id='word_1_331' title='bbox 584 4569 760 4610; x_wconf 89' lang='lat' dir='ltr'><strong><em>autem</em></strong></span> <span class='ocrx_word' id='word_1_332' title='bbox 799 4559 865 4612; x_wconf 85' lang='lat' dir='ltr'><strong><em>ab</em></strong></span> <span class='ocrx_word' id='word_1_333' title='bbox 891 4559 1141 4611; x_wconf 81' lang='lat' dir='ltr'><strong><em>adversa.</em></strong></span> <span class='ocrx_word' id='word_1_334' title='bbox 1177 4559 1286 4612; x_wconf 61' lang='lat' dir='ltr'><strong><em>hec</em></strong></span> <span class='ocrx_word' id='word_1_335' title='bbox 1319 4573 1534 4613; x_wconf 88' lang='lat' dir='ltr'><strong><em>movere</em></strong></span> <span class='ocrx_word' id='word_1_336' title='bbox 1560 4575 1749 4628; x_wconf 87' lang='lat' dir='ltr'><strong><em>quem-</em></strong></span> 
     </span>
    </p>
   </div>
   <div class='ocr_carea' id='block_1_49' title="bbox 167 4651 1746 4721">
    <p class='ocr_par' dir='ltr' id='par_1_49' title="bbox 167 4651 1746 4721">
     <span class='ocr_line' id='line_1_49' title="bbox 167 4651 1746 4721; baseline 0.001 -17"><span class='ocrx_word' id='word_1_337' title='bbox 167 4669 327 4721; x_wconf 88' lang='lat' dir='ltr'><strong><em>quam</em></strong></span> <span class='ocrx_word' id='word_1_338' title='bbox 363 4651 527 4704; x_wconf 81' lang='lat' dir='ltr'><strong><em>debet</em></strong></span> <span class='ocrx_word' id='word_1_339' title='bbox 566 4651 825 4703; x_wconf 85' lang='lat' dir='ltr'><strong><em>adversus</em></strong></span> <span class='ocrx_word' id='word_1_340' title='bbox 859 4651 971 4703; x_wconf 68' lang='lat' dir='ltr'><strong><em>haec</em></strong></span> <span class='ocrx_word' id='word_1_341' title='bbox 1004 4653 1146 4719; x_wconf 89' lang='lat' dir='ltr'><strong><em>quod</em></strong></span> <span class='ocrx_word' id='word_1_342' title='bbox 1181 4651 1328 4717; x_wconf 85' lang='lat' dir='ltr'><strong><em>ponti</em></strong></span> <span class='ocrx_word' id='word_1_343' title='bbox 1372 4664 1568 4703; x_wconf 89' lang='lat' dir='ltr'><strong><em>nomen</em></strong></span> <span class='ocrx_word' id='word_1_344' title='bbox 1607 4653 1746 4706; x_wconf 88' lang='lat' dir='ltr'><strong><em>male</em></strong></span> 
     </span>
    </p>
   </div>
   <div class='ocr_carea' id='block_1_50' title="bbox 166 4743 1745 4813">
    <p class='ocr_par' dir='ltr' id='par_1_50' title="bbox 166 4743 1745 4813">
     <span class='ocr_line' id='line_1_50' title="bbox 166 4743 1745 4813; baseline 0.001 -14"><span class='ocrx_word' id='word_1_345' title='bbox 166 4747 508 4806; x_wconf 70' lang='lat' dir='ltr'><strong><em>ﬂuminibus,</em></strong></span> <span class='ocrx_word' id='word_1_346' title='bbox 542 4760 659 4810; x_wconf 68' lang='lat' dir='ltr'><strong><em>quae</em></strong></span> <span class='ocrx_word' id='word_1_347' title='bbox 692 4745 805 4798; x_wconf 86' lang='lat' dir='ltr'><strong><em>sola</em></strong></span> <span class='ocrx_word' id='word_1_348' title='bbox 840 4743 954 4797; x_wconf 80' lang='lat' dir='ltr'><strong><em>fere</em></strong></span> <span class='ocrx_word' id='word_1_349' title='bbox 984 4756 1173 4811; x_wconf 85' lang='lat' dir='ltr'><strong><em>pontes</em></strong></span> <span class='ocrx_word' id='word_1_350' title='bbox 1198 4748 1494 4813; x_wconf 82' lang='lat' dir='ltr'><strong><em>patiuntur,</em></strong></span> <span class='ocrx_word' id='word_1_351' title='bbox 1530 4761 1745 4800; x_wconf 90' lang='lat' dir='ltr'><strong><em>conve—</em></strong></span> 
     </span>
    </p>
   </div>
   <div class='ocr_carea' id='block_1_51' title="bbox 166 4834 1743 4907">
    <p class='ocr_par' dir='ltr' id='par_1_51' title="bbox 166 4834 1743 4907">
     <span class='ocr_line' id='line_1_51' title="bbox 166 4834 1743 4907; baseline -0.001 -17"><span class='ocrx_word' id='word_1_352' title='bbox 166 4840 283 4892; x_wconf 88' lang='lat' dir='ltr'><strong><em>nire</em></strong></span> <span class='ocrx_word' id='word_1_353' title='bbox 313 4839 578 4890; x_wconf 74' lang='lat' dir='ltr'><strong><em>videntur.</em></strong></span> <span class='ocrx_word' id='word_1_354' title='bbox 612 4834 746 4888; x_wconf 83' lang='lat' dir='ltr'><strong><em>Nam</em></strong></span> <span class='ocrx_word' id='word_1_355' title='bbox 780 4845 1142 4905; x_wconf 66' lang='lat' dir='ltr'><strong><em>praeterquam</em></strong></span> <span class='ocrx_word' id='word_1_356' title='bbox 1180 4839 1323 4905; x_wconf 86' lang='lat' dir='ltr'><strong><em>quod</em></strong></span> <span class='ocrx_word' id='word_1_357' title='bbox 1364 4847 1491 4890; x_wconf 88' lang='lat' dir='ltr'><strong><em>sunt</em></strong></span> <span class='ocrx_word' id='word_1_358' title='bbox 1523 4838 1743 4907; x_wconf 86' lang='lat' dir='ltr'><strong><em>quidam</em></strong></span> 
     </span>
    </p>
   </div>
   <div class='ocr_carea' id='block_1_52' title="bbox 166 4926 1747 4999">
    <p class='ocr_par' dir='ltr' id='par_1_52' title="bbox 166 4926 1747 4999">
     <span class='ocr_line' id='line_1_52' title="bbox 166 4926 1747 4999; baseline 0 -17"><span class='ocrx_word' id='word_1_359' title='bbox 166 4933 330 4991; x_wconf 76' lang='lat' dir='ltr'><strong><em>ﬂuvii,</em></strong></span> <span class='ocrx_word' id='word_1_360' title='bbox 364 4942 424 4983; x_wconf 92' lang='lat' dir='ltr'><strong><em>ut</em></strong></span> <span class='ocrx_word' id='word_1_361' title='bbox 457 4932 522 4983; x_wconf 87' lang='lat' dir='ltr'><strong><em>tle</em></strong></span> <span class='ocrx_word' id='word_1_362' title='bbox 553 4931 711 4983; x_wconf 89' lang='lat' dir='ltr'><strong><em>modo</em></strong></span> <span class='ocrx_word' id='word_1_363' title='bbox 744 4937 1040 4982; x_wconf 82' lang='lat' dir='ltr'><strong><em>inemorato</em></strong></span> <span class='ocrx_word' id='word_1_364' title='bbox 1080 4926 1306 4999; x_wconf 72' lang='lat' dir='ltr'><strong><em>Sangari</em></strong></span> <span class='ocrx_word' id='word_1_365' title='bbox 1341 4928 1634 4998; x_wconf 77' lang='lat' dir='ltr'><strong><em>Procopius</em></strong></span> <span class='ocrx_word' id='word_1_366' title='bbox 1670 4931 1747 4982; x_wconf 86' lang='lat' dir='ltr'><strong><em>lo-</em></strong></span> 
     </span>
    </p>
   </div>
   <div class='ocr_carea' id='block_1_53' title="bbox 165 5020 1746 5092">
    <p class='ocr_par' dir='ltr' id='par_1_53' title="bbox 165 5020 1746 5092">
     <span class='ocr_line' id='line_1_53' title="bbox 165 5020 1746 5092; baseline -0.001 -17"><span class='ocrx_word' id='word_1_367' title='bbox 165 5025 371 5090; x_wconf 77' lang='lat' dir='ltr'><strong><em>quitur,</em></strong></span> <span class='ocrx_word' id='word_1_368' title='bbox 413 5023 768 5091; x_wconf 64' lang='grc' dir='ltr'><strong><em>εὖρυνόμενοι</em></strong></span> <span class='ocrx_word' id='word_1_369' title='bbox 801 5020 1044 5090; x_wconf 77' lang='grc' dir='ltr'><strong><em>Θαλάσσῃ</em></strong></span> <span class='ocrx_word' id='word_1_370' title='bbox 1071 5021 1183 5082; x_wconf 74' lang='lat' dir='ltr'><strong><em>lca,</em></strong></span> <span class='ocrx_word' id='word_1_371' title='bbox 1215 5022 1498 5074; x_wconf 80' lang='lat' dir='ltr'><strong><em>latitudine</em></strong></span> <span class='ocrx_word' id='word_1_372' title='bbox 1517 5022 1746 5092; x_wconf 74' lang='lat' dir='ltr'><strong><em>a&#39;quorei</em></strong></span> 
     </span>
    </p>
   </div>
   <div class='ocr_carea' id='block_1_54' title="bbox 165 5113 1747 5184">
    <p class='ocr_par' dir='ltr' id='par_1_54' title="bbox 165 5113 1747 5184">
     <span class='ocr_line' id='line_1_54' title="bbox 165 5113 1747 5184; baseline -0.008 -15"><span class='ocrx_word' id='word_1_373' title='bbox 165 5137 223 5169; x_wconf 59' lang='lat' dir='ltr'><strong><em>ac</em></strong></span> <span class='ocrx_word' id='word_1_374' title='bbox 257 5125 428 5184; x_wconf 83' lang='lat' dir='ltr'><strong><em>ponto</em></strong></span> <span class='ocrx_word' id='word_1_375' title='bbox 460 5115 684 5177; x_wconf 68' lang='lat' dir='ltr'><strong><em>similes,</em></strong></span> <span class='ocrx_word' id='word_1_376' title='bbox 724 5116 883 5165; x_wconf 83' lang='lat' dir='ltr'><strong><em>etiam</em></strong></span> <span class='ocrx_word' id='word_1_377' title='bbox 919 5128 984 5165; x_wconf 81' lang='lat' dir='ltr'><strong><em>ex</em></strong></span> <span class='ocrx_word' id='word_1_378' title='bbox 1019 5115 1225 5182; x_wconf 79' lang='lat' dir='ltr'><strong><em>origine</em></strong></span> <span class='ocrx_word' id='word_1_379' title='bbox 1252 5113 1317 5164; x_wconf 88' lang='lat' dir='ltr'><strong><em>ab</em></strong></span> <span class='ocrx_word' id='word_1_380' title='bbox 1339 5115 1593 5166; x_wconf 87' lang='lat' dir='ltr'><strong><em>omnibus</em></strong></span> <span class='ocrx_word' id='word_1_381' title='bbox 1623 5114 1713 5179; x_wconf 90' lang='lat' dir='ltr'><strong><em>qui</em></strong></span> <span class='ocrx_word' id='word_1_382' title='bbox 1736 5145 1747 5156; x_wconf 92' lang='lat'><strong><em>.</em></strong></span> 
     </span>
    </p>
   </div>
   <div class='ocr_carea' id='block_1_55' title="bbox 166 5205 1744 5277">
    <p class='ocr_par' dir='ltr' id='par_1_55' title="bbox 166 5205 1744 5277">
     <span class='ocr_line' id='line_1_55' title="bbox 166 5205 1744 5277; baseline -0.001 -17"><span class='ocrx_word' id='word_1_383' title='bbox 166 5211 374 5277; x_wconf 89' lang='lat' dir='ltr'><strong><em>busqne</em></strong></span> <span class='ocrx_word' id='word_1_384' title='bbox 411 5205 692 5260; x_wconf 73' lang='lat' dir='ltr'><strong><em>latioribus</em></strong></span> <span class='ocrx_word' id='word_1_385' title='bbox 717 5205 1062 5273; x_wconf 82' lang='lat' dir='ltr'><strong><em>designandis</em></strong></span> <span class='ocrx_word' id='word_1_386' title='bbox 1088 5220 1191 5257; x_wconf 91' lang='lat' dir='ltr'><strong><em>non</em></strong></span> <span class='ocrx_word' id='word_1_387' title='bbox 1217 5207 1428 5256; x_wconf 89' lang='lat' dir='ltr'><strong><em>videtur</em></strong></span> <span class='ocrx_word' id='word_1_388' title='bbox 1448 5206 1744 5260; x_wconf 82' lang='lat' dir='ltr'><strong><em>abhorrere</em></strong></span> 
     </span>
    </p>
   </div>
   <div class='ocr_carea' id='block_1_56' title="bbox 165 5298 1743 5366">
    <p class='ocr_par' dir='ltr' id='par_1_56' title="bbox 165 5298 1743 5366">
     <span class='ocr_line' id='line_1_56' title="bbox 165 5298 1743 5366; baseline -0.001 -13"><span class='ocrx_word' id='word_1_389' title='bbox 165 5305 295 5353; x_wconf 69' lang='grc' dir='ltr'><strong><em>πάντ</em></strong></span> <span class='ocrx_word' id='word_1_390' title='bbox 332 5320 360 5351; x_wconf 83' lang='grc' dir='ltr'><strong><em>υ</em></strong></span> <span class='ocrx_word' id='word_1_391' title='bbox 395 5299 741 5356; x_wconf 75' lang='lat' dir='ltr'><strong><em>voeabulum,</em></strong></span> <span class='ocrx_word' id='word_1_392' title='bbox 773 5299 1062 5366; x_wconf 81' lang='lat' dir='ltr'><strong><em>siquidem,</em></strong></span> <span class='ocrx_word' id='word_1_393' title='bbox 1096 5305 1152 5348; x_wconf 93' lang='lat' dir='ltr'><strong><em>ut</em></strong></span> <span class='ocrx_word' id='word_1_394' title='bbox 1196 5298 1512 5349; x_wconf 49' lang='lat' dir='ltr'><strong><em>Eustathius</em></strong></span> <span class='ocrx_word' id='word_1_395' title='bbox 1553 5300 1743 5351; x_wconf 80' lang='lat' dir='ltr'><strong><em>ulmo-</em></strong></span> 
     </span>
    </p>
   </div>
   <div class='ocr_carea' id='block_1_57' title="bbox 167 5383 1740 5454">
    <p class='ocr_par' dir='ltr' id='par_1_57' title="bbox 167 5383 1740 5454">
     <span class='ocr_line' id='line_1_57' title="bbox 167 5383 1740 5454; baseline -0.002 -11"><span class='ocrx_word' id='word_1_396' title='bbox 167 5404 253 5445; x_wconf 88' lang='lat' dir='ltr'><strong><em>net</em></strong></span> <span class='ocrx_word' id='word_1_397' title='bbox 299 5392 364 5443; x_wconf 79' lang='lat' dir='ltr'><strong><em>ad</em></strong></span> <span class='ocrx_word' id='word_1_398' title='bbox 406 5389 559 5442; x_wconf 84' lang='lat' dir='ltr'><strong><em>Iliad.</em></strong></span> <span class='ocrx_word' id='word_1_399' title='bbox 589 5388 640 5453; x_wconf 87' lang='grc' dir='ltr'><strong><em>δ,</em></strong></span> <span class='ocrx_word' id='word_1_400' title='bbox 685 5389 883 5449; x_wconf 81' lang='grc' dir='ltr'><strong><em>Πόντος</em></strong></span> <span class='ocrx_word' id='word_1_401' title='bbox 916 5388 1132 5454; x_wconf 69' lang='grc' dir='ltr'><strong><em>ὶέγεται</em></strong></span> <span class='ocrx_word' id='word_1_402' title='bbox 1183 5388 1256 5448; x_wconf 85' lang='grc' dir='ltr'><strong><em>ὼς</em></strong></span> <span class='ocrx_word' id='word_1_403' title='bbox 1294 5383 1381 5439; x_wconf 78' lang='grc' dir='ltr'>οἷὰ</span> <span class='ocrx_word' id='word_1_404' title='bbox 1411 5405 1490 5449; x_wconf 82' lang='grc' dir='ltr'>τις</span> <span class='ocrx_word' id='word_1_405' title='bbox 1528 5389 1740 5452; x_wconf 76' lang='grc' dir='ltr'><strong><em>πνότος,</em></strong></span> 
     </span>
    </p>
   </div>
   <div class='ocr_carea' id='block_1_58' title="bbox 162 5480 1740 5555">
    <p class='ocr_par' dir='ltr' id='par_1_58' title="bbox 162 5480 1740 5555">
     <span class='ocr_line' id='line_1_58' title="bbox 162 5480 1740 5555; baseline -0.001 -20"><span class='ocrx_word' id='word_1_406' title='bbox 162 5488 222 5535; x_wconf 76' lang='grc' dir='ltr'><strong><em>ὲκ</em></strong></span> <span class='ocrx_word' id='word_1_407' title='bbox 265 5482 359 5536; x_wconf 74' lang='grc' dir='ltr'><strong><em>τοῦ</em></strong></span> <span class='ocrx_word' id='word_1_408' title='bbox 407 5484 806 5533; x_wconf 70' lang='grc' dir='ltr'><strong><em>καταπνεῖσθαι</em></strong></span> <span class='ocrx_word' id='word_1_409' title='bbox 837 5481 1088 5555; x_wconf 56' lang='grc' dir='ltr'><strong><em>ἀνέμοιςζ</em></strong></span> <span class='ocrx_word' id='word_1_410' title='bbox 1131 5480 1174 5532; x_wconf 85' lang='grc' dir='ltr'><strong>Α</strong></span> <span class='ocrx_word' id='word_1_411' title='bbox 1211 5481 1373 5532; x_wconf 72' lang='lat' dir='ltr'><strong><em>verbo</em></strong></span> <span class='ocrx_word' id='word_1_412' title='bbox 1415 5481 1561 5532; x_wconf 82' lang='grc' dir='ltr'>πνέω</span> <span class='ocrx_word' id='word_1_413' title='bbox 1598 5483 1740 5541; x_wconf 85' lang='lat' dir='ltr'><strong><em>spiro</em></strong></span> 
     </span>
    </p>
   </div>
   <div class='ocr_carea' id='block_1_59' title="bbox 164 5573 1740 5641">
    <p class='ocr_par' dir='ltr' id='par_1_59' title="bbox 164 5573 1740 5641">
     <span class='ocr_line' id='line_1_59' title="bbox 164 5573 1740 5641; baseline -0.001 -15"><span class='ocrx_word' id='word_1_414' title='bbox 164 5577 350 5629; x_wconf 75' lang='lat' dir='ltr'><strong><em>deduci</em></strong></span> <span class='ocrx_word' id='word_1_415' title='bbox 389 5575 593 5626; x_wconf 79' lang='grc' dir='ltr'><strong><em>πόντου</em></strong></span> <span class='ocrx_word' id='word_1_416' title='bbox 629 5588 822 5626; x_wconf 88' lang='lat' dir='ltr'><strong><em>nomen</em></strong></span> <span class='ocrx_word' id='word_1_417' title='bbox 853 5573 949 5634; x_wconf 91' lang='lat' dir='ltr'><strong><em>ait,</em></strong></span> <span class='ocrx_word' id='word_1_418' title='bbox 988 5573 1130 5641; x_wconf 87' lang='lat' dir='ltr'><strong><em>quod</em></strong></span> <span class='ocrx_word' id='word_1_419' title='bbox 1178 5587 1340 5639; x_wconf 77' lang='lat' dir='ltr'><strong><em>supra</em></strong></span> <span class='ocrx_word' id='word_1_420' title='bbox 1375 5587 1565 5640; x_wconf 68' lang='lat' dir='ltr'><strong><em>aequor</em></strong></span> <span class='ocrx_word' id='word_1_421' title='bbox 1612 5589 1740 5625; x_wconf 87' lang='lat' dir='ltr'><strong><em>aura</em></strong></span> 
     </span>
    </p>
   </div>
   <div class='ocr_carea' id='block_1_60' title="bbox 165 5665 1741 5736">
    <p class='ocr_par' dir='ltr' id='par_1_60' title="bbox 165 5665 1741 5736">
     <span class='ocr_line' id='line_1_60' title="bbox 165 5665 1741 5736; baseline -0.002 -16"><span class='ocrx_word' id='word_1_422' title='bbox 165 5679 348 5736; x_wconf 76' lang='lat' dir='ltr'><strong><em>spiret.</em></strong></span> <span class='ocrx_word' id='word_1_423' title='bbox 387 5668 442 5719; x_wconf 85' lang='lat' dir='ltr'><strong><em>Id</em></strong></span> <span class='ocrx_word' id='word_1_424' title='bbox 480 5674 664 5719; x_wconf 86' lang='lat' dir='ltr'><strong><em>autem</em></strong></span> <span class='ocrx_word' id='word_1_425' title='bbox 708 5677 759 5717; x_wconf 90' lang='lat' dir='ltr'><strong><em>et</em></strong></span> <span class='ocrx_word' id='word_1_426' title='bbox 799 5666 956 5732; x_wconf 91' lang='lat' dir='ltr'><strong><em>paulo</em></strong></span> <span class='ocrx_word' id='word_1_427' title='bbox 1002 5665 1282 5731; x_wconf 79' lang='lat' dir='ltr'><strong><em>amplioris</em></strong></span> <span class='ocrx_word' id='word_1_428' title='bbox 1312 5666 1445 5715; x_wconf 79' lang='lat' dir='ltr'><strong><em>alvei</em></strong></span> <span class='ocrx_word' id='word_1_429' title='bbox 1493 5665 1741 5718; x_wconf 80' lang='lat' dir='ltr'><strong><em>munibus</em></strong></span> 
     </span>
    </p>
   </div>
   <div class='ocr_carea' id='block_1_61' title="bbox 165 5757 1739 5828">
    <p class='ocr_par' dir='ltr' id='par_1_61' title="bbox 165 5757 1739 5828">
     <span class='ocr_line' id='line_1_61' title="bbox 165 5757 1739 5828; baseline -0.005 -15"><span class='ocrx_word' id='word_1_430' title='bbox 165 5761 458 5813; x_wconf 73' lang='lat' dir='ltr'><strong><em>wnvettire</em></strong></span> <span class='ocrx_word' id='word_1_431' title='bbox 501 5760 630 5828; x_wconf 88' lang='lat' dir='ltr'><strong><em>quis</em></strong></span> <span class='ocrx_word' id='word_1_432' title='bbox 673 5773 782 5812; x_wconf 89' lang='lat' dir='ltr'><strong><em>non</em></strong></span> <span class='ocrx_word' id='word_1_433' title='bbox 816 5758 955 5809; x_wconf 89' lang='lat' dir='ltr'><strong><em>videt</em></strong></span> <span class='ocrx_word' id='word_1_434' title='bbox 978 5757 1000 5809; x_wconf 86' lang='lat'><strong><em>‘!</em></strong></span> <span class='ocrx_word' id='word_1_435' title='bbox 1029 5757 1205 5821; x_wconf 84' lang='lat' dir='ltr'><strong><em>Quare</em></strong></span> <span class='ocrx_word' id='word_1_436' title='bbox 1227 5773 1328 5808; x_wconf 89' lang='lat' dir='ltr'><strong><em>non</em></strong></span> <span class='ocrx_word' id='word_1_437' title='bbox 1363 5760 1739 5822; x_wconf 65' lang='lat' dir='ltr'><strong><em>repugnaverit</em></strong></span> 
     </span>
    </p>
   </div>
   <div class='ocr_carea' id='block_1_62' title="bbox 175 5850 1736 5923">
    <p class='ocr_par' dir='ltr' id='par_1_62' title="bbox 175 5850 1736 5923">
     <span class='ocr_line' id='line_1_62' title="bbox 175 5850 1736 5923; baseline 0.01 -36"><span class='ocrx_word' id='word_1_438' title='bbox 175 5854 337 5923; x_wconf 33' lang='lat' dir='ltr'><strong><em>(tu-mi</em></strong></span> <span class='ocrx_word' id='word_1_439' title='bbox 374 5854 520 5907; x_wconf 51' lang='lat' dir='ltr'><strong><em>ratio</em></strong></span> <span class='ocrx_word' id='word_1_440' title='bbox 547 5867 639 5909; x_wconf 65' lang='lat' dir='ltr'><strong><em>eos</em></strong></span> <span class='ocrx_word' id='word_1_441' title='bbox 671 5865 886 5921; x_wconf 64' lang='lat' dir='ltr'><strong><em>quoque</em></strong></span> <span class='ocrx_word' id='word_1_442' title='bbox 920 5853 1064 5920; x_wconf 70' lang='grc' dir='ltr'><strong><em>ροηιὶ</em></strong></span> <span class='ocrx_word' id='word_1_443' title='bbox 1103 5850 1466 5919; x_wconf 75' lang='lat' dir='ltr'><strong><em>appellatione</em></strong></span> <span class='ocrx_word' id='word_1_444' title='bbox 1500 5851 1736 5921; x_wconf 61' lang='lat' dir='ltr'><strong><em>aspergi,</em></strong></span> 
     </span>
    </p>
   </div>
   <div class='ocr_carea' id='block_1_63' title="bbox 1779 4519 1826 4576">
    <p class='ocr_par' dir='ltr' id='par_1_63' title="bbox 1779 4519 1826 4576">
     <span class='ocr_line' id='line_1_63' title="bbox 1779 4519 1826 4576; baseline 0 0"><span class='ocrx_word' id='word_1_445' title='bbox 1779 4519 1826 4576; x_wconf 86' lang='grc' dir='ltr'><strong><em>Ι)</em></strong></span> 
     </span>
    </p>
   </div>
   <div class='ocr_carea' id='block_1_64' title="bbox 1877 611 3456 686">
    <p class='ocr_par' dir='ltr' id='par_1_64' title="bbox 1877 611 3456 686">
     <span class='ocr_line' id='line_1_64' title="bbox 1877 611 3456 686; baseline 0.008 -25"><span class='ocrx_word' id='word_1_446' title='bbox 1877 626 2019 662; x_wconf 84' lang='lat' dir='ltr'><strong><em>reum</em></strong></span> <span class='ocrx_word' id='word_1_447' title='bbox 2050 611 2311 681; x_wconf 84' lang='lat' dir='ltr'><strong><em>appellat.</em></strong></span> <span class='ocrx_word' id='word_1_448' title='bbox 2345 614 2520 683; x_wconf 82' lang='lat' dir='ltr'><strong><em>Atque</em></strong></span> <span class='ocrx_word' id='word_1_449' title='bbox 2549 615 2691 668; x_wconf 77' lang='lat' dir='ltr'><strong><em>hanc</em></strong></span> <span class='ocrx_word' id='word_1_450' title='bbox 2722 616 3138 686; x_wconf 81' lang='grc' dir='ltr'><strong><em>ποντογεφύρας</em></strong></span> <span class='ocrx_word' id='word_1_451' title='bbox 3183 619 3456 675; x_wconf 78' lang='lat' dir='ltr'><strong><em>notionem</em></strong></span> 
     </span>
    </p>
   </div>
   <div class='ocr_carea' id='block_1_65' title="bbox 1878 701 3449 779">
    <p class='ocr_par' dir='ltr' id='par_1_65' title="bbox 1878 701 3449 779">
     <span class='ocr_line' id='line_1_65' title="bbox 1878 701 3449 779; baseline 0.008 -28"><span class='ocrx_word' id='word_1_452' title='bbox 1878 701 2034 770; x_wconf 78' lang='lat' dir='ltr'><strong><em>longe</em></strong></span> <span class='ocrx_word' id='word_1_453' title='bbox 2081 703 2440 772; x_wconf 86' lang='lat' dir='ltr'><strong><em>antiquiorem</em></strong></span> <span class='ocrx_word' id='word_1_454' title='bbox 2500 703 2736 760; x_wconf 74' lang='lat' dir='ltr'><strong><em>Mauritii</em></strong></span> <span class='ocrx_word' id='word_1_455' title='bbox 2787 718 2840 761; x_wconf 91' lang='lat' dir='ltr'><strong><em>et</em></strong></span> <span class='ocrx_word' id='word_1_456' title='bbox 2887 708 3238 779; x_wconf 65' lang='lat' dir='ltr'><strong><em>Puchymeris</em></strong></span> <span class='ocrx_word' id='word_1_457' title='bbox 3285 720 3449 764; x_wconf 70' lang='lat' dir='ltr'><strong><em>aetate</em></strong></span> 
     </span>
    </p>
   </div>
   <div class='ocr_carea' id='block_1_66' title="bbox 1877 796 3458 870">
    <p class='ocr_par' dir='ltr' id='par_1_66' title="bbox 1877 796 3458 870">
     <span class='ocr_line' id='line_1_66' title="bbox 1877 796 3458 870; baseline 0.007 -23"><span class='ocrx_word' id='word_1_458' title='bbox 1877 812 1980 847; x_wconf 89' lang='lat' dir='ltr'><strong><em>non</em></strong></span> <span class='ocrx_word' id='word_1_459' title='bbox 2009 796 2148 849; x_wconf 88' lang='lat' dir='ltr'><strong><em>male</em></strong></span> <span class='ocrx_word' id='word_1_460' title='bbox 2178 796 2402 850; x_wconf 81' lang='lat' dir='ltr'><strong><em>forsitan</em></strong></span> <span class='ocrx_word' id='word_1_461' title='bbox 2432 799 2552 863; x_wconf 88' lang='lat' dir='ltr'><strong><em>quis</em></strong></span> <span class='ocrx_word' id='word_1_462' title='bbox 2583 800 2946 852; x_wconf 80' lang='lat' dir='ltr'><strong><em>autumaverit</em></strong></span> <span class='ocrx_word' id='word_1_463' title='bbox 2973 814 3037 854; x_wconf 77' lang='lat' dir='ltr'><strong><em>ex</em></strong></span> <span class='ocrx_word' id='word_1_464' title='bbox 3073 801 3458 870; x_wconf 74' lang='lat' dir='ltr'><strong><em>antiquissimt‘</em></strong></span> 
     </span>
    </p>
   </div>
   <div class='ocr_carea' id='block_1_67' title="bbox 1876 889 3452 962">
    <p class='ocr_par' dir='ltr' id='par_1_67' title="bbox 1876 889 3452 962">
     <span class='ocr_line' id='line_1_67' title="bbox 1876 889 3452 962; baseline 0.004 -22"><span class='ocrx_word' id='word_1_465' title='bbox 1876 891 2012 955; x_wconf 82' lang='lat' dir='ltr'><strong><em>apud</em></strong></span> <span class='ocrx_word' id='word_1_466' title='bbox 2046 889 2266 942; x_wconf 86' lang='lat' dir='ltr'><strong><em>Latinos</em></strong></span> <span class='ocrx_word' id='word_1_467' title='bbox 2293 908 2390 943; x_wconf 65' lang='lat' dir='ltr'><strong><em>u~u</em></strong></span> <span class='ocrx_word' id='word_1_468' title='bbox 2421 892 2568 945; x_wconf 81' lang='lat' dir='ltr'><strong><em>vocis</em></strong></span> <span class='ocrx_word' id='word_1_469' title='bbox 2606 909 2736 960; x_wconf 86' lang='lat' dir='ltr'><strong><em>pons</em></strong></span> <span class='ocrx_word' id='word_1_470' title='bbox 2780 907 2876 959; x_wconf 90' lang='lat' dir='ltr'><strong><em>pro</em></strong></span> <span class='ocrx_word' id='word_1_471' title='bbox 2911 893 3164 961; x_wconf 72' lang='grc' dir='ltr'><strong>γέφυρας</strong></span> <span class='ocrx_word' id='word_1_472' title='bbox 3203 909 3322 962; x_wconf 71' lang='lat' dir='ltr'><strong><em>qua:</em></strong></span> <span class='ocrx_word' id='word_1_473' title='bbox 3344 909 3452 947; x_wconf 76' lang='lat' dir='ltr'><strong><em>vox</em></strong></span> 
     </span>
    </p>
   </div>
   <div class='ocr_carea' id='block_1_68' title="bbox 1875 980 3455 1051">
    <p class='ocr_par' dir='ltr' id='par_1_68' title="bbox 1875 980 3455 1051">
     <span class='ocr_line' id='line_1_68' title="bbox 1875 980 3455 1051; baseline 0.006 -21"><span class='ocrx_word' id='word_1_474' title='bbox 1875 980 2040 1032; x_wconf 88' lang='lat' dir='ltr'><strong><em>videri</em></strong></span> <span class='ocrx_word' id='word_1_475' title='bbox 2070 990 2240 1046; x_wconf 52' lang='lat' dir='ltr'><strong><em>potest</em></strong></span> <span class='ocrx_word' id='word_1_476' title='bbox 2267 997 2329 1031; x_wconf 67' lang='lat' dir='ltr'><strong><em>ex</em></strong></span> <span class='ocrx_word' id='word_1_477' title='bbox 2366 983 2738 1051; x_wconf 73' lang='grc' dir='ltr'><strong><em>ποντογέφυρα</em></strong></span> <span class='ocrx_word' id='word_1_478' title='bbox 2768 984 3022 1037; x_wconf 88' lang='lat' dir='ltr'><strong><em>deducta.</em></strong></span> <span class='ocrx_word' id='word_1_479' title='bbox 3063 983 3188 1037; x_wconf 69' lang='lat' dir='ltr'><strong><em>llam</em></strong></span> <span class='ocrx_word' id='word_1_480' title='bbox 3227 1001 3346 1051; x_wconf 71' lang='lat' dir='ltr'><strong><em>quae</em></strong></span> <span class='ocrx_word' id='word_1_481' title='bbox 3378 987 3455 1040; x_wconf 89' lang='lat' dir='ltr'><strong><em>ti-</em></strong></span> 
     </span>
    </p>
   </div>
   <div class='ocr_carea' id='block_1_69' title="bbox 1876 1073 3450 1143">
    <p class='ocr_par' dir='ltr' id='par_1_69' title="bbox 1876 1073 3450 1143">
     <span class='ocr_line' id='line_1_69' title="bbox 1876 1073 3450 1143; baseline 0.008 -23"><span class='ocrx_word' id='word_1_482' title='bbox 1876 1073 2017 1122; x_wconf 80' lang='lat' dir='ltr'><strong><em>mida</em></strong></span> <span class='ocrx_word' id='word_1_483' title='bbox 2071 1074 2373 1140; x_wconf 74' lang='lat' dir='ltr'><strong><em>snspicioue</em></strong></span> <span class='ocrx_word' id='word_1_484' title='bbox 2410 1076 2629 1138; x_wconf 79' lang='lat' dir='ltr'><strong><em>protuli,</em></strong></span> <span class='ocrx_word' id='word_1_485' title='bbox 2665 1077 2949 1130; x_wconf 76' lang='lat' dir='ltr'><strong><em>audentius</em></strong></span> <span class='ocrx_word' id='word_1_486' title='bbox 2988 1077 3366 1143; x_wconf 86' lang='lat' dir='ltr'><strong><em>amplecterer,</em></strong></span> <span class='ocrx_word' id='word_1_487' title='bbox 3403 1081 3450 1132; x_wconf 84' lang='lat' dir='ltr'><strong><em>si</em></strong></span> 
     </span>
    </p>
   </div>
   <div class='ocr_carea' id='block_1_70' title="bbox 1874 1161 3451 1230">
    <p class='ocr_par' dir='ltr' id='par_1_70' title="bbox 1874 1161 3451 1230">
     <span class='ocr_line' id='line_1_70' title="bbox 1874 1161 3451 1230; baseline 0.006 -18"><span class='ocrx_word' id='word_1_488' title='bbox 1874 1161 2038 1230; x_wconf 65' lang='lat' dir='ltr'><strong><em>(qcod</em></strong></span> <span class='ocrx_word' id='word_1_489' title='bbox 2071 1177 2167 1215; x_wconf 91' lang='lat' dir='ltr'><strong><em>nec</em></strong></span> <span class='ocrx_word' id='word_1_490' title='bbox 2199 1165 2448 1230; x_wconf 81' lang='lat' dir='ltr'><strong><em>contigit,</em></strong></span> <span class='ocrx_word' id='word_1_491' title='bbox 2486 1179 2581 1216; x_wconf 86' lang='lat' dir='ltr'><strong><em>nec</em></strong></span> <span class='ocrx_word' id='word_1_492' title='bbox 2617 1169 2797 1230; x_wconf 82' lang='lat' dir='ltr'><strong><em>spero)</em></strong></span> <span class='ocrx_word' id='word_1_493' title='bbox 2835 1176 3025 1220; x_wconf 83' lang='lat' dir='ltr'><strong><em>nactus</em></strong></span> <span class='ocrx_word' id='word_1_494' title='bbox 3046 1182 3223 1220; x_wconf 79' lang='lat' dir='ltr'><strong><em>essem</em></strong></span> <span class='ocrx_word' id='word_1_495' title='bbox 3255 1167 3451 1222; x_wconf 80' lang='lat' dir='ltr'><strong><em>idonea</em></strong></span> 
     </span>
    </p>
   </div>
   <div class='ocr_carea' id='block_1_71' title="bbox 1877 1255 3452 1324">
    <p class='ocr_par' dir='ltr' id='par_1_71' title="bbox 1877 1255 3452 1324">
     <span class='ocr_line' id='line_1_71' title="bbox 1877 1255 3452 1324; baseline 0.006 -19"><span class='ocrx_word' id='word_1_496' title='bbox 1877 1255 2183 1306; x_wconf 72' lang='lat' dir='ltr'><strong><em>testimonia</em></strong></span> <span class='ocrx_word' id='word_1_497' title='bbox 2239 1267 2518 1308; x_wconf 81' lang='lat' dir='ltr'><strong><em>aucturum</em></strong></span> <span class='ocrx_word' id='word_1_498' title='bbox 2577 1255 2778 1309; x_wconf 54' lang='lat' dir='ltr'><strong><em>Cincta:</em></strong></span> <span class='ocrx_word' id='word_1_499' title='bbox 2826 1258 3016 1324; x_wconf 70' lang='lat' dir='ltr'><strong><em>lingute</em></strong></span> <span class='ocrx_word' id='word_1_500' title='bbox 3059 1275 3325 1322; x_wconf 88' lang='lat' dir='ltr'><strong><em>veterum,</em></strong></span> <span class='ocrx_word' id='word_1_501' title='bbox 3383 1275 3452 1315; x_wconf 76' lang='lat' dir='ltr'><strong><em>ex</em></strong></span> 
     </span>
    </p>
   </div>
   <div class='ocr_carea' id='block_1_72' title="bbox 1872 1346 3450 1418">
    <p class='ocr_par' dir='ltr' id='par_1_72' title="bbox 1872 1346 3450 1418">
     <span class='ocr_line' id='line_1_72' title="bbox 1872 1346 3450 1418; baseline 0.007 -22"><span class='ocrx_word' id='word_1_502' title='bbox 1872 1346 2068 1412; x_wconf 83' lang='lat' dir='ltr'><strong><em>quibus</em></strong></span> <span class='ocrx_word' id='word_1_503' title='bbox 2093 1359 2360 1400; x_wconf 62' lang='lat' dir='ltr'><strong><em>constaret</em></strong></span> <span class='ocrx_word' id='word_1_504' title='bbox 2390 1348 2498 1414; x_wconf 75' lang='lat' dir='ltr'><strong><em>iam</em></strong></span> <span class='ocrx_word' id='word_1_505' title='bbox 2534 1360 2668 1410; x_wconf 85' lang='lat' dir='ltr'><strong><em>tum,</em></strong></span> <span class='ocrx_word' id='word_1_506' title='bbox 2705 1359 2994 1418; x_wconf 84' lang='lat' dir='ltr'><strong><em>antequam</em></strong></span> <span class='ocrx_word' id='word_1_507' title='bbox 3023 1350 3246 1406; x_wconf 81' lang='lat' dir='ltr'><strong><em>Latinus</em></strong></span> <span class='ocrx_word' id='word_1_508' title='bbox 3271 1368 3450 1407; x_wconf 83' lang='lat' dir='ltr'><strong><em>sermo</em></strong></span> 
     </span>
    </p>
   </div>
   <div class='ocr_carea' id='block_1_73' title="bbox 1871 1436 3453 1511">
    <p class='ocr_par' dir='ltr' id='par_1_73' title="bbox 1871 1436 3453 1511">
     <span class='ocr_line' id='line_1_73' title="bbox 1871 1436 3453 1511; baseline 0.008 -27"><span class='ocrx_word' id='word_1_509' title='bbox 1871 1453 1899 1484; x_wconf 72' lang='grc' dir='ltr'>ρ</span> <span class='ocrx_word' id='word_1_510' title='bbox 1950 1436 2069 1489; x_wconf 39' lang='lat' dir='ltr'><strong><em>Grai</em></strong></span> <span class='ocrx_word' id='word_1_511' title='bbox 2109 1437 2144 1489; x_wconf 74' lang='lat' dir='ltr'><strong><em>i;</em></strong></span> <span class='ocrx_word' id='word_1_512' title='bbox 2211 1450 2350 1490; x_wconf 87' lang='lat' dir='ltr'><strong><em>esset</em></strong></span> <span class='ocrx_word' id='word_1_513' title='bbox 2401 1440 2701 1505; x_wconf 72' lang='lat' dir='ltr'><strong><em>originibus</em></strong></span> <span class='ocrx_word' id='word_1_514' title='bbox 2759 1441 3078 1505; x_wconf 87' lang='lat' dir='ltr'><strong><em>productus,</em></strong></span> <span class='ocrx_word' id='word_1_515' title='bbox 3125 1443 3453 1511; x_wconf 79' lang='grc' dir='ltr'><strong><em>ποντογεφύ-</em></strong></span> 
     </span>
    </p>
   </div>
   <div class='ocr_carea' id='block_1_74' title="bbox 1875 1530 3447 1598">
    <p class='ocr_par' dir='ltr' id='par_1_74' title="bbox 1875 1530 3447 1598">
     <span class='ocr_line' id='line_1_74' title="bbox 1875 1530 3447 1598; baseline 0.006 -19"><span class='ocrx_word' id='word_1_516' title='bbox 1875 1545 1970 1598; x_wconf 73' lang='lat' dir='ltr'><strong><em>p1;</em></strong></span> <span class='ocrx_word' id='word_1_517' title='bbox 2002 1531 2322 1581; x_wconf 64' lang='lat' dir='ltr'><strong><em>vocabulum</em></strong></span> <span class='ocrx_word' id='word_1_518' title='bbox 2351 1530 2401 1581; x_wconf 92' lang='lat' dir='ltr'><strong><em>in</em></strong></span> <span class='ocrx_word' id='word_1_519' title='bbox 2429 1546 2527 1583; x_wconf 89' lang='lat' dir='ltr'><strong><em>usu</em></strong></span> <span class='ocrx_word' id='word_1_520' title='bbox 2556 1531 2779 1584; x_wconf 57' lang='lat' dir='ltr'><strong><em>Graeciaa</em></strong></span> <span class='ocrx_word' id='word_1_521' title='bbox 2817 1532 3004 1595; x_wconf 84' lang='lat' dir='ltr'><strong><em>luisse,</em></strong></span> <span class='ocrx_word' id='word_1_522' title='bbox 3029 1542 3083 1584; x_wconf 94' lang='lat' dir='ltr'><strong><em>ut</em></strong></span> <span class='ocrx_word' id='word_1_523' title='bbox 3109 1547 3175 1588; x_wconf 78' lang='lat' dir='ltr'><strong><em>ex</em></strong></span> <span class='ocrx_word' id='word_1_524' title='bbox 3197 1548 3262 1588; x_wconf 84' lang='lat' dir='ltr'><strong><em>eo</em></strong></span> <span class='ocrx_word' id='word_1_525' title='bbox 3291 1536 3447 1588; x_wconf 78' lang='lat' dir='ltr'><strong><em>ducta</em></strong></span> 
     </span>
    </p>
   </div>
   <div class='ocr_carea' id='block_1_75' title="bbox 1872 1622 3445 1694">
    <p class='ocr_par' dir='ltr' id='par_1_75' title="bbox 1872 1622 3445 1694">
     <span class='ocr_line' id='line_1_75' title="bbox 1872 1622 3445 1694; baseline 0.008 -28"><span class='ocrx_word' id='word_1_526' title='bbox 1872 1622 2171 1672; x_wconf 72' lang='lat' dir='ltr'><strong><em>exiStimari</em></strong></span> <span class='ocrx_word' id='word_1_527' title='bbox 2204 1632 2385 1685; x_wconf 85' lang='lat' dir='ltr'><strong><em>posset</em></strong></span> <span class='ocrx_word' id='word_1_528' title='bbox 2421 1622 2786 1675; x_wconf 83' lang='lat' dir='ltr'><strong><em>vetustissima</em></strong></span> <span class='ocrx_word' id='word_1_529' title='bbox 2835 1625 2888 1676; x_wconf 91' lang='lat' dir='ltr'><strong><em>in</em></strong></span> <span class='ocrx_word' id='word_1_530' title='bbox 2926 1623 3081 1678; x_wconf 87' lang='lat' dir='ltr'><strong><em>Latio</em></strong></span> <span class='ocrx_word' id='word_1_531' title='bbox 3115 1640 3213 1678; x_wconf 77' lang='lat' dir='ltr'><strong><em>vos</em></strong></span> <span class='ocrx_word' id='word_1_532' title='bbox 3247 1626 3445 1694; x_wconf 81' lang='lat' dir='ltr'><strong><em>pontis.</em></strong></span> 
     </span>
    </p>
   </div>
   <div class='ocr_carea' id='block_1_76' title="bbox 1871 1713 3449 1790">
    <p class='ocr_par' dir='ltr' id='par_1_76' title="bbox 1871 1713 3449 1790">
     <span class='ocr_line' id='line_1_76' title="bbox 1871 1713 3449 1790; baseline 0.004 -24"><span class='ocrx_word' id='word_1_533' title='bbox 1871 1713 2094 1766; x_wconf 83' lang='lat' dir='ltr'><strong><em>ln&#39;erim</em></strong></span> <span class='ocrx_word' id='word_1_534' title='bbox 2137 1715 2300 1782; x_wconf 74' lang='lat' dir='ltr'><strong><em>igitur</em></strong></span> <span class='ocrx_word' id='word_1_535' title='bbox 2346 1716 2659 1783; x_wconf 70' lang='lat' dir='ltr'><strong><em>vulgaribus</em></strong></span> <span class='ocrx_word' id='word_1_536' title='bbox 2705 1716 2973 1771; x_wconf 68' lang='lat' dir='ltr'><strong><em>inha&#39;reus</em></strong></span> <span class='ocrx_word' id='word_1_537' title='bbox 3009 1717 3321 1790; x_wconf 88' lang='lat' dir='ltr'><strong><em>veriloquiis</em></strong></span> <span class='ocrx_word' id='word_1_538' title='bbox 3353 1735 3449 1774; x_wconf 81' lang='lat' dir='ltr'><strong><em>au-</em></strong></span> 
     </span>
    </p>
   </div>
   <div class='ocr_carea' id='block_1_77' title="bbox 1876 1807 3444 1879">
    <p class='ocr_par' dir='ltr' id='par_1_77' title="bbox 1876 1807 3444 1879">
     <span class='ocr_line' id='line_1_77' title="bbox 1876 1807 3444 1879; baseline 0.008 -25"><span class='ocrx_word' id='word_1_539' title='bbox 1876 1807 2198 1856; x_wconf 76' lang='lat' dir='ltr'><strong><em>tumnutium</em></strong></span> <span class='ocrx_word' id='word_1_540' title='bbox 2231 1823 2359 1873; x_wconf 86' lang='lat' dir='ltr'><strong><em>pons</em></strong></span> <span class='ocrx_word' id='word_1_541' title='bbox 2389 1810 2587 1859; x_wconf 62' lang='lat' dir='ltr'><strong><em>uictum</em></strong></span> <span class='ocrx_word' id='word_1_542' title='bbox 2613 1809 2768 1874; x_wconf 64' lang='lat' dir='ltr'><strong><em>quasi</em></strong></span> <span class='ocrx_word' id='word_1_543' title='bbox 2792 1825 2916 1877; x_wconf 85' lang='lat' dir='ltr'><strong><em>pem</em></strong></span> <span class='ocrx_word' id='word_1_544' title='bbox 2951 1813 3274 1879; x_wconf 69' lang='lat' dir='ltr'><strong><em>compendio</em></strong></span> <span class='ocrx_word' id='word_1_545' title='bbox 3293 1813 3444 1867; x_wconf 85' lang='lat' dir='ltr'><strong><em>verbi</em></strong></span> 
     </span>
    </p>
   </div>
   <div class='ocr_carea' id='block_1_78' title="bbox 1869 1899 3445 1969">
    <p class='ocr_par' dir='ltr' id='par_1_78' title="bbox 1869 1899 3445 1969">
     <span class='ocr_line' id='line_1_78' title="bbox 1869 1899 3445 1969; baseline 0.004 -21"><span class='ocrx_word' id='word_1_546' title='bbox 1869 1899 2119 1964; x_wconf 79' lang='lat' dir='ltr'><strong><em>pendens,</em></strong></span> <span class='ocrx_word' id='word_1_547' title='bbox 2144 1901 2285 1966; x_wconf 83' lang='lat' dir='ltr'><strong><em>quod</em></strong></span> <span class='ocrx_word' id='word_1_548' title='bbox 2323 1901 2492 1964; x_wconf 60' lang='lat' dir='ltr'><strong><em>spatie</em></strong></span> <span class='ocrx_word' id='word_1_549' title='bbox 2531 1901 2717 1951; x_wconf 81' lang='lat' dir='ltr'><strong><em>subtus</em></strong></span> <span class='ocrx_word' id='word_1_550' title='bbox 2764 1915 2933 1953; x_wconf 88' lang='lat' dir='ltr'><strong><em>vacuo</em></strong></span> <span class='ocrx_word' id='word_1_551' title='bbox 2967 1915 3196 1968; x_wconf 85' lang='lat' dir='ltr'><strong><em>superne</em></strong></span> <span class='ocrx_word' id='word_1_552' title='bbox 3233 1903 3445 1969; x_wconf 81' lang='lat' dir='ltr'><strong><em>impen-</em></strong></span> 
     </span>
    </p>
   </div>
   <div class='ocr_carea' id='block_1_79' title="bbox 1872 1990 3442 2058">
    <p class='ocr_par' dir='ltr' id='par_1_79' title="bbox 1872 1990 3442 2058">
     <span class='ocr_line' id='line_1_79' title="bbox 1872 1990 3442 2058; baseline 0.004 -18"><span class='ocrx_word' id='word_1_553' title='bbox 1872 1990 2014 2052; x_wconf 87' lang='lat' dir='ltr'><strong><em>deat,</em></strong></span> <span class='ocrx_word' id='word_1_554' title='bbox 2045 1991 2296 2042; x_wconf 79' lang='lat' dir='ltr'><strong><em>existimo</em></strong></span> <span class='ocrx_word' id='word_1_555' title='bbox 2343 2005 2528 2042; x_wconf 89' lang='lat' dir='ltr'><strong><em>vocem</em></strong></span> <span class='ocrx_word' id='word_1_556' title='bbox 2570 1990 2951 2058; x_wconf 80' lang='grc' dir='ltr'><strong><em>ποντογέφυρα</em></strong></span> <span class='ocrx_word' id='word_1_557' title='bbox 2995 1990 3196 2045; x_wconf 62' lang='lat' dir='ltr'><strong><em>Grecis</em></strong></span> <span class='ocrx_word' id='word_1_558' title='bbox 3234 2000 3442 2046; x_wconf 84' lang='lat' dir='ltr'><strong><em>tantum</em></strong></span> 
     </span>
    </p>
   </div>
   <div class='ocr_carea' id='block_1_80' title="bbox 1867 2083 3445 2157">
    <p class='ocr_par' dir='ltr' id='par_1_80' title="bbox 1867 2083 3445 2157">
     <span class='ocr_line' id='line_1_80' title="bbox 1867 2083 3445 2157; baseline 0.004 -22"><span class='ocrx_word' id='word_1_559' title='bbox 1867 2083 1963 2135; x_wconf 59' lang='lat' dir='ltr'><strong><em>arvi</em></strong></span> <span class='ocrx_word' id='word_1_560' title='bbox 1988 2084 2254 2136; x_wconf 80' lang='lat' dir='ltr'><strong><em>citerioris</em></strong></span> <span class='ocrx_word' id='word_1_561' title='bbox 2280 2094 2619 2152; x_wconf 76' lang='lat' dir='ltr'><strong><em>usurpatam,</em></strong></span> <span class='ocrx_word' id='word_1_562' title='bbox 2652 2086 2849 2152; x_wconf 87' lang='lat' dir='ltr'><strong><em>quibus</em></strong></span> <span class='ocrx_word' id='word_1_563' title='bbox 2875 2087 3116 2140; x_wconf 86' lang='lat' dir='ltr'><strong><em>solemne</em></strong></span> <span class='ocrx_word' id='word_1_564' title='bbox 3141 2087 3239 2139; x_wconf 79' lang='lat' dir='ltr'><strong><em>fuit</em></strong></span> <span class='ocrx_word' id='word_1_565' title='bbox 3272 2091 3445 2157; x_wconf 77' lang='lat' dir='ltr'><strong><em>plera-</em></strong></span> 
     </span>
    </p>
   </div>
   <div class='ocr_carea' id='block_1_81' title="bbox 1867 2173 3441 2246">
    <p class='ocr_par' dir='ltr' id='par_1_81' title="bbox 1867 2173 3441 2246">
     <span class='ocr_line' id='line_1_81' title="bbox 1867 2173 3441 2246; baseline 0.003 -23"><span class='ocrx_word' id='word_1_566' title='bbox 1867 2190 1969 2241; x_wconf 85' lang='lat' dir='ltr'><strong><em>que</em></strong></span> <span class='ocrx_word' id='word_1_567' title='bbox 2001 2175 2211 2226; x_wconf 79' lang='lat' dir='ltr'><strong><em>Iriliorn</em></strong></span> <span class='ocrx_word' id='word_1_568' title='bbox 2250 2189 2346 2226; x_wconf 90' lang='lat' dir='ltr'><strong><em>usu</em></strong></span> <span class='ocrx_word' id='word_1_569' title='bbox 2393 2173 2618 2225; x_wconf 75' lang='lat' dir='ltr'><strong><em>Romani</em></strong></span> <span class='ocrx_word' id='word_1_570' title='bbox 2646 2175 2781 2227; x_wconf 76' lang='lat' dir='ltr'><strong><em>Latii</em></strong></span> <span class='ocrx_word' id='word_1_571' title='bbox 2818 2174 3075 2228; x_wconf 86' lang='lat' dir='ltr'><strong><em>vocabula</em></strong></span> <span class='ocrx_word' id='word_1_572' title='bbox 3110 2175 3224 2228; x_wconf 85' lang='lat' dir='ltr'><strong><em>suis</em></strong></span> <span class='ocrx_word' id='word_1_573' title='bbox 3256 2175 3441 2246; x_wconf 81' lang='lat' dir='ltr'><strong><em>expri-</em></strong></span> 
     </span>
    </p>
   </div>
   <div class='ocr_carea' id='block_1_82' title="bbox 1866 2265 3441 2334">
    <p class='ocr_par' dir='ltr' id='par_1_82' title="bbox 1866 2265 3441 2334">
     <span class='ocr_line' id='line_1_82' title="bbox 1866 2265 3441 2334; baseline 0.001 -16"><span class='ocrx_word' id='word_1_574' title='bbox 1866 2282 2011 2318; x_wconf 87' lang='lat' dir='ltr'><strong><em>mere</em></strong></span> <span class='ocrx_word' id='word_1_575' title='bbox 2049 2265 2269 2328; x_wconf 86' lang='lat' dir='ltr'><strong><em>litteris,</em></strong></span> <span class='ocrx_word' id='word_1_576' title='bbox 2304 2266 2693 2331; x_wconf 86' lang='lat' dir='ltr'><strong><em>scriptionibus</em></strong></span> <span class='ocrx_word' id='word_1_577' title='bbox 2722 2265 2984 2319; x_wconf 88' lang='lat' dir='ltr'><strong><em>inserere.</em></strong></span> <span class='ocrx_word' id='word_1_578' title='bbox 3013 2265 3180 2334; x_wconf 81' lang='lat' dir='ltr'><strong><em>Cujus</em></strong></span> <span class='ocrx_word' id='word_1_579' title='bbox 3211 2281 3441 2320; x_wconf 84' lang='lat' dir='ltr'><strong><em>consue-</em></strong></span> 
     </span>
    </p>
   </div>
   <div class='ocr_carea' id='block_1_83' title="bbox 1867 2358 3442 2428">
    <p class='ocr_par' dir='ltr' id='par_1_83' title="bbox 1867 2358 3442 2428">
     <span class='ocr_line' id='line_1_83' title="bbox 1867 2358 3442 2428; baseline 0 -14"><span class='ocrx_word' id='word_1_580' title='bbox 1867 2360 2070 2414; x_wconf 80' lang='lat' dir='ltr'><strong><em>tudinis</em></strong></span> <span class='ocrx_word' id='word_1_581' title='bbox 2131 2374 2234 2411; x_wconf 91' lang='lat' dir='ltr'><strong><em>non</em></strong></span> <span class='ocrx_word' id='word_1_582' title='bbox 2291 2373 2459 2426; x_wconf 86' lang='lat' dir='ltr'><strong><em>pauca</em></strong></span> <span class='ocrx_word' id='word_1_583' title='bbox 2514 2360 2565 2411; x_wconf 91' lang='lat' dir='ltr'><strong><em>in</em></strong></span> <span class='ocrx_word' id='word_1_584' title='bbox 2619 2358 2720 2414; x_wconf 89' lang='lat' dir='ltr'><strong><em>hoc</em></strong></span> <span class='ocrx_word' id='word_1_585' title='bbox 2776 2358 2894 2427; x_wconf 85' lang='lat' dir='ltr'><strong><em>ipso</em></strong></span> <span class='ocrx_word' id='word_1_586' title='bbox 2943 2359 3210 2428; x_wconf 88' lang='lat' dir='ltr'><strong><em>scriptore</em></strong></span> <span class='ocrx_word' id='word_1_587' title='bbox 3253 2369 3442 2414; x_wconf 87' lang='lat' dir='ltr'><strong><em>nostro</em></strong></span> 
     </span>
    </p>
   </div>
   <div class='ocr_carea' id='block_1_84' title="bbox 1864 2444 3440 2520">
    <p class='ocr_par' dir='ltr' id='par_1_84' title="bbox 1864 2444 3440 2520">
     <span class='ocr_line' id='line_1_84' title="bbox 1864 2444 3440 2520; baseline -0.001 -14"><span class='ocrx_word' id='word_1_588' title='bbox 1864 2452 2106 2520; x_wconf 77' lang='lat' dir='ltr'><strong><em>exetnpla</em></strong></span> <span class='ocrx_word' id='word_1_589' title='bbox 2131 2453 2399 2510; x_wconf 82' lang='lat' dir='ltr'><strong><em>vidimus.</em></strong></span> <span class='ocrx_word' id='word_1_590' title='bbox 2429 2453 2680 2520; x_wconf 87' lang='lat' dir='ltr'><strong><em>loquendi</em></strong></span> <span class='ocrx_word' id='word_1_591' title='bbox 2737 2467 2965 2516; x_wconf 85' lang='lat' dir='ltr'><strong><em>morem,</em></strong></span> <span class='ocrx_word' id='word_1_592' title='bbox 3002 2453 3096 2520; x_wconf 89' lang='lat' dir='ltr'><strong><em>qui</em></strong></span> <span class='ocrx_word' id='word_1_593' title='bbox 3141 2444 3269 2508; x_wconf 83' lang='lat' dir='ltr'><strong><em>tunc</em></strong></span> <span class='ocrx_word' id='word_1_594' title='bbox 3298 2465 3440 2516; x_wconf 78' lang='lat' dir='ltr'><strong><em>erat,</em></strong></span> 
     </span>
    </p>
   </div>
   <div class='ocr_carea' id='block_1_85' title="bbox 1866 2545 3437 2614">
    <p class='ocr_par' dir='ltr' id='par_1_85' title="bbox 1866 2545 3437 2614">
     <span class='ocr_line' id='line_1_85' title="bbox 1866 2545 3437 2614; baseline 0.001 -17"><span class='ocrx_word' id='word_1_595' title='bbox 1866 2555 2312 2610; x_wconf 67' lang='lat' dir='ltr'><strong><em>repraesentante,</em></strong></span> <span class='ocrx_word' id='word_1_596' title='bbox 2351 2553 2407 2596; x_wconf 91' lang='lat' dir='ltr'><strong><em>ut</em></strong></span> <span class='ocrx_word' id='word_1_597' title='bbox 2432 2553 2506 2597; x_wconf 93' lang='lat' dir='ltr'><strong><em>tot</em></strong></span> <span class='ocrx_word' id='word_1_598' title='bbox 2534 2545 2669 2597; x_wconf 85' lang='lat' dir='ltr'><strong><em>alios</em></strong></span> <span class='ocrx_word' id='word_1_599' title='bbox 2698 2547 2968 2608; x_wconf 82' lang='lat' dir='ltr'><strong><em>omittam,</em></strong></span> <span class='ocrx_word' id='word_1_600' title='bbox 3003 2560 3235 2614; x_wconf 89' lang='lat' dir='ltr'><strong><em>quorum</em></strong></span> <span class='ocrx_word' id='word_1_601' title='bbox 3271 2562 3437 2601; x_wconf 81' lang='lat' dir='ltr'><strong><em>voea-</em></strong></span> 
     </span>
    </p>
   </div>
   <div class='ocr_carea' id='block_1_86' title="bbox 1862 2636 3438 2703">
    <p class='ocr_par' dir='ltr' id='par_1_86' title="bbox 1862 2636 3438 2703">
     <span class='ocr_line' id='line_1_86' title="bbox 1862 2636 3438 2703; baseline 0.003 -13"><span class='ocrx_word' id='word_1_602' title='bbox 1862 2636 1984 2690; x_wconf 87' lang='lat' dir='ltr'><strong><em>bula</em></strong></span> <span class='ocrx_word' id='word_1_603' title='bbox 2041 2638 2194 2690; x_wconf 72' lang='lat' dir='ltr'><strong><em>istius</em></strong></span> <span class='ocrx_word' id='word_1_604' title='bbox 2259 2638 2477 2703; x_wconf 74' lang='lat' dir='ltr'><strong><em>generis</em></strong></span> <span class='ocrx_word' id='word_1_605' title='bbox 2526 2647 2602 2690; x_wconf 89' lang='lat' dir='ltr'><strong><em>tot</em></strong></span> <span class='ocrx_word' id='word_1_606' title='bbox 2662 2646 2790 2691; x_wconf 90' lang='lat' dir='ltr'><strong><em>sunt</em></strong></span> <span class='ocrx_word' id='word_1_607' title='bbox 2837 2637 3054 2694; x_wconf 79' lang='lat' dir='ltr'><strong><em>Lesicis</em></strong></span> <span class='ocrx_word' id='word_1_608' title='bbox 3089 2636 3438 2694; x_wconf 59' lang='lat' dir='ltr'><strong><em>Grrco-bar-</em></strong></span> 
     </span>
    </p>
   </div>
   <div class='ocr_carea' id='block_1_87' title="bbox 1860 2727 3440 2800">
    <p class='ocr_par' dir='ltr' id='par_1_87' title="bbox 1860 2727 3440 2800">
     <span class='ocr_line' id='line_1_87' title="bbox 1860 2727 3440 2800; baseline 0.003 -20"><span class='ocrx_word' id='word_1_609' title='bbox 1860 2727 2006 2781; x_wconf 79' lang='lat' dir='ltr'><strong><em>baris</em></strong></span> <span class='ocrx_word' id='word_1_610' title='bbox 2064 2727 2466 2795; x_wconf 81' lang='lat' dir='ltr'><strong><em>Glossariisque</em></strong></span> <span class='ocrx_word' id='word_1_611' title='bbox 2518 2729 2809 2783; x_wconf 87' lang='lat' dir='ltr'><strong><em>recensita.</em></strong></span> <span class='ocrx_word' id='word_1_612' title='bbox 2861 2729 3048 2798; x_wconf 84' lang='lat' dir='ltr'><strong><em>itaque</em></strong></span> <span class='ocrx_word' id='word_1_613' title='bbox 3102 2731 3440 2800; x_wconf 79' lang='grc' dir='ltr'><strong><em>ποντογέφυ-</em></strong></span> 
     </span>
    </p>
   </div>
   <div class='ocr_carea' id='block_1_88' title="bbox 1862 2820 3438 2891">
    <p class='ocr_par' dir='ltr' id='par_1_88' title="bbox 1862 2820 3438 2891">
     <span class='ocr_line' id='line_1_88' title="bbox 1862 2820 3438 2891; baseline 0.005 -19"><span class='ocrx_word' id='word_1_614' title='bbox 1862 2839 1964 2891; x_wconf 82' lang='grc' dir='ltr'><strong><em>ραν</em></strong></span> <span class='ocrx_word' id='word_1_615' title='bbox 1992 2832 2045 2872; x_wconf 89' lang='lat' dir='ltr'><strong><em>et</em></strong></span> <span class='ocrx_word' id='word_1_616' title='bbox 2076 2820 2359 2874; x_wconf 78' lang='lat' dir='ltr'><strong><em>Mauritius</em></strong></span> <span class='ocrx_word' id='word_1_617' title='bbox 2381 2835 2570 2875; x_wconf 87' lang='lat' dir='ltr'><strong><em>auctor</em></strong></span> <span class='ocrx_word' id='word_1_618' title='bbox 2598 2822 3033 2890; x_wconf 77' lang='lat' dir='ltr'><strong><em>Strutegicorurn</em></strong></span> <span class='ocrx_word' id='word_1_619' title='bbox 3057 2833 3110 2876; x_wconf 90' lang='lat' dir='ltr'><strong><em>et</em></strong></span> <span class='ocrx_word' id='word_1_620' title='bbox 3142 2833 3326 2877; x_wconf 88' lang='lat' dir='ltr'><strong><em>noster</em></strong></span> <span class='ocrx_word' id='word_1_621' title='bbox 3350 2825 3438 2881; x_wconf 85' lang='lat' dir='ltr'><strong><em>hic</em></strong></span> 
     </span>
    </p>
   </div>
   <div class='ocr_carea' id='block_1_89' title="bbox 1858 2916 3443 2984">
    <p class='ocr_par' dir='ltr' id='par_1_89' title="bbox 1858 2916 3443 2984">
     <span class='ocr_line' id='line_1_89' title="bbox 1858 2916 3443 2984; baseline 0.002 -17"><span class='ocrx_word' id='word_1_622' title='bbox 1858 2931 1920 2967; x_wconf 78' lang='lat' dir='ltr'><strong><em>ex</em></strong></span> <span class='ocrx_word' id='word_1_623' title='bbox 1944 2932 2040 2968; x_wconf 90' lang='lat' dir='ltr'><strong><em>usu</em></strong></span> <span class='ocrx_word' id='word_1_624' title='bbox 2065 2916 2335 2968; x_wconf 61' lang='lat' dir='ltr'><strong><em>sermonis</em></strong></span> <span class='ocrx_word' id='word_1_625' title='bbox 2362 2926 2488 2968; x_wconf 90' lang='lat' dir='ltr'><strong><em>tunc</em></strong></span> <span class='ocrx_word' id='word_1_626' title='bbox 2509 2916 2782 2984; x_wconf 83' lang='lat' dir='ltr'><strong><em>popularis</em></strong></span> <span class='ocrx_word' id='word_1_627' title='bbox 2800 2917 3056 2980; x_wconf 74' lang='lat' dir='ltr'><strong><em>dixerint,</em></strong></span> <span class='ocrx_word' id='word_1_628' title='bbox 3087 2918 3243 2971; x_wconf 85' lang='lat' dir='ltr'><strong><em>mista</em></strong></span> <span class='ocrx_word' id='word_1_629' title='bbox 3287 2932 3443 2972; x_wconf 80' lang='lat' dir='ltr'><strong><em>men-</em></strong></span> 
     </span>
    </p>
   </div>
   <div class='ocr_carea' id='block_1_90' title="bbox 1861 3004 3437 3075">
    <p class='ocr_par' dir='ltr' id='par_1_90' title="bbox 1861 3004 3437 3075">
     <span class='ocr_line' id='line_1_90' title="bbox 1861 3004 3437 3075; baseline 0 -18"><span class='ocrx_word' id='word_1_630' title='bbox 1861 3006 2006 3057; x_wconf 87' lang='lat' dir='ltr'><strong><em>tione</em></strong></span> <span class='ocrx_word' id='word_1_631' title='bbox 2035 3007 2230 3073; x_wconf 82' lang='lat' dir='ltr'><strong><em>pontis.</em></strong></span> <span class='ocrx_word' id='word_1_632' title='bbox 2260 3004 2463 3057; x_wconf 63' lang='lat' dir='ltr'><strong><em>Latium</em></strong></span> <span class='ocrx_word' id='word_1_633' title='bbox 2501 3007 2667 3069; x_wconf 84' lang='lat' dir='ltr'><strong><em>vocis,</em></strong></span> <span class='ocrx_word' id='word_1_634' title='bbox 2705 3022 2825 3059; x_wconf 86' lang='lat' dir='ltr'><strong><em>cum</em></strong></span> <span class='ocrx_word' id='word_1_635' title='bbox 2867 3006 3089 3074; x_wconf 83' lang='lat' dir='ltr'><strong><em>antiqua</em></strong></span> <span class='ocrx_word' id='word_1_636' title='bbox 3124 3006 3310 3061; x_wconf 70' lang='lat' dir='ltr'><strong><em>Graeca</em></strong></span> <span class='ocrx_word' id='word_1_637' title='bbox 3339 3006 3437 3075; x_wconf 67' lang='grc' dir='ltr'><strong><em>γέρ</em></strong></span> 
     </span>
    </p>
   </div>
   <div class='ocr_carea' id='block_1_91' title="bbox 1861 3097 3433 3167">
    <p class='ocr_par' dir='ltr' id='par_1_91' title="bbox 1861 3097 3433 3167">
     <span class='ocr_line' id='line_1_91' title="bbox 1861 3097 3433 3167; baseline 0.003 -19"><span class='ocrx_word' id='word_1_638' title='bbox 1861 3115 2028 3163; x_wconf 80' lang='grc' dir='ltr'>φυρα,</span> <span class='ocrx_word' id='word_1_639' title='bbox 2057 3109 2110 3150; x_wconf 82' lang='grc' dir='ltr'><strong><em>ιιι</em></strong></span> <span class='ocrx_word' id='word_1_640' title='bbox 2143 3099 2354 3149; x_wconf 75' lang='lat' dir='ltr'><strong><em>facilius</em></strong></span> <span class='ocrx_word' id='word_1_641' title='bbox 2402 3097 2794 3165; x_wconf 80' lang='lat' dir='ltr'><strong><em>intelligeretur</em></strong></span> <span class='ocrx_word' id='word_1_642' title='bbox 2825 3099 2955 3167; x_wconf 85' lang='lat' dir='ltr'><strong><em>quid</em></strong></span> <span class='ocrx_word' id='word_1_643' title='bbox 3001 3099 3368 3166; x_wconf 80' lang='lat' dir='ltr'><strong><em>exprimerent</em></strong></span> <span class='ocrx_word' id='word_1_644' title='bbox 3403 3117 3433 3152; x_wconf 66' lang='grc' dir='ltr'>ει</span> 
     </span>
    </p>
   </div>
   <div class='ocr_carea' id='block_1_92' title="bbox 1863 3189 3432 3260">
    <p class='ocr_par' dir='ltr' id='par_1_92' title="bbox 1863 3189 3432 3260">
     <span class='ocr_line' id='line_1_92' title="bbox 1863 3189 3432 3260; baseline 0.001 -18"><span class='ocrx_word' id='word_1_645' title='bbox 1863 3194 2019 3260; x_wconf 66' lang='lat' dir='ltr'><strong><em>vulgo</em></strong></span> <span class='ocrx_word' id='word_1_646' title='bbox 2045 3194 2153 3259; x_wconf 81' lang='lat' dir='ltr'><strong><em>jam</em></strong></span> <span class='ocrx_word' id='word_1_647' title='bbox 2181 3191 2403 3258; x_wconf 77' lang='lat' dir='ltr'><strong><em>bilingui</em></strong></span> <span class='ocrx_word' id='word_1_648' title='bbox 2444 3205 2506 3244; x_wconf 91' lang='lat' dir='ltr'><strong><em>ac</em></strong></span> <span class='ocrx_word' id='word_1_649' title='bbox 2542 3190 2706 3242; x_wconf 87' lang='lat' dir='ltr'><strong><em>multa</em></strong></span> <span class='ocrx_word' id='word_1_650' title='bbox 2745 3190 3001 3243; x_wconf 88' lang='lat' dir='ltr'><strong><em>mistione</em></strong></span> <span class='ocrx_word' id='word_1_651' title='bbox 3042 3189 3300 3244; x_wconf 75' lang='lat' dir='ltr'><strong><em>Italorum</em></strong></span> <span class='ocrx_word' id='word_1_652' title='bbox 3343 3205 3432 3246; x_wconf 88' lang='lat' dir='ltr'><strong><em>as—</em></strong></span> 
     </span>
    </p>
   </div>
   <div class='ocr_carea' id='block_1_93' title="bbox 1862 3281 3435 3350">
    <p class='ocr_par' dir='ltr' id='par_1_93' title="bbox 1862 3281 3435 3350">
     <span class='ocr_line' id='line_1_93' title="bbox 1862 3281 3435 3350; baseline 0 -14"><span class='ocrx_word' id='word_1_653' title='bbox 1862 3298 2014 3336; x_wconf 86' lang='lat' dir='ltr'><strong><em>sueto</em></strong></span> <span class='ocrx_word' id='word_1_654' title='bbox 2052 3284 2283 3349; x_wconf 82' lang='lat' dir='ltr'><strong><em>patriam</em></strong></span> <span class='ocrx_word' id='word_1_655' title='bbox 2319 3283 2596 3348; x_wconf 72' lang='lat' dir='ltr'><strong><em>antiquam</em></strong></span> <span class='ocrx_word' id='word_1_656' title='bbox 2637 3281 2870 3349; x_wconf 72' lang='lat' dir='ltr'><strong><em>linguam</em></strong></span> <span class='ocrx_word' id='word_1_657' title='bbox 2911 3282 3128 3336; x_wconf 84' lang='lat' dir='ltr'><strong><em>insertis</em></strong></span> <span class='ocrx_word' id='word_1_658' title='bbox 3156 3285 3435 3350; x_wconf 80' lang='lat' dir='ltr'><strong><em>variegare</em></strong></span> 
     </span>
    </p>
   </div>
   <div class='ocr_carea' id='block_1_94' title="bbox 1861 3371 3435 3440">
    <p class='ocr_par' dir='ltr' id='par_1_94' title="bbox 1861 3371 3435 3440">
     <span class='ocr_line' id='line_1_94' title="bbox 1861 3371 3435 3440; baseline -0.001 -13"><span class='ocrx_word' id='word_1_659' title='bbox 1861 3373 2070 3427; x_wconf 76' lang='lat' dir='ltr'><strong><em>Latinis</em></strong></span> <span class='ocrx_word' id='word_1_660' title='bbox 2097 3374 2336 3425; x_wconf 89' lang='lat' dir='ltr'><strong><em>vocibus.</em></strong></span> <span class='ocrx_word' id='word_1_661' title='bbox 2356 3372 2434 3425; x_wconf 81' lang='lat' dir='ltr'><strong><em>Ad</em></strong></span> <span class='ocrx_word' id='word_1_662' title='bbox 2458 3381 2758 3424; x_wconf 85' lang='lat' dir='ltr'><strong><em>extremum</em></strong></span> <span class='ocrx_word' id='word_1_663' title='bbox 2794 3373 2880 3424; x_wconf 87' lang='lat' dir='ltr'><strong><em>hic</em></strong></span> <span class='ocrx_word' id='word_1_664' title='bbox 2900 3387 3164 3440; x_wconf 83' lang='lat' dir='ltr'><strong><em>Opponam</em></strong></span> <span class='ocrx_word' id='word_1_665' title='bbox 3195 3387 3258 3425; x_wconf 80' lang='lat' dir='ltr'><strong><em>ex</em></strong></span> <span class='ocrx_word' id='word_1_666' title='bbox 3283 3371 3435 3426; x_wconf 74' lang='lat' dir='ltr'><strong><em>Livio</em></strong></span> 
     </span>
    </p>
   </div>
   <div class='ocr_carea' id='block_1_95' title="bbox 1860 3459 3435 3534">
    <p class='ocr_par' dir='ltr' id='par_1_95' title="bbox 1860 3459 3435 3534">
     <span class='ocr_line' id='line_1_95' title="bbox 1860 3459 3435 3534; baseline 0 -14"><span class='ocrx_word' id='word_1_667' title='bbox 1860 3468 2104 3534; x_wconf 60' lang='lat' dir='ltr'><strong><em>quaedam</em></strong></span> <span class='ocrx_word' id='word_1_668' title='bbox 2142 3481 2168 3516; x_wconf 86' lang='lat' dir='ltr'><strong><em>a</em></strong></span> <span class='ocrx_word' id='word_1_669' title='bbox 2203 3466 2405 3519; x_wconf 87' lang='lat' dir='ltr'><strong><em>lectore</em></strong></span> <span class='ocrx_word' id='word_1_670' title='bbox 2438 3481 2542 3516; x_wconf 92' lang='lat' dir='ltr'><strong><em>non</em></strong></span> <span class='ocrx_word' id='word_1_671' title='bbox 2571 3465 2838 3518; x_wconf 83' lang='lat' dir='ltr'><strong><em>inutiliter</em></strong></span> <span class='ocrx_word' id='word_1_672' title='bbox 2861 3465 3186 3518; x_wconf 81' lang='lat' dir='ltr'><strong><em>conferenda</em></strong></span> <span class='ocrx_word' id='word_1_673' title='bbox 3218 3466 3284 3519; x_wconf 90' lang='lat' dir='ltr'><strong><em>iis</em></strong></span> <span class='ocrx_word' id='word_1_674' title='bbox 3314 3459 3435 3533; x_wconf 70' lang='lat' dir='ltr'><strong><em>qua:</em></strong></span> 
     </span>
    </p>
   </div>
   <div class='ocr_carea' id='block_1_96' title="bbox 1858 3553 3435 3621">
    <p class='ocr_par' dir='ltr' id='par_1_96' title="bbox 1858 3553 3435 3621">
     <span class='ocr_line' id='line_1_96' title="bbox 1858 3553 3435 3621; baseline 0.001 -13"><span class='ocrx_word' id='word_1_675' title='bbox 1858 3557 1925 3607; x_wconf 88' lang='lat' dir='ltr'><strong><em>de</em></strong></span> <span class='ocrx_word' id='word_1_676' title='bbox 1966 3555 2072 3608; x_wconf 87' lang='lat' dir='ltr'><strong><em>situ</em></strong></span> <span class='ocrx_word' id='word_1_677' title='bbox 2111 3553 2351 3605; x_wconf 89' lang='lat' dir='ltr'><strong><em>locorum</em></strong></span> <span class='ocrx_word' id='word_1_678' title='bbox 2387 3553 2634 3616; x_wconf 90' lang='lat' dir='ltr'><strong><em>istorum,</em></strong></span> <span class='ocrx_word' id='word_1_679' title='bbox 2673 3565 2862 3605; x_wconf 80' lang='lat' dir='ltr'><strong><em>natura</em></strong></span> <span class='ocrx_word' id='word_1_680' title='bbox 2892 3555 3140 3621; x_wconf 72' lang='lat' dir='ltr'><strong><em>Sangarii</em></strong></span> <span class='ocrx_word' id='word_1_681' title='bbox 3173 3555 3347 3608; x_wconf 73' lang='lat' dir='ltr'><strong><em>annuis</em></strong></span> <span class='ocrx_word' id='word_1_682' title='bbox 3378 3561 3435 3609; x_wconf 73' lang='lat' dir='ltr'><strong><em>et</em></strong></span> 
     </span>
    </p>
   </div>
   <div class='ocr_carea' id='block_1_97' title="bbox 1860 3644 3430 3713">
    <p class='ocr_par' dir='ltr' id='par_1_97' title="bbox 1860 3644 3430 3713">
     <span class='ocr_line' id='line_1_97' title="bbox 1860 3644 3430 3713; baseline -0.002 -14"><span class='ocrx_word' id='word_1_683' title='bbox 1860 3645 2188 3699; x_wconf 85' lang='lat' dir='ltr'><strong><em>necessitate</em></strong></span> <span class='ocrx_word' id='word_1_684' title='bbox 2238 3644 2544 3712; x_wconf 78' lang='lat' dir='ltr'><strong><em>imponendi</em></strong></span> <span class='ocrx_word' id='word_1_685' title='bbox 2595 3646 2640 3698; x_wconf 87' lang='lat' dir='ltr'><strong><em>ei</em></strong></span> <span class='ocrx_word' id='word_1_686' title='bbox 2679 3647 2853 3713; x_wconf 85' lang='lat' dir='ltr'><strong><em>pontis</em></strong></span> <span class='ocrx_word' id='word_1_687' title='bbox 2894 3655 3080 3699; x_wconf 88' lang='lat' dir='ltr'><strong><em>noster</em></strong></span> <span class='ocrx_word' id='word_1_688' title='bbox 3116 3646 3236 3707; x_wconf 87' lang='lat' dir='ltr'><strong><em>hoc,</em></strong></span> <span class='ocrx_word' id='word_1_689' title='bbox 3270 3662 3430 3713; x_wconf 89' lang='lat' dir='ltr'><strong><em>quem</em></strong></span> 
     </span>
    </p>
   </div>
   <div class='ocr_carea' id='block_1_98' title="bbox 1859 3735 3429 3800">
    <p class='ocr_par' dir='ltr' id='par_1_98' title="bbox 1859 3735 3429 3800">
     <span class='ocr_line' id='line_1_98' title="bbox 1859 3735 3429 3800; baseline -0.001 -10"><span class='ocrx_word' id='word_1_690' title='bbox 1859 3737 2187 3790; x_wconf 82' lang='lat' dir='ltr'><strong><em>illustratum</em></strong></span> <span class='ocrx_word' id='word_1_691' title='bbox 2215 3738 2298 3789; x_wconf 90' lang='lat' dir='ltr'><strong><em>hic</em></strong></span> <span class='ocrx_word' id='word_1_692' title='bbox 2330 3737 2490 3798; x_wconf 89' lang='lat' dir='ltr'><strong><em>imus,</em></strong></span> <span class='ocrx_word' id='word_1_693' title='bbox 2521 3737 2634 3788; x_wconf 90' lang='lat' dir='ltr'><strong><em>loco</em></strong></span> <span class='ocrx_word' id='word_1_694' title='bbox 2653 3737 2842 3789; x_wconf 77' lang='lat' dir='ltr'><strong><em>scribit</em></strong></span> <span class='ocrx_word' id='word_1_695' title='bbox 2868 3737 2961 3789; x_wconf 90' lang='lat' dir='ltr'><strong><em>lib.</em></strong></span> <span class='ocrx_word' id='word_1_696' title='bbox 2988 3751 3104 3800; x_wconf 90' lang='lat' dir='ltr'><strong><em>vttt,</em></strong></span> <span class='ocrx_word' id='word_1_697' title='bbox 3128 3737 3161 3790; x_wconf 72' lang='grc'><strong>4</strong></span> <span class='ocrx_word' id='word_1_698' title='bbox 3185 3735 3429 3800; x_wconf 81' lang='lat' dir='ltr'><strong><em>decadis,</em></strong></span> 
     </span>
    </p>
   </div>
   <div class='ocr_carea' id='block_1_99' title="bbox 1859 3827 3432 3896">
    <p class='ocr_par' dir='ltr' id='par_1_99' title="bbox 1859 3827 3432 3896">
     <span class='ocr_line' id='line_1_99' title="bbox 1859 3827 3432 3896; baseline 0.001 -15"><span class='ocrx_word' id='word_1_699' title='bbox 1859 3829 1948 3882; x_wconf 87' lang='lat' dir='ltr'><strong><em>ubi</em></strong></span> <span class='ocrx_word' id='word_1_700' title='bbox 1983 3829 2383 3896; x_wconf 80' lang='lat' dir='ltr'><strong><em>expeditionem</em></strong></span> <span class='ocrx_word' id='word_1_701' title='bbox 2425 3828 2577 3881; x_wconf 88' lang='lat' dir='ltr'><strong><em>Cueii</em></strong></span> <span class='ocrx_word' id='word_1_702' title='bbox 2635 3827 2815 3882; x_wconf 51' lang='lat' dir='ltr'><strong><em>Manlii</em></strong></span> <span class='ocrx_word' id='word_1_703' title='bbox 2856 3829 3094 3882; x_wconf 83' lang='lat' dir='ltr'><strong><em>consulis</em></strong></span> <span class='ocrx_word' id='word_1_704' title='bbox 3143 3828 3194 3880; x_wconf 91' lang='lat' dir='ltr'><strong><em>in</em></strong></span> <span class='ocrx_word' id='word_1_705' title='bbox 3245 3827 3432 3882; x_wconf 80' lang='lat' dir='ltr'><strong><em>Gallo-</em></strong></span> 
     </span>
    </p>
   </div>
   <div class='ocr_carea' id='block_1_100' title="bbox 1856 3907 3432 3978">
    <p class='ocr_par' dir='ltr' id='par_1_100' title="bbox 1856 3907 3432 3978">
     <span class='ocr_line' id='line_1_100' title="bbox 1856 3907 3432 3978; baseline -0.003 0"><span class='ocrx_word' id='word_1_706' title='bbox 1856 3907 2386 3978; x_wconf 21' lang='lat' dir='ltr'><strong><em>Grarcos&#39;describit.</em></strong></span> <span class='ocrx_word' id='word_1_707' title='bbox 2435 3921 2525 3975; x_wconf 88' lang='lat' dir='ltr'><strong><em>Sic</em></strong></span> <span class='ocrx_word' id='word_1_708' title='bbox 2572 3923 2755 3975; x_wconf 79' lang='lat' dir='ltr'><strong><em>Livius</em></strong></span> <span class='ocrx_word' id='word_1_709' title='bbox 2788 3924 2948 3976; x_wconf 79' lang='lat' dir='ltr'><strong><em>habet</em></strong></span> <span class='ocrx_word' id='word_1_710' title='bbox 2987 3938 3002 3975; x_wconf 91' lang='lat'>:</span> <span class='ocrx_word' id='word_1_711' title='bbox 3035 3920 3167 3976; x_wconf 80' lang='lat' dir='ltr'><strong><em>Cum</em></strong></span> <span class='ocrx_word' id='word_1_712' title='bbox 3197 3921 3265 3974; x_wconf 88' lang='lat' dir='ltr'><strong><em>ad</em></strong></span> <span class='ocrx_word' id='word_1_713' title='bbox 3293 3921 3432 3975; x_wconf 83' lang='lat' dir='ltr'><strong><em>San-</em></strong></span> 
     </span>
    </p>
   </div>
   <div class='ocr_carea' id='block_1_101' title="bbox 1855 4015 3427 4089">
    <p class='ocr_par' dir='ltr' id='par_1_101' title="bbox 1855 4015 3427 4089">
     <span class='ocr_line' id='line_1_101' title="bbox 1855 4015 3427 4089; baseline -0.001 -21"><span class='ocrx_word' id='word_1_714' title='bbox 1855 4020 2061 4089; x_wconf 86' lang='lat' dir='ltr'><strong><em>garium</em></strong></span> <span class='ocrx_word' id='word_1_715' title='bbox 2109 4017 2304 4085; x_wconf 78' lang='lat' dir='ltr'><strong><em>ﬂumen</em></strong></span> <span class='ocrx_word' id='word_1_716' title='bbox 2340 4017 2649 4081; x_wconf 82' lang='lat' dir='ltr'><strong><em>pertenisset</em></strong></span> <span class='ocrx_word' id='word_1_717' title='bbox 2682 4015 2840 4085; x_wconf 76' lang='lat'><strong><em>715</em></strong></span> <span class='ocrx_word' id='word_1_718' title='bbox 2877 4015 3126 4085; x_wconf 71' lang='lat' dir='ltr'><strong><em>(“utilius</em></strong></span> <span class='ocrx_word' id='word_1_719' title='bbox 3157 4030 3269 4069; x_wconf 87' lang='lat' dir='ltr'><strong><em>cos.</em></strong></span> <span class='ocrx_word' id='word_1_720' title='bbox 3303 4030 3427 4069; x_wconf 81' lang='lat' dir='ltr'><strong><em>cum</em></strong></span> 
     </span>
    </p>
   </div>
   <div class='ocr_carea' id='block_1_102' title="bbox 1858 4105 3429 4175">
    <p class='ocr_par' dir='ltr' id='par_1_102' title="bbox 1858 4105 3429 4175">
     <span class='ocr_line' id='line_1_102' title="bbox 1858 4105 3429 4175; baseline -0.002 -12"><span class='ocrx_word' id='word_1_721' title='bbox 1858 4113 2103 4163; x_wconf 72' lang='lat' dir='ltr'><strong><em>ltomano</em></strong></span> <span class='ocrx_word' id='word_1_722' title='bbox 2162 4105 2452 4175; x_wconf 79' lang='lat' dir='ltr'><strong><em>exercitu),</em></strong></span> <span class='ocrx_word' id='word_1_723' title='bbox 2504 4116 2732 4172; x_wconf 87' lang='lat' dir='ltr'><strong><em>pontem,</em></strong></span> <span class='ocrx_word' id='word_1_724' title='bbox 2791 4109 2919 4173; x_wconf 85' lang='lat' dir='ltr'><strong><em>quia</em></strong></span> <span class='ocrx_word' id='word_1_725' title='bbox 2979 4107 3111 4159; x_wconf 83' lang='lat' dir='ltr'><strong><em>vado</em></strong></span> <span class='ocrx_word' id='word_1_726' title='bbox 3171 4124 3429 4175; x_wconf 80' lang='lat' dir='ltr'><strong><em>nusquam</em></strong></span> 
     </span>
    </p>
   </div>
   <div class='ocr_carea' id='block_1_103' title="bbox 1855 4199 3428 4267">
    <p class='ocr_par' dir='ltr' id='par_1_103' title="bbox 1855 4199 3428 4267">
     <span class='ocr_line' id='line_1_103' title="bbox 1855 4199 3428 4267; baseline -0.002 -15"><span class='ocrx_word' id='word_1_727' title='bbox 1855 4205 2112 4252; x_wconf 82' lang='lat' dir='ltr'><strong><em>transitus</em></strong></span> <span class='ocrx_word' id='word_1_728' title='bbox 2146 4210 2277 4259; x_wconf 87' lang='lat' dir='ltr'><strong><em>erat,</em></strong></span> <span class='ocrx_word' id='word_1_729' title='bbox 2314 4200 2486 4267; x_wconf 75' lang='lat' dir='ltr'><strong><em>facere</em></strong></span> <span class='ocrx_word' id='word_1_730' title='bbox 2516 4199 2770 4250; x_wconf 83' lang='lat' dir='ltr'><strong><em>instituit.</em></strong></span> <span class='ocrx_word' id='word_1_731' title='bbox 2805 4199 3102 4267; x_wconf 79' lang='lat' dir='ltr'><strong><em>Sangarius</em></strong></span> <span class='ocrx_word' id='word_1_732' title='bbox 3133 4214 3196 4251; x_wconf 74' lang='lat' dir='ltr'><strong><em>ex</em></strong></span> <span class='ocrx_word' id='word_1_733' title='bbox 3228 4200 3428 4251; x_wconf 72' lang='lat' dir='ltr'><strong><em>Adoreo</em></strong></span> 
     </span>
    </p>
   </div>
   <div class='ocr_carea' id='block_1_104' title="bbox 1854 4287 3427 4358">
    <p class='ocr_par' dir='ltr' id='par_1_104' title="bbox 1854 4287 3427 4358">
     <span class='ocr_line' id='line_1_104' title="bbox 1854 4287 3427 4358; baseline -0.002 -17"><span class='ocrx_word' id='word_1_734' title='bbox 1854 4300 2028 4344; x_wconf 90' lang='lat' dir='ltr'><strong><em>monte</em></strong></span> <span class='ocrx_word' id='word_1_735' title='bbox 2079 4306 2169 4356; x_wconf 87' lang='lat' dir='ltr'><strong><em>per</em></strong></span> <span class='ocrx_word' id='word_1_736' title='bbox 2199 4287 2484 4358; x_wconf 80' lang='lat' dir='ltr'><strong><em>Phrygiam</em></strong></span> <span class='ocrx_word' id='word_1_737' title='bbox 2518 4289 2685 4355; x_wconf 82' lang='lat' dir='ltr'><strong><em>ﬂuens</em></strong></span> <span class='ocrx_word' id='word_1_738' title='bbox 2741 4288 2987 4340; x_wconf 71' lang='lat' dir='ltr'><strong><em>miscetur</em></strong></span> <span class='ocrx_word' id='word_1_739' title='bbox 3019 4291 3088 4340; x_wconf 86' lang='lat' dir='ltr'><strong><em>ad</em></strong></span> <span class='ocrx_word' id='word_1_740' title='bbox 3127 4287 3427 4356; x_wconf 77' lang='lat' dir='ltr'><strong><em>bithyniant</em></strong></span> 
     </span>
    </p>
   </div>
   <div class='ocr_carea' id='block_1_105' title="bbox 1857 4379 3428 4453">
    <p class='ocr_par' dir='ltr' id='par_1_105' title="bbox 1857 4379 3428 4453">
     <span class='ocr_line' id='line_1_105' title="bbox 1857 4379 3428 4453; baseline -0.005 -17"><span class='ocrx_word' id='word_1_741' title='bbox 1857 4382 2160 4453; x_wconf 80' lang='lat' dir='ltr'><strong><em>Thymbreti</em></strong></span> <span class='ocrx_word' id='word_1_742' title='bbox 2196 4383 2398 4450; x_wconf 69' lang='lat' dir='ltr'><strong><em>fluvio;</em></strong></span> <span class='ocrx_word' id='word_1_743' title='bbox 2451 4383 2569 4433; x_wconf 86' lang='lat' dir='ltr'><strong><em>inde</em></strong></span> <span class='ocrx_word' id='word_1_744' title='bbox 2609 4385 2782 4449; x_wconf 79' lang='lat' dir='ltr'><strong><em>major</em></strong></span> <span class='ocrx_word' id='word_1_745' title='bbox 2804 4381 2922 4449; x_wconf 87' lang='lat' dir='ltr'><strong><em>jam</em></strong></span> <span class='ocrx_word' id='word_1_746' title='bbox 2965 4379 3240 4448; x_wconf 69' lang='lat' dir='ltr'><strong><em>geminatis</em></strong></span> <span class='ocrx_word' id='word_1_747' title='bbox 3275 4396 3428 4447; x_wconf 70' lang='lat' dir='ltr'><strong><em>aqua:</em></strong></span> 
     </span>
    </p>
   </div>
   <div class='ocr_carea' id='block_1_106' title="bbox 1853 4472 3428 4544">
    <p class='ocr_par' dir='ltr' id='par_1_106' title="bbox 1853 4472 3428 4544">
     <span class='ocr_line' id='line_1_106' title="bbox 1853 4472 3428 4544; baseline -0.004 -16"><span class='ocrx_word' id='word_1_748' title='bbox 1853 4493 1946 4544; x_wconf 87' lang='lat' dir='ltr'><strong><em>per</em></strong></span> <span class='ocrx_word' id='word_1_749' title='bbox 1978 4475 2279 4544; x_wconf 79' lang='lat' dir='ltr'><strong><em>Bithyniam</em></strong></span> <span class='ocrx_word' id='word_1_750' title='bbox 2310 4474 2480 4541; x_wconf 79' lang='lat' dir='ltr'><strong><em>fertur</em></strong></span> <span class='ocrx_word' id='word_1_751' title='bbox 2534 4483 2582 4525; x_wconf 89' lang='lat' dir='ltr'><strong><em>et</em></strong></span> <span class='ocrx_word' id='word_1_752' title='bbox 2619 4473 2671 4523; x_wconf 90' lang='lat' dir='ltr'><strong><em>in</em></strong></span> <span class='ocrx_word' id='word_1_753' title='bbox 2713 4472 3083 4537; x_wconf 87' lang='lat' dir='ltr'><strong><em>Propontidem</em></strong></span> <span class='ocrx_word' id='word_1_754' title='bbox 3113 4489 3223 4524; x_wconf 85' lang='lat' dir='ltr'><strong><em>sese</em></strong></span> <span class='ocrx_word' id='word_1_755' title='bbox 3257 4472 3428 4538; x_wconf 69' lang='lat' dir='ltr'><strong><em>effun-</em></strong></span> 
     </span>
    </p>
   </div>
   <div class='ocr_carea' id='block_1_107' title="bbox 1855 4564 3428 4633">
    <p class='ocr_par' dir='ltr' id='par_1_107' title="bbox 1855 4564 3428 4633">
     <span class='ocr_line' id='line_1_107' title="bbox 1855 4564 3428 4633; baseline -0.003 -14"><span class='ocrx_word' id='word_1_756' title='bbox 1855 4569 1956 4630; x_wconf 85' lang='lat' dir='ltr'><strong><em>dit,</em></strong></span> <span class='ocrx_word' id='word_1_757' title='bbox 1992 4582 2094 4619; x_wconf 86' lang='lat' dir='ltr'><strong><em>non</em></strong></span> <span class='ocrx_word' id='word_1_758' title='bbox 2132 4576 2238 4617; x_wconf 88' lang='lat' dir='ltr'><strong><em>tam</em></strong></span> <span class='ocrx_word' id='word_1_759' title='bbox 2269 4565 2631 4632; x_wconf 85' lang='lat' dir='ltr'><strong><em>magnitudine</em></strong></span> <span class='ocrx_word' id='word_1_760' title='bbox 2666 4565 3028 4616; x_wconf 85' lang='lat' dir='ltr'><strong><em>memorabilis</em></strong></span> <span class='ocrx_word' id='word_1_761' title='bbox 3078 4580 3236 4631; x_wconf 87' lang='lat' dir='ltr'><strong><em>quam</em></strong></span> <span class='ocrx_word' id='word_1_762' title='bbox 3287 4564 3428 4633; x_wconf 83' lang='lat' dir='ltr'><strong><em>quod</em></strong></span> 
     </span>
    </p>
   </div>
   <div class='ocr_carea' id='block_1_108' title="bbox 1848 4657 3257 4727">
    <p class='ocr_par' dir='ltr' id='par_1_108' title="bbox 1848 4657 3257 4727">
     <span class='ocr_line' id='line_1_108' title="bbox 1848 4657 3257 4727; baseline -0.001 -15"><span class='ocrx_word' id='word_1_763' title='bbox 1848 4661 2070 4727; x_wconf 80' lang='lat' dir='ltr'><strong><em>piscium</em></strong></span> <span class='ocrx_word' id='word_1_764' title='bbox 2104 4657 2297 4709; x_wconf 86' lang='lat' dir='ltr'><strong><em>accolis</em></strong></span> <span class='ocrx_word' id='word_1_765' title='bbox 2335 4658 2597 4725; x_wconf 85' lang='lat' dir='ltr'><strong><em>ingentem</em></strong></span> <span class='ocrx_word' id='word_1_766' title='bbox 2640 4659 2742 4710; x_wconf 77' lang='lat' dir='ltr'><strong><em>vim</em></strong></span> <span class='ocrx_word' id='word_1_767' title='bbox 2775 4658 2996 4726; x_wconf 78' lang='lat' dir='ltr'><strong><em>pra&#39;bet.</em></strong></span> <span class='ocrx_word' id='word_1_768' title='bbox 3031 4657 3107 4710; x_wconf 87' lang='lat' dir='ltr'><strong><em>Ita</em></strong></span> <span class='ocrx_word' id='word_1_769' title='bbox 3145 4657 3257 4711; x_wconf 84' lang='lat' dir='ltr'><strong><em>ille.</em></strong></span> 
     </span>
    </p>
   </div>
   <div class='ocr_carea' id='block_1_109' title="bbox 1922 4748 3429 4822">
    <p class='ocr_par' dir='ltr' id='par_1_109' title="bbox 1922 4748 3429 4822">
     <span class='ocr_line' id='line_1_109' title="bbox 1922 4748 3429 4822; baseline -0.001 -17"><span class='ocrx_word' id='word_1_770' title='bbox 1922 4751 2007 4822; x_wconf 81' lang='lat' dir='ltr'><strong><em>[I‘.</em></strong></span> <span class='ocrx_word' id='word_1_771' title='bbox 2041 4748 2166 4820; x_wconf 77' lang='lat'><strong><em>506]</em></strong></span> <span class='ocrx_word' id='word_1_772' title='bbox 2193 4749 2549 4814; x_wconf 82' lang='grc' dir='ltr'><strong><em>Ποσειδεὼν,</em></strong></span> <span class='ocrx_word' id='word_1_773' title='bbox 2588 4764 2639 4816; x_wconf 83' lang='lat' dir='ltr'><strong><em>p.</em></strong></span> <span class='ocrx_word' id='word_1_774' title='bbox 2674 4748 2800 4803; x_wconf 69' lang='lat'><strong><em>268.</em></strong></span> <span class='ocrx_word' id='word_1_775' title='bbox 2828 4749 2978 4815; x_wconf 87' lang='lat' dir='ltr'><strong><em>Quod</em></strong></span> <span class='ocrx_word' id='word_1_776' title='bbox 3003 4751 3053 4802; x_wconf 92' lang='lat' dir='ltr'><strong><em>in</em></strong></span> <span class='ocrx_word' id='word_1_777' title='bbox 3079 4749 3239 4817; x_wconf 89' lang='lat' dir='ltr'><strong><em>priori</em></strong></span> <span class='ocrx_word' id='word_1_778' title='bbox 3272 4749 3429 4804; x_wconf 85' lang='lat' dir='ltr'><strong><em>Glos-</em></strong></span> 
     </span>
    </p>
   </div>
   <div class='ocr_carea' id='block_1_110' title="bbox 1848 4838 3430 4908">
    <p class='ocr_par' dir='ltr' id='par_1_110' title="bbox 1848 4838 3430 4908">
     <span class='ocr_line' id='line_1_110' title="bbox 1848 4838 3430 4908; baseline 0.002 -14"><span class='ocrx_word' id='word_1_779' title='bbox 1848 4841 1996 4894; x_wconf 84' lang='lat' dir='ltr'><strong><em>sario</em></strong></span> <span class='ocrx_word' id='word_1_780' title='bbox 2049 4839 2431 4902; x_wconf 77' lang='lat' dir='ltr'><strong><em>admouebam,</em></strong></span> <span class='ocrx_word' id='word_1_781' title='bbox 2487 4843 2537 4891; x_wconf 90' lang='lat' dir='ltr'><strong><em>in</em></strong></span> <span class='ocrx_word' id='word_1_782' title='bbox 2589 4838 2863 4907; x_wconf 79' lang='lat' dir='ltr'><strong><em>prioribus</em></strong></span> <span class='ocrx_word' id='word_1_783' title='bbox 2917 4854 3007 4892; x_wconf 79' lang='lat' dir='ltr'><strong><em>sex</em></strong></span> <span class='ocrx_word' id='word_1_784' title='bbox 3056 4839 3211 4893; x_wconf 89' lang='lat' dir='ltr'><strong><em>libris</em></strong></span> <span class='ocrx_word' id='word_1_785' title='bbox 3270 4841 3430 4908; x_wconf 67' lang='lat' dir='ltr'><strong><em>hujus</em></strong></span> 
     </span>
    </p>
   </div>
   <div class='ocr_carea' id='block_1_111' title="bbox 1850 4929 3428 4999">
    <p class='ocr_par' dir='ltr' id='par_1_111' title="bbox 1850 4929 3428 4999">
     <span class='ocr_line' id='line_1_111' title="bbox 1850 4929 3428 4999; baseline 0.001 -17"><span class='ocrx_word' id='word_1_786' title='bbox 1850 4929 2099 4984; x_wconf 74' lang='lat' dir='ltr'><strong><em>Historia.-</em></strong></span> <span class='ocrx_word' id='word_1_787' title='bbox 2127 4931 2423 4982; x_wconf 76' lang='lat' dir='ltr'><strong><em>desiderari</em></strong></span> <span class='ocrx_word' id='word_1_788' title='bbox 2451 4929 2935 4999; x_wconf 76' lang='lat' dir='ltr'><strong><em>l’:u-.liytneriauurn</em></strong></span> <span class='ocrx_word' id='word_1_789' title='bbox 2959 4932 3184 4996; x_wconf 73' lang='lat' dir='ltr'><strong><em>Augusti</em></strong></span> <span class='ocrx_word' id='word_1_790' title='bbox 3223 4946 3428 4984; x_wconf 67' lang='lat' dir='ltr'><strong><em>mensus</em></strong></span> 
     </span>
    </p>
   </div>
   <div class='ocr_carea' id='block_1_112' title="bbox 1851 5021 3418 5092">
    <p class='ocr_par' dir='ltr' id='par_1_112' title="bbox 1851 5021 3418 5092">
     <span class='ocr_line' id='line_1_112' title="bbox 1851 5021 3418 5092; baseline -0.003 -14"><span class='ocrx_word' id='word_1_791' title='bbox 1851 5042 2070 5086; x_wconf 87' lang='lat' dir='ltr'><strong><em>nomen,</em></strong></span> <span class='ocrx_word' id='word_1_792' title='bbox 2114 5023 2446 5092; x_wconf 80' lang='grc' dir='ltr'><strong><em>μνημονικὸν</em></strong></span> <span class='ocrx_word' id='word_1_793' title='bbox 2501 5022 2601 5074; x_wconf 77' lang='lat' dir='ltr'><strong><em>fuit</em></strong></span> <span class='ocrx_word' id='word_1_794' title='bbox 2663 5021 2908 5090; x_wconf 77' lang='grc' dir='ltr'><strong><em>σφάλμα,</em></strong></span> <span class='ocrx_word' id='word_1_795' title='bbox 2950 5033 3008 5076; x_wconf 84' lang='grc' dir='ltr'><strong><em>ιιι</em></strong></span> <span class='ocrx_word' id='word_1_796' title='bbox 3058 5039 3178 5076; x_wconf 74' lang='lat' dir='ltr'><strong><em>mox</em></strong></span> <span class='ocrx_word' id='word_1_797' title='bbox 3223 5026 3418 5077; x_wconf 81' lang='lat' dir='ltr'><strong><em>dit-am.</em></strong></span> 
     </span>
    </p>
   </div>
   <div class='ocr_carea' id='block_1_113' title="bbox 1847 5116 3420 5185">
    <p class='ocr_par' dir='ltr' id='par_1_113' title="bbox 1847 5116 3420 5185">
     <span class='ocr_line' id='line_1_113' title="bbox 1847 5116 3420 5185; baseline -0.005 -10"><span class='ocrx_word' id='word_1_798' title='bbox 1847 5123 2006 5175; x_wconf 77' lang='lat' dir='ltr'><strong><em>Certe</em></strong></span> <span class='ocrx_word' id='word_1_799' title='bbox 2047 5122 2146 5172; x_wconf 92' lang='lat' dir='ltr'><strong><em>hoc</em></strong></span> <span class='ocrx_word' id='word_1_800' title='bbox 2183 5119 2300 5170; x_wconf 84' lang='lat' dir='ltr'><strong><em>loco</em></strong></span> <span class='ocrx_word' id='word_1_801' title='bbox 2331 5117 2694 5178; x_wconf 75' lang='grc' dir='ltr'><strong><em>Ποσειδεῶνος</em></strong></span> <span class='ocrx_word' id='word_1_802' title='bbox 2732 5117 2993 5169; x_wconf 83' lang='lat' dir='ltr'><strong><em>vocabulo</em></strong></span> <span class='ocrx_word' id='word_1_803' title='bbox 3023 5116 3180 5185; x_wconf 89' lang='lat' dir='ltr'><strong><em>plane</em></strong></span> <span class='ocrx_word' id='word_1_804' title='bbox 3215 5117 3420 5185; x_wconf 58' lang='lat' dir='ltr'><strong><em>seattilis</em></strong></span> 
     </span>
    </p>
   </div>
   <div class='ocr_carea' id='block_1_114' title="bbox 1845 5205 3416 5279">
    <p class='ocr_par' dir='ltr' id='par_1_114' title="bbox 1845 5205 3416 5279">
     <span class='ocr_line' id='line_1_114' title="bbox 1845 5205 3416 5279; baseline -0.006 -13"><span class='ocrx_word' id='word_1_805' title='bbox 1845 5223 1901 5266; x_wconf 88' lang='lat' dir='ltr'><strong><em>et</em></strong></span> <span class='ocrx_word' id='word_1_806' title='bbox 1948 5213 2214 5279; x_wconf 82' lang='lat' dir='ltr'><strong><em>Angustus</em></strong></span> <span class='ocrx_word' id='word_1_807' title='bbox 2254 5207 2463 5261; x_wconf 80' lang='lat' dir='ltr'><strong><em>Latinis</em></strong></span> <span class='ocrx_word' id='word_1_808' title='bbox 2510 5207 2685 5261; x_wconf 86' lang='lat' dir='ltr'><strong><em>dictus</em></strong></span> <span class='ocrx_word' id='word_1_809' title='bbox 2731 5206 2933 5260; x_wconf 87' lang='lat' dir='ltr'><strong><em>mensis</em></strong></span> <span class='ocrx_word' id='word_1_810' title='bbox 2977 5205 3318 5275; x_wconf 76' lang='lat' dir='ltr'><strong><em>exprimitur.</em></strong></span> <span class='ocrx_word' id='word_1_811' title='bbox 3364 5205 3416 5257; x_wconf 83' lang='lat' dir='ltr'><strong><em>Id</em></strong></span> 
     </span>
    </p>
   </div>
   <div class='ocr_carea' id='block_1_115' title="bbox 1846 5299 3415 5368">
    <p class='ocr_par' dir='ltr' id='par_1_115' title="bbox 1846 5299 3415 5368">
     <span class='ocr_line' id='line_1_115' title="bbox 1846 5299 3415 5368; baseline -0.004 -14"><span class='ocrx_word' id='word_1_812' title='bbox 1846 5306 2180 5358; x_wconf 85' lang='lat' dir='ltr'><strong><em>demonstrat</em></strong></span> <span class='ocrx_word' id='word_1_813' title='bbox 2214 5316 2318 5352; x_wconf 92' lang='lat' dir='ltr'><strong><em>non</em></strong></span> <span class='ocrx_word' id='word_1_814' title='bbox 2354 5299 2512 5352; x_wconf 85' lang='lat' dir='ltr'><strong><em>modo</em></strong></span> <span class='ocrx_word' id='word_1_815' title='bbox 2541 5315 2703 5368; x_wconf 86' lang='lat' dir='ltr'><strong><em>quam</em></strong></span> <span class='ocrx_word' id='word_1_816' title='bbox 2731 5299 2989 5352; x_wconf 88' lang='lat' dir='ltr'><strong><em>continuo</em></strong></span> <span class='ocrx_word' id='word_1_817' title='bbox 3031 5309 3228 5353; x_wconf 86' lang='lat' dir='ltr'><strong><em>auctor</em></strong></span> <span class='ocrx_word' id='word_1_818' title='bbox 3261 5300 3415 5351; x_wconf 80' lang='lat' dir='ltr'><strong><em>adhi-</em></strong></span> 
     </span>
    </p>
   </div>
   <div class='ocr_carea' id='block_1_116' title="bbox 1847 5390 3417 5459">
    <p class='ocr_par' dir='ltr' id='par_1_116' title="bbox 1847 5390 3417 5459">
     <span class='ocr_line' id='line_1_116' title="bbox 1847 5390 3417 5459; baseline -0.005 -9"><span class='ocrx_word' id='word_1_819' title='bbox 1847 5398 1957 5458; x_wconf 87' lang='lat' dir='ltr'><strong><em>bet,</em></strong></span> <span class='ocrx_word' id='word_1_820' title='bbox 1991 5392 2247 5446; x_wconf 81' lang='lat' dir='ltr'><strong><em>indicatio</em></strong></span> <span class='ocrx_word' id='word_1_821' title='bbox 2308 5392 2645 5459; x_wconf 78' lang='lat' dir='ltr'><strong><em>tempestatis</em></strong></span> <span class='ocrx_word' id='word_1_822' title='bbox 2702 5390 2850 5456; x_wconf 88' lang='lat' dir='ltr'><strong><em>anni,</em></strong></span> <span class='ocrx_word' id='word_1_823' title='bbox 2878 5406 2981 5459; x_wconf 85' lang='lat' dir='ltr'><strong><em>qua</em></strong></span> <span class='ocrx_word' id='word_1_824' title='bbox 3047 5392 3303 5444; x_wconf 88' lang='lat' dir='ltr'><strong><em>nimirum</em></strong></span> <span class='ocrx_word' id='word_1_825' title='bbox 3353 5392 3417 5443; x_wconf 85' lang='lat' dir='ltr'><strong><em>ab</em></strong></span> 
     </span>
    </p>
   </div>
   <div class='ocr_carea' id='block_1_117' title="bbox 1845 5481 3412 5554">
    <p class='ocr_par' dir='ltr' id='par_1_117' title="bbox 1845 5481 3412 5554">
     <span class='ocr_line' id='line_1_117' title="bbox 1845 5481 3412 5554; baseline -0.003 -14"><span class='ocrx_word' id='word_1_826' title='bbox 1845 5488 2022 5540; x_wconf 67' lang='lat' dir='ltr'><strong><em>a&#39;stiro</em></strong></span> <span class='ocrx_word' id='word_1_827' title='bbox 2063 5486 2277 5536; x_wconf 84' lang='lat' dir='ltr'><strong><em>cardine</em></strong></span> <span class='ocrx_word' id='word_1_828' title='bbox 2324 5485 2392 5535; x_wconf 88' lang='lat' dir='ltr'><strong><em>ad</em></strong></span> <span class='ocrx_word' id='word_1_829' title='bbox 2428 5483 2848 5554; x_wconf 74' lang='lat' dir='ltr'><strong><em>a&#39;qztittoctialem</em></strong></span> <span class='ocrx_word' id='word_1_830' title='bbox 2884 5481 2964 5535; x_wconf 88' lang='lat' dir='ltr'><strong><em>sol</em></strong></span> <span class='ocrx_word' id='word_1_831' title='bbox 2993 5483 3222 5547; x_wconf 76' lang='lat' dir='ltr'><strong><em>declinat</em></strong></span> <span class='ocrx_word' id='word_1_832' title='bbox 3260 5499 3278 5536; x_wconf 91' lang='lat'><strong><em>:</em></strong></span> <span class='ocrx_word' id='word_1_833' title='bbox 3318 5484 3412 5536; x_wconf 78' lang='lat' dir='ltr'><strong><em>sed</em></strong></span> 
     </span>
    </p>
   </div>
   <div class='ocr_carea' id='block_1_118' title="bbox 1845 5573 3414 5643">
    <p class='ocr_par' dir='ltr' id='par_1_118' title="bbox 1845 5573 3414 5643">
     <span class='ocr_line' id='line_1_118' title="bbox 1845 5573 3414 5643; baseline -0.003 -13"><span class='ocrx_word' id='word_1_834' title='bbox 1845 5580 1992 5631; x_wconf 56' lang='lat' dir='ltr'><strong><em>clare</em></strong></span> <span class='ocrx_word' id='word_1_835' title='bbox 2019 5576 2186 5628; x_wconf 76' lang='lat' dir='ltr'><strong><em>V&#39;utic.</em></strong></span> <span class='ocrx_word' id='word_1_836' title='bbox 2212 5573 2855 5643; x_wconf 75' lang='lat' dir='ltr'><strong><em>paraphr.exprimit,sic</em></strong></span> <span class='ocrx_word' id='word_1_837' title='bbox 2879 5574 2948 5628; x_wconf 91' lang='lat' dir='ltr'><strong><em>ibi</em></strong></span> <span class='ocrx_word' id='word_1_838' title='bbox 2968 5575 3250 5628; x_wconf 79' lang='lat' dir='ltr'><strong><em>scribens:</em></strong></span> <span class='ocrx_word' id='word_1_839' title='bbox 3281 5573 3414 5626; x_wconf 71' lang='grc' dir='ltr'><strong>Τότε</strong></span> 
     </span>
    </p>
   </div>
   <div class='ocr_carea' id='block_1_119' title="bbox 1843 5664 3412 5737">
    <p class='ocr_par' dir='ltr' id='par_1_119' title="bbox 1843 5664 3412 5737">
     <span class='ocr_line' id='line_1_119' title="bbox 1843 5664 3412 5737; baseline -0.003 -14"><span class='ocrx_word' id='word_1_840' title='bbox 1843 5673 1896 5723; x_wconf 78' lang='grc' dir='ltr'><em>δὲ</em></span> <span class='ocrx_word' id='word_1_841' title='bbox 1929 5670 2123 5737; x_wconf 75' lang='grc' dir='ltr'><strong><em>ὲννάτῃ</em></strong></span> <span class='ocrx_word' id='word_1_842' title='bbox 2161 5674 2248 5719; x_wconf 68' lang='grc' dir='ltr'><strong><em>ναὶ</em></strong></span> <span class='ocrx_word' id='word_1_843' title='bbox 2279 5669 2497 5735; x_wconf 68' lang='grc' dir='ltr'><strong><em>εὶκπτῇ</em></strong></span> <span class='ocrx_word' id='word_1_844' title='bbox 2523 5664 2614 5717; x_wconf 82' lang='grc' dir='ltr'><strong><em>τοῦ</em></strong></span> <span class='ocrx_word' id='word_1_845' title='bbox 2645 5664 2957 5733; x_wconf 75' lang='grc' dir='ltr'><strong><em>Αὐγούστου</em></strong></span> <span class='ocrx_word' id='word_1_846' title='bbox 2985 5665 3175 5736; x_wconf 74' lang='grc' dir='ltr'><strong><em>μηνός.</em></strong></span> <span class='ocrx_word' id='word_1_847' title='bbox 3213 5666 3412 5718; x_wconf 77' lang='lat' dir='ltr'><strong><em>Memo-</em></strong></span> 
     </span>
    </p>
   </div>
   <div class='ocr_carea' id='block_1_120' title="bbox 1846 5756 3417 5824">
    <p class='ocr_par' dir='ltr' id='par_1_120' title="bbox 1846 5756 3417 5824">
     <span class='ocr_line' id='line_1_120' title="bbox 1846 5756 3417 5824; baseline -0.002 -9"><span class='ocrx_word' id='word_1_848' title='bbox 1846 5774 2054 5815; x_wconf 64' lang='grc' dir='ltr'>τωρωι</span> <span class='ocrx_word' id='word_1_849' title='bbox 2085 5771 2134 5812; x_wconf 88' lang='lat' dir='ltr'><strong><em>et</em></strong></span> <span class='ocrx_word' id='word_1_850' title='bbox 2168 5761 2309 5812; x_wconf 84' lang='lat' dir='ltr'><strong><em>hunc</em></strong></span> <span class='ocrx_word' id='word_1_851' title='bbox 2344 5774 2587 5811; x_wconf 84' lang='lat' dir='ltr'><strong><em>mensem</em></strong></span> <span class='ocrx_word' id='word_1_852' title='bbox 2621 5757 2722 5812; x_wconf 92' lang='lat' dir='ltr'><strong><em>vol.</em></strong></span> <span class='ocrx_word' id='word_1_853' title='bbox 2750 5759 2788 5818; x_wconf 86' lang='grc' dir='ltr'><strong><em>Ι,</em></strong></span> <span class='ocrx_word' id='word_1_854' title='bbox 2815 5772 2865 5824; x_wconf 90' lang='lat' dir='ltr'><strong><em>p.</em></strong></span> <span class='ocrx_word' id='word_1_855' title='bbox 2902 5756 3027 5820; x_wconf 63' lang='lat'><strong><em>493,</em></strong></span> <span class='ocrx_word' id='word_1_856' title='bbox 3061 5768 3267 5821; x_wconf 87' lang='lat' dir='ltr'><strong><em>noster,</em></strong></span> <span class='ocrx_word' id='word_1_857' title='bbox 3293 5757 3417 5812; x_wconf 75' lang='lat' dir='ltr'><strong><em>licet</em></strong></span> 
     </span>
    </p>
   </div>
   <div class='ocr_carea' id='block_1_121' title="bbox 1843 5846 3412 5925">
    <p class='ocr_par' dir='ltr' id='par_1_121' title="bbox 1843 5846 3412 5925">
     <span class='ocr_line' id='line_1_121' title="bbox 1843 5846 3412 5925; baseline -0.006 -16"><span class='ocrx_word' id='word_1_858' title='bbox 1843 5871 1941 5925; x_wconf 59' lang='lat' dir='ltr'><strong><em>ego</em></strong></span> <span class='ocrx_word' id='word_1_859' title='bbox 1971 5870 2063 5923; x_wconf 85' lang='lat' dir='ltr'><strong><em>per</em></strong></span> <span class='ocrx_word' id='word_1_860' title='bbox 2093 5853 2442 5918; x_wconf 77' lang='lat' dir='ltr'><strong><em>oblivionem,</em></strong></span> <span class='ocrx_word' id='word_1_861' title='bbox 2480 5851 2553 5904; x_wconf 91' lang='lat' dir='ltr'><strong><em>uti</em></strong></span> <span class='ocrx_word' id='word_1_862' title='bbox 2594 5849 2706 5921; x_wconf 84' lang='lat' dir='ltr'><strong><em>jam</em></strong></span> <span class='ocrx_word' id='word_1_863' title='bbox 2748 5847 2926 5904; x_wconf 82' lang='lat' dir='ltr'><strong><em>fassus</em></strong></span> <span class='ocrx_word' id='word_1_864' title='bbox 2966 5864 3109 5918; x_wconf 85' lang='lat' dir='ltr'><strong><em>sum,</em></strong></span> <span class='ocrx_word' id='word_1_865' title='bbox 3138 5848 3243 5906; x_wconf 82' lang='lat' dir='ltr'><strong><em>vol.</em></strong></span> <span class='ocrx_word' id='word_1_866' title='bbox 3278 5846 3319 5917; x_wconf 83' lang='grc' dir='ltr'><strong><em>Ι,</em></strong></span> <span class='ocrx_word' id='word_1_867' title='bbox 3354 5862 3412 5920; x_wconf 85' lang='lat' dir='ltr'><strong><em>p.</em></strong></span> 
     </span>
    </p>
   </div>
  </div>
