4194 6444
824 376 930 437 779

1728 384 1790 443 P.
1833 384 2132 450 POSSINI
2177 391 2816 472 OBSERVATIO‘SUM
2858 386 3001 448 LIB.
3038 386 3081 446 Ι.

3894 389 3994 451 780

825 500 1110 556 prospectu
1168 490 1396 557 positum
1463 489 1757 559 sign'licat;
1821 495 1956 548 unde
1987 497 2124 563 cippi
2183 495 2636 559 nionu-AQdam
2690 509 2746 550 et
2802 478 3057 562 duplicem
3107 496 3380 557 ai-iolatur,
3443 495 3641 564 μικρὰν
3687 497 3778 548 καὶ
3819 501 3994 564 μετίι⁸

827 589 1153 640 mentorum,
1212 594 1272 632 ac
1336 596 1663 646 qua—cunque
1713 581 1941 648 fastigia,
1969 593 2024 635 et
2057 585 2107 636 in
2143 599 2363 654 conspe-

827 681 971 718 t‘ltttlt
1007 668 1229 734 objectze
1265 684 1573 720 marmorea:
1622 670 1812 722 tabula:
1846 672 2116 737 inscriptze
2152 672 2360 736 litteris,

828 757 1260 822 frequentissime
1313 756 1498 824 στῆλαι
1553 758 1709 810 dicta:
1767 761 2121 823 reperiuntur.
2181 761 2363 827 Itaque

829 849 1118 898 cavendum
1170 861 1234 898 ne
1285 849 1493 914 species
1535 864 1628 914 pro
1683 864 1875 916 genere
1930 849 2108 902 lecturi
2141 853 2363 919 obrepat

829 947 1044 988 assueto
1071 937 1254 1002 cippos
1287 946 1338 988 ct
1373 938 1687 989 colniuellas
1736 939 1786 990 in
1821 939 2061 1004 apicibus
2093 941 2363 1009 sepiilma-

829 1022 955 1075 lium
992 1025 1204 1077 molium
1250 1035 1340 1076 aut
1372 1026 1420 1076 id
1452 1040 1616 1092 genus
1661 1038 2129 1080 monumentorum
2156 1039 2361 1082 erectas

830 1112 1034 1174 στηλῶν
1071 1113 1284 1164 nomine
1315 1112 1630 1178 intelligere.
1673 1113 1763 1164 llla
1794 1117 1931 1166 enim
1980 1116 2165 1182 στῆλαι
2214 1126 2362 1179 sunt,

830 1200 923 1248 sed
954 1214 1059 1250 non
1087 1199 1229 1262 sola;
1264 1200 1492 1264 pertinet
1544 1199 1737 1266 quippe
1773 1202 1882 1253 btec
1923 1218 2020 1254 vox
2076 1204 2250 1267 latius,
2284 1214 2365 1257 ta-

831 1288 984 1340 bulas
1035 1289 1194 1340 etiam
1246 1298 1300 1341 et
1349 1289 1457 1342 vela
1497 1288 1677 1357 ﬁguris
1709 1291 1956 1358 insignita
1988 1294 2038 1346 iu
2075 1296 2365 1362 conspicuo

831 1389 1030 1430 statuta
1064 1379 1325 1430 indicans.

901 1468 1259 1529 Συνδοσίαι,
1300 1485 1352 1536 p.
1405 1471 1528 1522 295.
1563 1471 1686 1526 Etsi“
1711 1477 1845 1541 apud
1889 1484 2094 1543 veteres
2119 1487 2366 1530 auctores

830 1561 1004 1627 legere
1037 1560 1312 1621 συνδοσῐας
1351 1577 1456 1612 non
1494 1564 1732 1624 memini,
1781 1573 1907 1628 puto
1951 1574 2126 1617 tamen
2157 1563 2365 1632 Pachy-

831 1667 1054 1714 nicrcm,
1078 1651 1231 1718 cujus
1263 1667 1448 1705 omnes
1495 1669 1644 1720 :rqne
1673 1656 1887 1708 codices
1920 1657 2230 1708 vocabulum
2265 1657 2364 1709 hoc

830 1739 945 1790 loco
1009 1742 1148 1792 istud
1207 1742 1491 1803 exhibent,
1552 1742 1601 1795 id
1663 1745 1712 1796 in
1787 1744 2002 1797 notione
2072 1747 2362 1814 largitionis

830 1829 910 1898 [Ρ.
937 1830 1059 1898 MO]
1094 1847 1402 1896 usurpasse,
1439 1833 1587 1898 quasi
1617 1837 1828 1885 ductum
1856 1849 1882 1884 a
1914 1807 2197 1902 συνδίδωιιι
2239 1854 2363 1887 eon-
2394 1807 2436 1862 Β

831 1920 987 1971 dono.
1043 1920 1140 1972 Cui
1191 1921 1352 1973 verbo
1382 1937 1476 1974 usu
1512 1923 1736 1988 antiquo
1764 1921 2071 1976 Latinorum
2119 1925 2254 1976 inest
2288 1927 2366 1978 vis

838 2011 1118 2078 peculiaris
1170 2011 1437 2064 indicandi
1479 2012 1697 2064 vitiosas
1747 2014 2079 2080 profusiones
2127 2015 2177 2066 in
2230 2016 2368 2069 indi-

830 2116 984 2167 gnos.
1017 2101 1225 2164 Cit-ero,
1261 2100 1487 2170 Philipp.
1523 2119 1560 2156 tt
1600 2121 1612 2156 :
1650 2105 1916 2169 Apotheca'
1949 2114 2071 2158 tota:
2114 2107 2367 2173 neqiii'ssi'c

832 2193 933 2258 niis
963 2176 1408 2245 contionabamur.
1453 2193 1560 2245 Nec
1602 2195 1858 2261 abhorret
1911 2196 1995 2248 hic
2031 2198 2366 2263 signiﬁcatus

837 2283 903 2334 ah
937 2281 1093 2347 hujus
1122 2282 1534 2334 loci-sententia.
1565 2280 1885 2348 \‘itiiperans
1911 2287 2106 2353 quippe
2135 2288 2363 2354 patriar-

825 2374 935 2424 cha
997 2373 1404 2424 conventionem
1438 2371 1780 2438 inperatoris
1832 2391 1950 2427 cum
1994 2377 2158 2438 cralc,
2210 2377 2366 2444 cujus

822 2466 1121 2524 ,occasione
1178 2463 1342 2514 multa
1401 2461 1783 2528 pretiosissima
1840 2477 2055 2515 munera
2091 2465 2262 2516 eidem
2315 2475 2368 2518 et

827 2555 942 2621 ejus
965 2553 1249 2606 comitibus
1275 2552 1552 2620 magniﬁce
1578 2551 1643 2602 ab
1665 2553 2101 2618 Auguswdonata
2126 2556 2367 2619 superius

833 2656 1015 2697 noster
1045 2644 1379 2705 memoravit,
1412 2643 1565 2695 facile
1592 2645 1780 2710 potuit,
1808 2642 1872 2695 ad
1907 2645 2180 2709 querelam
2210 2659 2367 2697 avare

830 2745 1107 2787 auctorum
1151 2733 1509 2800 vectigalium,
1545 2734 1834 2801 adjungere
1864 2735 2222 2788 cobzreutein
2249 2785 2252 2788 .
2277 2750 2364 2788 re-

828 2826 1235 2888 prehensiooem
1301 2824 1549 2877 exhausti
1611 2824 1912 2877 ambitiosis
1968 2825 2365 2892 profusionibus

828 2916 1023 2967 teras-ii.

901 3006 1224 3071 Σφάιιελος.
1254 3021 1306 3072 p.
1364 3004 1486 3058 245.
1522 3003 1672 3068 Quod
1723 3004 1826 3057 liic.
1862 3013 2045 3059 noster
2097 3005 2364 3070 σφάκελος

2465 582 2580 648 λην,
2610 597 2824 649 parvam
2859 595 2910 636 et
2935 598 3196 650 magnam,
3225 583 3372 651 quasi
3414 585 3557 650 prior
3585 583 3872 650 designatio
3903 585 3996 647 sit,

2465 679 2727 741 posxerior
2769 678 3113 742 conﬁrmatio.
3150 675 3322 742 Λῆρος
3362 675 3544 736 πολύς.
3582 674 3686 727 Nec
3707 674 3996 741 Codinum,

2465 780 2621 830 quem
2683 770 2870 819 asserti
2931 767 3148 817 fundum
3206 766 3402 824 laudat,
3465 763 3743 817 intellexit.
3774 761 3821 814 Is
3850 763 3997 814 enim

2465 855 2597 907 nihil
2642 857 2746 907 vult
2805 855 2945 906 aliud
3002 855 3102 907 nisi
3156 854 3448 919 episcopos,
3507 853 3596 919 qui
3647 853 3901 904 ordinant
3946 860 4001 904 et

2466 955 2786 996 consecrant
2822 945 3202 1010 patriarcham,
3257 942 3402 992 illiilli
3448 941 3498 992 in
3534 955 3592 990 ea
3622 941 3894 992 functione
3921 938 4002 991 bis

2471 1049 2630 1087 cruce
2656 1021 2889 1103 signare,
2923 1049 3146 1096 quarum
3179 1032 3604 1086 benedictionum
3646 1031 3792 1097 prior
3814 1045 3997 1096 pana,

2469 1126 2739 1191 posterior.
2795 1140 2979 1190 magna
3031 1125 3368 1175 consueverit
3420 1121 3615 1174 vocari.
3678 1120 4000 1171 Dicebantur

2465 1214 2660 1263 eaedem
2686 1211 3077 1262 benedictiones
3103 1209 3408 1276 μηνύματα,
3434 1219 3488 1259 ut
3533 1209 3833 1259 observavit
3861 1205 3999 1258 idem

2466 1299 2728 1352 Meursius
2759 1301 2921 1352 verbo
2981 1301 3232 1365 μήνυμα;
3283 1313 3403 1348 nam
3437 1297 3653 1364 μήνυμα
3684 1295 3889 1360 signum
3920 1303 4002 1345 est

2463 1398 2516 1440 ct
2557 1389 2675 1439 κατ’
2711 1387 2900 1456 ἐξοχὴν
2953 1390 3152 1456 signum
3208 1389 3372 1440 cruris
3425 1401 3583 1438 manu
3641 1384 4002 1447 benedicendo

2468 1479 2776 1532 formatum.
2812 1481 3048 1546 Μήνμμα
3077 1481 3276 1553 signum
3320 1477 3540 1539 dicitur,
3579 1490 3680 1527 non
3709 1481 3911 1538 autem,
3947 1479 4000 1524 ut

2468 1569 2511 1621 is
2537 1569 2604 1619 ibi
2627 1570 2877 1630 somniat,
2913 1569 3126 1620 vacatio.

2535 1657 2619 1728 [P.
2657 1656 2781 1727 5H]
2842 1659 2918 1710 Τὰ
2968 1657 3380 1722 τετελεσμένα,
3431 1669 3481 1720 p.
3517 1635 3604 1704 77'.
3641 1650 3778 1716 Quid
3811 1649 3880 1702 sit
3912 1649 4001 1701 hic

2467 1749 2814 1814 ἐπαληθεύειν
2840 1749 2946 1808 τοῖς
2970 1744 3384 1811 τετελεσμένοις,
3411 1739 3739 1794 comminisci
3775 1737 3998 1790 multum

2464 1839 2708 1903 cogitans
2735 1839 2877 1889 aliud
2905 1852 3009 1889 non
3045 1821 3188 1902 potui
3220 1850 3375 1900 quam
3411 1833 3547 1894 quod
3589 1826 4000 1895 interpretando

2463 1929 2721 1994 expressi,
2769 1927 3053 1992 contigisse
3093 1938 3215 1978 tunc
3245 1926 3493 1976 nimirum
3529 1922 3721 1987 aliquid
3751 1933 3857 1985 quo
3908 1932 4000 1968 sa-

2464 2029 2552 2067 cra
2596 2015 2831 2085 symbolo
2879 2016 3170 2068 consecrati
3210 2023 3261 2064 et
3305 2015 3479 2063 verbis
3518 2005 3999 2060 sacrainentalibus

2463 2108 2650 2159 mutati
2690 2108 2738 2157 in
2772 2105 2968 2159 Christi
3025 2117 3219 2170 corpus
3251 2103 3400 2168 panis
3456 2099 3556 2152 alia
3588 2100 3747 2150 etiam
3780 2096 4000 2149 notione

2462 2212 2620 2263 quam
2655 2196 2742 2247 illa
2782 2197 2834 2248 in
2869 2195 3109 2248 ecclesiis
3139 2194 3330 2246 usitata
3370 2204 3508 2244 recte
3542 2191 3718 2241 vocari
3748 2187 3814 2239 τὰ
3853 2203 4002 2238 τετε-

2461 2286 2692 2352 λεσμένα
2716 2285 3003 2353 potuerint,
3039 2299 3228 2352 nempe
3261 2282 3399 2350 quod
3435 2280 3580 2332 ﬁnita
3602 2291 3654 2332 et
3679 2279 4002 2330 alterations

2464 2376 2814 2427 accidentium
2861 2389 2926 2425 ex
2973 2373 3148 2441 specie
3180 2373 3232 2424 in
3260 2386 3448 2424 novam
3483 2368 3704 2422 formam
3746 2377 3998 2432 corrupta

2465 2461 2680 2513 fuerint.
2737 2462 2808 2511 Τὸ
2843 2461 3012 2511 τελεῖν
3048 2461 3290 2512 videlicet
3342 2475 3444 2511 non
3474 2457 3642 2510 solum
3691 2472 3754 2508 cx
3790 2470 3886 2506 usu
3917 2469 4004 2506 so-

2467 2564 2554 2603 nat
2584 2543 2841 2619 perajere,
2873 2552 3132 2617 per/icere,
3155 2549 3470 2616 sacriﬁcare,
3506 2548 3596 2601 sed
3624 2547 3783 2599 etiam
3807 2561 3870 2598 ex
3893 2546 4006 2598 ori-

2466 2643 2585 2708 gine
2619 2642 2789 2704 ﬁnire,
2819 2655 3132 2692 consumere.
3183 2640 3332 2693 Unde
3384 2641 3652 2705 passivum
3694 2638 3761 2688 τὰ
3791 2636 4002 2688 τετελε-

2464 2734 2655 2800 σμένα,
2691 2747 2807 2800 qua:
2837 2733 2978 2785 velut
3009 2732 3220 2798 propria
3269 2730 3550 2798 appellitio
3597 2729 3881 2796 speciebus
3907 2741 4002 2780 eii-

2461 2825 2761 2877 eharisticis
2815 2839 2844 2878 e
2894 2823 3157 2876 sacriﬁcio
3209 2822 3439 2877 servatis
3499 2835 3645 2873 more
3690 2819 4001 2874 Graecorum

2463 2913 2819 2972 tribuebatur,
2885 2911 2987 2964 alio
3017 2927 3178 2965 sensu
3231 2918 3341 2962 tum
3383 2910 3672 2961 convenire
3705 2908 3782 2959 sic
3821 2914 4002 2971 putre-

2465 3003 2621 3054 factis
2660 3012 2709 3055 et
2739 3002 2789 3054 in
2829 3000 3106 3054 informem
3143 3005 3376 3066 speciem
3426 2996 3820 3064 transﬁguratis
3853 3012 3999 3063 sym-

831 3096 1044 3154 scribii,
1075 3096 1284 3147 videtur
1315 3094 1451 3146 idem
1477 3107 1594 3146 esse
1612 3094 1758 3163 quod
1804 3095 1910 3148 vol.
1947 3095 1986 3156 Ι,
2024 3111 2075 3159 p.
2109 3095 2228 3156 5H,
2265 3113 2364 3162 φα·
2389 3131 2430 3184 C
2465 3091 2598 3144 bolis
2631 3092 2829 3144 Christi
2863 3088 3102 3159 corporis
3141 3092 3330 3157 potuit,
3363 3098 3624 3156 quatenus
3651 3088 3904 3139 nimirum
3937 3101 4001 3137 ex

831 3184 1020 3234 πάλλον
1083 3181 1339 3235 vocabulo
1395 3181 1666 3239 indicavit.
1727 3179 1925 3233 fascem
1981 3181 2225 3234 videlicet
2273 3189 2364 3234 aut

829 3273 1143 3332 fasciculum
1197 3274 1307 3324 sive
1355 3269 1626 3323 fascelliim
1663 3270 1980 3322 chartarum
2037 3271 2362 3338 signiﬁcans.

828 3360 1188 3415 Laudavimus
1249 3361 1300 3414 in
1335 3361 1498 3428 priori
1555 3361 1826 3414 Clossario
1859 3358 2144 3428 Synesiuin
2179 3361 2362 3413 eadem

829 3453 1049 3513 notione
1093 3450 1355 3519 φάκελλον
1399 3447 1764 3518 usurpﬁ'ntem.
1802 3451 2034 3519 lieperio
2069 3451 2207 3518 apud
2247 3452 2366 3504 Dio-

829 3543 1035 3610 nysium
1090 3541 1578 3601 llalicariiasseum,
1631 3540 1664 3591 Ι.
1704 3553 1794 3601 rit,
1852 3539 2182 3607 σφακέλλονς
2233 3557 2366 3609 φρυ-

827 3631 1008 3697 γάνων
1047 3645 1140 3696 pro
1174 3628 1438 3696 fasciculis
1493 3628 1831 3695 virgultorum
1865 3629 2115 3694 positum.
2153 3626 2360 3698 Pachy-

828 3735 1002 3773 incres
1052 3720 1135 3771 liic
1184 3727 1372 3772 neutro
1428 3731 1622 3783 genere
1672 3725 1726 3768 et
1795 3728 1915 3768 cum
1975 3717 2190 3773 unicol
2221 3718 2360 3771 idem

825 3811 1140 3862 vorabulitin
1179 3809 1291 3875 pari
1321 3807 1618 3874 significatu
1652 3805 1880 3858 exhibet.

897 3901 1056 3969 ⁷20
1081 3898 1426 3964 Σφενδέναιι
1467 3912 1519 3960 1).
1547 3896 1635 3948 60.
1668 3893 1926 3948 Videntur
1957 3895 2042 3948 hic
2076 3895 2180 3948 dici
2207 3911 2362 3960 σφενο

827 3991 968 4040 δᾷναι
1005 3988 1210 4040 Licinia:
1238 3987 1525 4052 pendentes
1561 4002 1589 4036 e
1624 3974 1900 4051 pontificio
1927 3986 2105 4050 galero
2152 3987 2357 4037 funicu-

831 4083 894 4132 lis
935 4081 1122 4133 scrieis
1162 4079 1210 4128 in
1259 4078 1435 4128 fundae
1475 4077 1686 4128 modum
1735 4076 2003 4141 perplexis
2043 4077 2178 4128 inter
2219 4091 2356 4138 sese,

831 4180 976 4221 inore
1008 4172 1164 4218 etiam
1203 4167 1355 4216 hodie
1389 4162 1593 4214 Latinis
1626 4163 1842 4215 usitato.

899 4257 1175 4323 Σφραγίς,
1215 4270 1264 4319 p.
1305 4252 1388 4304 4'2.
1418 4251 1525 4317 Ego
1562 4252 1646 4302 hic
1674 4253 1939 4316 σφραγῖδα
1966 4245 2360 4304 benedictionem

795 4344 980 4402 'verti.
1017 4344 1249 4397 Intellexi
1284 4344 1423 4393 enim
1467 4343 1672 4406 signum
1722 4343 1895 4394 erucis
1946 4357 2064 4392 man
2100 4386 2106 4392 .
2139 4357 2363 4408 expres-

2466 3183 2662 3246 uativa,
2696 3191 2753 3234 ut
2809 3185 2939 3245 disi,
2961 3183 3344 3250 significatione
3379 3178 3574 3231 radicis
3606 3177 3748 3229 unde
3777 3177 4001 3229 verbum

2464 3273 2602 3325 istud
2619 3273 2902 3336 germinat,
2927 3285 3080 3325 sonat
3109 3281 3362 3340 praeterea
3387 3277 3708 3335 consumpta,
3731 3275 4004 3332 corrupta,

2462 3374 2525 3412 ex
2560 3360 2720 3424 priori
2765 3361 2932 3413 desita
2975 3359 3082 3424 jam
3115 3361 3284 3413 forma
3333 3361 3384 3412 in
3416 3373 3605 3424 novam
3635 3359 3790 3410 aliam
3822 3358 4004 3409 densu-

2464 3459 2594 3502 tata.
2655 3447 2774 3500 Hac
2818 3460 3086 3515 utcunque
3139 3448 3246 3502 dici
3303 3448 3665 3501 verisimiliter
3703 3456 4000 3514 poterant:

2462 3553 2591 3609 puto
2617 3551 2792 3593 tamen
2824 3541 2964 3592 aliud
2998 3539 3402 3607 Pacliymerem,
3428 3539 3550 3591 dum
3576 3538 3685 3588 haec
3717 3536 4000 3599 scriberet,

2463 3642 2753 3697 spectasse.
2793 3630 2884 3682 Sui
2944 3630 3189 3683 videlicet
3221 3628 3468 3698 llesyi-hii
3518 3642 3740 3690 memor,
3773 3625 3915 3694 quod
3948 3630 3999 3678 in

2461 3736 2525 3775 eo
2559 3721 2772 3789 legisset
2815 3721 3194 3786 τετελεσμένον
3240 3720 3300 3770 τὸ
3331 3717 3444 3770 (οἷον
3496 3719 3722 3786 πρᾶγμα
3748 3717 4008 3784 τελεσθῆ-

2460 3830 2566 3875 vat,
2599 3813 2764 3880 ἤγουν
2797 3812 3168 3880 πληρωθῆναι,
3197 3811 3232 3879 ἦ
3264 3811 3353 3862 καὶ
3407 3795 3795 3878 μεμιασμένον,
3825 3823 4002 3860 raram

2464 3903 2570 3957 illic
2603 3904 2886 3957 indicatam
2946 3904 3234 3965 notionem,
3272 3917 3376 3969 qua
3423 3901 3578 3969 721
3623 3898 4003 3967 τετελεσμένον

2464 3996 2854 4064 μεμιασμένον,
2879 3995 3136 4063 pollutum
3166 4001 3220 4046 ct
3254 3993 3878 4052 containinatum‘sonat,
3917 3991 4004 4041 hic

2461 4087 2624 4136 voluit
2657 4087 2877 4137 innuere
2909 4086 3140 4149 igiimam
3175 4098 3278 4134 non
3311 4097 3428 4134 esse
3458 4083 3580 4134 sibi.

2534 4174 2693 4240 Τέρα,
2728 4190 2778 4241 p.
2811 4175 2933 4227 39$.
2967 4173 3187 4247 Ponitur
3232 4173 3317 4224 hic
3350 4172 3548 4225 ϐαθεῖς
3577 4170 3765 4223 litteris
3803 4184 4002 4223 nomen

2461 4263 2706 4315 Latinum
2763 4275 2921 4322 terra,
2973 4265 3064 4314 sed
3129 4277 3249 4314 cum
3302 4261 3458 4313 unico
3493 4261 3810 4329 pscriptum
3848 4260 4002 4327 τέρα.

2470 4352 2681 4404 Videtur
2721 4362 2893 4403 autem
2931 4351 3069 4404 hanc
3121 4365 3304 4403 Vocem
3351 4351 3632 4403 retinuisse
3685 4350 4003 4412 historicos,

829 4454 944 4491 sum
989 4453 1016 4488 τι
1046 4435 1348 4504 patriarcha
1383 4430 1611 4497 loseplio
1641 4445 1799 4497 super
1836 4431 1994 4482 istum
2040 4433 2103 4484 de
2139 4445 2242 4498 quo
2275 4433 2357 4483 hic
2392 4446 2434 4502 ο
2461 4445 2598 4510 quod
2630 4442 2854 4508 vulgaris
2878 4453 3020 4494 esset
3042 4441 3289 4507 loquendi
3318 4441 3482 4493 forma
3513 4439 3614 4494 illis
3647 4442 3998 4508 temporibus.

826 4532 1020 4594 agtur,
1046 4525 1356 4591 Georgium,
1384 4536 1490 4596 una
1518 4521 1859 4587 pronuntiata
1897 4529 2038 4572 certa
2074 4519 2355 4572 verborum

827 4617 1075 4679 formula,
1104 4630 1206 4680 qua
1243 4615 1287 4666 is
1326 4613 1528 4665 electus
1559 4613 1624 4663 ad
1655 4610 1885 4662 ofﬁcium
1918 4611 2072 4677 primi
2113 4611 2360 4663 ecclesia-

826 4710 922 4760 stis
956 4707 1205 4758 Palatina:
1231 4702 1509 4760 contionis
1541 4703 1666 4766 (hoc
1695 4702 1836 4752 enim
1870 4711 2022 4753 sonat
2052 4718 2360 4770 πρωτοαποο

828 4798 1125 4862 στώἁριυς)
1164 4798 1262 4845 rite
1299 4794 1359 4844 ad
1396 4792 1716 4857 iungendum
1761 4791 1810 4842 id
1842 4791 2201 4845 ministerium
2230 4794 2357 4843 mis-

830 4904 921 4936 sus
960 4889 1161 4937 fuisset.
1216 4885 1344 4946 Qnii
1388 4897 1515 4932 vero
1567 4883 1721 4934 talem
1771 4881 2194 4933 benedictionem
2244 4881 2358 4946 epi-

827 4975 968 5041 set-pi
1000 4991 1098 5024 non
1137 4972 1449 5038 impendunt
1486 4969 1586 5021 nisi
1635 4969 1736 5021 sibi
1769 4969 2027 5034 probatis,
2051 4979 2102 5022 ct
2131 4970 2195 5022 de
2224 4985 2357 5035 quo-

836 5083 946 5115 ruin
984 5081 1054 5114 rei
1075 5075 1123 5115 ta
1169 5063 1290 5123 fide,
1319 5061 1599 5113 suﬁieienti
1633 5062 1961 5119 eruditione,
1987 5062 2162 5125 probis
2193 5063 2356 5112 mori-

829 5155 926 5204 lillS
963 5155 1089 5205 certi
1154 5153 1350 5210 forent.
1403 5153 1525 5204 hinc
1578 5152 1790 5204 rebatur
1833 5152 2166 5204 Andronicus
2221 5153 2359 5203 hunc

825 5241 1106 5307 Georgium
1164 5255 1368 5306 gratum
1428 5252 1480 5294 ct
1539 5242 2014 5292 commendabilem
2070 5245 2238 5294 visuui
2295 5242 2356 5293 iri

823 5331 1046 5398 Josi-phi
1101 5333 1368 5394 Scel-ariis,
1397 5347 1552 5399 quem
1611 5342 1793 5399 utique
1825 5331 2109 5398 Iosephus,
2161 5333 2256 5397 ipsi
2294 5332 2358 5383 ad

823 5422 1133 5471 concionem
1173 5422 1378 5471 dicturo
1415 5426 1545 5474 bene
1569 5424 1850 5488 precando,
1873 5423 2089 5480 bOnuin,
2126 5424 2357 5484 δικ-ωιτν,

820 5513 1175 5562 nrtliodoxiini
1215 5513 1559 5563 (ἱυιλΙιιγειεεθι.
1599 5511 1693 5564 llic
1725 5517 1896 5565 obiter
1922 5513 2358 5580 prminuniendus

825 5603 975 5652 li-iztoi
1022 5611 1121 5658 i‘~t,
1163 5618 1224 5649 ιιι»
1285 5601 1580 5664 decipiatur
1638 5603 1811 5666 legens
1875 5606 2010 5668 apud
2074 5602 2355 5654 Meursiuin

824 5693 1153 5741 vocationem
1216 5687 1277 5740 uti
1333 5688 1747 5755 pilll'lal'Cltélltlfll
1815 5691 2074 5757 σξραγῐεα
2137 5692 2353 5744 ditant.

2461 4531 2627 4596 utqui
2659 4531 2924 4598 principes
2959 4533 3230 4596 regionum
3267 4532 3330 4584 ab
3371 4532 3488 4583 aliis
3510 4545 3877 4599 possessarum
3915 4533 4007 4600 jus

2458 4619 2557 4671 sibi
2585 4621 2911 4673 vindicantes
2955 4621 3165 4672 titulum
3199 4631 3488 4680 sumerent,
3537 4622 3602 4671 ad
3637 4620 3999 4675 differentiam

2459 4711 2835 4774 possidentium
2893 4714 3002 4763 sine
3036 4721 3197 4773 terra,
3227 4712 3390 4778 χωρὶς
3418 4711 3579 4778 τέρας
3626 4711 3711 4780 ἦτ’
3747 4708 3840 4764 οὖν
3877 4714 4003 4780 γῆς,

2461 4799 2590 4849 tales
2625 4798 3015 4864 appellarentur
3048 4813 3062 4850 :
3097 4809 3218 4864 puta
3260 4813 3347 4850 rex
3379 4796 3867 4868 Hierosolymorum
3911 4811 4009 4856 aut

2462 4889 2748 4952 imperator
2773 4887 3337 4952 Constantinopoleos,
3369 4890 3543 4954 qualis
3589 4889 3678 4944 hic
3703 4891 4008 4942 declaratus

2460 4991 2488 5027 a
2521 4990 2651 5042 papa
2683 4979 2821 5042 regis
2852 4975 3012 5027 Siculi
3046 4975 3212 5028 frater
3240 4977 3451 5042 dicitur,
3478 4978 3600 5046 jure
3625 4979 3873 5030 videlicet
3908 4982 4009 5031 do-

2463 5063 2551 5113 tali
2583 5076 2612 5114 e
2639 5063 2742 5113 ﬁlia
2778 5063 3040 5124 Balditini,
3069 5067 3158 5130 qui
3191 5067 3317 5118 olim
3346 5066 3700 5132 imperaverat
3734 5064 4007 5120 Constan-

2463 5153 2696 5218 tinopoli,
2725 5155 2773 5205 in
2799 5169 3043 5220 sponsam
3067 5157 3138 5207 illi
3161 5157 3342 5225 juncta
3367 5165 3560 5213 tracto,
3592 5159 3686 5208 sed
3710 5157 3821 5208 sine
3843 5170 4008 5214 terra.

2463 5243 2559 5295 hoc
2592 5257 2672 5295 est
2699 5246 2828 5296 citra
2858 5248 3244 5310 possessionem
3271 5247 3390 5312 ejus
3425 5245 3662 5310 imperii,
3696 5248 3763 5296 ab
3791 5249 4006 5298 Andro-

2464 5335 2584 5387 nico
2620 5337 2860 5387 videlicet
2888 5337 3107 5388 detenti.

2539 5423 2974 5488 ΐιζὶιγκιὰτορες,
3027 5440 3076 5490 p.
3112 5423 3236 5474 414.
3283 5421 3468 5474 Fuisse
3501 5439 3593 5488 per
3623 5423 3734 5476 haec
3764 5433 4008 5490 tempora

2464 5515 2598 5578 apud
2652 5512 2864 5564 GI‘LI'COS
2919 5513 3240 5580 [Byzantinos
3278 5512 3326 5562 in
3387 5528 3480 5562 tisii
3538 5514 3798 5581 frequenti
3847 5529 4012 5563 arcus

2462 5606 2713 5669 quosdam
2759 5603 3040 5668 peculiaris
3090 5601 3270 5668 forma-
3300 5619 3325 5654 a
3361 5601 3560 5654 Latinis
3594 5613 3852 5669 acceptae,
3888 5617 4013 5665 otia!

2501 5694 2705 5757 3:53.:
2745 5693 2818 5743 "el
2857 5691 3153 5757 τζ;;·;·;ςινιὶι;
3199 5695 3473 5757 \‘Otahani,
3515 5691 3864 5757 intelligimus
3889 5705 4009 5741 cum

2686 5696 2692 5702 ι
2810 5693 2817 5702 ι
2896 5691 2916 5702 ν

2501 5694 2521 5704 ν
2686 5696 2692 5702 .
2896 5693 2916 5702 ..

2462 5710 2705 5761 τμλςξχοα
2745 5693 2818 5743 vel
2857 5708 2987 5755 ττλγ
