4194 6444
1245 612 1320 620 -ο-
1409 610 1783 620 u-.~—---———-.

1029 777 1494 902 PETRI
1601 776 2209 906 POSSINI

1740 457 1954 514 mne
3383 437 3482 496 7M

1883 607 2292 618 γ’ὼ*
2390 609 2398 612 -
2537 605 2598 614 ‘—

2342 772 2469 897 S.
2536 774 2653 893 J.

480 1031 1701 1149 OBSERVATIONUM
1790 1026 3232 1148 PACHYMERIANARUM

1293 1275 1649 1363 LIBER
1758 1273 2413 1364 SECUNDUS.

1735 1628 1976 1690 NOT.’E.

303 1928 467 2000 725
500 1927 583 2000 |_P.
609 1927 734 2000 516]
790 1928 912 1998 Pag.
943 1927 1030 1983 1‘2.
1071 1927 1444 1993 Imperatorem
1465 1931 1526 1979 ab
1561 1926 1808 1980 Ecclesia:
1838 1935 1884 1992 Α
1919 1939 2172 1998 tauquam
2201 1927 2637 1983 ii'rcvocabililcr
2671 1930 2883 1984 addicta
2914 1930 3169 1995 Tartaro,
3203 1928 3488 1985 declarata

229 2024 554 2074 auctoritate
580 2022 694 2089 jam
732 2023 908 2074 animo
942 2021 1183 2088 deﬁcere.
1232 2019 1326 2074 Est
1366 2020 1453 2074 hic
1508 2021 1804 2090 imperator

229 2132 340 2183 quo
377 2117 445 2169 de
487 2117 664 2184 agitur
717 2117 832 2169 sine
889 2115 1049 2168 dubio
1100 2115 1463 2175 Andronicus,
1514 2129 1683 2182 quem
1729 2115 1805 2168 vi-

233 2215 400 2259 vente
424 2204 600 2260 adhuc
633 2216 806 2274 patre,
835 2205 919 2259 cui
947 2213 1066 2258 erat
1098 2204 1150 2257 in
1182 2203 1407 2272 imperio
1431 2204 1659 2273 collega,
1686 2219 1805 2272 per-

232 2300 491 2352 territum
546 2299 774 2352 tumultu
813 2297 1288 2352 schismaticorum
1335 2296 1447 2363 jam
1499 2299 1678 2350 animo
1711 2297 1805 2350 de-

234 2393 434 2445 fecisse
465 2407 492 2444 a
524 2393 690 2458 patris
742 2402 796 2445 et
839 2391 1092 2444 Ecclesiae
1141 2391 1462 2444 auctoritate
1515 2391 1828 2446 historicus-

235 2485 338 2537 hoc
377 2484 497 2536 loco
529 2483 704 2538 docet.
760 2483 915 2538 Unde
952 2484 1286 2553 intelligatur
1316 2498 1474 2551 quam
1509 2501 1806 2555 congruam

233 2576 564 2630 defectionis
595 2592 805 2644 pmnam
866 2578 1070 2651 tulerit,
1102 2577 1191 2646 qui
1231 2587 1374 2631 metu
1409 2581 1685 2632 turbarum
1722 2594 1807 2633 re-

230 2672 450 2724 volutus
491 2672 542 2723 in
575 2671 827 2734 schisma,
852 2671 1050 2724 nullum
1098 2669 1211 2724 fere
1273 2670 1326 2724 in
1357 2672 1598 2726 omnium
1634 2673 1807 2727 infeli-

230 2761 459 2813 cissimo
491 2761 792 2828 principatu
819 2761 957 2813 diem
989 2775 1214 2813 vacuum
1248 2776 1273 2812 a
1297 2762 1468 2816 turbis
1496 2763 1808 2819 domesticis

230 2851 510 2911 civilibus.
538 2851 763 2914 bellicis,
784 2851 1167 2907 ecclesiasticis
1196 2851 1464 2921 habuerit,
1490 2866 1623 2912 utex
1649 2857 1807 2925 hujus

232 2944 468 2996 decursu
503 2942 744 2996 historia:
779 2943 1002 3010 patebit.

305 3034 444 3089 Ibid.
481 3035 618 3088 Loco
665 3036 984 3103 Acropolittv
1017 3037 1226 3089 mortui.
1258 3038 1572 3092 Clarissime
1611 3039 1698 3093 hic
1722 3053 1810 3091 as-

235 3127 370 3177 serit
401 3125 762 3193 Pachymeres
799 3126 1086 3195 Georgium
1134 3128 1497 3194 Acropolitam
1553 3145 1806 3199 magnum

231 3218 568 3286 logothetam
607 3221 819 3272 vivente
852 3219 1026 3273 adhuc
1060 3219 1318 3275 Michaele
1357 3220 1657 3288 Palmologo
1708 3224 1808 3275 ini-

234 3323 493 3380 peratorc
533 3312 640 3366 fato
687 3312 972 3377 functum;
1006 3315 1146 3380 quod
1182 3314 1317 3366 idem
1372 3331 1492 3367 cum
1538 3316 1803 3382 superiori

232 3406 512 3459 volumine
568 3406 602 3458 l.
636 3421 684 3469 v,
719 3422 767 3459 c.
805 3407 874 3460 26
917 3416 972 3460 et
1008 3406 1073 3460 ει
1122 3406 1390 3460 ἱιιιιιιίεερι
1434 3408 1611 3474 potius
1642 3424 1803 3475 quam

234 3502 441 3553 diserte
473 3498 815 3562 afﬁrmasset,
843 3500 972 3553 mihi
1000 3513 1107 3552 non
1143 3509 1512 3567 persuaserat,
1546 3510 1604 3552 ut
1635 3501 1687 3552 in
1713 3517 1807 3551 no-

233 3594 302 3645 tis
331 3594 398 3644 ad
439 3592 524 3644 illa
578 3595 756 3656 capita
795 3593 831 3645 l.
890 3608 927 3645 ιι
961 3591 1417 3647 Observationum
1455 3607 1719 3658 mearum,
1752 3609 1804 3660 p.

234 3687 338 3739 68$
374 3695 431 3738 et
465 3685 570 3738 686
603 3687 852 3752 exposui,
885 3702 1004 3754 qua:
1036 3700 1064 3737 a
1102 3701 1185 3740 me
1214 3686 1354 3740 dicta
1390 3702 1529 3738 nunc
1563 3700 1665 3738 non
1702 3686 1810 3739 vel—

237 3782 365 3834 lem.
407 3779 524 3832 Non
579 3782 720 3832 enim
771 3779 925 3834 video
961 3796 1058 3834 cur
1090 3779 1222 3834 ﬁdes
1257 3780 1441 3849 negari
1475 3781 1669 3834 debeat
1701 3791 1806 3834 tam

237 3875 404 3927 clarae
464 3874 751 3926 assertioni
806 3874 1048 3926 historici
1101 3889 1219 3942 qua:
1273 3889 1509 3942 praesens
1562 3887 1811 3930 cerneret

236 3967 552 4019 scribentis.
591 3966 802 4018 luduxit
842 3981 923 4019 me
957 3966 1008 4017 in
1049 3967 1210 4018 istum
1254 3981 1494 4019 errorem
1527 3982 1631 4020 non
1677 3969 1811 4021 bene

237 4060 644 4112 conside-ratum
703 4057 1071 4111 testimOuiuni
1131 4057 1387 4112 Demetrii
1427 4057 1637 4125 Raulis,
1669 4061 1808 4126 quod

239 4156 290 4203 in
324 4153 514 4203 iisdem
550 4149 688 4200 uotis
723 4164 774 4217 p.
831 4148 931 4201 657i
983 4152 1174 4202 recito.
1210 4149 1336 4210 Sed,
1377 4151 1522 4216 quod
1562 4149 1809 4201 animad-

241 4254 394 4294 verto
429 4255 572 4293 nunc
598 4255 738 4302 sero,
773 4241 823 4292 in
855 4256 919 4293 eo
949 4255 1054 4293 non
1092 4243 1272 4307 agitur
1295 4242 1357 4294 de
1386 4241 1617 4308 Georgio
1645 4241 1813 4294 Acro-

240 4335 430 4400 polita,
465 4347 648 4386 verum
700 4333 765 4386 de
794 4332 1026 4400 Georgio
1065 4332 1372 4396 Metochita,
1422 4348 1584 4401 quem
1625 4332 1814 4388 Demc-

244 4428 376 4477 lrius
417 4441 670 4493 magnum
704 4425 870 4479 fuisse
931 4426 1261 4491 Iogothetam
1302 4427 1374 4480 ibi
1421 4428 1633 4492 scribit,
1669 4430 1811 4496 quod

246 4518 376 4568 mihi
436 4515 618 4569 fucum
653 4516 798 4581 fecit,
831 4525 882 4569 ct
912 4517 1179 4584 quomodo
1213 4531 1394 4570 verum
1428 4533 1548 4571 esse
1577 4522 1815 4586 potuerit

1911 2022 2149 2090 incapaci
2190 2021 2434 2075 habenda
2483 2020 2864 2091 suﬂragiorum
2900 2023 3184 2085 Ecclesiae.
3235 2039 3354 2092 quae
3387 2037 3486 2092 pro

1911 2113 2014 2181 piis
2045 2115 2094 2166 in
2128 2113 2222 2167 Dei
2274 2115 2542 2168 charitate
2592 2115 2888 2179 defunctis,
2927 2130 3033 2170 non
3084 2130 3182 2184 pro
3214 2115 3322 2170 Deo
3351 2131 3484 2170 exo-

1910 2209 1987 2264 sis
2017 2218 2071 2262 et
2098 2210 2148 2262 in
2179 2225 2278 2264 suo
2317 2211 2466 2279 gravi
2514 2220 2736 2278 peccato
2790 2210 3019 2264 mortuis
3049 2210 3230 2264 oﬂ‘erri
3262 2226 3489 2266 consue-

1910 2309 2125 2362 verunt,
2175 2301 2312 2354 satis
2367 2303 2746 2356 demonstrare
2775 2317 2936 2370 quam
2977 2302 3171 2357 falsum
3206 2304 3300 2369 sit,
3344 2307 3488 2374 quod

1911 2395 2084 2458 multi,
2119 2395 2419 2462 prtescrtim
2474 2395 2817 2458 heterodoxi,
2868 2398 3198 2465 persuadere
3237 2408 3365 2450 sunt
3396 2411 3488 2449 co-

1910 2487 2042 2552 nati,
2072 2487 2371 2540 doctrinam
2405 2487 2456 2540 in
2497 2487 2739 2542 Ecclesia
2800 2487 3041 2541 Romana
3096 2502 3368 2557 receptam
3422 2490 3489 2544 de

1911 2581 2226 2650 purgatorio
2254 2597 2280 2632 a
2317 2580 2520 2635 Graecis
2561 2581 2775 2648 penitus
2811 2581 2986 2650 rejici.

1982 2672 2159 2725 P.19.
2219 2670 2344 2724 Post
2399 2672 2536 2725 diem
2585 2673 2923 2726 tricesimum.
2982 2673 3198 2728 Videtur
3245 2673 3488 2728 indicare

1914 2766 2250 2819 tricesimam
2289 2767 2516 2833 primam
2565 2763 2887 2818 Decembris
2920 2765 3062 2820 diem
3097 2784 3108 2818 :
3142 2781 3204 2820 ea
3237 2766 3380 2820 enim
3407 2776 3489 2819 cst

1911 2866 2024 2923 post
2058 2858 2396 2909 tricesimum.
2433 2857 2588 2912 Unde
2640 2856 2835 2910 festum
2870 2856 3026 2926 cujus
3059 2857 3220 2924 paulo
3254 2865 3378 2924 post
3424 2859 3483 2911 fit

1913 2949 2138 3011 mentio,
2188 2949 2351 3002 fuerit
2405 2958 2596 3004 octava
2660 2948 2970 3003 Nativitatis
3017 2960 3071 3002 et
3129 2950 3489 3004 Circumcisio

1913 3039 2126 3092 Domini
2156 3055 2185 3092 a
2222 3055 2446 3110 vespera
2501 3040 2775 3108 pridiana,
2819 3042 2996 3104 utfit,
3055 3041 3347 3108 Incipiens.
3398 3039 3488 3096 Sic

1914 3130 2164 3196 inferius,
2199 3146 2251 3199 p.
2288 3131 2380 3196 22,
2424 3132 2614 3200 quinta
2655 3131 2901 3186 Januarii
2939 3132 3039 3186 sub
3074 3147 3356 3200 vesperam
3405 3133 3487 3187 fe-

1912 3233 2054 3275 stum
2109 3223 2611 3292 Theophaniorum,
2647 3232 2740 3278 aut
2791 3231 2849 3276 ut
2905 3239 3004 3279 nos
3056 3239 3330 3291 vocamus,
3364 3223 3482 3292 Epi-

1912 3317 2123 3385 phania
2161 3316 2426 3370 celebrari
2458 3325 2694 3384 emptum
2724 3316 2992 3380 innuitur,
3025 3316 3150 3370 dum
3191 3318 3259 3370 ibi
3293 3318 3487 3372 scribit

1914 3409 2229 3470 historicus,
2287 3408 2429 3463 datis
2487 3408 2780 3477 unicuique
2832 3409 3006 3464 cereis
3047 3417 3268 3478 peracta
3325 3409 3488 3464 fuisse

1910 3519 2026 3571 qua:
2048 3503 2169 3571 festi
2193 3501 2322 3556 ritus
2348 3504 2611 3571 poscebat.

1982 3597 2046 3650 C.
2075 3596 2105 3648 8
2135 3605 2190 3649 et
2221 3595 2274 3648 9.
2306 3595 2438 3662 Qua:
2469 3597 2520 3648 in
2572 3597 2656 3650 his
2708 3596 2979 3665 capitibus
3009 3596 3242 3658 duobus,
3277 3596 3370 3650 sed
3405 3595 3488 3647 di-

1913 3689 2167 3743 stinctius
2202 3689 2252 3741 in
2290 3687 2343 3752 9,
2385 3687 2453 3742 de
2501 3688 2678 3742 Vecco
2710 3688 3004 3742 traduntur
3034 3698 3086 3741 et
3118 3689 3235 3754 ejus
3266 3697 3489 3741 senten-

1916 3782 2012 3847 tia,
2073 3780 2440 3834 declaratione
2496 3780 2760 3849 indigent,
2796 3790 2853 3834 ut
2884 3780 2948 3833 iis
2994 3780 3206 3848 species
3241 3780 3492 3833 dematur

1915 3871 2274 3940 ἐτεροδοξίας.
2312 3870 2547 3925 Pronum
2576 3871 2774 3939 quippe
2803 3870 2969 3924 fuerit
3004 3885 3110 3924 non
3154 3870 3488 3938 praemunito

1918 3963 2129 4024 lectori,
2163 3962 2250 4015 ubi
2296 3964 2494 4016 viderit
2532 3961 2764 4017 Veccum
2809 3972 3094 4031 negantem
3140 3961 3330 4015 Filium
3369 3977 3491 4017 esse

1915 4070 2158 4115 causam,
2196 4057 2297 4107 hoc
2330 4064 2414 4109 cst
2471 4054 2822 4122 principium,
2873 4053 3132 4123 Spiritus,
3162 4067 3486 4106 concausam

1916 4146 2030 4199 sive
2063 4147 2515 4216 comprincipium
2547 4161 2668 4200 cum
2719 4146 2901 4212 Patre,
2933 4146 3165 4215 denique
3191 4146 3488 4213 subjicien-

1916 4249 2024 4290 tem
2057 4238 2389 4291 anathemati
2447 4247 2554 4290 tam
2584 4253 2678 4292 eos
2713 4239 2803 4306 qui
2841 4252 2904 4292 ea
2946 4239 3218 4292 senserint
3248 4253 3306 4291 ac
3335 4240 3488 4292 dixe-

1920 4331 2047 4393 rint,
2072 4347 2232 4396 quam
2267 4330 2357 4399 qui
2381 4332 2462 4383 sic
2487 4330 2824 4396 sapientibus
2847 4342 2899 4385 et
2934 4331 3281 4400 loquentibus
3314 4333 3494 4384 scien—

1920 4433 1999 4475 tes
2030 4423 2574 4481 communicaverint,
2625 4437 2884 4476 accusare
2943 4423 3117 4490 ipsum
3163 4425 3487 4491 praevarica-

1921 4516 2082 4568 tionis
2125 4514 2176 4568 in
2221 4530 2382 4568 causa
2415 4523 2666 4581 suscepta
2729 4513 3020 4582 purgandae
3051 4514 3117 4566 ab
3146 4515 3368 4567 haeresis
3400 4529 3480 4567 su-

244 4627 344 4660 non
381 4609 645 4675 intelligo,
672 4621 792 4659 cum
833 4609 1050 4661 vivente
1085 4607 1345 4662 Michaele
1375 4610 1544 4671 solus,
1574 4611 1716 4677 quod
1749 4626 1812 4663 ex
1843 4621 1885 4680 α
1922 4609 2167 4675 spicione
2203 4608 2465 4661 doctrinm
2514 4607 2837 4661 Latinorum
2891 4607 3037 4659 circa
3086 4607 3487 4676 proccssioucm

244 4703 581 4771 l'achymere
628 4710 902 4769 appareat,
958 4701 1224 4769 Georgius
1256 4703 1566 4771 Acropolita
1602 4704 1692 4756 tali
1727 4704 1810 4755 di.

241 4794 451 4860 guitate
475 4793 691 4844 functus
713 4794 781 4844 sit
808 4809 822 4858 ;
856 4808 973 4860 quae
1003 4803 1120 4860 post
1150 4794 1267 4860 ejus
1300 4805 1525 4846 mortem
1558 4793 1609 4845 in
1637 4793 1814 4846 Theo-

240 4889 432 4935 dmum
475 4881 817 4936 Muzaloncm
855 4883 921 4936 ab
976 4883 1092 4950 ipso
1146 4883 1402 4938 Michaele
1436 4886 1676 4954 Augusto
1731 4893 1812 4937 est

242 4978 527 5037 translata,
561 4986 717 5040 prout
750 4974 837 5027 hic
865 4976 1013 5029 locus
1048 4976 1225 5029 docet.

309 5069 441 5134 l’ag.
482 5067 574 5118 l5.
609 5067 803 5118 Mensis
831 5076 940 5119 tum
973 5068 1202 5133 primum
1236 5067 1692 5133 appositione.°Dc
1725 5085 1810 5123 re-

238 5169 459 5214 Servata
495 5157 696 5210 seniori
732 5157 973 5223 Augusto
1007 5158 1404 5225 subscriptione
1436 5176 1553 5210 cum
1604 5161 1812 5228 apposi-

240 5256 380 5302 tione
417 5248 646 5311 mensis,
683 5248 800 5299 vide
841 5264 957 5313 qua:
1000 5252 1304 5301 notmimus
1339 5249 1616 5301 Glossario
1646 5251 1810 5314 priori

239 5344 301 5394 ad
337 5342 508 5394 verliu
521 5357 568 5389 ut
606 5342 761 5407 μηνοῗι
776 5344 941 5404 ογεῖν.

514 5431 576 5500 ζΡ
611 5431 735 5498 517]
775 5430 830 5484 Ρ.
872 5432 950 5483 15.
994 5431 1316 5494 Stta'plirinm
1378 5433 1650 5499 ['usluaru.
1689 5433 1816 5484 Vide

243 5545 353 5579 rent
393 5536 678 5576 nari-alant
719 5524 824 5574 vol.
867 5521 905 5581 Ι,
940 5540 988 5589 p.
1025 5523 1126 5574 H3
1157 5538 1286 5590 sqq.

309 5620 373 5673 C.
403 5620 458 5670 5.
487 5618 678 5668 Obiter
715 5616 798 5668 hic
840 5617 1213 5668 admonnerim
1245 5631 1257 5668 :
1314 5631 1430 5682 quae
1489 5615 1590 5668 hoc
1643 5616 1819 5683 capite

245 5714 543 5765 traduntur
575 5710 650 5777 (p.
689 5709 774 5772 16,
838 5707 924 5768 l7)
958 5710 1022 5760 de
1059 5707 1310 5759 fraudata
1345 5708 1815 5761 schismaticmum

246 5804 370 5856 odio
397 5805 580 5855 anima
616 5799 892 5854 Michaelis
926 5799 1267 5868 imperatoris
1303 5800 1352 5851 in
1394 5797 1633 5852 Romana
1666 5815 1818 5853 com-

256 5898 510 5950 munione
545 5893 744 5949 mortui
775 5893 1020 5949 subsidio
1053 5891 1412 5962 piacularium
1438 5909 1738 5958 sacrorum,
1769 5902 1821 5951 ct

1922 4698 2155 4764 Spiritus
2195 4697 2372 4751 sancti
2432 4712 2495 4752 ex
2552 4695 2712 4749 Patre
2757 4695 3003 4763 Filioque
3043 4703 3134 4749 aut
3169 4697 3350 4764 potius
3389 4712 3484 4765 pu—

1922 4791 2077 4844 dendi
2112 4791 2294 4860 lapsus
2325 4792 2375 4844 in
2405 4804 2645 4844 errorem
2677 4789 2988 4842 Graecorum
3025 4804 3052 4842 a
3087 4789 3273 4843 Latina
3297 4790 3489 4844 Eccle-

1922 4885 1999 4938 sia
2043 4885 2380 4946 damnatum,
2438 4881 2698 4935 aientium
2738 4897 2764 4932 a
2822 4881 2985 4935 Patre
3031 4882 3146 4935 solo
3195 4883 3493 4950 procedere

1926 4977 2184 5045 Spiritum
2218 4988 2502 5038 sanetum;
2562 4989 2589 5025 a
2639 4973 2836 5042 quibus
2870 4973 2914 5026 is
2944 4983 3122 5027 tamen
3171 4975 3340 5041 culpis
3376 4975 3492 5026 lon-

1926 5067 2147 5134 gissime
2187 5066 2378 5120 abfuit.
2414 5063 2868 5118 Animadvertere
2895 5065 3059 5134 igitur
3089 5080 3222 5133 opus
3256 5075 3359 5127 est,
3393 5081 3490 5117 ca-

1930 5161 2123 5213 tholica
2159 5159 2339 5211 doceri
2377 5159 2604 5212 veritate
2649 5172 2754 5210 non
2790 5171 2911 5210 esse
2945 5157 3046 5209 nisi
3083 5174 3250 5210 unum
3281 5159 3484 5224 princi-

1929 5253 2070 5317 pium
2106 5253 2278 5302 sancti
2320 5250 2577 5317 Spiritus,
2605 5250 2732 5301 licet
2765 5249 2810 5302 is
2848 5263 2910 5301 ex
2967 5248 3131 5300 Patre
3157 5265 3246 5313 per
3273 5248 3487 5309 Filium,

1929 5353 1984 5395 ut
2021 5344 2187 5393 (ἶνα-(τι
2245 5343 2433 5394 Patres
2474 5342 2786 5407 loquuntur,
2821 5350 2875 5392 et
2916 5355 2980 5391 ex
3012 5339 3171 5392 Patre
3225 5339 3489 5407 Filioque.

1928 5446 1984 5486 ut
2026 5433 2196 5485 Latini
2231 5448 2351 5485 vere
2402 5433 2744 5484 declarantes
2791 5431 2928 5484 idem
2963 5430 3265 5498 proferunt,
3299 5448 3480 5499 proci»

1929 5531 2035 5576 dat.
2073 5525 2233 5577 Pater
2272 5527 2412 5577 enim
2448 5535 2501 5575 ut
2547 5525 2837 5577 essentiam
2877 5536 2930 5577 et
2965 5537 3213 5576 naturam
3255 5525 3493 5577 divinam

1927 5617 2066 5670 Filio
2088 5631 2179 5685 per
2205 5616 2607 5683 generationem
2634 5616 3017 5679 communicat,
3049 5617 3118 5667 ita
3145 5615 3318 5669 eidem
3348 5617 3495 5685 prin-

1928 5710 2127 5776 cipium
2179 5709 2390 5778 spirans
2447 5708 2560 5760 sive
2611 5707 2964 5774 spirationem
3027 5707 3256 5760 activam
3306 5708 3492 5767 tradit.

1930 5802 2064 5854 adeo
2099 5809 2157 5853 ut
2204 5799 2659 5868 quemadmodum
2708 5799 2896 5852 eadem
2947 5813 3176 5852 numero
3215 5807 3403 5851 natura
3442 5808 3495 5849 et

1933 5891 2164 5948 essentia
2198 5890 2378 5946 divina
2409 5888 2556 5945 Patri
2587 5888 2850 5959 Filioque,
2902 5888 3025 5945 licet
3055 5889 3262 5945 duabus
3290 5889 3492 5958 alioqui
