4194 6444
196 447 305 510 78'.)

1669 439 1897 499 ΝΟΤᾸΞ.

3339 428 3444 483 7‘Jll

191 556 454 617 interius,
488 568 541 622 p.
596 550 684 615 οξ,
753 547 1000 615 repetiit,
1056 547 1107 599 in
1155 546 1519 613 disputatione
1580 556 1768 598 contra
1804 558 1845 610 Α
1878 553 1934 596 ut
1974 544 2197 607 Veccus,
2233 546 2275 597 st
2310 541 2626 611 l’achyuteri
2662 539 2955 599 credimus,
3002 536 3165 590 etiam
3215 534 3450 601 jttfulUs,

199 646 567 717 patriarcbam
604 640 920 711 Gregorium
958 637 1237 709 Cyprium,
1265 638 1552 709 utrobique
1597 639 1767 708 signi-

200 740 395 801 ﬁcans,
417 739 701 799 sicutuna,
734 732 889 786 unice
918 731 1251 793 indistincta,
1282 730 1557 784 individua
1579 731 1770 784 divini-

200 841 282 885 tas
317 830 372 883 in
404 828 580 883 tribus
610 826 863 895 personis
894 823 1166 879 distinctis
1196 822 1375 886 Patre,
1410 822 1544 877 Filio
1575 832 1626 876 et
1652 824 1771 892 Spi-

199 923 307 975 ritu
361 929 547 972 sancto
596 917 897 970 subsistens
946 928 1049 967 non
1114 916 1315 981 patitur
1345 927 1440 965 eos
1476 920 1586 965 tres
1641 914 1770 965 deos

198 1013 331 1071 diri,
363 1010 433 1061 ita
470 1023 595 1069 una,
637 984 794 1059 unice
846 1004 1193 1067 indistincta,
1221 1002 1501 1056 individua
1548 1003 1769 1069 spiratio

198 1104 377 1153 activa
395 1098 560 1170 729
582 1099 633 1151 in
655 1098 813 1151 Patre
837 1111 898 1148 ac
924 1095 1058 1150 Filio
1076 1096 1343 1148 cxsistens
1361 1110 1461 1145 non
1483 1095 1661 1147 sinere
1680 1109 1770 1147 eos

199 1193 306 1246 dici
338 1193 445 1243 duo
478 1190 735 1257 principia
763 1188 995 1257 Spiritus
1031 1187 1225 1242 sancti.
1257 1186 1509 1239 Eatndetn
1557 1202 1771 1255 quoque

200 1285 364 1335 lSl-Ittl
396 1284 656 1335 unitatem
686 1278 1001 1348 spirationis
1026 1280 1236 1341 activae,
1264 1280 1315 1332 in
1346 1278 1503 1332 Putre
1532 1279 1656 1331 licet
1686 1278 1773 1331 Fi-

199 1374 381 1440 lioque
420 1373 689 1426 distinctis
722 1372 1060 1434 essistentis,
1088 1372 1176 1424 illa
1213 1373 1513 1438 respiciunt
1542 1386 1662 1440 quae
1689 1386 1773 1424 re-

200 1466 376 1519 fertur
401 1481 429 1518 a
466 1474 647 1518 nostro
682 1463 941 1517 historico
979 1464 1203 1525 dixisse,
1244 1479 1295 1532 p.
1331 1463 1419 1527 32,
1450 1466 1549 1517 sub
1588 1466 1769 1526 linem,

199 1561 245 1611 si
280 1559 403 1626 quis
434 1558 610 1611 inesse
657 1556 994 1611 contenderit
1037 1557 1405 1623 praepositioni
1440 1555 1528 1607 διά
1559 1572 1650 1622 per
1680 1572 1774 1608 no-

203 1654 411 1704 tionem
442 1666 637 1713 causae,
687 1664 807 1702 eum
859 1648 979 1717 jure
1017 1650 1340 1702 temeritatis
1384 1648 1769 1702 accusandum.

204 1744 330 1796 Vult
385 1744 551 1811 enim,
602 1744 814 1813 quando
852 1741 1040 1797 Patres
1072 1743 1242 1797 Graeci
1289 1742 1475 1796 dicunt
1526 1753 1773 1795 sanctum

203 1834 469 1902 Spiritum
500 1848 529 1885 a
586 1832 743 1886 Patre
792 1833 877 1885 διὰ
910 1832 1061 1896 Υῖοῦ,
1094 1848 1185 1900 per
1218 1829 1414 1884 Filium
1460 1834 1774 1900 procedere.

1873 636 2096 689 nimium
2134 648 2264 689 sane
2292 632 2605 694 liberaliter,
2636 640 2693 685 ut
2719 645 2825 682 non
2857 630 3030 684 dicam
3058 626 3221 697 730
3251 626 3454 693 injuste

1874 742 1935 781 ac
1966 726 2315 785 calutnniose.
2350 725 2609 779 concedat
2648 724 2855 776 crimini
2902 720 3175 783 subiacere
3226 720 3454 773 maximo

1872 817 2057 882 Italos,
2092 818 2191 871 hoc
2228 829 2307 871 est
2346 816 2589 870 Latinam
2620 826 2671 866 et
2702 816 2998 868 Romanam
3033 812 3355 875 Ecclesiam,
3389 826 3457 866 eo

1872 905 2013 971 quod
2046 919 2229 958 vocem
2269 904 2507 973 Filioque
2544 906 2856 972 opposuerit
2904 901 3181 972 Symbolo.
3226 901 3336 956 lloc
3376 903 3456 953 vi-

1871 1011 1987 1049 sum
2044 996 2146 1049 sibi
2195 998 2407 1049 audisse
2464 997 2545 1064 (ut
2597 1011 2793 1049 sensus
2841 995 3122 1047 ali‘cztihus
3184 973 3452 1045 serviunt}

1872 1084 2279 1138 schisntaticum
2310 1086 2646 1146 historicum,
2666 1086 2794 1138 dum
2820 1084 2945 1138 huic
2967 1084 3119 1135 \‘ecci
3147 1094 3198 1137 et
3227 1098 3451 1137 suorum

1871 1172 2181 1229 Graecorum
2212 1178 2602 1231 concertationi
2640 1178 2948 1242 interesset,
2982 1177 3140 1232 facile
3164 1191 3453 1231 concesse-

1872 1268 1973 1320 rim
2009 1283 2022 1318 :
2060 1265 2290 1320 \‘eccum
2323 1284 2511 1322 revera
2559 1270 2632 1322 ita
2682 1268 2919 1322 locutum
2948 1282 3088 1337 aegre
3128 1266 3363 1320 adducar
3395 1276 3453 1320 ut

1872 1359 2111 1410 credam.
2157 1356 2288 1409 Natu
2329 1359 2534 1425 prolabi
2572 1361 2869 1427 scriptores
2924 1359 3100 1411 studio
3152 1374 3212 1410 ac
3264 1357 3451 1411 favore

1872 1466 2049 1505 causte
2082 1451 2330 1520 propria‘,
2368 1452 2673 1520 exemplum
2702 1451 2756 1505 in
2791 1452 2891 1505 hoc
2920 1450 3035 1519 ipso
3067 1463 3303 1517 praesens
3353 1450 3451 1502 ba—

1874 1543 1974 1595 beo
2010 1539 2253 1596 Vaticani
2289 1542 2681 1611 paraphrastis,
2713 1543 2803 1610 qui
2839 1558 2963 1597 cum
3013 1543 3128 1597 haec
3177 1543 3449 1597 duntatat

1879 1633 2036 1689 modo
2081 1652 2108 1686 a
2158 1634 2316 1688 nobis
2353 1633 2621 1704 descripta
2655 1634 2707 1688 in
2741 1633 3075 1706 Pachymere
3114 1635 3351 1705 legisset,
3388 1648 3451 1687 ca

1878 1728 2185 1781 immaniter
2215 1728 2549 1797 amplificatis
2582 1728 2904 1783 deformavit
2932 1728 2984 1781 itt
3012 1730 3158 1783 hunc
3190 1730 3403 1780 modum
3434 1743 3449 1779 :

1891 1816 2053 1869 Ἀλλᾶ
2093 1817 2231 1882 τέως
2278 1818 2373 1872 καὶ
2406 1819 2567 1888 μόνον
2603 1821 2661 1873 τὸ
2684 1818 3356 1889 ἐγκλημιθεραπεύοιτο,
3391 1817 3452 1870 οὗ

204 1939 328 1976 cum
382 1922 469 1973 illa
524 1921 902 1990 praepositione
952 1921 1039 1975 διά
1078 1937 1166 1987 per
1205 1921 1441 1975 indicent
1478 1922 1782 1974 communi-

1883 1913 1990 1961 τῶν
2032 1909 2253 1962 Ἰταλῶν
2283 1908 2588 1977 οὔμενουνον
2620 1912 2817 1964 ἐκεῖνοι
2857 1911 2965 1981 γὰρ
3007 1910 3179 1981 χωρὶς
3216 1908 3325 1962 τῶν
3359 1909 3455 1964 ἄλ-

203 2017 477 2066 catiouem
532 2028 561 2065 ιι
619 2014 783 2067 Patre
817 2013 1012 2066 factam
1068 2013 1200 2067 Filio
1233 2013 1545 2082 spiratiouis
1585 2014 1775 2067 activa:

208 2107 374 2160 tutius
403 2106 772 2175 ejusdemque,
800 2106 1020 2159 omnino
1048 2107 1347 2173 negaudam
1375 2121 1493 2159 esse
1517 2107 1775 2174 przeposi-

208 2202 414 2255 tionem
467 2199 611 2252 illam
638 2199 726 2252 διά
749 2214 841 2265 ρει-
869 2200 1107 2253 indicare
1142 2200 1303 2252 ullam
1337 2200 1598 2253 rationem
1630 2200 1779 2267 prin-

210 2294 336 2361 Clpli
380 2292 555 2346 sancti
591 2291 850 2359 Spiritus,
903 2309 1023 2362 qua:
1070 2291 1207 2345 Filio
1242 2300 1529 2358 competat,
1589 2292 1781 2346 distin-

212 2399 298 2437 cta
340 2386 408 2440 ab
444 2400 508 2439 ea
538 2400 653 2453 qum
686 2386 822 2439 inest
852 2386 1000 2440 Patri
1041 2401 1306 2454 quamque
1334 2386 1406 2439 illi
1443 2385 1603 2439 Pater
1631 2400 1778 2437 com-

215 2478 482 2531 municat.
514 2475 606 2531 llis
640 2477 711 2530 ita
743 2478 795 2531 iu
841 2478 1146 2530 universum
1172 2473 1504 2544 praestructis
1538 2475 1602 2526 ad
1632 2488 1697 2525 an
1723 2487 1782 2525 o-

214 2569 459 2623 liuidum
510 2585 538 2622 a
592 2566 767 2622 Vecco
814 2568 1180 2636 suspicionem
1218 2583 1435 2622 omnem
1490 2567 1779 2629 haereseos,

217 2662 469 2730 quadam
511 2661 611 2715 alia
652 2664 704 2715 iu
747 2677 796 2714 c.
836 2661 868 2715 9
911 2670 1115 2716 restant
1142 2660 1461 2728 explicanda
1493 2661 1668 2715 nobis.

286 2751 350 2806 P.
384 2752 473 2807 50.
511 2753 629 2819 Τὴν
648 2752 716 2807 δὲ
744 2751 1130 2819 κατασκευὴν
1154 2751 1259 2818 τῆς
1282 2752 1647 2819 προτάσεως.
1675 2753 1784 2809 Re-

218 2846 461 2913 spiciunt
500 2845 612 2899 hate
642 2846 818 2899 locum
864 2843 1213 2914 Hermogenis
1253 2846 1286 2897 Ι.
1320 2862 1333 2899 t
1369 2845 1440 2898 Dc
1468 2847 1781 2912 inventione,

219 2939 309 2991 ubi
345 2938 660 3007 κατασκευὴ
706 2938 804 3005 τῆς
852 2937 1163 3005 προτάσεως
1191 2938 1384 2990 dicitur
1411 2940 1582 3002 αἰτία.
1622 2958 1783 2995 causa

218 3031 337 3084 sive
368 3032 504 3082 ratio
534 3045 631 3084 cur
666 3030 984 3083 enuntietur
1027 3038 1082 3083 et
1112 3028 1405 3082 allirmetur
1434 3031 1654 3098 aliquid.
1692 3032 1797 3086 Est-

219 3122 370 3175 enim
424 3121 685 3191 πρότασις
728 3121 1031 3187 prepositio,
1083 3121 1406 3185 enuntiatio,
1461 3121 1781 3189 allirmatio;

220 3228 344 3285 qua:
373 3229 494 3266 cum
520 3214 714 3265 habere
750 3211 1154 3266 fundamentum
1179 3213 1390 3280 aliquod
1421 3213 1634 3276 debeat,
1656 3215 1783 3271 illud

221 3306 545 3371 κατασκευή
579 3304 795 3358 dicitur.

292 3390 432 3443 lbid.
460 3392 892 3459 Παρῃρημένην
920 3392 1208 3460 apponitur
1240 3393 1317 3462 τῷ
1350 3394 1630 3463 κειμένην.
1661 3395 1788 3445 Ret.

226 3483 369 3551 μένη
394 3496 519 3535 cum
542 3482 610 3535 sit
642 3485 932 3550 propositio
965 3500 1242 3552 expresse,
1278 3486 1443 3549 clare,
1476 3485 1787 3552 intelligibi-

223 3576 349 3629 liter
370 3576 571 3629 etcitra
591 3575 1086 3643 interpretationem
1120 3580 1233 3630 visu
1265 3578 1436 3644 primo
1450 3578 1790 3647 agnoscibili-

225 3679 306 3720 ter
331 3668 508 3736 posita
536 3668 682 3732 (nam
708 3670 767 3719 τ),
785 3668 1036 3735 κείμενον
1055 3678 1233 3722 textus
1249 3670 1442 3722 dicitur
1464 3670 1790 3739 glossemata

220 3760 562 3820 escludcns),
588 3761 830 3827 sequitur
861 3777 889 3813 e
923 3762 1126 3814 ratione
1155 3762 1408 3815 contrarii
1440 3771 1497 3815 ut
1541 3779 1792 3831 παρῃρη-

225 3852 364 3918 μένη
403 3850 473 3904 sit
491 3851 706 3915 oblique
742 3852 1032 3919 ill-inuata,
1060 3853 1291 3907 latenter
1314 3856 1649 3910 adumbrata.
1686 3857 1794 3910 Nec

222 3940 443 4006 penitus
508 3940 559 3993 i-J
610 3940 855 3995 abhorret
907 3958 934 3993 τι
992 3943 1209 3995 notione
1254 3944 1447 3997 usitata
1502 3942 1598 3996 τοῦ
1653 3961 1796 4009 παρ-

221 4031 526 4102 αιρεῖσθαι,
559 4047 677 4101 qua
718 4043 800 4087 est
844 4034 1103 4097 adimere,
1134 4032 1409 4099 sull‘nrari,
1434 4036 1671 4102 auferre,
1696 4052 1793 4105 pn-

221 4126 379 4180 blicae
396 4125 641 4179 videlicet
664 4124 953 4193 cognitioni
972 4126 1309 4187 subtrahere,
1336 4125 1436 4178 hoc
1457 4133 1540 4180 est
1565 4125 1793 4179 abscon-

224 4219 352 4271 dere
387 4230 485 4270 nec
515 4216 617 4269 nisi
665 4230 756 4282 per
796 4216 1049 4286 ambages
1085 4226 1139 4270 et
1167 4218 1504 4282 conjecturas
1535 4218 1792 4282 indicare,

226 4319 317 4363 aut
344 4308 506 4359 etiam
535 4306 750 4373 penitus
768 4306 976 4359 tollere.
1015 4306 1161 4360 Unde
1202 4307 1578 4375 disjunctivsm
1619 4311 1794 4378 posui,

226 4410 321 4452 aut
349 4399 596 4450 omissam
639 4405 730 4450 aut
781 4397 985 4466 oblique
1035 4399 1359 4452 insinuatam
1414 4400 1792 4468 interpretans,

228 4506 414 4557 nequa
459 4506 543 4541 me
575 4488 736 4557 fugiat
779 4488 905 4550 νοῦς
940 4490 1215 4543 σκοτεινοῦ
1256 4493 1641 4561 συγγραφέως,
1674 4509 1795 4545 seu-

1883 2001 1991 2053 λων
2018 1992 2093 2054 ὧν
2116 2001 2331 2070 ἔχουσιν
2360 2003 2651 2071 αἱρέσεων,
2681 2003 2761 2073 τῷ
2793 2003 3062 2071 τολμῆσαι
3092 2003 3261 2073 μόνον.
3281 2018 3457 2071 apoc-

1885 2092 2060 2144 Θείναι
2109 2092 2184 2161 τῷ
2246 2092 2503 2162 συμϐόλῳ
2556 2094 2658 2164 τὴν
2701 2095 3145 2165 λέξιν,.μεγὰλης
3184 2094 3454 2164 αἱρέσεως

1886 2180 2111 2244 εἰκότως
2173 2182 2349 2252 ἔνοχοι
2394 2183 2657 2251 γίνονται.
2710 2182 2825 2239 lloc
2877 2183 3145 2240 cst:Sed
3198 2185 3454 2238 hactenus

1886 2276 2171 2339 duntaxat,
2206 2288 2262 2329 ut
2314 2280 2509 2331 crimen
2557 2276 3102 2347 excusareHVeccus)
3136 2294 3236 2330 non
3281 2280 3457 2348 utique

1888 2368 2148 2422 Italorum
2186 2386 2204 2423 :
2254 2369 2333 2421 illi
2374 2371 2533 2431 enim,
2566 2381 2757 2437 prater
2802 2368 2940 2422 alias
2984 2369 3173 2438 quibus
3217 2378 3458 2423 tenentur

1886 2458 2130 2522 ha-reses,
2168 2458 2247 2513 vel
2294 2462 2406 2513 solo
2443 2476 2579 2512 ausu
2606 2459 2895 2513 additiouis
2928 2458 3177 2530 Symbolo
3207 2461 3459 2530 apposita:

1888 2552 2042 2603 unius
2069 2553 2228 2612 vocis,
2262 2553 2484 2621 ingentis
2526 2552 2779 2606 ltwreseos
2827 2554 2902 2606 rei
2928 2553 3047 2623 jure
3088 2555 3290 2621 peracti
3338 2564 3456 2607 sunt

1887 2643 2133 2697 habendi.
2165 2640 2240 2695 Ita
2270 2642 2619 2711 interpolator
2638 2645 3036 2706 scbismaticus.
3072 2646 3271 2700 oblitus
3292 2661 3461 2715 quam

1888 2750 2029 2803 sa'pe
2060 2737 2200 2805 apud
2233 2738 2571 2805 scriptorem,
2606 2752 2767 2805 quem
2798 2738 3076 2807 compilat,
3101 2737 3294 2806 legerit
3321 2737 3459 2789 Vec-

1889 2840 2012 2879 cum
2061 2841 2271 2879 omnem
2315 2828 2542 2895 lapidem
2574 2830 2830 2891 movisse,
2866 2830 2918 2882 in
2970 2843 3144 2897 eoque
3191 2843 3455 2881 summam

1889 2930 2102 2986 semper
2135 2918 2538 2973 cantentionem
2569 2919 2900 2984 adhibuisse,
2936 2931 2993 2973 ut
3036 2920 3310 2973 cvinceret
3357 2935 3455 2988 pu-

1891 3022 1983 3062 ros
2019 3010 2163 3061 Olltlll
2209 3009 2478 3063 haereseos
2520 3008 2638 3063 labe
2672 3008 2896 3064 Latinos
2930 3024 3073 3072 esse,
3115 3017 3174 3063 ut
3216 3008 3340 3061 inde
3375 3006 3458 3060 in-

1893 3098 2057 3153 ferret
2085 3110 2233 3155 rccte
2257 3102 2494 3171 potuisse
2523 3103 2642 3157 illos
2669 3103 2720 3157 in
2744 3103 3179 3157 communionem
3208 3118 3234 3153 a
3256 3101 3458 3155 Graecis

1892 3190 2126 3257 admitti,
2152 3193 2364 3247 etiamsi
2393 3193 2532 3249 forte
2554 3211 2655 3249 non
2691 3196 2825 3251 satis
2849 3204 3145 3265 purgarent
3199 3192 3455 3247 invidiam

1812 3276 1856 3338 C
1889 3283 2253 3352 adjunctionis
2299 3288 2443 3341 verbi
2489 3288 2554 3340 ad
2586 3288 2930 3358 symbolum;
2971 3303 3110 3356 qute,
3146 3297 3201 3339 ut
3242 3302 3458 3342 summo

1885 3374 2008 3443 jure
2041 3385 2309 3445 ageretur,
2345 3391 2500 3432 error
2523 3388 2713 3432 contra
2742 3380 2933 3447 dogma
2972 3394 3093 3433 esse
3123 3396 3228 3433 non
3254 3392 3461 3448 posset,

1890 3469 1983 3521 sed
2032 3477 2311 3534 peccatum
2343 3470 2605 3524 duntaxat
2644 3482 2832 3526 contra
2873 3472 3239 3540 disciplinam,
3271 3472 3455 3540 qualia

1892 3575 1997 3612 non
2047 3560 2304 3613 inducunt
2358 3560 2738 3626 obligationetn
2792 3564 3191 3618 communionis
3242 3566 3461 3618 abrum-

1894 3652 2097 3720 pendat.
2144 3651 2212 3707 Ut
2266 3653 2431 3721 igitur
2483 3656 2761 3711 historiam
2821 3672 2980 3725 quant
3041 3659 3299 3726 scriptam
3351 3674 3461 3726 pra:

1892 3745 2064 3798 oculis
2101 3744 2330 3802 habebat
2373 3762 2674 3817 anonymus
2720 3750 3065 3813 epitoutator,
3093 3749 3306 3803 allectui
3353 3750 3463 3818 pri-

1895 3845 2017 3889 vato
2056 3852 2181 3906 erga
2217 3839 2452 3893 schisma
2487 3839 2791 3908 indulgens,
2833 3841 2884 3893 in
2912 3839 3310 3908 prtejttdicatatn
3337 3854 3462 3894 cor-

1894 3936 2036 4001 rupit
2093 3935 2443 4000 sententiam,
2501 3937 2570 3989 ita
2630 3937 2893 4005 suspicari
2957 3939 3102 4000 licet,
3155 3937 3459 3989 audientem

1896 4024 2050 4077 Vel-ci
2075 4026 2234 4080 verba
2268 4026 2671 4097 Pacbymerem,
2698 4029 3095 4093 contendentis,
3126 4027 3212 4082 vel
3242 4028 3286 4081 si
3324 4027 3463 4081 forte

1896 4119 2073 4173 afferri
2104 4110 2356 4188 nequiret
2387 4121 2577 4176 idonea
2612 4125 2890 4177 excusatio
2930 4123 3280 4179 additamenti
3313 4122 3465 4176 Lati-

1897 4224 2085 4264 norum
2130 4212 2195 4265 ad
2227 4212 2546 4283 symbolum,
2583 4214 2635 4267 in
2666 4229 2773 4282 quo
2802 4215 2913 4283 ipse
2943 4230 3179 4284 pugnare
3218 4215 3463 4269 odiosius

1896 4315 2002 4353 non
2032 4300 2251 4356 duceret
2285 4306 2649 4358 necessarium
2681 4305 2747 4358 ad
2790 4320 3030 4368 causam,
3073 4317 3251 4359 tamen
3292 4307 3464 4359 haere-

1899 4394 2015 4446 tica:
2068 4394 2336 4449 immunes
2382 4395 2518 4450 labis
2564 4397 2749 4464 utique
2796 4400 2940 4465 ipsos
2993 4412 3135 4460 esse,
3169 4400 3261 4467 qui
3306 4398 3358 4450 itt
3399 4413 3461 4451 ea

1897 4499 2057 4552 quam
2118 4484 2404 4540 tradebant
2468 4490 2533 4543 de
2588 4491 2934 4556 processione
2993 4496 3169 4545 sancti
3229 4492 3466 4559 Spiritus

227 4583 391 4634 tentia
425 4581 670 4649 lucifngm
696 4581 964 4649 scriptoris
994 4597 1009 4633 :
1041 4596 1157 4634 eam
1191 4582 1357 4643 enim,
1392 4598 1457 4636 ne
1489 4583 1793 4652 aliquaver-
1822 4612 1874 4672 Β
1900 4577 2060 4629 etiam
2086 4592 2149 4631 ex
2178 4578 2313 4633 Filio
2347 4581 2588 4635 doctrina
2616 4597 2724 4636 non
2761 4583 2921 4636 dubie
2952 4583 3334 4652 suffragatores
3359 4582 3465 4636 Pa-

225 4690 346 4728 Sum
381 4672 646 4730 elabatur.
678 4672 853 4739 sepire
878 4672 1116 4741 undique
1147 4677 1454 4726 consultum
1482 4683 1585 4729 est.

299 4767 441 4819 Ibid.
490 4764 700 4817 lnducit
743 4764 1029 4818 historicus
1064 4765 1289 4818 Veccutn
1322 4776 1641 4832 purgantem
1676 4782 1798 4822 sese

227 4876 255 4912 a
290 4858 602 4927 suspicione
630 4856 882 4924 culpandi
915 4856 1132 4911 Graecos
1180 4867 1273 4913 aut
1323 4857 1535 4913 favendi
1571 4858 1797 4916 Latinis.

230 4954 284 5006 In
342 4966 449 5019 quo
495 4950 543 5003 ei
602 4948 803 5019 afﬁngit
856 4949 1077 5017 aliquid.
1109 4964 1173 5003 ex
1210 4965 1307 5003 suo
1335 4949 1563 5004 fortasse
1611 4967 1796 5017 sensu,

229 5041 500 5109 ejusmodi
565 5042 706 5107 quod
758 5056 861 5093 non
904 5042 1037 5093 citra
1072 5040 1320 5109 injuriatn
1362 5040 1675 5094 Latinorum
1704 5043 1796 5104 sit,

229 5137 319 5203 qni
358 5142 414 5185 et
456 5133 508 5184 in
538 5130 863 5185 tracta'ioue
917 5131 1112 5197 prioris
1159 5132 1312 5185 istius
1346 5132 1649 5186 concordiae
1682 5149 1800 5201 quo

230 5240 335 5281 lrttl
350 5241 477 5293 pore
508 5223 779 5277 Michaelis
805 5222 1085 5289 Palatologi
1112 5223 1163 5275 iu
1198 5224 1431 5276 concilio
1454 5222 1798 5293 Lugdunensi

228 5322 457 5381 cealuit,
490 5328 541 5369 et
564 5318 613 5368 in
646 5328 903 5383 apparatu
934 5315 1180 5368 secunda:
1205 5316 1254 5368 in
1283 5316 1511 5368 concilio
1542 5317 1802 5371 Florenti-

230 5428 299 5465 no
359 5410 608 5468 lirmatae.
649 5423 862 5474 smnper
913 5407 1267 5462 defenderunt
1315 5426 1373 5463 se
1408 5411 1549 5477 juste
1587 5424 1648 5463 ac
1686 5411 1800 5463 sine

228 5506 387 5561 cultui
424 5498 641 5555 verbum
674 5498 911 5567 Filioque
951 5502 1191 5568 symbolo
1221 5501 1437 5553 Nicatno
1470 5503 1613 5554 dicto
1645 5502 1797 5555 addi-

228 5599 403 5655 disse,
438 5610 559 5645 cum
586 5603 761 5645 tamen
790 5593 876 5645 hic
904 5592 1107 5647 Veccus
1132 5594 1366 5657 graviter
1392 5596 1529 5645 ineo
1551 5609 1799 5661 peccasse

232 5689 373 5747 illus,
414 5684 567 5753 quasi
600 5684 738 5736 ultro
772 5676 1152 5751 praevaricans,
1186 5686 1520 5754 profiteatur.
1558 5684 1645 5756 [P.
1669 5684 1795 5757 59.0]

236 5780 411 5833 Verba
462 5775 706 5830 historici
754 5776 859 5831 tale
892 5776 1063 5831 Vecco
1108 5776 1308 5831 dictum
1356 5778 1640 5831 tribuentis
1687 5779 1799 5831 banc

232 5882 362 5928 sunt
399 5884 412 5921 :
449 5867 646 5931 Δςδιὼς
674 5868 729 5922 δὲ
760 5868 914 5934 αὖθις
944 5900 1010 5912 -
1051 5870 1261 5924 κεῖσθαι
1312 5870 1371 5922 τὸ
1405 5871 1679 5940 μέγιστον.
1720 5870 1794 5925 Eu

1904 4678 2013 4722 tres
2038 4666 2258 4723 Gra'cos
2308 4671 2496 4737 prima:
2536 4673 2876 4727 auctoritatis
2907 4673 3185 4727 naberent.
3214 4673 3343 4725 Eam
3378 4672 3467 4725 ille

1899 4762 2306 4816 concessionem
2344 4763 2394 4816 in
2427 4778 2741 4830 expressam
2777 4764 3091 4818 Latinorum
3126 4765 3195 4818 ob
3237 4764 3471 4817 additio-

1900 4866 2021 4905 nem
2052 4851 2114 4905 ad
2141 4853 2445 4921 symbolum
2478 4853 2880 4909 damnationem
2920 4859 3163 4925 sugendo
3189 4864 3467 4925 perverte-

1902 4944 1991 4995 rit.
2053 4944 2183 4999 Utnt
2235 4947 2325 5007 sit,
2380 4946 2630 5013 equidem
2684 4949 2817 5001 satis
2869 4947 3013 5001 clare
3063 4947 3469 5001 demonstrasse

1905 5037 2035 5089 tuihi
2072 5038 2258 5091 videor
2300 5041 2514 5105 propria
2550 5055 2715 5109 super
2750 5055 2814 5093 eo
2847 5050 3168 5107 argumento
3206 5042 3469 5093 disserta-

1904 5131 2068 5193 tione,
2102 5145 2218 5197 qme
2251 5140 2429 5183 exstat
2462 5130 2496 5184 Ι.
2543 5147 2579 5185 ιι
2631 5147 2873 5184 mearum
2916 5131 3369 5185 Observationum
3402 5131 3465 5181 ad

1904 5224 2055 5290 prius
2096 5221 2342 5275 volumen
2392 5224 2549 5290 hujus
2592 5222 2840 5277 Historia:
2875 5239 2903 5275 a
2942 5239 2995 5291 p.
3027 5223 3131 5277 665
3157 5252 3225 5263 ε-
3256 5238 3307 5288 p.
3341 5221 3469 5284 674.

1903 5317 2225 5369 additioncnt
2287 5316 2352 5369 ad
2401 5317 2713 5386 Symbolum
2773 5329 3014 5371 recleac
3058 5316 3349 5385 prudenter
3395 5316 3468 5366 ln-

1904 5418 2041 5462 ctam
2101 5408 2228 5461 nulli
2280 5422 2399 5461 esse
2451 5407 2738 5462 obnoxiam
2773 5408 3217 5477 reprehensioni;
3259 5417 3313 5459 nt
3351 5422 3467 5457 eam

1902 5517 1992 5555 seu
2024 5500 2227 5555 Veccus
2260 5517 2350 5555 seu
2381 5501 2738 5571 I’acltytneres
2759 5502 2979 5571 culpare
3000 5501 3245 5563 voluerit,
3271 5497 3471 5553 frustra

1902 5594 2028 5647 sint.

1971 5685 2032 5740 P.
2065 5686 2136 5739 3'2
2196 5687 2391 5739 Καίτοι
2435 5704 2500 5756 γε
2533 5687 2601 5740 τὰ
2620 5685 2833 5753 μέτριά
2863 5703 2929 5753 γε
2960 5686 3086 5752 τοῖς
3122 5687 3331 5755 λόγοις
3363 5699 3472 5738 αυ-

1901 5778 2005 5832 τοῦ
2036 5780 2622 5846 πρςσαρθρούμενος,
2657 5780 2889 5834 obnoxie
2942 5779 3112 5833 lateor
3160 5780 3213 5833 in
3249 5795 3353 5835 ms.
3386 5794 3470 5832 me

1902 5870 2091 5941 legisse
2128 5871 2584 5941 προσαρχόμενος.
2608 5872 2711 5926 Sed
2743 5873 2966 5928 verbum
2998 5872 3238 5942 ignotum
3263 5883 3317 5929 et
3346 5872 3473 5931 huic
