4194 6444
776 424 881 494 799

1820 432 2113 492 I’USSINI
2148 431 2798 490 t)’.33Elt\'.-\'l'lt).\’U.\l
2850 429 2992 488 LIB.
3044 427 3130 488 ΙΙ.

3901 423 4011 484 800

776 537 1311 605 Spiritumswctum.
1343 541 1425 603 εἶ’,
1463 544 1595 595 rides
1651 545 1851 611 [autem
1919 564 2071 615 aqua:
2127 547 2335 607 Deum;
2371 549 2410 600 Λ
2445 545 2524 596 lit.
2562 540 2733 593 Verba
2788 540 2999 593 Ricardi
3055 540 3167 592 haec
3219 545 3345 590 sunt
3396 551 3407 587 :
3446 534 3585 588 Nam
3631 535 3749 589 Seth
3797 536 4006 603 quidem

777 645 969 691 aquom
1034 642 1208 682 autem
1280 632 1445 684 vivum
1518 635 1778 699 Spiritum
1852 647 2121 690 sanctum.
2192 635 2333 692 Fons

776 735 924 787 nqnte
961 720 1083 772 vim
1111 720 1270 774 Pater
1292 732 1389 786 cst,
1447 725 1640 790 ﬂumen
1662 741 1725 779 ea:
1762 726 1904 795 fonte
1939 730 2217 796 procedens
2251 729 2336 782 Fi-

776 811 895 870 lius,
924 828 1059 875 aqua
1083 813 1315 879 ﬂuminis
1341 814 1568 883 Spiritus
1600 832 1836 873 sanctus.

845 902 1003 971 737
1032 903 1156 957 llaec
1211 921 1326 968 qua:
1369 922 1535 973 pauca
1568 910 1632 963 de
1677 911 1858 964 multis
1890 912 2202 978 Speciminis
2247 914 2336 967 hic

774 992 944 1058 gratia
978 998 1277 1059 posuimus,
1304 997 1429 1062 quin
1462 1007 1511 1048 et
1539 999 1590 1051 in
1612 1000 1859 1053 eamdem
1884 1004 2206 1057 sententiam
2231 1019 2333 1057 non

777 1082 951 1137 minus
980 1085 1173 1139 diserta
1203 1088 1375 1154 plura,
1420 1091 1536 1142 sine
1586 1091 1751 1143 dubio
1804 1102 2091 1159 potuerant
2123 1111 2186 1148 ex
2229 1094 2334 1149 Pa-

776 1176 945 1228 tribus
982 1178 1217 1245 allegare
1245 1181 1375 1233 socii
1408 1182 1590 1248 Vacci,
1625 1184 1823 1251 quippe
1850 1185 2052 1249 quibus
2083 1187 2171 1239 diu
2215 1202 2335 1243 cum

780 1268 952 1321 Vecco
994 1269 1046 1323 io
1071 1270 1353 1341 lilCOiOgitl‘.
1376 1273 1609 1340 Spiritus
1636 1273 1721 1345 [P.
1745 1274 2055 1347 526]sancti
2085 1292 2337 1346 perscru-

776 1360 976 1410 tat‘ooe
1022 1362 1249 1414 versatis
1292 1362 1470 1431 ignota
1507 1364 1555 1416 in
1592 1364 1693 1418 hoc
1724 1379 1923 1432 genere
1959 1382 2079 1420 esse
2110 1382 2212 1421 non
2240 1384 2337 1437 po-

777 1460 953 1501 terant
1007 1467 1128 1526 quae
1185 1452 1336 1506 fuere
1389 1453 1491 1521 ipsi
1533 1454 1708 1509 \lecco
1776 1456 2235 1524 perspectissitna,
2280 1468 2338 1514 ιιι

776 1542 1091 1609 ἰιιιθιῖἰαὶιιιι*
1124 1560 1187 1597 ex
1226 1545 1385 1614 hujus
1416 1547 1654 1613 scriptis,
1688 1563 1804 1616 quae
1830 1549 2023 1617 partim
2051 1551 2219 1604 edidit
2253 1550 2334 1605 lll.

779 1633 1027 1698 Allatins,
1051 1637 1242 1700 partim
1280 1638 1407 1707 legit
1431 1639 1483 1691 in
1515 1654 1671 1693 manu
1715 1642 1956 1695 exaratis
1983 1641 2259 1697 codicibus
2285 1652 2340 1698 et

775 1740 838 1779 ex
879 1726 943 1779 iis
984 1728 1211 1796 plurima
1242 1716 1525 1797 tleSCripsit
1566 1730 1818 1788 Petavius
1864 1743 2047 1788 noster
2083 1737 2135 1787 in
2175 1751 2340 1802 opere

777 1815 1225 1885 Theologieorum
1263 1819 1605 1887 Dugmatum.
1635 1823 1738 1876 Sed
1767 1824 2019 1879 consulto
2051 1824 2104 1878 id
2141 1827 2342 1881 omise.

776 1919 924 1972 runt,
982 1914 1123 1979 quod
1185 1929 1324 1967 nunc
1378 1929 1483 1966 non
1532 1923 1648 1968 erat
1709 1916 1795 1970 his
1850 1915 2020 1970 locus.
2065 1917 2342 1983 Agebatur

776 2002 993 2069 quippe,
1034 2013 1089 2055 ut
1137 2003 1283 2066 dixi,
1321 2019 1577 2059 verumne
1638 2015 1785 2060 esset
1834 2006 2042 2060 crimen
2074 2006 2344 2065 haereseos

778 2091 1068 2161 impactum
1105 2094 1281 2149 Vecco
1308 2105 1361 2150 et
1390 2096 1553 2151 sociis
1591 2114 1605 2151 :
1640 2112 1743 2150 non
1773 2107 1948 2151 autem
1984 2098 2049 2152 de
2092 2100 2343 2169 dogmate

777 2186 1173 2253 inquirebatur.
1209 2188 1272 2242 Et
1315 2190 1650 2245 calumnioso
1696 2191 1928 2245 artiﬁcio
1958 2190 2119 2246 Vecci
2153 2196 2345 2247 adver-

776 2278 903 2330 sarii
939 2278 1154 2334 eludere
1179 2282 1514 2336 conabantur
1542 2285 1649 2337 vim
1694 2283 2028 2341 defensionis
2058 2286 2198 2354 ejus,
2237 2286 2345 2342 alio

780 2370 1109 2428 traducenda
1139 2376 1457 2438 quatstione.

850 2462 906 2515 P.
961 2465 1047 2518 95.
1114 2464 1231 2518 Non
1287 2468 1548 2533 conﬁteris
1608 2467 1865 2536 Spiritum
1928 2479 2167 2525 sanctum
2221 2491 2345 2528 con-

779 2556 983 2607 tinuum
1031 2556 1211 2617 Patri,
1248 2570 1352 2613 etc.
1410 2560 1521 2615 Hoc
1564 2561 1735 2629 ipsum
1784 2564 2077 2617 absurdum
2132 2565 2346 2620 Latinis

778 2648 1025 2716 impingit
1055 2664 1180 2703 acer
1206 2650 1514 2704 Grau-orum
1547 2653 1819 2709 haereseos
1857 2655 2110 2709 defensor
2140 2657 2345 2725 Grego-

782 2741 892 2792 rius
923 2741 1190 2808 Palamas,
1230 2746 1569 2799 contendens
1606 2746 1789 2801 doceri
1826 2762 1853 2800 a
1902 2746 2172 2812 Patribus,
2222 2752 2345 2820 Spi-

779 2833 941 2885 ritum
985 2843 1230 2887 sanctum
1278 2837 1529 2891 continue
1583 2853 1644 2891 ac
1679 2841 1810 2893 citra
1855 2841 2086 2894 medium
2129 2858 2156 2896 a
2186 2842 2347 2900 Patre

779 2926 1089 2992 procedere.
1137 2929 1246 2980 Καὶ
1302 2930 1431 2997 μὴν,
1467 2931 1662 2997 inquit,
1699 2933 1897 3003 ὲρῤἐθη
1947 2935 2041 2986 καὶ
2084 2934 2146 2987 τὸ
2206 2937 2348 2989 Θετον

779 3016 1001 3085 Πνεῦμα
1038 3019 1101 3070 ἐκ
1133 3020 1344 3087 Πατρὶς
1377 3022 1614 3090 ἀμέσως.
1656 3022 1888 3094 Vultque
1922 3025 1974 3078 id
2018 3027 2189 3081 astrui
2225 3044 2349 3083 ver-

777 3109 925 3163 sibus
953 3111 1273 3179 quilmsdam
1296 3112 1354 3168 S.
1383 3112 1622 3183 Gregorii
1647 3117 1925 3185 'l‘heologi,
1960 3118 2155 3185 quibus
2183 3119 2350 3175 Filius

2435 635 2684 701 processit
2733 634 2796 685 de
2843 631 3140 684 substantia
3178 628 3310 682 Adte
3372 628 3696 687 immediate,
3730 629 3909 697 utique
3956 629 4011 681 in

2435 737 2685 796 quantum
2722 726 2823 793 fuit
2876 726 2937 776 de
2987 722 3196 792 proprio
3240 724 3463 785 semine;
3518 722 3741 775 mediate
3786 738 3906 774 vero
3957 722 4013 772 in

2435 826 2687 885 quantum
2749 817 2848 885 fuit
2883 816 2947 869 de
2978 815 3170 869 semine
3230 813 3377 868 Evat.
3418 812 3606 867 Talem
3654 823 3834 868 autem
3888 827 4014 866 esse

2435 911 2509 961 ait
2552 910 2949 976 processioncm
3010 907 3173 977 738
3215 906 3387 960 sancti
3425 905 3662 975 Spirittm
3707 920 3774 959 ex
3822 906 4011 970 Patre,

2437 1001 2727 1053 mediatam
2785 999 2998 1067 quidem
3059 1009 3324 1068 quatenus
3372 1014 3437 1053 ex
3490 998 3628 1052 Filio
3685 1009 3811 1063 est,
3846 1013 4013 1066 quem

2439 1089 2602 1142 Pater
2649 1090 2868 1158 genuit,
2915 1088 3073 1141 simul
3113 1098 3291 1141 autem
3343 1087 3714 1141 itntnediatam
3762 1102 4017 1153 quoque,

2438 1180 2697 1249 quoniam
2736 1177 2904 1231 Filius
2941 1178 3145 1244 pariter
3182 1189 3235 1231 et
3266 1178 3423 1231 Pater
3472 1190 3714 1232 sanctum
3748 1176 4017 1246 Spiritum

2439 1270 2770 1339 prodttcunt.
2810 1268 3040 1337 Spiritus
3083 1268 3231 1323 enim
3283 1285 3496 1322 sanatus
3531 1271 3716 1338 (verba
3746 1281 3876 1322 sunt
3904 1272 4018 1321 An-

2438 1362 2664 1430 gustini,
2700 1362 2735 1416 l.
2766 1378 2854 1424 xv,
2909 1361 2981 1415 De
3018 1360 3303 1423 Trinitate,
3356 1377 3405 1415 c.
3453 1360 3546 1429 27)
3599 1376 3701 1414 non
3748 1360 3814 1413 de
3853 1359 4020 1413 Patre

2438 1454 2668 1516 procedit
2697 1455 2750 1506 in
2800 1451 3014 1516 Filium,
3043 1464 3089 1505 et
3122 1455 3184 1506 de
3214 1450 3355 1505 Filio
3405 1453 3640 1520 procedit
3696 1455 3765 1505 ad
3815 1454 4021 1505 sancti-

2438 1544 2707 1612 ﬁcandam
2760 1556 3082 1608 creaturam,
3112 1547 3202 1599 sed
3229 1545 3387 1597 simul
3408 1547 3471 1598 de
3502 1555 3722 1615 utroque
3757 1546 4021 1613 procedit,

2437 1638 2672 1705 quamvis
2711 1636 2806 1689 hoc
2843 1636 2987 1691 Filio
3022 1636 3186 1691 Pater
3212 1637 3439 1700 dederit,
3480 1651 3536 1690 ut
3579 1639 4022 1708 quemadmodum

2440 1728 2504 1777 de
2537 1740 2612 1789 se,
2641 1728 2719 1779 ita
2748 1728 2810 1779 de
2842 1728 2935 1782 illo
2965 1744 3163 1797 quoque
3191 1730 3455 1793 procedat.
3488 1727 3613 1783 Hice
3645 1731 4024 1798 Augustinus;

2442 1830 2561 1882 quae
2592 1825 2859 1884 quatenus
2885 1816 3139 1880 mediata,
3171 1828 3439 1886 quatenus
3467 1820 3835 1872 immmediata
3870 1817 4022 1871 Patri

2447 1906 2714 1977 sitsancti
2765 1907 3001 1973 Spiritus
3059 1914 3355 1979 processio,
3388 1912 3686 1965 luculenter
3716 1913 4023 1980 explicant.

2478 1997 2587 2054 “Pr
2633 1997 2721 2052 96.
2775 1998 2984 2053 Sentire
3026 2011 3202 2055 autem
3248 2006 3554 2056 continuum
3587 2015 3694 2057 etc.
3739 2003 4027 2073 Significat

2443 2076 2535 2169 {iis
2573 2093 2751 2146 verbis
2784 2091 2987 2148 Veccns
3009 2110 3113 2147 non
3146 2110 3303 2163 posse
3334 2097 3598 2151 catltolice
3619 2098 3722 2151 diei
3757 2101 4026 2151 duntaxat

2448 2185 2806 2238 immediatam
2830 2189 3235 2254 processionem
3259 2191 3433 2244 sancti
3478 2189 3711 2260 Spiritus
3734 2207 3801 2244 ex
3825 2192 4024 2251 Patre;

2450 2277 2726 2330 dicendam
2759 2282 2903 2331 enim
2935 2294 3057 2333 esse
3076 2282 3237 2333 sintut
3258 2283 3619 2336 immediatam
3644 2294 3689 2336 et
3709 2286 4030 2341 meditatam.

2453 2369 2634 2439 Itaque
2660 2371 2747 2425 hic
2777 2372 2838 2423 τὸ
2857 2372 3141 2443 προσεχῶς
3163 2377 3404 2429 continue
3427 2387 3716 2443 usurpatur
3737 2376 4028 2437 exclusiae,

2454 2464 2554 2515 hoc
2599 2474 2681 2517 cst
2737 2480 2857 2516 cum
2910 2466 3287 2521 subintellecta
3346 2469 3635 2537 negatione
3683 2470 4029 2524 mediationis

2454 2556 2635 2608 ullius.
2665 2555 2850 2621 Qualis
2901 2568 3079 2612 tamen
3138 2560 3317 2629 aliqua
3361 2562 3411 2614 in
3448 2562 3799 2629 processione
3845 2563 4031 2616 saneti

2456 2646 2689 2715 Spiritus
2725 2666 2751 2701 a
2804 2650 2966 2703 Patre
3015 2654 3354 2720 agnoscenda
3409 2654 3726 2707 ortltodoxis
3776 2665 3881 2715 est,
3935 2654 4030 2706 sed

2452 2754 2573 2810 quae
2608 2756 2709 2794 non
2749 2742 3003 2796 excludat
3035 2744 3400 2797 immediatatn
3434 2744 3609 2798 Patris
3655 2746 3825 2812 ipsius
3855 2745 4021 2797 actio-

2455 2846 2577 2884 nem
2610 2832 2662 2883 in
2716 2836 3070 2899 productione
3109 2836 3366 2902 Spiritus,
3400 2846 3455 2890 at
3507 2845 3713 2890 tantum
3772 2836 4023 2888 admittat

2455 2921 2540 2995 [P.
2578 2922 2708 2996 527]
2742 2926 2793 2979 in
2835 2941 2901 2980 ea
2939 2929 3271 2981 consortium
3304 2927 3447 2990 Filii,
3487 2931 3569 2982 cui
3632 2932 3781 2998 prius
3816 2931 4022 2983 rationt

2458 3014 2615 3068 Pater
2662 3018 2776 3084 ipse
2819 3019 3297 3072 communicaverit
3323 3030 3376 3073 et
3404 3022 3453 3073 ei
3486 3035 3580 3087 per
3614 3022 4033 3089 generationem

2457 3110 2869 3163 identiﬁcat‘erit
2890 3109 3032 3162 illam
3054 3111 3223 3179 ipsam
3246 3128 3403 3165 unam
3423 3114 3843 3173 etindiridnam,
3861 3129 4032 3182 quam

778 3212 832 3255 ct
886 3201 942 3255 S.
981 3204 1215 3271 Spiritus
1268 3206 1471 3274 pariter
1525 3208 1779 3261 dicuntur
1838 3209 1974 3262 Θεοῦ
2030 3214 2244 3281 Πατρὸς
2283 3215 2349 3267 τὰ

2460 3200 2572 3267 ipse
2628 3202 2988 3267 Originaliter,
3021 3202 3123 3256 hoc
3166 3214 3248 3255 est
3275 3218 3381 3256 non
3416 3204 3633 3256 aliunde
3658 3212 3889 3257 tractam
3938 3206 4035 3259 sed

777 3294 1005 3364 δεύτερα
1047 3295 1212 3365 ἔχειν,
1244 3300 1499 3352 secundas
1545 3316 1576 3352 a
1627 3299 1730 3352 Deo
1782 3298 1944 3355 Patre
1984 3302 2194 3359 habere.
2246 3303 2350 3359 Sed

778 3386 980 3437 frustra
1011 3397 1133 3440 sunt
1159 3389 1211 3441 hi
1246 3390 1602 3446 schismatici.
1632 3391 1767 3444 Nam
1802 3393 1955 3461 juxta
1994 3394 2209 3449 Patrum
2243 3406 2349 3450 tam

780 3478 1092 3533 Gt'u'corum
1125 3496 1281 3548 quam
1310 3482 1621 3536 Latinorum
1653 3487 2013 3541 orthodoxam
2051 3489 2351 3543 doctrinam

780 3579 1068 3635 utrumque
1117 3590 1300 3627 verum
1351 3585 1468 3639 est,
1516 3585 1565 3628 ct
1614 3579 1908 3644 procedere
1957 3580 2178 3648 ἀμέσως
2220 3585 2351 3635 citra

782 3661 1006 3714 medium
1051 3679 1078 3715 a
1130 3662 1289 3717 Patre
1330 3677 1574 3718 sanctum
1612 3666 1897 3735 Spiritum,
1927 3679 1980 3725 et
2011 3674 2257 3727 eumdem
2288 3674 2356 3727 δι’

785 3752 935 3815 Υἱὺν,
969 3771 1059 3818 per
1083 3753 1271 3806 Filium
1327 3772 1353 3805 a
1392 3756 1550 3810 I‘atre
1603 3761 1850 3822 produci.
1908 3761 2044 3829 Apte
2103 3766 2355 3818 conciliat

786 3847 895 3897 Law
930 3846 980 3897 in
1020 3848 1252 3913 sp-‘c‘rut
1289 3850 1558 3900 cowtrat'in
1598 3849 1862 3903 ilicartlus
1894 3851 2223 3917 ViCIoriuus,
2260 3856 2293 3907 1.
2323 3873 2355 3911 v

784 3936 861 3989 De
908 3939 1185 4001 Trinitate,
1219 3955 1263 3991 c.
1303 3942 1353 4001 6,
1394 3943 1495 3993 sint
1527 3942 1747 3994 litndino
1793 3960 1857 3997 ex
1900 3946 2153 3999 humanis
2194 3963 2358 4015 gene-

785 4029 1083 4080 rationibus
1117 4031 1345 4082 alldncta
1380 4049 1391 4083 :
1430 4031 1672 4087 Procedit
1720 4050 1941 4101 namque
1967 4036 2084 4106 (ait)
2131 4054 2353 4104 persona

783 4122 847 4173 de
886 4138 1102 4189 persona
1147 4124 1456 4193 quandoque
1500 4128 1708 4193 quidem
1760 4133 2124 4185 tantummodo
2174 4135 2356 4186 imme-

785 4214 946 4273 diate,
979 4215 1287 4282 quandoque
1332 4218 1699 4270 tantummodo
1757 4223 2003 4286 mediote,
2044 4226 2357 4294 quandoque

788 4315 959 4355 autem
1026 4307 1248 4356 mediate
1298 4308 1455 4358 simul
1516 4318 1565 4361 et
1648 4310 1971 4367 immediate.
2042 4314 2355 4383 Exemplum

786 4398 980 4448 deinde
1035 4399 1394 4463 proccssiouis
1430 4405 1802 4457 tantummodo
1845 4407 2169 4460 immedialre
2208 4411 2357 4476 ponit

791 4488 841 4539 in
895 4489 1076 4539 lsaaco
1128 4502 1374 4555 respectu
1414 4494 1706 4546 Ahrahami
1737 4536 1750 4558 ,
1791 4497 2057 4558 siquidem
2115 4498 2357 4554 lsaacum

2459 3292 2778 3345 naturaliter
2804 3293 3190 3346 itleutiiicatam
3227 3308 3340 3347 sua:
3370 3309 3633 3363 personre,
3668 3296 3827 3348 habet
3859 3296 4036 3362 spira-

2458 3384 2660 3435 tionem
2718 3383 2971 3447 activam,
3029 3384 3079 3436 in
3116 3399 3243 3452 qua,
3286 3399 3390 3437 non
3447 3385 3617 3438 solum
3662 3385 3712 3437 in
3747 3395 3944 3437 natura
3974 3396 4031 3439 et

2454 3474 2687 3527 essentia
2721 3473 3097 3539 divina,Patcr
3128 3485 3179 3527 et
3206 3474 3374 3529 Filius
3405 3490 3573 3529 unum
3596 3485 3740 3533 sunt.
3761 3476 4035 3529 Audiatur

2455 3576 2677 3620 sanctus
2752 3568 3039 3621 Anselmus
3099 3570 3211 3622 hrec
3267 3569 3547 3638 eleganter
3604 3570 3905 3638 explicans,
3961 3569 4036 3622 De

2458 3661 2791 3727 processione
2828 3659 3060 3722 Spiritus
3093 3661 3264 3714 sancti
3300 3661 3436 3714 libro
3480 3678 3495 3714 :
3542 3659 3757 3713 Constat
3809 3662 4037 3725 inexpu—

2456 3752 2657 3820 gnabili
2686 3754 2889 3805 ratione
2924 3752 3174 3821 Spiritum
3207 3766 3445 3805 sanctum
3468 3771 3578 3808 esse
3612 3755 3674 3806 de
3706 3752 3844 3806 Filio
3873 3755 4035 3807 sicuti

2456 3856 2530 3896 est
2566 3848 2627 3896 de
2670 3843 2846 3905 Patre,
2884 3861 2973 3897 nec
3009 3856 3182 3898 tamen
3215 3862 3325 3898 esse
3365 3847 3427 3897 de
3457 3846 3656 3898 duobus
3680 3846 3923 3907 dirersis,
3946 3848 4037 3898 sed

2457 3938 2519 3987 de
2548 3952 2671 3989 uno.
2703 3935 2783 3988 [Cx
2810 3953 2867 3988 eo
2898 3938 3030 3988 enim
3060 3939 3197 4005 quod
3236 3935 3398 3989 Pater
3419 3948 3465 3989 et
3498 3936 3665 3990 Filius
3701 3953 3859 3988 unum
3888 3951 4036 4001 sunt,

2457 4029 2512 4080 id
2534 4040 2690 4081 estex
2713 4028 2838 4093 Deo,
2870 4039 2946 4081 est
2981 4040 3025 4081 et
3059 4029 3291 4096 Spiritus
3323 4042 3555 4089 sanctus,
3581 4047 3681 4081 non
3714 4046 3777 4081 ex
3806 4046 3863 4081 eo
3899 4032 4037 4082 unde

2458 4118 2551 4169 alii
2583 4128 2703 4170 sunt
2744 4118 2807 4169 ab
2862 4119 3099 4171 invicem.
3124 4117 3227 4172 Sed
3256 4122 3502 4185 quoniam
3538 4119 3696 4182 Deus,
3727 4121 3789 4170 de
3818 4136 3923 4186 quo
3956 4134 4034 4173 est

2459 4206 2691 4274 Spiritus
2733 4222 2971 4273 sanctus,
3008 4221 3084 4263 est
3154 4208 3314 4263 Pater
3374 4222 3419 4263 et
3469 4209 3664 4275 Filius,
3695 4212 3891 4263 idcirco
3922 4228 4039 4265 rere

2459 4303 2653 4354 dicitur
2694 4319 2806 4355 esse
2840 4304 2903 4355 de
2936 4303 3093 4357 Patre
3117 4314 3164 4358 et
3210 4302 3377 4368 Filio,
3411 4306 3500 4374 qui
3541 4305 3645 4356 duo
3689 4314 3833 4357 sunt.
3866 4303 4039 4370 Cujus

2465 4394 2600 4445 ratio
2634 4403 2735 4456 est,
2772 4397 2892 4460 quia
2924 4395 3248 4463 principium
3283 4400 3517 4449 act‘vntn
3557 4396 3792 4464 Spiritus
3835 4398 4037 4453 sancti,

2462 4489 2576 4539 sive
2600 4487 2828 4555 spiratio
2858 4488 3056 4552 activa,
3089 4488 3352 4555 ejusmodi
3389 4489 3633 4557 quaedam
3672 4489 3750 4541 vis
3778 4498 3883 4550 est,
3918 4506 4041 4558 qna-

791 4581 1101 4634 iutmediatc
1144 4582 1483 4638 Abrahamns
1534 4590 1750 4655 genuit;
1803 4590 2171 4655 processionis
2223 4607 2352 4643 vero

2460 4589 2516 4629 ut
2553 4581 2604 4631 in
2642 4589 2824 4632 actum
2864 4589 3022 4633 exeat
3057 4580 3225 4648 exigit
3258 4580 3585 4634 itlentilicari
3628 4572 4043 4649 pcrsoaisdna-

793 4673 1167 4725 tantummodo
1221 4674 1466 4727 mediattc
1514 4677 1565 4729 iu
1610 4676 1813 4731 Jacobo
1870 4690 2117 4747 respectu
2180 4682 2352 4736 Abra-

792 4760 970 4824 lxami;
1008 4776 1127 4812 nam
1154 4761 1386 4815 Jacohus
1414 4767 1845 4832 patriarcharum
1871 4770 2154 4823 duodecim
2181 4782 2352 4839 pater,

794 4852 1026 4903 Inediate
1059 4862 1264 4904 tantum
1290 4855 1355 4907 ab
1384 4855 1694 4911 Abrahamo
1720 4868 1801 4912 est
1828 4862 2061 4927 genitus,
2088 4874 2356 4935 quatenus

794 4942 959 4995 illium
987 4943 1277 4997 Abraltami
1309 4946 1549 5001 lsaacum
1573 4962 1779 5017 patrem
1810 4952 2015 5017 habuit,
2048 4956 2160 5020 ipse
2186 4957 2356 5008 Abra-

794 5035 936 5087 lmni
986 5052 1170 5104 nepos.
1211 5037 1322 5092 Hoc
1370 5044 1606 5096 secundo
1654 5046 1811 5095 modo
1876 5061 1998 5099 vere
2052 5058 2277 5111 negatur
2328 5065 2356 5101 a

794 5129 1104 5180 doctoribus
1136 5131 1419 5185 catholicis
1461 5144 1708 5186 sanctum
1758 5134 2021 5202 Spiritum
2059 5140 2283 5191 mediate
2329 5156 2355 5191 a

798 5216 957 5268 l’atre
997 5220 1306 5282 proci-dere.
1340 5222 1440 5272 Sed
1473 5233 1555 5277 est
1592 5226 1695 5277 alia
1742 5228 2016 5309 processio
2049 5228 2358 5281 inunediata

797 5308 956 5360 simul
990 5320 1041 5362 et
1086 5311 1349 5375 mediata,
1390 5312 1541 5381 Cujus
1582 5314 1811 5366 fortnam
1867 5315 2131 5372 Ricardus
2178 5322 2360 5373 statuit

799 5403 859 5451 in.
882 5402 1230 5468 generatione
1261 5402 1410 5456 Selhi
1470 5421 1533 5458 ex
1590 5408 1790 5459 Adamn
1815 5418 1865 5461 ct
1901 5411 2027 5462 lira.
2066 5410 2194 5463 Nam
2227 5428 2362 5478 quo—

800 5507 940 5541 niam
977 5491 1084 5545 Eva
1142 5509 1203 5546 cx
1261 5495 1466 5545 Adamn
1502 5507 1874 5563 processerat,
1925 5500 2108 5563 utique
2142 5514 2202 5550 ex
2248 5500 2364 5567 ejus

797 5594 944 5633 costa
1007 5583 1257 5645 formata,
1306 5584 1453 5639 Sctlti
1504 5588 1788 5652 productio
1846 5606 1940 5655 per
2003 5591 2163 5642 Evam
2224 5591 2361 5643 facta

801 5674 1033 5724 mediata
1067 5687 1291 5730 eatenus
1324 5690 1567 5744 respectu
1608 5680 1795 5733 Adami
1828 5682 1927 5735 fuit
1970 5701 1983 5735 :
2024 5698 2205 5735 verum
2239 5686 2363 5751 quia

800 5766 939 5819 idem
979 5768 1329 5821 nihilominus
1376 5771 1612 5825 Adamus
1649 5789 1741 5841 per
1768 5789 1823 5827 se
1857 5776 1922 5827 ad
1950 5777 2091 5827 illaut
2141 5792 2365 5843 genera-

799 5860 1002 5913 tione-at
1045 5862 1340 5925 concurrit,
1386 5863 1691 5919 inunetliata
1726 5868 1912 5922 eadem
1959 5868 2164 5922 Adamo
2200 5870 2364 5924 exsti-

2458 4674 2575 4732 hus,
2608 4687 2837 4740 quarunt
2881 4688 2984 4725 una
3028 4690 3093 4726 ex
3124 4672 3294 4726 altera
3326 4674 3672 4742 processerit.
3710 4671 3864 4725 Unde
3912 4690 4044 4727 can-

2457 4777 2569 4814 sazu
2611 4764 2811 4827 reperit
2846 4763 3109 4819 Ricardns
3141 4763 3472 4825 Victorinus,
3499 4766 3534 4818 l.
3582 4782 3607 4814 ι·
3638 4764 3711 4817 De
3754 4764 4040 4829 Ttittitale,

2458 4870 2506 4906 ο.
2537 4854 2592 4917 7,
2620 4870 2718 4908 cur
2752 4856 2945 4910 ordine
2990 4856 3263 4924 posterior
3289 4856 3359 4909 sit
3390 4856 3665 4924 processio
3692 4861 3864 4910 sam-ti
3914 4859 4042 4927 Spi-

2462 4946 2611 5013 ritus
2648 4949 2995 5012 processione
3036 4946 3156 5000 Filii
3193 4965 3207 4999 :
3244 4946 3581 5000 Naturaliter
3631 4948 3853 5017 (inquit)
3894 4952 4044 5014 prior

2459 5044 2541 5089 est
2578 5032 2827 5091 edualitas
2875 5056 3035 5108 quam
3086 5040 3344 5093 trinitas:
3400 5057 3518 5093 nam
3566 5042 3659 5093 illa
3717 5052 3882 5105 potest
3930 5060 4044 5096 esse

2465 5132 2575 5185 sine
2607 5134 2730 5195 ista,
2767 5134 2869 5185 ista
2925 5151 3042 5187 vero
3086 5151 3353 5202 nunquam
3399 5136 3509 5186 sine
3543 5134 3661 5185 illa.
3705 5134 4045 5188 A‘uturniter

2464 5222 2639 5290 itaque
2670 5233 2714 5276 et
2746 5224 3005 5287 processio
3037 5223 3181 5291 prior
3210 5234 3306 5285 est,
3334 5240 3451 5292 qua:
3479 5235 3640 5290 potest
3674 5226 3883 5276 subsist.
3903 5242 3957 5278 re
3992 5229 4042 5279 in

2463 5330 2802 5379 personarum
2834 5315 3114 5378 dualitate,
3148 5332 3302 5382 quam
3334 5316 3584 5382 illa.qua3
3614 5331 3714 5367 non
3744 5327 3911 5372 potest
3933 5336 4045 5368 ωδε

2467 5406 2579 5458 sine
2638 5423 2979 5474 personarum
3065 5409 3325 5460 trinitate.
3394 5408 3529 5461 Hinc
3595 5409 3912 5476 intelligitur
3992 5410 4041 5460 id

2470 5498 2611 5564 quod
2666 5499 2843 5551 innuit
2905 5501 3081 5551 vcrhis
3119 5516 3283 5566 SUpra
3317 5500 3606 5568 descriptis
3641 5497 3868 5557 Ver-eus.
3912 5518 4043 5567 pro-

2472 5591 2749 5657 prietatem
2810 5606 2933 5644 esse
2992 5592 3360 5644 distinctivam
3436 5593 3802 5658 processimus
3841 5592 3965 5645 Filii
4012 5609 4041 5644 a

2471 5684 2815 5751 proct'ssione
2873 5682 3107 5751 Spiritus
3161 5685 3358 5741 sancti,
3414 5684 3554 5749 quod
3604 5682 3770 5736 Fiius
3817 5687 4042 5751 quidem

2470 5775 2727 5844 procedat
2751 5776 2817 5829 ab
2840 5792 2944 5828 uno
2970 5776 3085 5829 solo
3106 5777 3371 5843 principio
3395 5778 3533 5844 quod
3557 5786 3608 5828 et
3633 5792 3758 5843 quo,
3788 5777 3855 5829 ab
3880 5780 4042 5830 lltlit‘a

2472 5866 2721 5921 nimirum
2787 5883 3016 5937 persona
3076 5868 3276 5931 divina,
3332 5866 3512 5927 Patre,
3564 5876 3612 5921 et
3670 5883 3760 5934 [τιδι’
3822 5870 4040 5924 unicam
