4194 6444
730 381 839 448 803

1651 375 1717 441 Ρ.
1761 375 2067 440 POSSINI
2107 375 2762 438 OBSERVATIONUM
2798 376 2946 436 LIB.
2991 372 3078 432 Ῐῐ.

3859 366 3969 430 894

733 496 878 550 hunc
904 493 1060 564 74],
1095 491 1266 546 locum
1295 507 1348 562 p.
1383 489 1489 546 349
1515 487 1671 544 edita:
1696 489 1762 544 de
1790 489 2034 560 Georgiis
2057 488 2302 542 diatriba:
2333 491 2373 544 Α
2403 487 2566 540 sociis
2592 485 2847 554 judicium
2877 502 2891 549 ;
2929 495 3090 550 atque
3133 482 3234 534 hoc
3265 479 3435 548 ipsum
3467 478 3815 548 colloquium,
3847 493 3971 530 cum

736 587 894 639 modo
929 587 1172 637 laudatus
1206 583 1316 639 Leo
1355 583 1583 638 Allatius
1616 598 1737 636 cum
1767 582 1941 650 aliqua
1986 582 2297 634 diversitate

738 688 843 728 tant
881 676 931 727 itt
974 683 1228 727 contextu
1272 672 1461 728 ϐιωεο
1508 689 1667 742 quam
1699 673 1750 726 in
1789 672 1978 726 Latina
2031 674 2300 738 interpre-

738 770 959 829 tatione,
991 766 1145 834 cujus
1196 764 1282 818 hic
1331 767 1623 817 admonere
1658 764 1909 818 lectorem
1961 762 2151 814 deltco.
2188 761 2301 814 Illic

737 858 902 926 igitur
933 858 1018 908 illa
1051 857 1210 909 verba
1233 855 1408 924 ψύλλα
1430 872 1515 918 τις
1543 855 1992 910 vertunturcutrz
2021 854 2296 922 quispiam.

737 947 992 1016 Suspicor
1023 949 1276 1001 mendum
1312 949 1625 1017 lypothelae,
1655 945 1745 1014 qui
1777 961 1803 997 c
1846 960 1941 1014 pro
1969 963 2000 1009 p
2052 944 2100 997 in
2137 943 2301 1012 priori

738 1039 999 1092 vocabulo
1034 1037 1292 1102 posuerit,
1328 1035 1469 1088 facili
1498 1037 1679 1102 utique
1703 1036 1876 1104 lapsu,
1911 1035 2118 1104 qualem
2157 1052 2306 1090 ama-

739 1132 1024 1185 nucnsium
1063 1127 1145 1201 [P.
1181 1127 1310 1199 5‘29]
1345 1129 1538 1183 eruditi
1572 1139 1868 1197 agnoscunt
1903 1128 1953 1180 in
2002 1129 2119 1182 loco
2143 1127 2301 1180 Plinii

737 1223 776 1275 l.
813 1237 928 1285 xix,
978 1236 1029 1275 c.
1078 1219 1189 1274 io:
1226 1219 1398 1288 Napis
1439 1220 1651 1280 culices,
1705 1227 1832 1282 εις..
1887 1219 1975 1271 ubi
2010 1234 2076 1272 ex
2123 1219 2304 1272 Theo-

740 1312 982 1379 phrasto,
1015 1327 1172 1379 quem
1202 1311 1562 1374 describebat,
1607 1311 1802 1377 pulices
1843 1321 2034 1364 auctor
2060 1311 2177 1364 sine
2205 1311 2305 1364 du-

742 1405 828 1457 bio
859 1413 1136 1472 posuerat.
1170 1403 1278 1456 Sed
1306 1412 1600 1457 memoratu
1652 1403 1863 1470 dignior
1891 1404 1943 1456 in
1975 1403 2177 1458 Graecis
2211 1420 2304 1454 va-

740 1496 910 1549 rietas
941 1503 1044 1548 est.
1085 1491 1186 1548 Ubi
1224 1493 1365 1546 enim
1411 1492 1711 1548 clarissime
1745 1495 1912 1547 codex
1958 1493 2306 1559 Barberinns,

743 1584 941 1638 futtdus
989 1595 1186 1639 nostrae
1236 1583 1511 1646 editionis,
1557 1583 1715 1636 habet
1747 1583 1860 1635 οὔτ’
1903 1585 2155 1654 ἀνασπᾷν
2184 1585 2308 1638 οὔτε

743 1677 1034 1746 κατασπᾷν
1082 1677 1193 1743 ἔχει
1244 1670 1342 1745 τὴν
1388 1675 1662 1743 πείρινθα,
1695 1674 1780 1727 ill.
1834 1673 2082 1738 Allatius,
2121 1676 2200 1729 vel
2243 1692 2305 1728 et

742 1769 963 1839 proprio
993 1768 1203 1833 codice,
1246 1781 1404 1836 quem
1443 1767 1508 1819 ad
1540 1781 1756 1818 manum
1787 1767 1944 1820 modo
1977 1782 2082 1819 non
2119 1768 2308 1830 habeo,

743 1860 827 1914 vel
853 1876 914 1914 ex
949 1861 1254 1929 coojectnra
1288 1859 1416 1927 legit
1448 1859 1547 1927 τὴν
1576 1856 1859 1926 μήρινθον.
1891 1857 2166 1912 Arbitrum
2195 1859 2306 1911 dis-

744 1953 1030 2019 crepantite
1075 1953 1320 2005 codicum
1383 1951 1610 2018 duorum
1664 1949 1980 2002 Vaticanum
2034 1949 2310 2017 exemplar

743 2042 942 2095 l‘errcm
972 2059 986 2096 :
1015 2041 1110 2096 sed
1142 2042 1184 2094 is
1216 2053 1497 2110 utramque
1532 2042 1676 2094 illam
1705 2043 1895 2095 vitavit
1927 2051 2132 2102 vocem,
2168 2041 2310 2094 hunc

748 2132 924 2187 locum
959 2132 1035 2186 sic
1067 2131 1373 2199 exprimens
1406 2131 1591 2186 εΨίλα
1619 2132 1871 2198 (scribere
1916 2132 2080 2184 voluit
2115 2129 2311 2200 ψύλλα)

745 2242 832 2288 τις
860 2224 1156 2278 δπεκὰθισε
1216 2223 1293 2294 τῷ
1323 2225 1424 2293 τῆς
1461 2224 1675 2294 ἁμάξης
1701 2224 1878 2294 ῥυμῷ,
1912 2226 2033 2296 ἥτις
2060 2223 2185 2277 οὔτε
2221 2225 2317 2293 βά-

749 2334 844 2388 ρος
873 2318 1028 2388 φέρει
1063 2319 1129 2387 τῇ
1164 2317 1349 2388 ἁμάξῃ
1381 2316 1506 2368 οὔτε
1539 2315 1646 2386 μὴν
1693 2318 1927 2386 ἐλαφρόν
1960 2333 2012 2369 τι
2045 2318 2139 2369 καὶ
2184 2315 2313 2370 κοῦ-

749 2427 873 2477 φον,
906 2411 1182 2464 verho'sius
1205 2425 1364 2479 quam
1411 2411 1765 2464 breviatorem
1801 2412 1997 2475 decuit,
2050 2425 2146 2464 nec
2176 2409 2316 2463 mul-

753 2515 864 2555 tum
928 2504 1221 2572 eleganter.
1286 2501 1396 2572 Ego
1446 2517 1543 2556 cur
1605 2503 1918 2569 abrogarem
1988 2503 2145 2555 tidem
2197 2517 2318 2555 meo

751 2597 1049 2665 archetypo
1078 2610 1293 2648 causam
1328 2610 1432 2649 non
1470 2595 1654 2656 ltabni,
1683 2611 1805 2648 cum
1832 2596 1997 2663 proba
2029 2607 2082 2648 et
2110 2593 2319 2664 Pachy-

754 2703 900 2742 tncre
933 2692 1088 2755 dgna
1130 2688 1373 2742 videatur
1409 2687 1522 2742 hsce
1573 2688 1751 2753 lectio,
1805 2697 1988 2756 utpote
2030 2705 2188 2754 quam
2221 2706 2319 2756 ap-

752 2789 942 2846 pareat
961 2783 1172 2830 ductam
1195 2793 1259 2831 ex
1286 2777 1518 2833 Homero
1546 2778 1705 2832 Iliad.
1750 2797 1828 2832 to:
1859 2779 2062 2844 Ἀὐτὰρ
2085 2779 2166 2847 ὅγ’
2194 2776 2318 2844 υἷας

755 2871 969 2938 ἄμαξαν
990 2871 1246 2939 ἐΰτροχον
1270 2871 1550 2939 ἡμιονείην
1573 2873 1788 2925 ὁπλίσαι
1819 2872 2037 2941 ἠνώγει,
2069 2875 2321 2942 πείρινθα

753 2962 810 3013 δὲ
843 2961 1002 3029 δῆςαι
1041 2961 1124 3013 ἐπ’
1176 2963 1367 3031 αὐτῆς,
1400 2972 1453 3014 et
1505 2963 1692 3033 Odyss.
1741 2981 1806 3016 οι
1860 2965 1968 3016 Καὶ
2017 2965 2082 3018 τὰ
2117 2965 2215 3036 μὲν
2266 2966 2324 3029 ἐς

758 3053 1009 3124 πείρινθα
1035 3054 1174 3106 τίθει
1212 3056 1594 3125 Πεισίστρατος
1620 3057 1791 3127 ἣρως.
1822 3057 2053 3122 Quorum
2082 3059 2319 3111 locorum

2401 590 2584 633 secuta
2613 595 2828 632 reorum
2862 579 3168 629 auditorum
3203 574 3674 632 condetnnatione.
3701 574 3972 643 synodum

2405 680 2671 732 vocatam,
2700 684 2859 736 cujus
2890 681 3008 722 acta
3045 667 3313 736 publicata
3345 667 3447 718 rite
3471 666 3601 720 sint.
3639 663 3810 733 llujus
3843 680 3978 731 qua-

2404 761 2683 827 liscunque
2737 760 2926 830 synodi
2967 757 3244 826 cscntplar
3285 758 3561 823 antiquum
3598 767 3785 810 nactus
3813 753 3977 809 Jaco‘

2405 856 2506 907 lius
2563 854 2883 908 Sit-mundus
2914 865 3124 916 noster,
3171 855 3222 906 id
3273 853 3688 906 communicavit
3741 850 3979 903 Henrico

2405 943 2697 1017 Sjmndano
2739 942 2990 1010 episc0po
3029 941 3363 1008 Apamiensi,
3409 943 3500 1009 qui
3554 956 3818 993 summam
3856 939 3980 1007 ejus

2404 1037 2623 1088 exhibet
2663 1035 2715 1086 in
2760 1051 2854 1086 sua
2889 1035 3294 1087 cuntinuatione
3332 1034 3616 1086 Annalium
3660 1035 3876 1087 Baronii
3907 1033 3977 1087 ad

2409 1143 2606 1178 annum
2641 1127 2795 1188 1285,
2821 1144 2873 1179 ιι.
2911 1127 2996 1190 10.
3027 1124 3231 1177 Dicitur
3258 1127 3363 1180 illic
3401 1127 3500 1180 ista
3528 1130 3762 1196 synodus
3795 1126 3980 1180 habita

2408 1221 2506 1275 8th
2538 1221 2846 1272 Andronico
2905 1217 3203 1286 l'alteologo
3252 1223 3578 1287 imperatore
3616 1228 3668 1272 et
3714 1218 3983 1284 Gregorio

2408 1311 2716 1378 patriarcha
2744 1320 2932 1364 contra
2964 1309 3226 1364 Joannem
3263 1309 3497 1364 Veccttm
3529 1321 3584 1363 et
3607 1310 3766 1377 hnjns
3800 1311 3983 1363 socios

2408 1401 2820 1454 Constantinum
2880 1401 3237 1456 Melitenioteu
3281 1411 3333 1454 ct
3384 1400 3676 1466 Georgium
3720 1399 3985 1454 MelOchi-

2407 1472 2542 1552 tam,
2588 1492 2679 1558 qui
2717 1492 3031 1546 Latinorum
3092 1494 3280 1560 dogma
3315 1494 3379 1544 de
3423 1493 3776 1560 processione
3804 1491 3987 1559 Spiri-

2413 1591 2498 1635 tus
2538 1582 2710 1634 sancti
2757 1581 3154 1648 proﬁtebantur
3213 1583 3280 1636 ab
3313 1582 3470 1636 annis
3525 1593 3669 1636 octo.
3711 1581 3868 1637 linnc
3910 1583 3986 1636 ibi

2414 1691 2692 1727 numerum
2723 1675 2851 1727 Acta
2877 1676 3066 1745 synodi
3094 1676 3424 1744 exprimunt,
3464 1691 3528 1729 ex
3561 1691 3666 1740 quo
3691 1675 3839 1728 illaut
3876 1676 3984 1728 hoc

2415 1784 2558 1842 anno
2589 1767 2918 1820 celebratam
2971 1767 3256 1832 evincitur,
3297 1767 3409 1832 qui.
3449 1779 3505 1821 ut
3531 1767 3670 1820 libro
3697 1768 3859 1822 tertio
3886 1769 3989 1822 ha-

2415 1849 2532 1914 Fu'm
2584 1858 3072 1918 Observationum.
3108 1874 3156 1913 c.
3209 1861 3264 1922 2,
3310 1859 3828 1921 demonstrabimus,
3861 1874 3990 1914 vere

2411 1964 2634 2009 octavus
2661 1958 2744 2003 est
2771 1949 2837 2002 ab
2862 1950 2996 2002 lnilo
3027 1964 3054 2001 a
3085 1946 3258 2003 Vecco
3284 1950 3652 2019 patriarchatn
3679 1958 3734 2003 et
3767 1962 3990 2016 recepta

2420 2045 2595 2116 palam
2625 2040 2789 2110 (quod
2815 2042 2914 2095 sub
2945 2041 3084 2094 idem
3107 2049 3315 2108 tempus
3337 2042 3582 2111 contigit)
3602 2040 3996 2096 Constantino-

2415 2137 2519 2208 poli
2573 2134 2952 2189 communione
3005 2148 3130 2188 cum
3163 2131 3410 2188 Ecclesia
3460 2131 3721 2187 Romana.
3781 2130 3992 2186 Deinde

2416 2235 2719 2281 memorant
2785 2225 2975 2279 eadem
3059 2225 3190 2279 Acta
3251 2225 3646 2295 psendosynodi
3719 2220 3989 2278 Joannem

2416 2320 2650 2374 Veccutn
2696 2318 2805 2388 jam
2843 2328 2967 2372 ante
2995 2316 3065 2371 ob
3091 2316 3335 2371 eamdem
3381 2332 3600 2371 causam
3638 2315 3802 2372 fuisse
3831 2316 3992 2371 dam-

2415 2421 2602 2467 natum
2633 2410 2686 2464 in
2714 2410 2944 2475 quadam
2992 2393 3301 2464 Griecornm
3346 2410 3550 2479 synodo
3577 2427 3592 2475 ;
3625 2425 3784 2477 qnam
3817 2423 3992 2477 appa-

2417 2513 2499 2558 ret
2523 2519 2641 2558 eam
2679 2518 2800 2556 esse
2831 2503 2986 2570 cujus
3017 2500 3262 2555 meminit
3291 2511 3496 2566 noster,
3543 2518 3594 2570 p.
3625 2503 3715 2557 54.
3761 2500 3896 2554 Nam
3935 2501 3991 2555 in

2419 2611 2479 2652 ea
2537 2596 2722 2646 dicunt
2759 2591 2988 2647 Veccum
3035 2590 3264 2646 libellum
3304 2593 3676 2661 resipiscentia:
3735 2591 3825 2664 [Ρ.
3857 2591 3992 2664 530]

2419 2686 2686 2747 obtulisse,
2724 2699 2826 2752 quo
2865 2683 3226 2785 acpuiescebat
3271 2681 3604 2736 damnationi
3653 2698 3717 2734 ac
3776 2682 3994 2749 deposi-

2419 2779 2549 2833 tioni
2582 2792 2712 2830 sum.
2749 2776 2838 2828 Sic
2883 2773 3135 2827 nimirum
3196 2773 3484 2842 appellant,
3513 2790 3672 2843 quam
3720 2783 3995 2827 extortam

2424 2872 2498 2926 ibi
2541 2868 2718 2923 Vecco
2750 2868 3108 2937 Pachymeres
3137 2875 3322 2918 narrat
3377 2866 3810 2933 subscriptionem
3839 2881 3990 2918 conto

2425 2971 2579 3039 positi
2605 2969 2786 3023 libelli.
2816 2985 2917 3038 quo
2949 2965 3207 3037 professio
3234 2974 3387 3016 rectm
3418 2960 3543 3030 ﬁdei
3572 2957 4000 3027 conjungcbatur

2425 3081 2543 3118 cum
2575 3063 2880 3116 amolitione
2926 3059 3307 3127 suspicionum,
3358 3055 3402 3107 si
3430 3069 3544 3122 quis
3577 3053 3629 3104 in
3661 3052 3998 3104 contrarium

756 3145 821 3196 ad
855 3148 1086 3212 priorem
1115 3146 1430 3202 Eustathius
1470 3149 1622 3203 ducot
1655 3149 1909 3218 πείρινθα
1946 3150 2046 3201 dici
2089 3151 2148 3201 τὸ
2175 3151 2367 3217 tritu-1

2427 3163 2718 3215 exstarent,
2765 3153 2949 3223 quibus
3005 3149 3072 3201 ad
3115 3157 3403 3200 extremum
3450 3143 3793 3196 annectebant
3837 3141 4000 3193 abdi-

757 3236 871 3288 θεον
900 3239 958 3288 τὸ
1003 3238 1114 3290 ἄνω
1143 3238 1240 3306 τῆς
1283 3238 1520 3306 ἀμάξης,
1553 3240 1688 3291 ὅπου
1727 3240 1795 3290 τὰ
1823 3240 2021 3309 φορτία
2058 3239 2325 3294 ἐπιτίθεν-

757 3344 869 3386 ται,
896 3328 958 3379 ad
993 3329 1339 3395 posteriorem
1371 3342 1550 3382 autem
1582 3329 1709 3400 εΕἴη
1749 3331 1794 3383 δ’
1825 3331 1886 3382 ἂν
1932 3331 2184 3400 πείρινθα
2230 3335 2324 3386 καὶ

758 3417 791 3486 ἡ
829 3417 931 3485 προ
963 3417 1154 3468 τούτου
1203 3417 1431 3486 ρηθεϊσά
1460 3434 1560 3469 που
1608 3417 1905 3486 ὑπερτερία
1943 3420 2033 3469 ἐπὶ
2057 3416 2156 3485 τῆς
2183 3419 2322 3470 κατὰ

757 3508 854 3578 τὴν
902 3509 1224 3562 Ναυσικάαν
1269 3510 1508 3578 ἁμάξης,
1538 3511 1673 3578 ὅπερ
1715 3513 1762 3562 οἱ
1816 3510 2042 3581 ὕστερον
2084 3511 2324 3581 ἐσχάραν
2365 3518 2367 3520 ’

758 3603 1038 3657 καλοῦσιν.
1068 3603 1144 3657 Ex
1176 3606 1370 3672 quibus
1405 3605 1661 3658 habemus
1694 3603 1943 3674 πείρινθα
1972 3606 2150 3658 vocari
2180 3604 2324 3657 locu-

762 3695 868 3749 lunt
910 3707 1001 3751 aut
1025 3698 1214 3751 cistam
1257 3698 1369 3751 sive
1402 3712 1619 3763 capsum
1650 3697 1937 3763 quamdam
1974 3695 2160 3751 formte
2191 3696 2328 3766 qua?

762 3787 928 3841 tlratae
958 3789 1204 3842 curribus
1233 3789 1429 3858 imponi
1472 3788 1684 3841 solitam
1715 3790 1992 3857 capiendis
2019 3793 2178 3843 rebus
2207 3805 2326 3858 qua:

761 3880 1018 3934 vehenda:
1055 3883 1181 3943 sint,
1215 3881 1548 3950 ὑπερτερίαν
1578 3890 1630 3934 et
1673 3881 1913 3951 ἐσχάραν
1953 3881 2073 3935 aliis
2104 3882 2324 3936 dictam.

762 3971 918 4026 lJntle
948 3972 1098 4035 satis,
1151 3973 1358 4040 Opinor,
1399 3972 1704 4025 defenditur
1744 3982 1926 4026 nostra
1977 3981 2030 4026 et
2079 3972 2236 4026 lectio
2277 3980 2329 4027 et

764 4063 960 4116 versio.
1004 4063 1110 4115 Nec
1149 4065 1326 4117 obstat
1365 4064 1504 4133 quod
1553 4063 1715 4117 verba
1765 4064 2019 4132 ἀνασπᾷν
2058 4073 2111 4118 et
2158 4081 2330 4117 κατα-

768 4156 908 4224 σπᾷν
930 4155 1098 4222 magis
1129 4155 1418 4210 convenire
1441 4156 1723 4209 videantur
1752 4155 2002 4225 μηρίνθῳ
2025 4155 2140 4224 [uni
2169 4172 2329 4224 quam

765 4245 1004 4313 πείρινοι
1057 4246 1282 4313 plaustri
1321 4245 1492 4299 cista‘.
1550 4245 1659 4299 Etsi
1697 4247 1838 4299 enim
1888 4246 2130 4299 trahendi
2183 4248 2331 4300 notio

765 4353 831 4390 ex
866 4337 1071 4404 origine
1118 4337 1247 4404 ipsis
1297 4337 1434 4391 inest
1480 4338 1860 4404 congruentior
1901 4337 2014 4391 funi
2053 4339 2332 4392 tractionis

766 4430 1139 4491 instrumento,
1164 4438 1341 4481 tamen
1367 4444 1472 4482 non
1493 4431 1669 4483 minus
1693 4427 1944 4496 frequens
1980 4438 2064 4482 est
2104 4430 2331 4484 istorum

767 4521 1050 4573 verborum
1079 4534 1203 4571 usus
1227 4519 1291 4572 ad
1326 4519 1728 4588 signiﬁcandam
1763 4509 2328 4589 dt-prt~ssionent,qit.e

770 4611 824 4662 lit
845 4609 1200 4676 aggravando,
1225 4622 1310 4660 :ntt
1331 4610 1772 4672 snhievationetn,
1795 4626 1910 4677 quae
1935 4613 1992 4663 lit
2043 4611 2328 4662 iniunctde

770 4704 998 4772 pondus.
1026 4701 1293 4756 Utseusus
1314 4703 1402 4755 hic
1426 4702 1516 4764 sit,
1551 4703 1779 4770 pnliccm
1815 4702 2133 4776 insidentem
2157 4711 2330 4756 tracto

771 4810 892 4848 cum
928 4793 1128 4861 impetu
1167 4793 1344 4846 cnrrtti
1379 4810 1474 4846 ncc
1499 4796 1696 4847 addere
1742 4810 1839 4847 nec
1872 4796 2152 4847 detrahere
2181 4793 2335 4862 quid-

773 4899 928 4952 quam
962 4883 1166 4943 onetis.
1198 4886 1288 4936 sed
1334 4885 1551 4951 perinde
1595 4884 1794 4937 habere
1825 4900 1886 4938 ac
1921 4890 1963 4937 si
2018 4900 2122 4936 non
2163 4892 2329 4938 essct.

842 4975 902 5032 Ρ.
940 4976 1061 5029 tuo.
1098 4974 1223 5028 Volo
1259 4986 1306 5028 et
1331 4977 1472 5029 vobis
1509 4977 1816 5039 orthodoxe,
1856 4984 1962 5028 etc.
1995 4975 2097 5028 Per
2130 4977 2330 5044 hyper-

770 5066 947 5121 bolem
983 5066 1094 5121 haec
1129 5068 1230 5120 dici
1272 5067 1596 5121 credendum
1626 5079 1731 5130 est,
1765 5079 1818 5121 et
1867 5083 1929 5120 ea
1964 5068 2160 5121 liducia
2204 5083 2330 5134 qua,

773 5160 814 5214 si
853 5158 1038 5213 ﬁerent
1069 5175 1186 5228 quae
1221 5160 1331 5212 ﬁeri
1369 5176 1472 5214 non
1507 5175 1660 5228 posse
1686 5162 1774 5228 qtti
1803 5161 2037 5226 loquitur
2063 5162 2332 5226 intelligit,

774 5252 820 5305 is
867 5266 926 5305 se
977 5252 1122 5304 dura:
1187 5251 1417 5319 cuipiam
1459 5250 1643 5320 objicit
1708 5253 2024 5305 conditioni.
2091 5251 2332 5304 Similem

772 5341 1058 5412 quamdam
1089 5342 1326 5394 nonnulli
1355 5342 1669 5411 interpretes
1688 5343 1984 5412 appingunt
2009 5343 2332 5395 sententiant

777 5433 882 5486 illis
911 5431 1074 5485 Mosis
1102 5443 1154 5485 et
1186 5430 1334 5485 Pauli
1368 5433 1545 5486 verbis
1583 5447 1599 5486 :
1638 5432 1852 5487 Dimitte
1898 5433 2007 5486 illis
2031 5471 2045 5495 ,
2091 5443 2185 5486 aut
2219 5433 2336 5487 dele

776 5526 932 5578 mede
959 5526 1091 5579 libro
1111 5525 1307 5595 (Exod.
1339 5542 1470 5588 uti,
1496 5527 1613 5598 32);
1645 5538 1697 5581 et
1729 5546 1742 5579 :
1775 5529 2029 5592 Optabam
2057 5529 2334 5583 anathema

776 5631 885 5668 esse
907 5633 937 5668 α
977 5616 1181 5670 Christo
1212 5634 1306 5685 pro
1327 5617 1579 5686 fratribus
1612 5622 1737 5671 meis
1783 5617 1956 5687 (Rom.
1994 5636 2069 5682 ιχ,
2098 5620 2176 5688 5).

849 5707 1010 5779 742
1072 5709 1433 5778 Suppleudnm
1479 5710 1565 5764 hic
1618 5713 1757 5777 quod
1801 5712 2091 5766 historicus
2136 5713 2339 5765 diserte

779 5815 882 5858 ιιοιι
930 5803 1198 5870 exprimit,
1237 5802 1500 5873 perlatum
1539 5818 1564 5856 a
1595 5803 1958 5858 schismaticis
1988 5805 2051 5858 de
2085 5801 2259 5859 Vecco
2285 5813 2338 5858 et

2427 3249 2682 3300 rationem
2706 3243 3006 3298 sacerdotii.
3039 3238 3294 3307 Adjnngit
3324 3234 3763 3304 pseudOsynodus
3787 3233 3932 3286 codit
3952 3231 4001 3284 is

2429 3334 2794 3392 Sirmondiani
2825 3331 3058 3387 Veccttm
3096 3342 3281 3399 postea
3318 3328 3371 3380 in
3402 3327 3633 3395 priorem
3666 3323 3999 3378 sententiam

2428 3427 2676 3482 rediisse.
2713 3423 2769 3479 id
2801 3438 2930 3477 vero
2972 3420 3217 3490 negabat
3267 3416 3492 3480 Veccns,
3547 3418 3636 3484 qui
3683 3430 3746 3470 eo
3795 3416 4003 3482 scripto

2428 3508 2487 3574 se
2523 3531 2805 3571 revocasse
2833 3517 2991 3569 iidem
3023 3512 3174 3582 prius
3197 3517 3589 3582 propugnatam
3625 3522 3728 3560 non
3750 3506 4003 3560 credide-

2427 3620 2536 3673 rat,
2569 3605 2670 3664 sed'
2717 3618 2928 3662 tantum
2963 3605 3224 3673 temporis
3278 3616 3440 3658 causa
3501 3601 3697 3653 throno
3741 3599 3999 3653 cessisse.

2431 3703 2688 3772 Sequitur
2712 3700 2821 3754 illic
2851 3698 3129 3754 sententia
3161 3690 3637 3750 condenmatiunis
3665 3693 3719 3745 iu
3758 3689 4000 3746 Veccum

2429 3805 2483 3850 et
2517 3795 2653 3849 duos
2673 3793 2789 3862 ejus
2835 3792 3013 3848 socios
3048 3790 3190 3852 latae,
3226 3803 3346 3842 cum
3387 3783 3720 3841 refutatione.
3761 3785 4001 3854 capitum

2433 3887 2691 3940 doctrinae
2729 3885 2936 3936 illorum
2967 3883 3031 3935 de
3059 3881 3262 3947 Spiritu
3298 3888 3508 3942 sancto.
3538 3887 3592 3933 et
3628 3880 3819 3932 iterata
3851 3879 4004 3932 dete-

2432 3979 2664 4033 statione
2696 3977 2849 4029 lactaa
2869 3973 3267 4028 conciliationis
3291 3973 3405 4026 Ecc
3434 3972 3672 4038 esiarnm
3705 3970 3908 4026 Graecae
3940 3986 4006 4024 ac

2433 4071 2655 4133 Latina,
2697 4084 2860 4139 quam
2898 4066 3289 4134 πεπλασμένην
3319 4065 3628 4132 οἰκονομίαν
3653 4065 3746 4115 καὶ
3775 4064 4004 4134 εἰρήνην

2435 4163 2702 4233 πολεμίαν
2745 4171 2956 4214 vocant.
2995 4159 3276 4213 Adduutur
3302 4157 3355 4211 itt
3395 4158 3499 4210 line
3543 4157 4003 4224 subscriptiones,

2436 4258 2610 4325 primo
2638 4254 2979 4324 imperatoris
3008 4250 3186 4304 rubris
3211 4249 3426 4312 litteris,
3461 4249 3788 4302 Andronicus
3811 4249 3863 4300 in
3896 4248 4003 4302 [tea

2434 4349 2602 4416 ﬁdelis
2650 4362 2739 4398 rex
2786 4355 2832 4397 et
2863 4346 3156 4409 imperatur
3206 4343 3381 4395 Ducas
3418 4341 3648 4409 Angelus
3703 4339 4004 4394 Conmenu:

2437 4435 2796 4502 Paltrologus,
2847 4432 3040 4484 deinde
3085 4429 3424 4498 patriarchae,
3463 4427 3745 4493 Gregorius
3798 4430 4006 4502 miseri-

2434 4528 2612 4580 cordia
2654 4526 2745 4578 Dei
2781 4523 3014 4588 archiep.
3051 4521 3112 4574 (Ι.
3151 4519 3216 4574 Ρ.
3247 4537 3389 4573 norm
3425 4519 3601 4572 Roma?
3627 4530 3674 4572 et
3719 4499 4004 4572 irrumati-

2436 4638 2524 4672 t'tts
2561 4619 2885 4684 patriarcha.
2925 4614 3284 4668 Sttbscrihnnt
3315 4613 3438 4666 itnle
3469 4613 3538 4665 42
3571 4613 3830 4679 episcolii,
3865 4629 4005 4676 qna-

2436 4728 2550 4762 tum
2602 4710 2804 4776 prittttts
2855 4703 3186 4758 cstJoannes
3223 4703 3559 4771 Ephesinus,
3609 4716 3660 4753 et
3691 4720 3719 4755 e
3757 4705 3910 4756 clero
3950 4706 4003 4755 in

2435 4801 2692 4866 dignitate
2752 4797 3032 4850 consxituti
3098 4796 3291 4861 viginti
3371 4804 3514 4846 octo.
3568 4793 3742 4847 Locus
3801 4797 4003 4866 Synodi

2435 4893 2666 4945 omissus
2704 4907 2756 4943 In
2796 4890 2980 4942 codice
3011 4887 3311 4949 Sirmonzli,
3377 4887 3497 4945 luit,
3531 4896 3584 4937 ιιι
3641 4886 4005 4955 Ι’.ι‹1ι)·ιιιε·ιιες

2435 4984 2608 5044 dot-et,
2650 4982 2959 5033 Alc-xiacum
3006 4979 3302 5032 triclinium
3352 4978 3402 5030 in
3451 4977 3651 5045 palatio
3692 4980 3999 5031 Cons-iant.-

2437 5074 2776 5138 nopolitano.
2793 5116 2808 5123 -

2510 5165 2568 5217 ι).
2607 5164 2726 5218 109.
2754 5163 2921 5216 Sacra
2973 5160 3318 5228 Hoylothera.
3361 5159 3456 5212 ilic
3503 5160 3653 5220 liber,
3687 5163 3826 5226 qunl
3863 5162 4005 5213 Sl'ilt‘

2440 5257 2704 5310 hactenus
2751 5256 3052 5321 potuerim,
3099 5269 3204 5305 non
3255 5262 3461 5304 exstat.
3493 5253 3752 5304 Collectio
3783 5231 3902 5316 full,
3953 5264 4008 5305 ut

2440 5357 2691 5417 apparet,
2728 5346 3164 5398 testimoniorum
3201 5359 3229 5397 e
3263 5342 3534 5407 Patrihns,
3563 5359 3655 5413 per
3685 5360 3801 5409 quae
3831 5342 3974 5412 imp“t
3994 5375 4009 5386 -

2440 5440 2590 5510 gnati
2624 5451 2675 5489 ct
2703 5438 2948 5490 convinci
2987 5439 3216 5490 Interest-5
3273 5447 3510 5503 possent,
3564 5453 3733 5503 ιεςοίιιιιτ
3797 5453 4007 5490 summa

2439 5547 2568 5586 cura
2605 5540 2658 5583 et
2688 5530 2789 5582 lidc
2819 5529 2958 5581 facta
2985 5546 3000 5594 ;
3030 5529 3171 5582 unde.
3197 5529 3272 5581 illi
3316 5530 3469 5594 vulgo
3525 5530 3870 5598 prasjudicata
3924 5531 4005 5580 iu-

2439 5622 2750 5676 dultitabilis
3011 5621 3285 5672 ﬁdelitalis
3337 5633 3634 5674 auctCttl‘IS
3696 5622 4005 5674 Baiit-I'SCt'il.

2440 5714 2515 5768 Et
2566 5728 2629 5764 eo
2680 5714 2821 5778 quod
2876 5714 3032 5780 paulo
3089 5723 3210 5782 pust
3259 5714 3362 5766 hoc
3413 5713 3530 5764 loco
3584 5729 3917 5766 memoratur
3963 5715 4010 5766 ei

2441 5805 2586 5882 operi
2620 5814 2818 5861 attenti
2854 5806 3249 5874 exceptiuncula
3297 5804 3546 5862 Comite-ti
3595 5803 3859 5859 .‘luauc‘is
3901 5809 4015 5860 Aa-

3104 5905 3134 5914 τ-
