4194 6444
789 388 897 447 1107

1711 382 1773 442 Ρ.
1822 382 2117 443 POSSlNi
2162 381 2817 443 OBSERVATIONUM
2864 385 3005 445 l.lil.
3056 385 3125 444 Il.

3913 386 4023 449 808

796 502 903 555 cari
934 501 1153 564 debere,
1178 515 1280 554 non
1317 508 1493 553 autem
1520 496 1802 567 Deiparam
1827 514 1838 549 :
1866 510 1930 549 ne
1962 496 2085 557 illis,
2116 498 2354 563 inquam,
2391 506 2433 556 Α
2465 497 2633 565 pergit
2661 500 2879 561 diserte,
2910 507 3181 559 accurate.
3214 498 3510 566 eleganter,
3544 500 3739 551 acriter
3768 515 3889 567 qua:
3916 504 4028 568 (ἷξ-

796 592 983 646 iisdem
1029 589 1391 643 Damasceuus
1428 592 1605 639 verbis
1650 596 1803 638 utens
1844 586 2009 638 videri
2042 594 2221 653 posset
2256 584 2355 635 tui-

795 699 896 735 uus
928 683 1095 735 cautis
1135 696 1236 733 non
1266 682 1399 732 satis
1435 681 1597 731 vitare
1637 678 2015 746 contagionem
2078 676 2355 727 Nestoriu-

796 790 875 826 na:
909 774 1067 833 labis,
1101 787 1203 824 non
1269 772 1439 825 solum
1480 771 1544 822 iis
1579 770 1650 820 uti
1698 769 1949 828 noluerit,
1984 766 2066 837 [P.
2100 766 2226 837 532]
2264 768 2354 820 sed

795 866 955 917 etiam
990 878 1327 931 nequaquam
1358 878 1414 914 se
1440 862 1510 915 ita
1543 861 1687 928 loqui
1717 862 1915 912 «Ιίεεειθιρ
1943 860 2017 912 sit
2048 858 2353 925 professos.

797 954 921 1005 Htec
977 964 1255 1019 utcunque
1303 952 1656 1018 plausibiliter
1703 950 2001 1017 alb-geritur
2046 964 2219 1001 :vcra
2280 959 2356 997 ta-

796 1060 915 1097 men
967 1049 1085 1111 ejus
1138 1045 1257 1096 nodi
1307 1045 1502 1097 solutio
1551 1053 1653 1106 cst,
1699 1058 1859 1109 quam
1918 1056 1981 1092 ex
2037 1040 2355 1091 Bessnt'itnzc

794 1139 951 1206 epist.
979 1139 1042 1190 ad
1075 1137 1346 1190 Lascarim
1378 1138 1604 1191 alierum
1629 1135 1904 1196 Petavius,
1930 1144 2072 1187 tonio
2102 1135 2141 1186 Il
2174 1132 2352 1185 Tlieot.

795 1232 967 1297 dogm.
1002 1230 1036 1282 1.
1073 1246 1167 1292 vit,
1196 1245 1244 1283 c.
1281 1230 1366 1288 17.
1401 1248 1452 1282 ιι.
1486 1229 1551 1294 8;
1584 1238 1638 1281 et
1680 1228 1927 1285 Allatius,
1962 1229 1996 1279 Ι.
2034 1242 2069 1280 ιι
2117 1226 2189 1278 De
2234 1240 2356 1277 con-

795 1338 933 1375 sens.
966 1321 1342 1385 Ecclesiarum,
1375 1336 1424 1376 c.
1449 1322 1504 1382 ‘2,
1535 1337 1587 1374 n.
1624 1320 1711 1386 10,
1737 1336 1928 1387 nempe
1965 1321 2083 1371 ideo
2110 1318 2355 1371 absoluto

796 1428 858 1466 ac
886 1414 1002 1467 sine
1042 1415 1287 1481 adjuncta
1328 1414 1510 1467 Patris
1550 1413 1820 1465 mentione
1866 1426 1973 1463 esse
2018 1427 2063 1462 s.
2094 1408 2354 1476 Spiritum

794 1522 860 1558 ea:
889 1507 1024 1559 Filio
1059 1520 1165 1559 non
1194 1507 1392 1559 dixisse
1440 1505 1851 1563 Damascenum,
1903 1503 2042 1570 quod
2092 1510 2357 1556 metueret

792 1612 864 1649 ne
891 1599 971 1649 sic
1011 1597 1282 1651 videretur
1312 1610 1608 1663 agnoscere
1643 1594 1694 1647 in
1743 1592 1884 1648 Filio
1941 1609 2352 1661 προκαταρκτι-

794 1686 898 1750 κὴν
943 1689 1142 1750 αἰτίαν,
1185 1684 1443 1751 originale
1473 1688 1786 1753 principium
1847 1684 2099 1754 Spiritus,
2137 1686 2279 1752 quod
2324 1699 2353 1737 tt

794 1778 1049 1845 dogmate
1084 1778 1350 1830 catholico
1388 1778 1671 1841 abhorret;
1707 1777 1859 1844 juxta
1905 1777 2068 1842 quod,
2107 1786 2162 1828 ut
2193 1789 2355 1843 supe-

795 1868 910 1919 rius
956 1868 1292 1921 ostendimus
1334 1868 1472 1920 notis
1521 1868 1585 1920 ad
1641 1884 1691 1922 c.
1729 1866 1761 1921 8
1793 1867 1904 1920 ct9
1937 1867 1970 1919 Ι.
2005 1884 2045 1930 ι,
2097 1869 2169 1919 ita
2217 1866 2355 1920 inest

799 1959 939 2013 Filio
998 1960 1078 2013 vis
1136 1959 1397 2026 spirandi,
1435 1960 1535 2012 hoc
1573 1969 1657 2013 est
1712 1959 2045 2029 producendi
2106 1969 2351 2013 sanctum

794 2048 1077 2116 Spiritum,
1120 2061 1176 2103 ut
1206 2051 1250 2103 is
1303 2050 1449 2102 illaut
1515 2065 1544 2103 a
1606 2051 1766 2104 Patre
1822 2051 2107 2119 acceperit,
2143 2066 2247 2103 non
2287 2066 2348 2105 ex

795 2155 874 2197 se,
907 2150 1174 2207 quatenus
1222 2156 1248 2189 a
1286 2138 1448 2190 Patre
1499 2137 1784 2190 distinctus
1841 2148 1941 2199 est,
1978 2139 2190 2201 habeat,
2247 2138 2354 2189 imo

793 2232 979 2283 eadem
1049 2231 1446 2297 simplicissime
1504 2245 1608 2282 una
1657 2229 1799 2282 Patri
1852 2231 2053 2296 pariter
2106 2231 2237 2282 insit
2291 2244 2353 2283 ac

794 2323 952 2387 Filio,
996 2324 1117 2375 huic
1146 2325 1211 2374 ab
1243 2322 1331 2373 illo
1363 2323 1774 2386 communicata,
1811 2322 1888 2375 sic
1929 2331 1984 2375 ut
2031 2322 2115 2373 illa
2163 2310 2353 2389 quate-

796 2430 896 2466 nus
923 2416 973 2466 iii
1011 2414 1167 2465 Patre
1192 2422 1275 2466 est
1306 2412 1757 2481 προκαταρκτικὴ
1793 2412 2025 2473 dicatur,
2056 2413 2177 2480 quia
2210 2412 2350 2465 illam

794 2521 858 2558 ex
892 2521 949 2557 se
995 2506 1156 2557 habet
1204 2521 1231 2557 δ
1284 2505 1428 2558 nullo
1468 2506 1568 2557 sibi
1605 2505 1714 2557 alio
1762 2506 2036 2566 tributam,
2072 2519 2177 2557 non
2223 2505 2351 2558 item

794 2608 1059 2666 quatenus
1090 2596 1224 2649 Filio
1253 2596 1524 2649 convenit.
1578 2596 1675 2649 Hic
1712 2597 1853 2649 enim
1906 2597 2118 2649 aliunde
2150 2598 2348 2659 hausit,

795 2705 986 2758 nempe
1014 2704 1041 2741 a
1074 2688 1238 2742 Patre
1268 2689 1535 2743 tribuente
1563 2703 1657 2755 per
1684 2688 2082 2758 generationem
2110 2688 2207 2755 ipsi
2233 2703 2352 2740 om-

798 2783 883 2835 nia
919 2797 1035 2849 quze
1064 2782 1243 2845 habet,
1278 2790 1469 2848 praeter
1511 2796 1620 2832 esse
1656 2778 1890 2841 Patrem,
1922 2794 1984 2832 ae
2018 2794 2353 2847 consequen-

796 2882 878 2926 ter
908 2873 1079 2941 ipsaui
1118 2887 1330 2939 quoque
1360 2873 1522 2924 dante
1564 2872 1613 2923 iit
1644 2887 1700 2923 se
1729 2871 2061 2939 originaliter
2089 2872 2353 2924 exsisteu-

798 2974 902 3018 tem
932 2964 1278 3032 spiratiouetu
1315 2963 1573 3026 activam,
1603 2978 1705 3028 qua
1737 2961 1893 3014 simul
1932 2977 2051 3014 cum
2090 2960 2226 3014 Filio
2254 2977 2351 3030 per

794 3057 1011 3109 modum
1040 3055 1198 3108 unius
1228 3054 1472 3123 principii
1502 3055 1762 3123 Spirautis
1787 3053 2045 3121 Spiritum
2077 3053 2346 3119 producit.

2456 588 2605 654 prius
2643 590 2894 642 mendose
2930 592 2981 643 itt
3018 576 3160 643 tonio
3191 591 3479 657 scripserat
3508 606 3757 659 arguere.

2525 679 2659 733 Ibid.
2694 679 2994 733 Prwsertim
3024 681 3327 733 incursabat
3349 692 3721 747 expositionem
3747 684 3799 733 in
3822 697 3883 733 eo
3912 688 4030 733 tra-

2454 756 2644 824 ditam.
2698 770 2931 835 Juvabit,
2970 774 3021 825 ni
3058 772 3233 837 fallor,
3262 775 3532 827 eruditum
3566 775 3820 827 lectorem
3859 775 4026 829 Vecci

2458 863 2651 925 locum,
2679 879 2838 932 quem
2868 865 2953 918 his
2975 865 3152 919 verbis
3182 868 3379 920 indicat
3407 867 3784 937 Pachyineres,
3811 870 4025 920 videre.

2455 952 2705 1020 Reperiet
2746 956 2892 1008 illum
2921 960 3167 1010 oratione
3198 958 3249 1018 1,
3284 959 3335 1009 in
3371 969 3569 1011 tomum
3597 959 3779 1029 Cyprii
3817 975 3879 1027 p.
3914 960 4026 1012 227

2458 1057 2510 1097 et
2566 1048 2670 1100 228
2731 1051 2859 1123 tomi
2912 1051 3131 1104 secundi
3190 1051 3409 1106 Grarcio:
3463 1054 3766 1106 orthodoxa:
3814 1055 3887 1105 ab
3943 1053 4026 1107 Ill.

2456 1137 2633 1192 Leone
2671 1132 2863 1191 Allatio
2894 1143 3049 1194 edita:
3083 1142 3267 1196 Romae
3298 1160 3386 1196 an.
3422 1145 3579 1199 1659.

2528 1232 2584 1285 Ρ.
2625 1233 2743 1285 117.
2778 1231 2877 1287 Vix
2938 1235 3071 1287 tanti
3112 1246 3193 1289 est
3248 1239 3541 1292 admonere
3585 1243 3893 1308 comparari
3934 1244 4029 1297 hic

2457 1322 2713 1388 V'eccum,
2766 1336 2888 1391 post
2937 1326 3339 1381 damnationem
3396 1339 3450 1383 et
3499 1330 3816 1395 eiectionem
3861 1350 4027 1387 suam

2457 1413 2716 1481 Gregorio
2759 1415 2958 1486 Cyprio
2986 1422 3322 1487 persecutori
3357 1436 3456 1474 suo
3486 1426 3720 1492 graviter
3766 1437 3817 1479 et
3881 1426 4032 1494 peri-

2456 1505 2638 1556 culose
2672 1507 2975 1560 molestiam
3021 1509 3399 1576 facessentem,
3428 1528 3547 1567 cum
3581 1515 3671 1567 illo
3713 1531 3776 1568 ex
3823 1514 4032 1570 falmiis

2459 1594 2543 1664 [P.
2567 1595 2691 1665 555]
2718 1600 3001 1651 notissimo
3022 1598 3190 1654 Nesso
3217 1602 3508 1669 Centauro,
3531 1607 3621 1674 qui
3649 1608 3773 1659 dum
3804 1610 4032 1674 rapiens

2458 1686 2764 1755 Dejaniram
2796 1693 3003 1744 eminus
3029 1692 3133 1745 telo
3159 1693 3401 1749 llerculis
3436 1698 3723 1751 transﬁxus
3750 1702 4023 1769 exspirat,

2457 1794 2553 1832 Suo
2585 1783 2843 1849 sanguine
2877 1784 3034 1836 misto
3070 1798 3187 1837 cum
3220 1800 3428 1838 veneno
3459 1788 3676 1858 llydrae,
3715 1805 3823 1857 quo
3873 1804 4031 1847 esset

2459 1874 2624 1927 tincta
2677 1875 2856 1937 cuspis
2902 1873 3233 1928 vulnerantis
3266 1874 3435 1941 ipsum
3481 1877 3669 1944 jaculi,
3696 1892 3905 1934 vestem
3943 1882 4030 1933 in-

2459 1961 2665 2025 fecerit,
2697 1980 2857 2032 quam
2892 1966 3085 2017 deinde
3120 1967 3347 2020 imluens
3376 1968 3632 2022 Hercules
3658 1987 3721 2025 ex
3750 1989 3810 2026 ea
3837 1974 4025 2039 perie-

2459 2056 2547 2108 rit.
2608 2054 2737 2107 nlud
2800 2056 2936 2110 forte
3009 2058 3368 2125 opportunius
3416 2059 3706 2123 notabitur,
3762 2062 3934 2115 scribi
3993 2076 4024 2115 ι

2457 2145 2787 2214 Pachyinere
2827 2147 2930 2199 hoc
2986 2160 3106 2200 cum
3166 2151 3327 2202 unico
3369 2153 3556 2218 sigma,
3588 2168 3708 2205 cum
3752 2162 3938 2205 tamen
3969 2165 4024 2207 et

2455 2239 2651 2304 passim
2712 2238 2777 2289 ab
2811 2238 2929 2292 aliis
2981 2256 3101 2292 cum
3135 2240 3331 2309 duplici
3374 2243 3647 2296 scribatur
3676 2253 3732 2298 et
3775 2246 3849 2298 ita
3904 2246 4021 2300 ﬁeri

2458 2329 2654 2381 debere
2690 2330 2880 2381 doceat
2909 2332 3221 2386 Eustathius
3256 2337 3320 2386 ad
3364 2333 3510 2387 Iliad.
3556 2352 3621 2388 ω.

2525 2418 2581 2472 Ρ.
2630 2417 2756 2471 150.
2796 2416 2889 2482 Ὠς
2935 2418 3436 2488 ἁταλαιπωρήτως
3477 2422 3723 2488 ἔχοντες
3770 2424 3907 2490 περὶ
3956 2427 4025 2479 τι)

2452 2511 2663 2562 κακόν.
2704 2498 2799 2564 διὰ
2833 2511 3166 2564 restituiuius
3223 2527 3286 2564 es
3354 2514 3631 2580 niarginali
3681 2518 4025 2570 correctione

2452 2600 2796 2668 perautiqua,
2830 2615 2948 2653 cum
3000 2603 3058 2653 ὲν
3093 2602 3171 2672 τῷ
3206 2604 3447 2672 κειμένῳ
3481 2608 3763 2672 utriusque
3812 2609 4023 2662 codicis

2453 2691 2494 2744 B
2521 2702 2574 2743 et
2600 2693 2643 2745 A
2681 2692 2950 2759 legeretur
2990 2693 3177 2746 καλόν.
3216 2694 3320 2747 Sed
3360 2696 3448 2760 qui
3494 2697 3708 2765 penitus
3758 2697 4024 2766 introspi-

2452 2783 2583 2843 ciat,
2612 2780 2895 2835 manifeste
2930 2782 3298 2848 deprehendet
3338 2786 3493 2852 plane
3534 2797 3716 2838 contra
3749 2788 3852 2840 loci
3895 2803 4023 2842 sen-

2453 2872 2675 2925 tentiam
2759 2871 2843 2923 hic
2919 2870 3083 2923 καλόν
3156 2874 3301 2939 poni.
3365 2873 3428 2925 Et
3495 2875 3817 2943 suliragatur
3874 2877 4028 2929 Vati-

2453 2978 2618 3015 canus
2650 2960 3002 3028 interpolator
3023 3002 3037 3025 ,
3095 2963 3183 3029 qui
3238 2978 3332 3028 pro
3383 2966 3487 3017 illis
3510 3005 3524 3027 ,
3552 2966 4024 3036 ἀταλαιπωρήτως

2452 3052 2667 3122 ἔχοντες
2721 3050 2850 3119 περὶ
2880 3050 2938 3102 τὸ
2985 3050 3172 3115 καλόν,
3208 3053 3321 3108 hec
3366 3056 3547 3109 subdit
3584 3072 3599 3108 :
3634 3057 3705 3107 To
3739 3058 3910 3110 κακὸν
3948 3061 4025 3127 μὴ

796 3145 935 3213 Ergo
984 3144 1350 3196 Damascenns
1408 3158 1529 3196 cum
1576 3144 1776 3195 diserte
1834 3142 2107 3211 professus
2160 3142 2420 3217 fuissetc
2455 3144 2765 3213 μισοῦντες.

795 3236 885 3287 τὸν
942 3234 1155 3304 ΙΙατέρα
1210 3234 1479 3302 προὸολὲα
1528 3232 1595 3284 δι’
1635 3232 1765 3284 Υἱοῦ
1812 3234 1904 3284 τοῦ
1960 3235 2351 3302 ὲκφαντορικοῦ

797 3326 1111 3395 Πνεύματος
1129 3326 1338 3379 Patrem
1371 3330 1733 3393 productorem
1764 3341 1855 3390 per
1884 3323 2078 3377 Filium
2110 3326 2354 3377 enuntia-

796 3420 916 3471 torii
950 3417 1207 3486 Spiritus,
1232 3428 1375 3470 recte
1410 3416 1675 3469 recusavit
1709 3417 1885 3468 dicere
1923 3416 1986 3467 ἐκ
2014 3414 2108 3467 τοῦ
2135 3416 2265 3467 Υἱοῦ
2297 3417 2355 3468 τὸ

797 3510 1048 3578 Πνεῦμα.
1071 3524 1133 3562 ea:
1151 3507 1291 3559 Filio
1311 3505 1565 3576 Spiritum
1593 3522 1724 3567 esse,
1750 3505 1933 3566 ἁπλῶς
1950 3514 2002 3557 et
2019 3507 2134 3561 sine
2163 3508 2354 3573 adjun-

795 3613 882 3652 cta
912 3600 1106 3663 Patris,
1138 3599 1227 3665 qui
1256 3600 1301 3652 ei
1328 3614 1388 3651 ex
1422 3615 1480 3652 se
1515 3600 1789 3665 praebitam
1827 3600 1929 3649 vim
1985 3598 2220 3666 spirandi
2277 3600 2354 3651 si-

797 3690 905 3742 mul
934 3705 1052 3741 cum
1084 3704 1149 3743 eo
1187 3700 1457 3752 exerceat,
1504 3689 1795 3741 mentione.
1830 3688 2054 3740 Fallitur
2094 3703 2220 3757 ergo
2256 3684 2357 3740 Pa-

796 3784 1097 3853 cliyuieres,
1153 3782 1277 3834 dum
1326 3780 1427 3833 hoc
1477 3780 1593 3832 loco
1624 3780 1697 3832 ait
1726 3779 1829 3831 isto
1859 3780 2171 3831 Damasceni
2206 3780 2354 3832 teSti-

799 3876 980 3925 tnonio
1006 3873 1155 3941 quasi
1187 3886 1441 3924 mucrone
1474 3871 1702 3939 quodam
1736 3869 1947 3924 coulodi
1977 3885 2093 3923 cum
2131 3869 2352 3925 Latinus

799 3967 1060 4033 Spiritum
1096 3979 1159 4017 ex
1192 3964 1332 4016 Filio
1381 3963 1668 4031 procedere
1708 3964 1969 4026 dicentes,
2001 3971 2110 4015 ttnn
2139 3962 2356 4017 Graecos

802 4061 871 4112 iis
890 4059 1294 4126 patrocinantes
1322 4054 1649 4109 adstruenda
1695 4054 2069 4121 aaquivalentia
2106 4054 2358 4123 praeposi-

806 4154 1010 4204 tionum
1034 4166 1098 4201 ea:
1116 4160 1166 4200 et
1192 4164 1280 4215 per
1303 4164 1319 4200 :
1345 4158 1560 4201 neutros
1578 4146 1719 4200 enim
1745 4161 1804 4199 re
1828 4158 1951 4198 vera
1972 4145 2054 4199 vel
2080 4145 2357 4198 minimum

803 4244 1116 4311 perstringit
1149 4242 1252 4295 ista
1285 4241 1477 4311 χρῆσις
1503 4255 1565 4293 ex
1586 4254 1713 4293 vero
1739 4238 2053 4291 Damasceni
2083 4252 2243 4292 sensu
2271 4237 2362 4290 de-

800 4335 1020 4387 clarata.

873 4426 931 4479 P.
962 4425 1083 4478 114.
1105 4421 1352 4476 Perlatus
1374 4431 1545 4474 tomus
1568 4421 1620 4473 in
1642 4436 1828 4473 manus
1858 4418 2025 4482 Vacci,
2045 4427 2149 4472 etc.
2172 4418 2362 4471 Exstat

2530 3238 2591 3293 Ρ.
2678 3241 2800 3299 169.
2871 3243 3115 3311 Πέμπει.
3156 3243 3211 3295 In
3276 3252 3506 3307 utroque
3568 3254 3671 3294 ms.
3742 3239 4028 3308 legebatur

2462 3331 2724 3399 πέμπειν.
2750 3333 2903 3387 Unde
2930 3332 3348 3401 lectorquidant,
3376 3342 3433 3383 ut
3458 3332 3665 3383 iuleiret
3699 3332 4023 3398 pendentem

2462 3424 2807 3490 sententiam,
2842 3427 2895 3477 in
2956 3425 3197 3493 margine
3231 3421 3479 3487 ascripsit
3525 3422 3681 3486 ἔγνω.
3726 3423 3830 3473 Sed
3860 3435 4029 3485 expe-

2462 3515 2630 3566 ditior
2658 3517 2924 3569 correctio
2949 3524 3031 3570 est
3071 3514 3290 3568 extritio
3321 3512 3648 3566 abundantis
3686 3512 3882 3565 litterae
3906 3530 3935 3564 ν
3970 3516 4024 3566 in

2460 3621 2588 3657 voce
2616 3607 2877 3673 πέμπειν.
2915 3607 3201 3660 Vaticanus
3226 3607 3338 3659 Inec
3358 3605 3579 3659 omittit.

2533 3696 2615 3767 [P.
2674 3695 2917 3767 534.]1’.
2976 3698 3095 3752 178.
3132 3698 3293 3751 Κατὰ
3316 3696 3427 3761 τὴν
3475 3696 3729 3764 περαίαν
3750 3699 3865 3761 τὴν
3920 3698 4025 3750 δυ-

2462 3788 2656 3851 τικήν.
2706 3786 2968 3851 ltequiret
3014 3788 3279 3856 quispiam
3328 3790 3384 3840 in
3424 3788 3869 3853 interpretatione
3909 3803 4024 3839 inea

2461 3878 2602 3943 quod
2639 3878 2963 3943 respondeat
2995 3878 3110 3931 voci
3139 3877 3385 3945 δυτωςήν.
3423 3875 3732 3929 Existimavi
3754 3891 3863 3936 me,
3903 3893 4023 3929 cum

2462 3966 2708 4018 Galatam
2744 3967 3001 4031 dicerem,
3025 3965 3161 4018 duas
3183 3965 3299 4018 illas
3325 3981 3484 4021 voces
3521 3968 3759 4033 περαίαν
3795 3978 3845 4020 et
3875 3967 4025 4019 δυτι-

2465 4059 2589 4125 κήν,
2622 4056 2779 4108 unica
2807 4057 2893 4108 illa
2924 4056 3214 4121 explicztre.
3245 4055 3369 4109 Sive
3399 4058 3539 4108 enim
3564 4059 3816 4110 suburbia
3844 4069 4026 4112 trans-

2466 4149 2671 4199 marina
2707 4148 2963 4216 Byzantio
2986 4147 3142 4217 747
3167 4148 3270 4199 duo
3291 4145 3460 4206 fuere,
3486 4148 3714 4201 alterum
3741 4150 3805 4199 ad
3834 4149 4024 4202 Ortum

2464 4250 2711 4304 Vergcns,
2744 4237 2971 4310 alterum
3013 4238 3078 4287 ad
3117 4237 3416 4298 Occasum,
3456 4252 3520 4290 ex
3553 4236 3676 4304 j5tis
3705 4239 3804 4290 hoc
3852 4238 4023 4292 solum

2466 4327 2787 4389 secundum,
2838 4326 2893 4379 in
2930 4308 3036 4393 quo
3069 4326 3388 4380 Genuenses
3421 4328 3751 4392 habitarunt,
3776 4330 4021 4383 Galulallt

2467 4419 2666 4469 dictum
2722 4418 2968 4484 reperio;
3005 4428 3059 4469 et
3096 4418 3161 4469 de
3204 4418 3305 4470 hoc
3338 4419 3453 4470 solo
3505 4432 3664 4486 agere
3691 4419 3777 4472 hic
3818 4419 4024 4489 Pachy~

798 4520 891 4572 hic
924 4520 1215 4570 iudicatum
1245 4515 1397 4568 Vecci
1428 4528 1584 4581 Opus,
1618 4514 1821 4566 editum
1858 4522 2000 4565 tomo
2031 4511 2072 4564 ll
2102 4509 2363 4565 Orthodo-
2388 4506 2441 4564 D
2470 4523 2667 4561 merem
2694 4507 3021 4560 existimavit
3046 4516 3170 4560 ante
3194 4523 3277 4561 me
3306 4510 3683 4576 paraphrastes
3711 4509 4023 4575 Vaticanus,

802 4626 885 4664 ινιτ
935 4608 1151 4663 Grcrcice
1179 4622 1207 4660 a
1241 4623 1295 4676 p.
1324 4607 1429 4659 915
1455 4607 1519 4657 ad
1551 4605 1679 4666 286,
1714 4604 1802 4657 ubi
1834 4615 2022 4657 auctor
2060 4605 2160 4656 sub
2194 4604 2361 4670 ipsum

801 4702 1123 4771 principium
1166 4709 1385 4766 questus
1409 4698 1639 4766 primum
1670 4696 1814 4748 hunc
1834 4695 2089 4765 Cyprium
2113 4694 2178 4745 ad
2199 4693 2367 4746 schis-

800 4808 889 4843 ma
920 4791 1226 4843 Graecorum
1252 4803 1281 4841 a
1311 4788 1563 4840 trecentis
1587 4785 1697 4853 jam
1730 4786 1887 4837 annis
1924 4784 2232 4836 inchoatum
2265 4782 2366 4834 isto

805 4883 971 4950 impio
1003 4896 1100 4934 suo
1135 4888 1279 4931 tonio
1317 4879 1563 4931 haeresim
1596 4876 1813 4938 addere,
1843 4876 1895 4929 in
1930 4878 2059 4927 tanti
2091 4883 2364 4926 auctorem

806 4975 931 5029 mali
968 4972 1048 5025 fas
1080 4982 1270 5038 putans
1297 4970 1389 5022 irte
1435 4968 1617 5021 libera:
1638 4967 1880 5021 aculeum
1912 4981 2187 5028 exserere,
2215 4973 2370 5015 vocat

806 5080 931 5118 eum
969 5078 1021 5130 p.
1070 5061 1175 5115 216
1236 5061 1401 5114 κακὸν
1452 5059 1777 5118 διαπόντιον,
1810 5058 1946 5125 Θῆρα
1982 5055 2281 5115 Θαλάττιον.
2312 5054 2369 5107 ἄ-

803 5170 961 5223 γριον
995 5155 1153 5221 κῆτος
1184 5153 1282 5221 τῆς
1313 5152 1538 5220 Κύπρου
1571 5151 1880 5201 ἐπαναστὰν
1924 5149 2033 5209 τοῖς
2064 5145 2184 5197 καθ’
2225 5148 2368 5213 ἡμᾶς

805 5243 1194 5312 ὲνδεδημηκδς,
1226 5243 1323 5311 οὐχ
1358 5242 1445 5295 ῐνα
1490 5241 1705 5311 φυγάδα
1739 5241 2021 5310 προφήτην
2048 5237 2369 5303 ὑποδέξηται

808 5338 899 5389 καὶ
922 5338 998 5397 εἰς
1022 5335 1322 5404 ὑπηρεσίαν
1346 5333 1479 5386 Θεοῦ
1503 5332 1860 5401 διασώσηται,
1883 5330 1999 5384 ἀλλ’
2021 5330 2109 5382 ἵνα
2148 5329 2373 5396 Ἐκκλη-

810 5426 933 5478 σίαν
960 5428 1089 5494 ὃλην
1125 5425 1394 5477 καταπιὸν
1443 5423 1681 5492 ἄφαντον
1715 5422 2122 5492 ἀπεργάσηται.
2165 5418 2369 5473 Malum

807 5527 968 5585 ponto
997 5517 1355 5584 deportatum,
1392 5516 1560 5581 feram
1590 5514 1870 5577 marinam,
1898 5514 2176 5565 immanem
2203 5520 2373 5563 cetum

809 5612 982 5681 Cypro
998 5610 1158 5681 746
1173 5618 1524 5675 erumpentem
1543 5618 1591 5660 et
1612 5608 1709 5658 huc
1728 5622 1933 5675 peregre
1951 5605 2248 5671 appulsam,
2270 5620 2371 5655 non

810 5716 867 5755 ut
895 5702 1171 5771 fugitivum
1210 5699 1510 5768 prophetam
1534 5701 1599 5751 ad
1630 5699 1721 5752 Dei
1749 5698 2096 5749 ministerium
2119 5702 2369 5753 servaret,

811 5799 900 5851 sed
934 5808 985 5848 ut
1018 5793 1300 5847 Ecclesiae:
1332 5793 1624 5845 universam
1663 5791 1938 5844 absorbens
1976 5789 2221 5842 aboleret.
2249 5787 2373 5840 Inde

2464 4614 2492 4648 a
2520 4613 2627 4665 quo
2659 4598 2745 4650 hic
2791 4598 2940 4650 locus
2986 4598 3066 4649 sic
3096 4596 3316 4650 ell‘ertur
3354 4615 3367 4650 :
3404 4598 3561 4651 Κατά
3588 4600 3891 4668 ἀντιπέραν
3929 4601 4025 4669 τῆς

2466 4688 2677 4748 πόλεως
2711 4689 2843 4756 προς
2877 4688 2952 4756 τῷ
2980 4688 3197 4740 Γαλατᾶ
3233 4690 3408 4757 μέρει.
3441 4689 3565 4743 Sive
3618 4692 3773 4743 unius
3818 4703 4022 4746 tantum

2467 4780 2705 4833 suburbii
2766 4783 2882 4832 duae
2931 4780 3338 4848 distinguuntur
3392 4790 3573 4848 partes
3624 4782 3919 4850 ἀνατολική
3973 4796 4018 4836 et

2466 4874 2692 4944 δοτική,
2729 4889 2952 4941 quarunt
2988 4874 3128 4925 hanc
3174 4871 3340 4923 solam
3391 4872 3702 4925 incendium
3748 4888 4025 4943 corripue.

2470 4965 2561 5028 rit,
2617 4980 2680 5015 ev
2714 4965 2899 5015 eodem
2954 4962 3305 5031 paraphraste
3350 4961 3591 5027 intelligo
3630 4962 3900 5027 propriam
3929 4980 4023 5030 ap-

2470 5055 2810 5120 pellationem
2862 5054 3019 5106 istius
3055 5054 3285 5122 περαίας
3311 5052 3535 5119 δυτικῆς
3563 5052 3809 5105 Galatam
3840 5054 4021 5111 fuisse.

2471 5146 2584 5199 Hoc
2638 5150 2921 5215 sequebar.
2982 5145 3037 5198 Si
3104 5161 3189 5200 me
3246 5148 3386 5200 ratio
3440 5146 3727 5211 fefellerit,
3784 5147 4027 5216 ignoscat

2472 5236 2641 5290 lector
2674 5248 2727 5290 et
2754 5239 3012 5304 corrigat.

2544 5327 2603 5380 P.
2644 5326 2765 5380 186.
2821 5325 3223 5394 Ποιμαντικὴν
3262 5327 3602 5395 βακτηρίαν
3647 5331 3851 5384 λαϐὼν
3871 5332 4023 5400 παρὰ

2474 5418 2580 5471 τοῦ
2609 5418 2990 5482 κρατοῦντος.
3022 5418 3173 5472 Hunc
3222 5434 3422 5472 morem
3455 5421 3803 5474 Orientalium
3857 5424 4022 5493 impe-

2474 5521 2713 5563 ratorum
2766 5510 2963 5561 imitari
2992 5510 3247 5563 Germani
3312 5512 3618 5576 voluerunt,
3643 5516 3839 5581 quibus
3894 5518 4025 5569 male

2476 5617 2594 5651 cuin
2642 5600 2882 5652 ltouiana
2922 5599 3159 5654 Ecclesia
3211 5602 3482 5666 convenit,
3524 5614 3836 5670 arrogantes
3884 5618 3931 5658 et
3974 5606 4023 5660 lii

2476 5695 2573 5745 sibi
2607 5692 2694 5760 jus
2729 5694 3050 5745 iuvestiendi
3094 5694 3371 5762 episcopos
3427 5696 3710 5749 traditione
3747 5700 4024 5766 p-istoralis

2479 5786 2690 5848 baculi;
2728 5786 2866 5853 quod
2900 5787 2964 5838 ab
3002 5786 3272 5841 Hadriano
3333 5804 3466 5860 papa
3511 5790 3678 5846 fuisse
3716 5806 4024 5845 concessum
