4194 6444
217 451 325 510 809

1657 444 1887 506 ΝΟΤᾹ..

3351 447 3454 509 810

218 560 419 615 Carolo
450 560 657 629 Magno,
690 577 749 613 ac
776 572 1173 628 consequenter
1220 564 1381 627 ipsius
1418 574 1629 628 quoque
1660 572 1782 610 suc—
1817 562 1855 615 Α
1891 553 2171 621 utrubique
2200 559 2531 604 observatam
2566 555 2812 611 illl‘ttlﬂltt,
2849 564 2895 606 et
2940 553 3130 607 ambos
3162 555 3449 611 historicos

218 652 547 719 cessoribus,
598 653 909 720 Sigcbcrtus
957 655 1199 722 regnanti
1233 666 1285 706 et
1323 670 1348 704 ιι
1377 653 1619 705 Romam)
1656 663 1786 716 pon-

220 747 368 799 tilice
419 746 655 800 discordi
711 745 943 801 licnrico
992 758 1274 801 asscutans
1322 745 1601 805 conﬂuxit,
1646 741 1785 794 haud

216 838 421 905 dignus
458 840 560 891 lide
588 838 703 891 sine
733 838 1020 907 antiquiori
1052 847 1185 891 teste
1218 853 1327 890 rem
1357 837 1631 888 allirmans
1677 841 1786 885 tre—

219 930 401 982 centis
450 930 598 998 prius
645 931 797 982 annis
844 941 1074 997 gestam,
1130 938 1187 981 ιιι
1218 929 1465 980 observat
1500 924 1784 983 Batonius,

222 1034 316 1071 an.
368 1019 500 1073 Chr.
556 1019 682 1072 774.
722 1020 860 1085 Quid
892 1021 961 1073 sit
1000 1020 1361 1071 dibambulum
1405 1018 1490 1069 hic
1534 1018 1787 1069 cout‘nue

222 1120 606 1174 memoratum,
642 1112 760 1163 vide
797 1111 847 1163 in
876 1112 1174 1165 Glossario.

297 1199 360 1253 L.
396 1216 480 1261 tn,
516 1215 563 1253 c.
594 1202 643 1254 l.
684 1200 945 1254 Narratur
975 1201 1133 1253 simul
1176 1200 1473 1268 assumptio
1512 1198 1790 1254 Michaelis

221 1292 276 1345 in
321 1293 655 1345 consortium
718 1292 950 1359 imperii,
1000 1292 1160 1345 simul
1213 1290 1450 1359 ejusdem
1510 1291 1789 1344 coronatiu

219 1384 516 1448 solemnis;
550 1400 682 1451 qn-ts
713 1394 891 1438 tamen
951 1387 1181 1439 diversis
1212 1387 1502 1452 contigisse
1539 1384 1788 1452 tempori-

226 1478 349 1539 bus,
384 1489 438 1529 et
462 1476 706 1531 Itancilla
742 1487 853 1529 toto
885 1491 1029 1528 anno
1074 1476 1238 1531 fuisse
1277 1477 1652 1545 posteriorem,
1699 1492 1787 1528 os-

226 1568 516 1622 tendemus
561 1568 594 1621 l.
632 1584 688 1621 ιιι
743 1570 935 1620 barum
965 1568 1218 1629 0bserv.,
1260 1584 1308 1621 c.
1357 1568 1409 1621 5.
1444 1568 1598 1633 Quod
1644 1568 1789 1621 diem

225 1661 420 1713 attinet
446 1660 783 1713 caeremoniae
810 1661 1070 1714 delectam
1106 1660 1228 1713 Maii
1264 1659 1355 1723 2i,
1393 1675 1454 1713 ea
1488 1660 1599 1727 ipsa
1632 1660 1791 1713 hodie

225 1754 279 1805 in
331 1753 486 1807 libris
518 1753 904 1807 ecclesiasticis
946 1753 1258 1807 Graecorum
1300 1753 1572 1806 memoriae
1631 1752 1793 1803 anni-

225 1848 483 1899 versaria:
529 1847 705 1916 magni
735 1845 1080 1901 Constantini
1122 1856 1175 1899 et
1208 1847 1397 1899 matris
1440 1846 1558 1913 ejus
1590 1843 1649 1897 S.
1681 1843 1790 1897 lle-

226 1939 362 1991 lenae
398 1945 717 1992 consecrata
746 1939 1007 1992 cernitur.
1046 1937 1347 2006 Descriptio
1397 1938 1531 1990 ritus
1560 1952 1787 1991 corona-

224 2030 395 2083 tionis
437 2035 798 2097 Augustorum
842 2027 1223 2095 Orientalium,
1264 2045 1425 2098 quant
1467 2030 1552 2083 hic
1579 2027 1788 2098 Pachy-

228 2135 410 2173 tneres
445 2120 629 2186 paucis
678 2122 1008 2188 exsequitur,
1066 2122 1198 2175 satis
1230 2136 1461 2176 consona
1494 2122 1795 2189 reperietur

226 2212 455 2281 longiori
504 2226 531 2263 a
573 2210 949 2265 Cautacuzeno
1000 2211 1161 2264 edita:
1191 2225 1240 2263 c.
1274 2212 1356 2273 ll,
1394 2212 1427 2266 Ι.
1484 2227 1522 2274 t,
1569 2212 1613 2264 si
1672 2212 1794 2276 quis

224 2315 519 2372 utramque
553 2303 869 2357 contulerit.
911 2302 1083 2358 Unam
1140 2305 1423 2359 observavi
1477 2305 1792 2371 discrepan-

224 2396 387 2459 tiam,
424 2409 488 2448 οι
521 2409 626 2463 qua
659 2408 761 2446 non
814 2394 1238 2449 inverisimiliter
1278 2396 1407 2449 mihi
1435 2396 1623 2449 videor
1665 2410 1793 2450 con-

224 2489 451 2542 ﬁrmare
469 2487 834 2556 conjecturam
866 2487 1025 2541 modo
1045 2486 1335 2541 indicatam
1362 2486 1429 2540 de
1448 2487 1794 2540 distinctione

222 2577 527 2631 evectionis
556 2578 620 2629 sd
653 2577 936 2645 imperium
964 2588 1021 2631 et
1055 2578 1428 2632 coronationis
1460 2578 1512 2631 in
1558 2578 1660 2632 hoc
1707 2579 1795 2647 ju-

225 2668 367 2722 niori
412 2666 715 2732 Michaele;
750 2668 979 2736 ideoque
1009 2666 1166 2721 istaut
1229 2667 1587 2723 diﬂereutiam
1630 2683 1795 2735 espo-

224 2776 352 2813 natn
387 2760 713 2817 distinctius.
757 2758 951 2814 Scribit
993 2758 1093 2812 hoc
1123 2758 1239 2813 loco
1270 2760 1483 2812 lattdato
1524 2760 1795 2814 Cantacu-

226 2866 401 2905 zcnus
434 2869 449 2905 :
482 2850 588 2906 Τοῦ
617 2851 902 2921 μέλλοντος
938 2850 1334 2920 χρισθήσεσοαι
1384 2850 1652 2921 pactilo);
1705 2856 1795 2905 ἐπὶ

225 2943 461 3005 ἀσπίδος
522 2942 902 3009 καθεσθέντος,
956 2945 984 2996 ὁ
1019 2943 1273 3012 βασιλεὺς
1322 2945 1415 2996 xal
1474 2946 1654 3014 πατὴρ
1699 2945 1794 2997 τοῦ

224 3036 729 3106 ἀναγορευομινου,
763 3034 818 3089 εἴ
849 3052 913 3104 γε
936 3036 1203 3104 περίεστε,
1237 3037 1327 3087 καὶ
1360 3036 1388 3087 ὀ
1422 3036 1791 3106 πατριάρχης,

225 3129 340 3182 τῶν
365 3129 721 3200 ἐμπροσθίων
747 3128 930 3199 μερῶν
984 3128 1487 3197 ἐπιλαμβανόμενοι
1513 3132 1612 3197 τῆς
1636 3130 1797 3181 ἀσπιο

228 3223 338 3287 δος,
370 3222 481 3275 τῶν
506 3222 549 3273 δ’
583 3220 881 3273 ἐπιλοίπων
906 3221 953 3273 oi
987 3221 1043 3273 ὲν
1072 3220 1380 3289 ἀξιώμασιν
1412 3221 1793 3289 ὑπερέχοντες,

1888 648 2029 715 quod
2062 645 2292 698 viderint
2355 646 2457 698 lidc
2482 647 2680 711 optima
2729 662 3001 701 narrasse.
3056 647 3287 702 Tantum
3337 652 3452 705 aui-

1892 737 2357 801 madvertendum,
2386 739 2523 791 duas
2556 738 2860 795 functiones
2888 758 2989 793 una
3014 752 3066 793 et
3094 743 3177 795 die
3208 751 3262 797 et
3291 759 3452 812 opera

1890 831 1941 881 in
1995 830 2305 885 Andronico
2357 830 2579 884 Juuiore
2628 833 2917 890 exercitus,
2964 837 3349 904 assntnptionis
3399 839 3454 892 itt

1890 922 2174 988 imperium
2228 932 2281 975 et
2328 926 2713 985 οοτοιιιιιὶοιιίε,
2755 926 2808 978 in
2843 926 3099 981 Michacle
3140 930 3281 983 dicta
3334 934 3457 999 qui-

1892 1013 2012 1065 dem
2047 1014 2130 1065 die
2164 1013 2281 1066 Maii
2311 1014 2373 1067 2|
2407 1015 2629 1070 alteram
2659 1020 2938 1085 duntaxat,
2986 1037 3178 1088 nempe
3221 1038 3454 1077 corona—

1895 1105 2110 1168 tinnem,
2143 1120 2263 1158 cum
2291 1105 2403 1175 jam
2430 1110 2723 1177 assumptio
2755 1128 2895 1166 anno
2929 1114 3197 1181 superiori
3228 1130 3457 1181 praeces-

1892 1197 2091 1261 sisset;
2148 1199 2197 1250 id
2228 1199 2366 1261 quod
2398 1200 2650 1254 distincte
2694 1203 2908 1269 quidem
2945 1206 3032 1258 hic
3064 1220 3167 1258 non
3200 1208 3458 1275 exprimit

1895 1289 2273 1357 Pachymeres,
2324 1292 2449 1345 sllbi
2485 1301 2663 1345 tamen
2712 1295 2965 1361 insinuat,
3009 1298 3097 1350 vt-l
3128 1298 3177 1349 iu
3216 1298 3367 1352 titulo
3402 1316 3452 1352 c.

1891 1379 1945 1441 4,
1978 1381 2014 1433 l.
2051 1398 2130 1444 ιιι,
2167 1384 2253 1435 ubi
2284 1383 2596 1438 Micltaelem
2638 1388 2746 1454 jam
2783 1397 2895 1439 tttttt
2930 1393 3143 1457 quando
3173 1408 3367 1459 sp0nsa
3405 1395 3453 1447 ei

1893 1473 2060 1537 quaeri
2093 1482 2177 1524 est
2210 1484 2382 1541 empta
2421 1480 2581 1544 (quod
2616 1478 2771 1545 longe
2800 1490 2924 1533 ante
2958 1481 3058 1535 hoc
3094 1492 3299 1550 tempus
3329 1501 3459 1540 coo-

1897 1564 2034 1633 tigit)
2087 1564 2384 1633 Angustum
2418 1566 2692 1621 Juniorem
2751 1581 2926 1635 vocat,
2972 1573 3056 1626 vel
3095 1588 3142 1625 c.
3186 1575 3239 1639 l,
3288 1574 3323 1629 Ι.
3359 1591 3454 1640 vn,

1895 1657 1983 1708 ubi
2019 1656 2313 1711 Andronici
2345 1674 2544 1711 annum
2582 1660 2898 1714 vicesimum
2949 1664 3170 1717 tertium
3203 1680 3326 1719 cum
3355 1667 3452 1720 Mi-

1895 1747 2097 1801 chaelis
2128 1748 2450 1802 duodecimo
2494 1752 2835 1806 concurrisse
2862 1755 2956 1817 ait,
2991 1767 3148 1823 prout
3212 1758 3336 1810 alibi
3379 1757 3460 1812 fu-

1895 1837 2006 1889 sius
2052 1838 2462 1904 explicabimus,
2507 1839 2729 1895 ObserV.
2770 1843 2803 1894 Ι.
2857 1859 2937 1907 ιιι,
2967 1860 3013 1898 c.
3053 1847 3106 1899 5.
3139 1845 3252 1899 Non
3291 1847 3460 1902 fuisse

1896 1936 2072 1981 autem
2103 1930 2207 1983 rite
2243 1943 2573 1999 assumptum
2619 1936 2685 1989 ab
2731 1936 3042 1993 Andronico
3084 1954 3181 1993 avo
3232 1940 3285 1994 in
3328 1958 3457 1997 cou-

1897 2022 2122 2074 sortium
2158 2024 2367 2091 imperii
2395 2027 2761 2081 Andronicum
2791 2029 3091 2095 iuniorem,
3122 2032 3217 2087 sed
3247 2042 3451 2087 tantum

1898 2111 2266 2178 designatione
2300 2115 2484 2179 tacita,
2522 2116 2647 2169 dum
2678 2118 2805 2171 vixit
2840 2119 2957 2188 ejus
3006 2130 3159 2190 pater
3203 2120 3452 2187 Michael,

1898 2216 1949 2256 ut
1993 2204 2258 2259 haeredem
2314 2207 2521 2274 imperii
2556 2224 2582 2260 a
2614 2212 2811 2278 populo
2857 2216 3172 2277 reveritum,
3222 2230 3327 2269 non
3362 2218 3460 2270 ob-

1898 2309 2054 2348 scure
2084 2310 2142 2348 se
2168 2296 2485 2349 arbitratum
2520 2299 2696 2353 innuit
2725 2302 3068 2359 Andronicus
3108 2307 3219 2376 ipse
3253 2311 3457 2375 senior,

1897 2386 2047 2450 dum,
2094 2397 2255 2455 prout
2295 2398 2476 2441 narrat
2508 2391 2934 2458 Cantacnzenus,
2999 2398 3035 2453 Ι.
3076 2415 3116 2465 ι,
3150 2417 3198 2455 c.
3231 2402 3287 2465 2,
3320 2419 3464 2458 mor-

1899 2486 1991 2529 tuo
2034 2477 2293 2532 ilicbaele
2331 2480 2628 2537 Andronici
2690 2484 2926 2541 .lunioris
2956 2497 3105 2555 patre
3130 2532 3144 2554 ,
3194 2494 3360 2546 vetuit
3396 2511 3463 2549 ne

1894 2569 2166 2637 juraretur
2218 2573 2474 2641 deinceps
2508 2576 2558 2629 iu
2602 2576 2760 2647 hujus
2786 2596 3002 2644 nomen,
3044 2584 3201 2635 talem
3231 2586 3279 2638 ei
3309 2595 3461 2655 patre

1898 2662 2021 2715 vivo
2060 2663 2299 2717 habitum
2345 2666 2603 2721 honorem
2645 2670 2895 2724 videlicet
2953 2675 3289 2740 existimans,
3352 2696 3458 2732 non

1901 2765 1960 2808 ιιι
1986 2757 2097 2825 jam
2138 2756 2398 2825 Augusto,
2431 2760 2522 2813 sed
2560 2770 2761 2813 tantuut
2793 2771 2851 2816 ut
2878 2762 3103 2832 Augusti
3144 2767 3273 2833 lilio,
3300 2786 3460 2837 quam

1898 2847 2306 2916 appellationem
2342 2850 2514 2917 patris
2552 2861 2724 2905 morte
2759 2856 3105 2921 perdidisset.
3142 2860 3319 2928 Atque
3349 2864 3464 2915 haec

1903 2939 2094 3007 prima
2128 2954 2285 2993 avum
2322 2940 2464 2994 inter
2491 2952 2541 2994 et
2570 2951 2816 3012 nepotem
2848 2946 3135 3003 discordiae
3184 2965 3342 3004 causa
3374 2968 3468 3006 ex-

1901 3030 2061 3093 stitit,
2093 3046 2195 3098 qna
2233 3032 2463 3101 denique
2493 3036 2790 3102 composita
2821 3036 2979 3091 simul
3010 3054 3319 3109 assumptus
3374 3059 3465 3096 so-

1903 3122 2154 3177 lemniter
2190 3124 2241 3177 in
2295 3123 2553 3194 collegam
2592 3127 2802 3194 imperii
2845 3130 3005 3184 simul
3060 3146 3347 3189 coronatus
3376 3137 3470 3189 ,ιιι-

1905 3212 2027 3266 nior
2054 3214 2393 3267 Andronicus
2439 3225 2540 3280 est,
2576 3218 2717 3284 quod
2754 3233 2781 3270 a
2813 3218 3213 3290 Cantacnzeno,
3269 3227 3306 3280 Ι.
3340 3244 3376 3293 ι,
3414 3245 3465 3284 c.

514 3272 703 3366 sciscat
740 3272 1263 3380 ae6aatoxpitbpsi;,
1308 3312 1465 3379 εἴπερ
1494 3272 1652 3375 εἰσίν,
1681 3313 1713 3381 ἢ
1827 3272 1871 3333 C

1827 3272 1871 3333 Ο
1907 3304 1996 3365 ll,
2038 3303 2291 3359 relertur.
2326 3304 2493 3375 quue
2544 3318 2924 3375 praestructum
2952 3351 2967 3375 ,
3025 3272 3305 3385 utriusitue
3356 3272 3465 3385 iam

228 3404 654 3471 ἐπιφανέστατοι
689 3401 920 3469 μάλιστα
952 3401 1060 3453 τῶν
1094 3401 1497 3469 συγκλητικῶν,
1546 3403 1639 3453 καὶ
1670 3419 1801 3471 μετ.

229 3496 560 3562 suspicatus;
601 3491 674 3555 ὡς
719 3493 795 3545 ἔνι
838 3491 1071 3560 μάλιστα
1120 3492 1283 3545 αὑτὸν
1319 3494 1433 3559 ἅμα
1487 3495 1551 3562 τῇ
1590 3495 1795 3555 ἀσπίδι,

227 3588 340 3640 τοῖς
371 3585 638 3654 πλήθεσιν
676 3583 1082 3636 ἐπιδεικνύουσι
1136 3583 1227 3635 τὸν
1258 3582 1480 3651 βασιλέα
1531 3583 1797 3637 πάντοθεν

228 3678 697 3747 περιισταμένοις.
758 3674 870 3728 Hoc
918 3682 1001 3727 est
1047 3690 1062 3728 :
1102 3672 1429 3739 Imperatore
1501 3676 1798 3744 inungendo

228 3780 389 3832 super
421 3774 628 3817 scutum
671 3764 994 3827 considente,
1032 3765 1319 3829 imperator
1354 3776 1503 3827 pater
1537 3767 1673 3830 eius,
1711 3769 1800 3834 qui

230 3858 588 3923 acclamatur,
635 3861 679 3912 si
706 3859 917 3925 quidem
964 3867 1219 3923 superest,
1249 3862 1309 3911 'et
1343 3860 1668 3925 patriarcha,
1706 3878 1801 3913 an-

228 3953 515 4006 terioribus
544 3950 679 4005 scuti
708 3952 943 4018 partibus
985 3954 1260 4015 correptis,
1291 3954 1522 4020 reliquas
1563 3970 1682 4006 vero
1722 3964 1798 4007 te-

230 4043 477 4097 nentibus
529 4041 927 4111 magistratibus
989 4044 1282 4110 primariis,
1346 4061 1523 4110 nempe
1572 4045 1798 4113 despotis

229 4146 279 4187 et
328 4133 861 4198 sebastorratoribus,
916 4134 963 4183 si
1007 4134 1223 4190 adsunt.
1269 4144 1360 4185 aut
1417 4134 1797 4187 illustrissimi:

227 4227 522 4295 quibusque
552 4223 715 4295 748
745 4225 970 4276 maxime
1000 4223 1064 4294 [P
1100 4222 1226 4294 535]
1260 4227 1675 4288 senatorinrum,
1711 4228 1798 4293 ip-

228 4333 347 4369 sum
379 4334 488 4368 una
522 4332 638 4368 cum
685 4325 831 4368 scuto
857 4326 1114 4384 quantum
1141 4317 1398 4370 altissime
1440 4327 1659 4385 possunt
1698 4319 1801 4370 ele-

228 4420 408 4460 vantes
449 4407 876 4476 inaugurandum
917 4406 1289 4473 imperatorem
1321 4409 1657 4475 circumfusae
1701 4426 1801 4461 un-

229 4500 389 4565 dique
429 4497 758 4549 multitudini
794 4505 1081 4552 ostentant.
1134 4495 1211 4550 Ita
1249 4496 1688 4553 Cantacuzenns.
1733 4504 1800 4553 At

1906 3397 2193 3449 concordis
2227 3396 2455 3449 consilio
2492 3398 2737 3452 iunuitur
2773 3401 2839 3455 ad
2890 3413 3210 3471 apparatum
3254 3410 3471 3476 nuptia-

1907 3502 2044 3551 rum,
2091 3502 2227 3554 quas
2265 3489 2454 3543 Jnuior
2483 3490 2857 3548 celebraturus
2920 3505 3036 3548 erat
3063 3512 3183 3551 cum
3223 3497 3329 3553 ﬁlia
3378 3517 3472 3555 co-

1906 3578 2048 3631 mitis
2081 3577 2386 3645 Sabaudiaa,
2425 3596 2585 3648 quam
2617 3583 2736 3637 ideo
2777 3584 2947 3639 frater
2973 3586 3089 3652 ejus
3118 3589 3292 3657 (pater
3321 3592 3467 3645 enim

1904 3668 2142 3735 obierat)
2177 3669 2265 3723 tibi
2314 3671 2413 3723 rite
2440 3671 2748 3728 Andronico
2803 3675 3010 3731 Juniori
3053 3678 3185 3745 jam,
3242 3690 3301 3734 ttt
3342 3698 3369 3735 a
3407 3684 3474 3734 ln-

1906 3760 2043 3827 galis
2072 3762 2347 3823 audiebat,
2400 3764 2709 3831 imperatori
2772 3768 3091 3837 inaugurato
3156 3771 3466 3840 dt-Spoudit.

1908 3869 2012 3904 non
2047 3855 2119 3906 uti
2152 3865 2312 3908 antea
2340 3858 2494 3924 quasi
2530 3873 2772 3913 sororem
2810 3872 2935 3914 natu
2970 3865 3231 3919 minorem
3264 3878 3317 3920 et
3366 3870 3465 3921 sibi

1903 3948 2172 4001 subditam
2208 3953 2479 4016 tractavit,
2506 3953 2596 4007 scd
2628 3956 2675 4008 ei
2728 3956 2982 4024 deinceps
3026 3960 3168 4013 ultro
3214 3963 3467 4025 decessit,

1904 4038 2003 4090 sibi
2059 4040 2393 4103 superiorem
2450 4042 2591 4095 illam
2643 4059 2943 4113 agnoscens
2981 4057 3035 4101 et
3061 4050 3330 4103 dominam
3369 4069 3468 4118 ap-

1906 4127 2140 4195 pellans.
2176 4128 2252 4182 Ita
2294 4131 2494 4185 diserte
2536 4146 2796 4187 memorat
2830 4137 3259 4199 Cautacuzenus.
3294 4157 3343 4195 c.
3376 4144 3467 4205 40,

1904 4234 2034 4271 sane
2065 4229 2188 4273 ante
2216 4221 2315 4273 hoc
2360 4230 2570 4288 tempus
2607 4226 2823 4280 nomine
2856 4222 3137 4281 dumtaxat
3195 4230 3361 4302 749
3394 4243 3471 4286 te-

1905 4326 2007 4363 nus
2044 4326 2104 4363 ac
2150 4314 2583 4379 praesumptione,
2635 4316 2772 4369 citra
2833 4318 2995 4370 ullam
3041 4320 3292 4387 legitimis
3333 4326 3473 4377 celo-

1906 4402 2112 4453 bratam
2145 4403 2332 4454 ritibus
2373 4406 2816 4469 assumptionem,
2851 4408 3018 4462 fuisse
3063 4412 3320 4466 tributam
3356 4414 3470 4468 Au-

1906 4491 2129 4545 dronico
2161 4490 2372 4545 luniori
2411 4495 2821 4562 appellationem
2875 4499 3242 4569 imperatoris,
3287 4515 3341 4557 et
3373 4506 3470 4558 Se-

234 4600 427 4643 ηοειετ
470 4589 525 4642 in
565 4588 864 4643 elevatione
915 4590 1054 4641 scuti
1085 4588 1283 4642 nullam
1328 4590 1674 4657 imperatoris
1713 4606 1797 4644 se-
1827 4601 1878 4660 D
1907 4583 2026 4635 nior
2065 4582 2407 4637 Andronicus
2450 4586 2787 4641 demonstrat
2820 4590 2971 4652 dum,
3023 4590 3287 4645 referente
3328 4595 3469 4647 Can-

235 4683 408 4735 nioris
450 4696 669 4750 operam
713 4688 995 4741 memorat,
1044 4689 1331 4750 totumque
1382 4682 1435 4735 id
1496 4682 1697 4734 factum
1747 4685 1799 4735 iu

232 4776 467 4829 solidum
510 4773 733 4827 ascribit
781 4774 898 4830 τοῖς
951 4774 1011 4824 ὲν
1045 4772 1187 4824 τέλει.
1229 4774 1651 4841 magistratibus.
1695 4788 1799 4826 non

230 4865 565 4925 amissurus,
586 4872 646 4916 ut
662 4872 909 4931 apparet,
931 4862 1229 4916 Andronici
1252 4865 1420 4931 patris
1452 4865 1801 4930 mentionem,

232 4958 277 5012 si
328 4970 437 5023 qua
481 4955 533 5007 in
562 4954 661 5006 ista
696 4953 968 5007 iunctione
993 4968 1118 5020 pars
1152 4956 1265 5018 ejus
1299 4955 1595 5007 exstitisset
1622 4974 1635 5019 ;
1665 4958 1806 5011 sicut

233 5050 398 5117 paulo
446 5045 587 5101 inira
624 5048 748 5099 dum
791 5044 1035 5099 meminit.
1064 5044 1327 5113 impositae
1369 5046 1529 5113 capiti
1565 5041 1805 5100 Michae-

235 5144 304 5195 lis
338 5148 460 5208 post
511 5136 882 5191 inunctionem
930 5150 1165 5199 coronae,
1238 5136 1495 5189 distincte
1544 5137 1805 5192 admonet

237 5242 379 5296 patre
403 5245 454 5281 ιιι
495 5226 613 5294 ejus
671 5226 941 5279 seniorem
1008 5223 1308 5293 Augustum
1361 5240 1649 5278 coronasse
1694 5227 1805 5293 jam

236 5324 525 5377 inunctum
560 5318 894 5376 Michaelcm,
926 5315 1210 5379 adiuvante
1243 5316 1548 5382 patriarcha
1574 5355 1586 5377 ,
1623 5332 1685 5367 ac
1720 5330 1809 5369 co-

240 5428 389 5464 rone
417 5414 544 5462 dum
574 5408 863 5474 imponitur
891 5414 1092 5474 partem
1125 5417 1347 5459 tenente.
1377 5404 1514 5470 Qttid
1545 5405 1631 5458 hic
1662 5409 1812 5460 dice-

242 5519 367 5558 ntus
392 5503 417 5555 2
450 5517 517 5553 an
556 5498 895 5569 negligentiae
928 5496 1222 5549 taxandnm
1252 5494 1640 5563 Pacbymerem
1670 5495 1693 5546 ?
1740 5511 1810 5549 an

239 5592 593 5663 esquisitiori
628 5590 955 5646 ceremonia
992 5602 1146 5644 usuin
1175 5588 1227 5639 in
1264 5587 1575 5641 Andronico
1609 5601 1811 5657 nepote

242 5684 625 5754 iuaugurando
645 5682 1013 5737 Andronicum
1044 5693 1200 5731 avunt
1230 5693 1391 5746 quam
1416 5687 1624 5746 patrem
1655 5695 1810 5733 eum-

245 5786 368 5838 dem
406 5780 461 5835 io
494 5776 752 5833 licbaele
783 5776 896 5828 lilio
944 5774 1099 5840 longe
1130 5768 1501 5823 charissima?
1529 5770 1674 5823 Nihil
1720 5774 1815 5826 lto-

250 5892 368 5931 ιίιιιι
422 5870 714 5928 verisimile
764 5865 1063 5937 putaverint
1095 5880 1107 5914 :
1140 5860 1236 5914 sed
1270 5862 1522 5917 existimo
1553 5872 1605 5917 et
1649 5880 1811 5919 ttnant

490 5968 761 6026 Puncta
800 5966 914 6023 Gn.
948 5958 1220 6021 CXLIV.

1907 4683 2185 4739 tacuzeno,
2224 4675 2261 4727 Ι.
2298 4690 2336 4740 ι,
2370 4692 2420 4729 c.
2471 4678 2525 4739 9,
2554 4679 2926 4732 Andronicum
2950 4696 3070 4734 eum
3110 4683 3467 4754 Palamlogtun

1903 4766 2227 4832 simpliciter
2250 4776 2403 4821 vocat
2433 4778 2568 4821 etut
2598 4770 2901 4836 principem
2935 4775 3150 4838 agnosci
3177 4777 3421 4841 prohibet
3450 4795 3466 4842 ;

1905 4866 1959 4909 et
1998 4855 2113 4923 ipse
2189 4856 2345 4911 lateri
2403 4859 2619 4912 videtur
2667 4864 3014 4917 Andronicus
3082 4862 3290 4930 Junior,
3342 4871 3465 4920 dum

1905 4950 2095 5001 eodem
2136 4949 2291 5010 libro.
2320 4964 2369 5005 c.
2402 4949 2492 5015 25,
2529 4952 2662 5018 petit
2695 4953 2762 5004 ab
2796 4968 2898 5007 avo
2922 4956 3130 5008 admitti
3162 4970 3221 5008 se
3263 4957 3313 5009 in
3342 4972 3471 5007 coii-

1908 5044 2140 5097 sortium
2191 5044 2399 5111 imperii
2434 5059 2554 5096 cum
2580 5044 2704 5113 jure
2736 5045 3117 5101 successionis.
3160 5048 3325 5103 Recte
3374 5051 3472 5119 igi-

1910 5146 1996 5187 tur
2022 5149 2144 5188 cum
2170 5132 2329 5186 simul
2368 5142 2701 5201 assumptus,
2732 5136 2888 5187 simul
2924 5136 3179 5191 inunctus
3226 5154 3292 5193 ac
3317 5153 3473 5194 coro-

1912 5234 2070 5278 natus
2119 5224 2458 5278 Andronicus
2493 5222 2685 5278 Junior
2724 5226 2842 5291 fuit,
2884 5230 3027 5295 quod
3053 5241 3239 5282 narrat
3268 5230 3470 5284 Canta-

1910 5331 2170 5379 cuzenus,
2203 5329 2252 5367 c.
2287 5314 2375 5376 tl,
2411 5315 2551 5367 scuti
2583 5324 2788 5383 partem
2824 5318 3149 5372 anteriorem
3180 5319 3297 5387 ipse
3337 5336 3475 5375 avus

1911 5406 2184 5475 Augustus
2221 5405 2412 5468 tenuit,
2458 5420 2524 5458 eo
2553 5418 2819 5459 consueto
2869 5408 2971 5459 ritu
3024 5408 3199 5475 ipsum
3239 5410 3475 5464 cvehens

1914 5499 1967 5553 itt
1998 5501 2292 5565 Augustam
2342 5496 2682 5565 dignitatem,
2734 5496 2880 5566 quod
2934 5501 3170 5552 nondunt
3209 5499 3416 5555 fecerat
3458 5518 3473 5553 :

1914 5589 2135 5659 quando
2164 5596 2342 5640 autem
2371 5588 2627 5641 intinctus
2658 5598 2711 5641 et
2747 5599 3045 5643 coronatus
3072 5589 3333 5644 duntaxat
3361 5593 3474 5661 jam

1915 5690 2071 5733 antea
2128 5686 2349 5733 evectus
2407 5677 2458 5729 in
2505 5678 2789 5744 imperium
2824 5694 2851 5730 a
2913 5691 3067 5747 patre
3116 5679 3340 5736 Michael
3372 5692 3476 5745 est,

1917 5782 2126 5827 scutum
2164 5771 2217 5823 in
2267 5784 2377 5837 quo
2422 5768 2741 5823 elevabatur
2776 5787 2803 5823 a
2859 5782 3011 5839 patre
3049 5772 3314 5827 sublatum
3371 5788 3476 5825 non

1920 5877 2024 5929 est,
2069 5872 2230 5934 prout
2272 5860 2635 5930 Pacbymeres
2661 5876 2773 5915 rem
2812 5878 2840 5915 a
2878 5879 2935 5918 se
2965 5866 3133 5918 visam
3164 5866 3479 5921 describens

2974 5955 3049 6016 26
