4194 6444
738 407 837 469 811

1656 400 1721 459 Ρ.
1768 393 2067 459 POSSINI
2107 392 2755 455 OBSERVA'I‘IONUM
2804 396 2947 452 Lill.
3004 393 3075 450 ll.
3888 398 3996 456 gif-

726 521 1031 592 significat.
1077 521 1146 572 Ite
1189 521 1395 585 sparsis
1430 517 1480 569 in
1517 517 1617 570 hac
1644 518 1933 571 occasione
1971 518 2022 568 in
2054 514 2307 582 populum
2343 519 2387 573 Α
2418 513 2677 566 auxilium
2713 514 3054 582 implorasse,
3089 524 3161 563 ita
3198 513 3504 581 patriarcha
3541 530 3677 566 nunt:
3711 518 3911 566 sedens
3942 533 3996 563 ει

736 614 1033 669 nummulis
1064 612 1201 663 intra
1246 610 1339 663 lini
1374 618 1653 677 segmenta
1703 610 1908 676 ligatis,
1940 621 2171 675 quorum
2224 606 2310 658 hic

737 704 983 758 meminit
1044 702 1428 771 Pacliynteres,
1477 702 1598 752 vidt-
1660 717 1777 767 quae
1826 699 2207 753 adnotavimus
2257 699 2308 750 in

728 795 1011 852 Glossario
1041 795 1166 845 tomi
1201 793 1396 859 prioris
1422 793 1584 846 verbo
1626 792 1952 859 ἐπεκόμπιξι.

800 887 886 963 [Ρ.
912 884 1041 957 536]
1073 885 1130 939 P.
1164 886 1287 940 I97.
1311 886 1464 957 licpe
1489 886 1820 939 marcbionis
1846 882 2231 937 Montisferrati
2257 884 2307 934 iu

730 982 1064 1038 Lombardia
1101 982 1232 1043 tilia,
1263 981 1497 1035 secunda
1521 980 1721 1047 conjux
1749 980 2043 1031 Andronici
2068 977 2310 1031 Seniuris

733 1075 1107 1142 imperatoris,
1133 1088 1239 1126 tt‘t'S
1263 1073 1308 1123 ei
1348 1085 1525 1124 mares
1556 1071 1782 1139 peperit,
1816 1068 2107 1127 Joannem.
2132 1066 2312 1131 Theo-

732 1172 949 1231 doruut,
979 1165 1337 1220 Demetrium.
1389 1163 1503 1216 Hoc
1537 1163 1738 1215 diserte
1776 1163 1929 1212 docet
1970 1160 2308 1211 Cantacuze-

734 1278 863 1325 nus,
925 1258 1245 1330 prtefatione
1298 1254 1365 1307 ad
1428 1254 1747 1313 Historiam,
1811 1267 1862 1319 p.
1934 1251 1967 1304 5
2027 1250 2116 1304 ed.
2176 1252 2306 1319 lieg.

738 1355 951 1409 Mortuo
979 1351 1097 1405 sine
1127 1349 1314 1402 liberis
1372 1347 1539 1399 fratre
1589 1345 1777 1398 [renes
1813 1344 2129 1398 marchione
2160 1342 2309 1396 Mun-

736 1444 1020 1507 tisferrati,
1066 1458 1187 1496 cum
1234 1443 1299 1494 ad
1352 1437 1750 1493 successionem
1809 1437 2145 1505 principatus
2194 1435 2310 1500 ejus

734 1538 1029 1591 mittendus
1082 1548 1223 1587 esset
1275 1530 1471 1597 aliquis
1512 1544 1578 1583 ex
1616 1525 1796 1581 lrenes
1827 1528 1968 1589 filiis,
1998 1534 2152 1592 pater
2193 1539 2308 1577 om-

735 1630 884 1683 nium
942 1627 1223 1681 minimum
1274 1621 1604 1676 Demetrium
1646 1634 1709 1671 eo
1758 1618 2078 1679 destinavit,
2127 1624 2184 1668 et
2212 1614 2308 1669 de-

732 1730 903 1787 S[tOl:B
948 1716 1102 1768 titulo
1134 1715 1460 1767 honoratum
1516 1710 1567 1762 in
1601 1705 2035 1775 Longobarliam
2071 1705 2216 1758 misit
2242 1706 2308 1757 ad

735 1815 880 1867 illaut
939 1808 1310 1864 [nereditatem
1363 1806 1483 1873 jure
1530 1812 1777 1855 materno
1809 1800 2166 1863 contendam.
2202 1799 2305 1851 Sed

736 1915 909 1960 Ineter
957 1900 1131 1963 lreue,
1170 1916 1286 1967 qua:
1320 1907 1445 1951 tunc
1478 1895 1667 1962 prorul
1690 1910 1717 1946 a
1754 1894 1869 1945 viro
1904 1891 2311 1946 Thessalonicae
2346 1886 2384 1941 Β

734 1998 1000 2069 degebat,
1026 2006 1271 2061 quaeque,
1307 2001 1364 2042 ut
1414 1986 1782 2055 Pacltymeres
1831 1984 2028 2036 alicubi
2070 1981 2312 2034 timidius

739 2093 965 2151 indicat,
1004 2086 1170 2140 multo
1203 2096 1380 2135 autem
1414 2079 1685 2132 exsertius
1717 2078 1984 2142 Gregoras
2009 2074 2314 2142 proﬁtetur,

736 2196 975 2237 rationes
1005 2181 1058 2234 in
1098 2178 1279 2230 multis
1337 2188 1570 2241 sequi-ns
1613 2172 1861 2239 proprias
1899 2157 2045 2221 haud
2088 2166 2313 2221 multum

734 2274 973 2329 obnoxie
1031 2268 1208 2322 mariti
1271 2265 1484 2333 placitis
1536 2276 1661 2316 sitas
1716 2260 2047 2328 subiungere
2104 2255 2314 2310 solebat

735 2370 1071 2426 voluntates,
1096 2363 1358 2430 aptiorem
1408 2355 1765 2425 prierogativa
1813 2351 1988 2405 mtatis
2032 2349 2317 2403 adultioris

738 2459 803 2508 ad
831 2458 930 2509 hoc
955 2452 1304 2507 Theodorum
1342 2457 1651 2507 autumans,
1687 2461 1807 2498 cum
1831 2459 1893 2495 ex
1936 2442 2315 2510 propinquiut'i

738 2562 961 2603 strenue
1019 2544 1258 2607 mittens,
1321 2541 1611 2595 adventum
1704 2536 1959 2589 Demetrii
2030 2533 2313 2602 prrevenit.

738 2642 919 2706 Quare
941 2635 1346 2691 marcbionatus
1375 2630 1894 2685 Muntisferratensis
1918 2627 2312 2696 possessionem

742 2733 1063 2788 Theodorus
1087 2730 1240 2790 adiit,
1272 2726 1496 2792 conjuge
1530 2730 1749 2789 accepta
1777 2719 1981 2788 Spiunli
2014 2716 2318 2773 Genuensis

741 2828 841 2882 viri
892 2826 1133 2893 primarii
1175 2823 1305 2885 lilia,
1352 2837 1419 2873 ex
1471 2835 1576 2887 qua
1632 2832 1754 2869 cum
1806 2815 2011 2884 prolem
2043 2813 2311 2866 duntaxat

738 2920 1057 2975 feminiuam
1094 2913 1430 2983 suscepisset
1480 2920 1534 2964 et
1558 2910 1640 2964 sic
1662 2910 1889 2963 obiisset
1922 2908 2038 2961 sine
2076 2908 2316 2960 mascula

740 3012 946 3074 sobole,
975 3007 1502 3063 Moatisferrateuses
1527 3001 1790 3056 Joannem
1823 2999 2108 3069 despzitam
2144 3001 2318 3052 norni-

740 3108 907 3161 :\atim
940 3115 996 3156 ut
1032 3100 1448 3171 primogenitum
1491 3096 1673 3150 lrenes
1715 3095 1767 3147 in
1813 3092 2110 3163 principem
2146 3092 2317 3161 petie-

742 3208 888 3261 runt,
928 3197 1396 3263 impetraruntque
1431 3190 1670 3243 tandem.
1703 3186 1831 3240 ηερε
1868 3196 2055 3238 narrat
2108 3192 2315 3247 noster,
2344 3230 2387 3283 c

743 3294 776 3345 Ι.
814 3305 909 3350 Vll,
934 3306 980 3342 c.
1027 3286 1113 3349 18,
1144 3285 1231 3337 ubi
1268 3295 1321 3336 et
1362 3283 1619 3335 observat
1677 3279 1823 3332 hunc
1863 3275 2127 3329 Joannem
2158 3274 2317 3340 plane

747 3400 807 3438 se
855 3381 1299 3436 accommodasse
1351 3376 1417 3427 ad
1468 3389 1647 3427 mores
1700 3372 1954 3425 ltalormn
2016 3380 2070 3423 et
2104 3378 2315 3437 gratum

746 3475 977 3530 subditis
1045 3472 1235 3524 fuisse.
1300 3467 1633 3534 Propagasse
1695 3463 1782 3516 hic
1838 3462 2038 3517 dicitur
2100 3459 2316 3527 longam

743 3568 941 3622 seriem
1021 3564 1321 3629 principum
1414 3574 1517 3610 non
1598 3557 2067 3610 schismaticorum
2125 3554 2318 3605 domus

744 3658 1129 3724 l’alacolugiem.
1171 3654 1238 3705 'in
1290 3666 1417 3705 vera
1470 3647 1810 3720 professione
1864 3647 1984 3700 fidei
2036 3644 2318 3698 catholicae

746 3751 1022 3803 Romanun

817 3841 879 3894 P.
923 3839 1051 3892 20'2.
1090 3836 1411 3889 lnconccssre
1456 3833 1755 3902 afﬁnitatis.
1793 3828 1917 3882 Erat
1951 3831 2051 3883 ista
2083 3827 2320 3880 affinitas

748 3950 851 4002 qua
885 3932 950 3984 de.
986 3931 1231 3995 personis
1283 3936 1440 3981 sexto
1500 3926 1640 3977 inter
1688 3937 1744 3977 se.
1780 3921 1949 3991 gradu
1984 3918 2321 3988 cognationis

743 4026 981 4091 junctis,
1018 4021 1367 4073 matrimonio
1423 4015 1760 4084 copulandis,
1786 4012 2002 4080 Speciali
2042 4012 2106 4065 ad
2143 4012 2190 4063 id
2225 4012 2321 4062 ob-

751 4117 967 4169 tinenda
1004 4115 1348 4182 praebitorum
1387 4110 1645 4164 Ecclesiie
1668 4108 1843 4170 venia,
1876 4104 2233 4165 tractabatur,
2266 4111 2322 4154 ut

749 4220 937 4261 aui-tor
1007 4208 1181 4272 capite
1245 4204 1513 4272 superiori
1588 4199 1904 4253 declaravit.
1978 4195 2184 4263 Atqui,
2242 4194 2318 4246 uti

747 4299 910 4368 750
938 4297 1041 4349 vol.
1072 4296 1088 4349 l
1126 4305 1307 4347 uoster
1342 4294 1480 4346 idem
1518 4292 1836 4351 historicus,
1868 4302 1920 4355 p.
1959 4287 2085 4350 ΗΟ,
2118 4286 2319 4339 durue-

748 4403 852 4451 rat.
884 4392 1078 4444 similis
1113 4386 1509 4456 impedimenti,
1555 4399 1649 4436 sex
1684 4383 1885 4449 pariter
1932 4375 2320 4446 consanguini-

748 4483 875 4534 tatis
907 4480 1192 4546 graduum,
1223 4475 1492 4529 obstantis
1523 4474 1795 4527 connubio
1828 4473 1972 4525 inter
2001 4456 2319 4523 Mic‘ltaelem

2418 606 2534 675 ejus
2576 620 2884 660 assessores
2921 605 3214 665 antistites,
3275 620 3464 658 omnes
3508 604 3787 657 schismati
3843 606 3996 657 addi-

2416 697 2641 750 ctissimi
2667 734 2681 759 ,
2717 694 2942 750 Joannis
2972 697 3154 761 Vecci,
3189 698 3278 764 qui
3328 708 3453 750 tunc
3482 698 3546 749 de
3585 701 3855 751 sententia
3898 713 3991 751 ca-

2420 789 2744 842 tholicorum
2797 789 2845 841 ei
2899 789 3267 842 assistentium
3311 790 3685 857 episcoporum
3730 791 3992 845 ecclesia—

2420 882 2555 933 stica
2589 890 2858 948 potestate
2890 880 3228 934 relaxaverat
3255 883 3525 937 vinculum
3557 895 3761 937 e-sexto
3790 898 3993 950 cogna-

2416 972 2580 1025 tionis
2626 974 2799 1040 gradu
2829 984 3026 1035 ortum,
3069 988 3175 1041 quo
3212 989 3240 1027 a
3270 974 3391 1040 jure
3414 977 3767 1029 contraliendi
3798 978 3993 1030 matri-

2416 1066 2657 1117 monium
2703 1064 2941 1131 despoue
2970 1065 3203 1119 Michael
3233 1066 3472 1135 Angelus
3502 1077 3556 1121 et
3594 1069 3748 1121 Anna
3787 1067 3997 1122 Palmo-

2416 1157 2533 1225 loga
2568 1156 2674 1209 ﬁlia
2709 1155 2988 1211 Michaelis
3016 1158 3360 1226 imperatoris
3405 1161 3751 1223 arcebantur,
3782 1158 3992 1214 factum

2414 1253 2672 1304 damnare
2722 1249 2978 1313 voluisse,
3022 1250 3164 1304 ultro
3198 1249 3415 1305 fatendo
3464 1253 3728 1307 excedere
3776 1252 3829 1304 id
3883 1256 3992 1303 vim

2415 1343 2795 1411 patriarchalis
2821 1342 3187 1396 auctoritatis.
3222 1345 3579 1398 Permittehat
3608 1354 3787 1398 autem
3826 1342 3995 1405 Deus,

2413 1439 2504 1505 qui
2559 1452 2667 1490 non
2716 1453 2838 1491 raro
2890 1438 3151 1492 factiosos
3198 1448 3387 1492 contra
3440 1440 3736 1494 Ecclesiam
3779 1440 3999 1505 constri-

2416 1536 2600 1583 rantes
2639 1530 2843 1583 mutuis
2898 1530 3042 1581 inter
3091 1543 3211 1583 sese
3252 1531 3619 1586 simultatibus
3676 1532 3994 1596 committit,

2413 1636 2535 1675 sese
2582 1622 2715 1675 istos
2770 1622 2923 1674 vanis
2953 1622 3106 1675 hisce
3144 1622 3414 1691 scrupulis
3447 1624 3673 1678 invicem
3706 1623 3992 1677 infestare.

2412 1715 2498 1789 [P.
2524 1714 2654 1786 537]
2674 1715 2808 1769 Nam
2833 1715 2995 1783 paulo
3022 1715 3275 1785 superius
3297 1717 3397 1769 αὖ
3426 1715 3791 1787 Pacliymeres
3826 1718 3997 1772 refert

2414 1808 2780 1877 patriarcham
2827 1818 2880 1861 et
2924 1808 3212 1876 episcopos
3270 1808 3557 1877 praefracte
3612 1825 3842 1879 negasse
3878 1811 3992 1864 An-

2418 1899 2647 1952 dronico
2679 1899 3075 1953 instantissime
3113 1902 3292 1954 oranti
3332 1901 3776 1954 constitutionem
3814 1902 4000 1955 eccle-

2420 1991 2697 2047 siasticam
2764 2005 2872 2060 qua
2938 1994 3038 2046 sub
3120 1992 3564 2047 interminatione
3631 1994 4003 2046 anatliematis

2419 2099 2609 2143 omnes
2661 2085 2890 2151 imperio
2936 2083 3135 2137 subditi
3158 2084 3482 2149 juberentur
3509 2084 3756 2138 Michaeli
3792 2085 4001 2153 juniori

2417 2178 2660 2245 Augusto
2694 2177 2850 2230 fidem
2882 2185 2936 2230 et
2967 2176 3330 2231 obedientiam
3368 2187 3647 2247 praestare.
3672 2179 3825 2245 quasi
3855 2189 4005 2232 esset

2421 2271 2489 2324 ab
2524 2271 2778 2325 Ecclesia:
2823 2272 3066 2321 materna
3107 2268 3332 2324 lenitate
3370 2270 3603 2324 alienum
3629 2270 3765 2323 diris
3798 2270 3855 2323 in
3884 2284 4008 2337 per-

2419 2362 2622 2416 duelles
2658 2362 2883 2425 saevire;
2922 2369 2975 2415 et
3003 2361 3161 2415 istius
3215 2362 3270 2413 in
3310 2360 3569 2414 ultionem
3624 2360 3859 2427 repulsa:
3897 2362 4011 2413 Au-

2419 2455 2704 2509 dronicum
2735 2454 2986 2515 eumdem
3028 2454 3303 2507 Novellam
3332 2453 3596 2516 edidisse,
3627 2469 3732 2519 qua
3756 2454 4010 2521 largitio-

2421 2564 2539 2601 nem
2578 2548 2948 2617 sportularum
3008 2548 3061 2599 in
3113 2547 3497 2615 episcoporum
3555 2547 4009 2601 ordinationibus

2419 2643 2673 2694 usitatam
2716 2654 2782 2692 ex
2829 2640 2988 2707 longo
3014 2640 3485 2708 Constantinopoli
3539 2648 3597 2691 ut
3629 2638 4009 2692 Simoiiiaeam

2417 2733 2710 2785 damnabat
2757 2741 2811 2786 et
2863 2733 3123 2817 deinceps
3163 2732 3411 2784 adhiberi
3464 2730 3809 2800 prohibebat,
3842 2732 4011 2783 vicis-

2418 2827 2522 2880 sim
2553 2841 2720 2879 urens
2769 2818 3053 2891 praetextu
3079 2825 3308 2892 quaesito
3337 2837 3433 2877 eos
3466 2823 3555 2890 qui
3581 2837 3639 2876 se
3678 2822 3853 2876 nihilo
3883 2837 4012 2891 pro-

2421 2917 2673 2971 babiliori
2706 2917 2927 2970 obtentu
2960 2925 3323 2986 pupugeranl.

2490 3012 2568 3062 Ad
2632 3012 2924 3065 astruenda
2975 3024 3096 3078 qua:
3152 3011 3312 3063 modo
3365 3009 3498 3070 dixi,
3529 3008 3803 3077 pertinere
3865 3022 4008 3075 pum

2422 3112 2607 3154 notam
2676 3096 3029 3170 marginalcm
3090 3114 3119 3152 a
3174 3101 3378 3153 lectore
3427 3099 3616 3153 Gra'co
3669 3115 3831 3151 manu
3872 3101 4013 3153 satis

2422 3192 2642 3259 antiqua
2683 3192 2733 3244 in
2772 3206 2864 3243 ora
2900 3191 3180 3245 Barberiui
3211 3192 3416 3245 codicis
3441 3192 3693 3259 positam.
3726 3206 3755 3243 e
3785 3192 4013 3258 regini-e

2421 3284 2463 3337 si
2508 3282 2723 3351 quidem
2755 3282 2967 3335 illorum
3006 3284 3292 3347 verborum
3320 3282 3463 3335 ὥστε
3493 3282 3586 3333 τὸν
3618 3284 3736 3334 νέον
3772 3282 4011 3349 βασιλέα

2421 3375 2673 3445 γαμϐρὸν
2697 3377 2881 3445 ἐκείνῃ
2913 3376 3171 3442 γενέσθαι
3215 3376 3294 3429 sic
3336 3376 3405 3428 ibi
3442 3376 3745 3429 scribitur:
3773 3376 3899 3427 Ἵνα
3936 3381 4012 3444 μὴ

2419 3463 2648 3519 τοιαῦτα
2690 3467 2785 3520 καὶ
2811 3466 2970 3529 αὖθις
3009 3466 3323 3535 συμϐαίνοι,
3356 3467 3383 3517 ὁ
3411 3465 3506 3533 τῆς
3551 3463 3775 3533 Ῥώμης
3816 3468 4013 3536 ἀρχιε-

2423 3563 2549 3632 ρεὺς
2578 3567 2646 3615 τὰ
2677 3559 2907 3614 τοιαῦτα
2948 3560 3296 3627 παραχωρεῖ.
3332 3556 3486 3621 Quae,
3537 3555 3752 3623 opinor,
3792 3560 4010 3626 signa“-

2422 3665 2550 3710 cant
2576 3654 2787 3708 cavisse
2826 3653 2973 3715 illos,
3002 3652 3095 3719 qui
3139 3649 3395 3704 Ecclesia:
3430 3664 3572 3704 nunc
3607 3661 3910 3718 praeerant,
3946 3667 4012 3705 ne

2424 3745 2625 3800 imitari
2680 3744 2990 3796 viderentur
3017 3741 3326 3807 exemplum
3364 3755 3391 3792 a
3426 3738 3604 3793 \‘ecco
3646 3750 3700 3793 et
3730 3741 3859 3796 aliis
3894 3744 4013 3810 epi-

2422 3835 2824 3905 scOpisGrmcis
2850 3835 3106 3888 Romanae
3146 3834 3547 3887 cmumuniouis
3577 3836 3627 3887 in
3658 3834 3748 3887 illo
3775 3839 4011 3900 permit-

2430 3929 2594 3981 temlo
2654 3926 2949 3988 connubio,
3004 3926 3071 3980 de
3111 3940 3217 3994 quo
3278 3927 3385 3979 vol.
3443 3927 3487 3989 l,
3542 3941 3593 3995 p.
3630 3927 3756 3989 440,
3823 3941 4009 3983 actum

2425 4021 2633 4085 fuerat,
2668 4019 2980 4087 praebitum.
3030 4018 3261 4072 Causam
3301 4035 3429 4073 vero
3473 4036 3572 4074 cur
3623 4021 3674 4073 id
3714 4019 4013 4089 diligi-nter

2426 4113 2744 4171 vitaveriut.
2802 4114 3116 4180 exprimunt
3172 4116 3338 4165 Verba
3389 4116 3669 4180 sequentia
3720 4132 3733 4165 :
3794 4116 3853 4166 ’0
3911 4116 4009 4181 τῆς

2425 4200 2654 4273 Ῥὠμὴς
2708 4203 3005 4273 ἀρχιερεὺς
3040 4203 3270 4256 τοιαῦτα
3323 4205 3677 4273 παραχωρεῖ,
3734 4203 4012 4258 Romamn

2426 4300 2582 4371 751
2615 4299 2856 4367 pontifex
2884 4297 3016 4348 (alia
3046 4296 3324 4361 permittit.
3370 4295 3571 4361 Nempe
3616 4306 3809 4349 auctor
3840 4303 4011 4350 adno-

2428 4391 2738 4446 tatiunculaa
2793 4390 3066 4456 significat
3119 4389 3299 4441 studio
3360 4389 3687 4455 reprobandi
3748 4406 3907 4441 usum
3958 4402 4013 4443 et

2426 4481 2873 4537 consuetudinem
2920 4478 3176 4532 Ecclesia:
3224 4478 3481 4531 Romana:
3516 4487 3807 4546 provectos
3858 4477 4011 4533 Grae-

747 4572 969 4627 Occidui
1029 4579 1233 4623 tractus
1289 4569 1571 4634 despntam
1620 4574 1675 4618 et
1710 4564 1919 4617 Atinam
1978 4561 2319 4630 imperatoris

2428 4589 2519 4627 cos
2563 4572 2943 4626 schismatieos
2994 4571 3059 4623 ad
3095 4570 3397 4636 negandam
3447 4570 3752 4624 istiusmodi
3818 4575 4011 4623 matri-

748 4664 1026 4718 lllichaelis
1094 4663 1257 4715 tiliam
1318 4657 1704 4721 cenciliando,
1766 4659 1996 4724 gratiam
2056 4655 2317 4715 fecerant,

746 4768 1005 4826 poscente
1030 4756 1289 4821 Augusto,
1322 4753 1411 4826 qui
1445 4762 1573 4805 tunc
1600 4759 1868 4821 praeerant
1894 4747 2169 4810 Ecclesire,
2196 4761 2318 4800 cum

746 4860 925 4902 tamen
978 4849 1112 4898 adeo
1165 4822 1405 4911 praesens
1433 4850 1490 4895 et
1535 4850 1802 4909 praestans
1845 4838 2052 4892 utilitas
2101 4840 2151 4890 in
2205 4852 2317 4890 rem

748 4941 959 5010 imperii
996 4955 1060 4992 ex
1104 4938 1209 4991 isto
1243 4935 1497 5003 conjugio
1541 4950 1643 4986 non
1674 4942 1989 4999 speraretur
2016 4946 2176 4999 quam
2205 4945 2323 4999 qua:

747 5041 901 5088 certo
950 5032 1245 5099 apparebat
1296 5044 1357 5082 ex
1409 5030 1508 5082 lioc
1539 5036 1819 5079 secutura.
1851 5023 2115 5077 Nimirum
2145 5025 2320 5077 sellis-

751 5128 933 5183 tnatici
961 5141 1102 5179 nunc
1127 5136 1374 5193 potentes
1406 5139 1585 5176 rerum
1609 5122 1937 5175 affecmbant
1964 5119 2323 5188 religiosiores

748 5234 1011 5290 apparere
1038 5217 1329 5271 catholicis
1362 5229 1491 5270 tunc
1540 5225 1591 5268 et
1620 5213 1888 5271 Ecclesiae
1933 5222 1985 5265 et
2020 5209 2323 5278 reipublica:

748 5313 1199 5383 prtesidentibus;
1240 5322 1402 5375 atque
1439 5318 1496 5361 ut
1545 5307 1888 5360 Andronicus
1945 5304 2153 5372 ejurata
2193 5317 2323 5355 con-

747 5406 932 5460 cordia
964 5421 1084 5459 eum
1113 5418 1272 5470 papa,
1313 5415 1475 5469 quant
1509 5398 1624 5474 ejus
1657 5410 1810 5467 pater
1838 5406 2025 5450 sancte
2056 5394 2318 5457 coluerat,

747 5495 919 5549 videri
976 5494 1203 5555 studuit,
1247 5494 1347 5545 hac
1383 5491 1758 5557 superstitiosa
1809 5488 2105 5542 emissione
2140 5486 2321 5539 affini-

751 5586 877 5641 tatis
930 5584 1228 5638 utilissiune
1284 5584 1510 5650 imperio
1560 5591 1783 5650 propter
1836 5591 2036 5631 metum
2081 5580 2318 5639 inanem,

749 5676 901 5743 quasi
935 5676 1052 5743 ejus
1095 5674 1538 5743 impedimentum
1593 5672 1855 5725 removeri
1914 5670 2174 5737 Ecclesim
2228 5686 2323 5721 an-

750 5770 1002 5821 ctoritate
1034 5767 1298 5835 nequiret,
1330 5769 1446 5833 pius
1470 5781 1660 5833 sapere
1692 5780 1851 5849 quam
1888 5765 2182 5833 ille..qucm
2210 5779 2322 5816 me—

754 5866 978 5919 minerat
1014 5866 1127 5934 pari
1156 5862 1447 5919 occasione
1494 5863 1783 5932 pracsn'lum
1821 5861 2317 5917 ccclesiast’corum

2428 4664 2747 4719 monialium
2807 4662 3319 4726 iuqiedimemorum
3376 4661 3795 4721 relaxatiouem.
3846 4667 4009 4727 qua~i

2426 4773 2543 4811 eam
2584 4756 2789 4809 Veccus
2818 4766 3005 4808 centra
3038 4754 3117 4805 fas
3152 4760 3478 4807 attentasset
3514 4763 3805 4822 propterea
3859 4758 4013 4822 quod

2427 4849 2655 4919 Romani
2685 4846 2954 4915 pontificis
2983 4843 3361 4898 auctoritatem
3415 4853 3755 4911 sequeretur.

2496 4940 2558 4995 P.
2593 4939 2716 4992 206.
2757 4936 2980 5005 Ejttrato
3015 4939 3119 4988 riu.
3148 4937 3344 5002 patrio.
3389 4936 3523 5005 Agit
3546 4937 3610 4989 de
3672 4935 3834 4988 Maria
3896 4937 4008 4988 dea

2428 5037 2567 5099 regis
2603 5033 2873 5087 Armeniae
2917 5030 3188 5083 destinata
3227 5044 3430 5095 sponsa
3470 5028 3716 5081 Michaeli
3756 5030 4011 5097 Augusto

2423 5126 2659 5187 Juniori,
2687 5140 2849 5194 quam
2877 5124 2949 5175 ait
2980 5138 3142 5197 opera
3165 5130 3221 5175 et
3249 5121 3592 5176 suasionibus
3619 5121 4009 5176 deducendum

2428 5220 2716 5274 adductam
2751 5219 2813 5272 ad
2855 5216 3178 5284 ejurandum
3215 5214 3377 5269 ritum
3414 5216 3670 5283 patrium.
3698 5214 3823 5268 Acri
3856 5216 4006 5268 (λιι-ρει

2424 5314 2739 5383 religionem
2770 5312 3000 5365 discidio
3032 5311 3263 5375 invicem
3308 5309 3659 5363 abhorruisse
3696 5309 3919 5363 Grmcos
3954 5322 4012 5363 et

2424 5407 2687 5460 Armenos
2722 5418 2830 5458 non
2866 5403 3030 5458 semel
3071 5403 3121 5454 in
3149 5401 3298 5455 hisce
3324 5403 3674 5455 historiarum
3712 5400 3866 5453 libris
3904 5399 4012 5453 Pa-

2425 5493 2707 5561 chymeres
2759 5492 2957 5545 innuit.
2996 5489 3124 5543 Vide
3186 5491 3291 5544 \‘ol.
3329 5489 3369 5551 l,
3427 5506 3481 5560 p.
3515 5491 3660 5556 £19;
3718 5492 3824 5543 vol.
3856 5490 3924 5555 ll,
3959 5508 4016 5559 p.

2424 5584 2549 5644 242,
2585 5595 2637 5635 et
2670 5598 2719 5650 p.
2758 5582 2885 5637 5%.
2922 5580 3125 5635 Solitos
3156 5597 3316 5649 porro
3346 5581 3561 5635 Grtecos
3605 5596 3698 5635 eos
3724 5582 3813 5646 qui
3842 5583 4016 5634 ritum

2428 5675 2658 5743 patrium
2692 5689 2813 5727 cum
2850 5690 2949 5726 suo
2990 5684 3261 5726 mutarent
3294 5675 3552 5728 unctione
3606 5673 3750 5726 velut
3785 5673 4013 5727 initiare

2424 5766 2677 5837 quadam,
2716 5777 2769 5820 et
2819 5767 2906 5819 hic
2943 5767 3095 5819 vides
3131 5782 3157 5816 τι
3212 5775 3399 5819 nostro
3452 5766 3709 5817 liistoriro
3762 5777 3817 5816 et
3870 5764 4015 5815 infra

2428 5876 2479 5930 ιι.
2509 5859 2631 5924 5'20,
2659 5859 2858 5916 diserte
2888 5858 3210 5913 affirmatum
3239 5859 3304 5913 de
3339 5857 3623 5921 Arna-uis;
3653 5868 3704 5912 et
3737 5856 3879 5911 idem
3919 5874 4019 5911 CUs
