4194 6444
228 412 341 476 8ἳ3

1756 408 1994 471 NOTAE.

3396 417 3499 477 814

225 544 501 600 usurpare
534 530 586 583 in
612 526 822 583 Latinis
858 531 924 584 ad
977 529 1136 583 ritum
1186 528 1434 584 Cnet-mn
1475 531 1809 585 transennri-
1848 538 1885 591 Α
1923 531 2021 584 Iros
2077 530 2341 585 terminos
2378 532 2535 601 spatii
2576 530 2723 587 intra
2772 533 2917 601 quod
2977 532 3263 602 digladiari
3307 534 3493 589 Veneri

225 622 357 686 bus,
417 622 717 693 accipimus
776 638 806 679 e
842 622 1036 678 litteris
1101 631 1411 677 nostrorum
1448 622 1715 694 hodieque
1751 624 1805 676 in

223 713 439 770 Graecia
474 718 804 787 degentium.

303 806 368 864 P.
397 809 525 864 209.
557 809 784 864 Latinis.
820 808 927 865 Hos
960 810 1183 865 Latinos
1239 811 1379 881 apud
1412 809 1627 866 Cretam
1660 814 1810 867 insu-

229 904 339 959 lam
378 903 550 958 armis
580 902 935 973 prevaleutes
983 903 1151 959 fuisse
1182 904 1415 961 Venetos
1468 905 1674 959 iudicat
1716 921 1811 959 no-

225 1004 347 1049 ster
398 993 560 1058 infra,
607 994 645 1048 l.
689 1009 791 1059 vit,
822 1008 872 1049 c.
906 992 960 1061 8,
995 996 1120 1048 dum
1169 994 1393 1049 solvisse
1424 995 1812 1050 Constantino-

227 1085 340 1153 poli
357 1085 581 1141 Cretam
608 1101 796 1141 versus
817 1085 1167 1140 Athanasium
1193 1088 1556 1156 patriarcliam
1578 1088 1780 1144 Alexan

225 1179 448 1234 drinum
481 1192 616 1233 nave
648 1177 851 1233 Veneta
886 1188 1137 1233 testatur.
1196 1178 1303 1233 Sed
1360 1190 1415 1235 et
1450 1182 1615 1245 idem,
1652 1181 1690 1237 Ι.
1730 1198 1810 1246 ιιι,

227 1286 280 1327 c.
322 1269 414 1338 19,
446 1271 592 1325 clare
624 1270 836 1326 dixerat
865 1272 1081 1326 Cretam
1110 1274 1359 1342 paruisse
1383 1272 1629 1329 Venetis.

301 1364 365 1420 P.
398 1366 525 1420 2H.
563 1364 748 1419 Mirari
809 1365 934 1420 licet
994 1368 1265 1435 quomodo
1317 1367 1815 1439 Philanthropenus

229 1458 437 1513 oﬂ‘erre
466 1457 827 1512 conditionem
861 1459 1118 1513 connubii
1173 1474 1359 1514 secum
1417 1461 1543 1516 huic
1602 1462 1813 1518 mulieri

228 1552 495 1621 potuerit,
530 1566 687 1620 quem
718 1566 781 1604 ex
817 1568 869 1621 p.
893 1550 1000 1605 2'26
1048 1552 1367 1621 intelligitur
1400 1553 1658 1609 habuisse
1690 1565 1816 1609 tunc

231 1645 397 1698 aliam
432 1643 726 1713 legitimam
756 1659 978 1698 uxorem
1025 1655 1079 1699 et
1114 1660 1179 1698 ex
1208 1662 1272 1701 ea
1314 1645 1504 1700 filium.
1541 1648 1622 1700 An
1656 1662 1815 1717 repu-

230 1736 507 1790 diaturum
536 1751 597 1790 se
622 1738 859 1790 ostendit
898 1736 981 1808 [P.
1021 1735 1158 1809 538]
1193 1738 1472 1810 antiquam
1500 1738 1813 1810 coujugem,

229 1839 290 1883 ut
326 1829 506 1882 locum
541 1844 690 1883 novae
718 1828 913 1883 daret?
942 1830 1020 1883 An
1070 1832 1269 1900 potius,
1306 1846 1427 1884 cum
1460 1831 1627 1887 sciret
1656 1833 1813 1887 istam

229 1922 449 1976 viduam
497 1922 837 1991 Salampaxis
870 1922 1051 1977 Persae
1079 1940 1182 1978 non
1208 1938 1370 1978 unam
1401 1922 1530 1993 ipsi,
1576 1926 1668 1979 sed
1700 1924 1813 1991 pri-

230 2018 460 2068 mariam
493 2016 634 2069 inter
665 2017 844 2083 plures
886 2014 1054 2070 fuisse
1092 2031 1341 2079 uxorem,
1391 2018 1629 2083 speravit
1666 2017 1812 2069 illam

225 2107 566 2162 credituram
597 2122 757 2175 posse
802 2107 1132 2161 connubium
1198 2108 1301 2162 rite
1360 2108 1487 2161 iniri
1547 2124 1670 2161 curn
1699 2108 1814 2162 viro

225 2210 612 2268 praeoccupato
646 2201 766 2253 aliis
796 2201 1033 2270 nuptiis?
1065 2216 1184 2262 seu,
1213 2201 1354 2271 quod
1388 2201 1561 2255 innuit
1588 2202 1813 2256 histori-

223 2306 350 2353 cus,
393 2307 501 2345 non
537 2307 603 2346 ex
642 2307 771 2346 vero
799 2294 939 2359 ha-c,
959 2292 1051 2347 sed
1076 2303 1255 2347 astute
1284 2292 1716 2348 obtendebantur
1746 2294 1811 2345 ad

225 2376 605 2439 inducendam
653 2385 706 2440 in
734 2385 981 2440 fraudem
1023 2386 1285 2440 feminam
1348 2394 1611 2454 cxteram,
1648 2397 1700 2442 et
1732 2387 1813 2442 sic

220 2476 569 2543 eripiendam
595 2479 642 2532 ei
673 2493 836 2547 quam
878 2478 1095 2532 tenebat
1123 2495 1328 2534 arcem.

300 2568 361 2625 P.
407 2570 536 2625 2‘25.
584 2569 990 2625 Ἀντιδόσεσιν
1026 2569 1199 2637 ἱερῶν
1228 2570 1584 2640 ἑγκολπὶων.
1610 2574 1686 2629 De
1711 2573 1812 2629 ltoc

230 2679 386 2718 more
452 2664 702 2717 firmandi
738 2672 894 2733 pacta
931 2680 1025 2732 per
1060 2673 1298 2717 mutuam
1334 2666 1681 2721 traditionem
1717 2682 1808 2721 sa-

225 2768 448 2809 crorum
505 2755 868 2809 amuletorum
903 2770 935 2810 e
974 2755 1112 2810 collo
1157 2772 1542 2826 snspensorum
1583 2758 1809 2813 videnda

224 2863 346 2915 qua:
412 2848 718 2903 notavimus
768 2848 1047 2903 Clossario
1116 2851 1324 2918 priori,
1394 2852 1561 2905 verbo
1618 2854 1809 2922 ἐγκόλ-

228 2958 350 3003 πια,
386 2940 483 2995 ubi
516 2942 789 3010 geminum
849 2941 972 2995 huic
1023 2941 1387 2998 Cautacuzeni
1425 2944 1622 3011 locum,
1654 2946 1690 3000 l.
1722 2963 1807 3009 nr,

231 3050 277 3083 ;-.
318 3032 406 3096 t7,
445 3047 474 3086 a
512 3032 901 3103 παρερμηνείᾳ
929 3033 1224 3089 doctissimi
1260 3035 1457 3104 alioqui
1504 3043 1558 3089 et
1587 3050 1809 3089 accura-

231 3124 434 3176 tissimi
460 3126 769 3178 necessario
806 3125 1143 3179 vindicamus
1185 3126 1521 3193 interpretis.

1918 638 2039 678 cum
2086 624 2465 681 Cenuensihus
2503 642 2567 680 ex
2624 640 2783 695 pacm
2830 642 2951 680 cum
2998 627 3329 696 imperatore
3361 630 3495 682 inito

1919 719 2225 787 nequirent,
2262 721 2339 773 sic
2365 720 2663 787 estpriniit:
2703 719 2836 772 Ἀπὸ
2862 718 2956 772 τοῦ
2998 719 3190 772 στενοῦ
3226 721 3461 773 Καλλιου

1918 810 2131 871 πόλεως
2165 811 2330 881 μέχρι
2360 812 2454 864 καὶ
2487 812 2579 864 τοῦ
2617 812 2787 880 ἱεροῦ.
2834 810 2971 877 Quid
3000 822 3153 865 vocet
3186 813 3334 882 ἱερὸν
3383 815 3499 883 ipse

1920 902 2134 958 viderit.
2194 904 2401 959 Fauces
2443 904 2659 973 quidem
2712 905 2776 958 ad
2813 904 3120 971 Callipolim
3152 907 3354 959 etedem
3388 922 3496 960 non

1919 1005 2044 1046 sunt
2075 1010 2195 1048 cun:
2224 995 2476 1051 l'.urcibus
2509 1012 2629 1066 quae
2684 998 2747 1049 ad
2783 996 2979 1052 Seston
3017 1007 3069 1050 et
3101 997 3369 1067 Abydum,
3399 999 3497 1050 sed

1916 1098 1946 1137 e
1981 1084 2248 1137 diametro
2273 1085 2374 1138 illa:
2400 1095 2528 1139 sunt
2564 1085 2794 1138 invicem
2819 1086 3107 1155 oppositae,
3147 1085 3325 1140 media
3354 1085 3495 1139 inter

1921 1185 2182 1243 utrasque
2224 1176 2577 1245 Propontide.

1993 1267 2055 1340 μ’
2091 1268 2215 1341 559]
2261 1269 2319 1323 Ρ.
2354 1269 2480 1324 242.
2513 1270 2667 1337 Quod
2696 1271 2911 1325 codices
2936 1270 2975 1324 Β
3000 1278 3052 1325 et
3080 1270 3123 1322 Α
3150 1269 3214 1323 ἐκ
3243 1287 3389 1332 τινος
3416 1269 3500 1321 al.»

1920 1362 2040 1423 tia;
2076 1363 2291 1423 simia;
2322 1362 2542 1427 habent,
2580 1361 2701 1416 Vat.
2733 1364 2990 1432 exprimit
3019 1362 3084 1416 ἐκ
3134 1379 3281 1424 τινος
3328 1363 3501 1433 μηδι-

1924 1455 2086 1524 μινῆς
2112 1456 2313 1519 αἰτίας,
2346 1473 2512 1509 causa
2542 1457 2622 1510 vel
2654 1456 3043 1511 oﬂensiuncula
3078 1456 3250 1509 nihili.

1994 1543 2128 1599 Ibid.
2166 1543 2275 1598 Rea:
2317 1545 2650 1601 Armeniw...
2690 1544 2842 1599 Hunc
2872 1558 3052 1612 regem
3093 1543 3365 1597 Armenia:
3398 1541 3493 1595 Sa»

1925 1645 2105 1697 nutus,
2137 1635 2171 1689 l.
2206 1651 2289 1701 nr,
2323 1651 2376 1704 p.
2411 1637 2500 1701 15,
2550 1652 2601 1694 c.
2637 1636 2692 1699 2,
2726 1635 3065 1705 llaythouem
3110 1644 3286 1698 vocat,
3320 1645 3374 1686 et
3407 1648 3496 1685 ve-

1924 1730 2074 1783 nisse
2102 1728 2625 1798 Constantinopolim
2657 1729 2787 1783 dicit
2835 1744 2899 1783 eo
2932 1729 3073 1797 quod
3116 1725 3348 1780 Michael
3381 1726 3495 1778 Au-

1921 1822 2131 1875 dronici
2198 1820 2340 1876 filius
2388 1837 2629 1875 sororem
2689 1837 2846 1877 suam
2896 1824 3303 1889 desponsasset.
3350 1818 3497 1871 Con-

1921 1924 2123 1984 gruunt
2159 1915 2273 1969 hinc
2324 1896 2842 1985 cum-Pachynierc,
2892 1914 2982 1984 qui
3018 1915 3270 1981 superius
3309 1912 3497 1966 docuit

1919 2007 2064 2078 regis
2126 2007 2398 2064 Armeniae
2452 2008 2614 2061 filiam
2676 2008 2902 2062 Mariam
2968 2009 3187 2062 nomine
3243 2005 3495 2060 Michaeli

1920 2102 2189 2170 nupsisse.
2221 2102 2468 2170 Explicat
2532 2112 2713 2154 autem
2774 2101 3018 2155 Sanutus
3057 2102 3122 2154 de
3157 2114 3265 2169 quo
3295 2112 3496 2169 genere

1916 2195 2198 2249 convictus
2233 2195 2595 2263 Pachymeres
2644 2205 2791 2264 agat,
2852 2195 2978 2249 dum
3012 2196 3087 2248 ait
3118 2195 3261 2248 hunc
3310 2209 3491 2263 regem

1916 2302 2040 2341 cum
2080 2286 2285 2343 Freriis
2320 2288 2541 2343 vixisse.
2582 2286 2750 2342 Docet
2784 2288 2985 2357 quippe
3014 2287 3313 2357 snmpsisse
3340 2286 3491 2340 illum

1916 2379 2159 2434 habiturn
2191 2381 2396 2435 ordinis
2426 2381 2693 2435 MLnoruru
2728 2381 2785 2437 S.
2816 2382 3122 2448 Francisci,
3154 2392 3209 2435 et
3239 2391 3296 2433 ut
3332 2380 3494 2433 soda-

1915 2474 2020 2529 lem
2054 2475 2245 2528 lioruni
2290 2475 2511 2529 Patrum
2546 2483 2601 2529 et
2643 2474 2864 2529 fratrem
2897 2472 3365 2542 Constantinopoli
3404 2474 3492 2524 vi-

1915 2568 2269 2633 xisse;unde
2325 2580 2540 2636 sumpta
2598 2567 2887 2623 occasione
2937 2566 3139 2622 Sebth
3192 2564 3494 2635 llaythonis

1915 2661 2085 2715 frater
2120 2674 2343 2729 regnum
2376 2660 2648 2715 Armenia:
2678 2660 2984 2729 occupavit.
3018 2660 3118 2726 Qui
3159 2660 3320 2713 etiam
3352 2657 3495 2729 llay-

1922 2756 2145 2808 thonem
2190 2752 2383 2806 deinde
2433 2760 2647 2819 captum
2698 2753 3016 2806 excaecavit.
3077 2751 3183 2806 Sed
3235 2754 3278 2807 is
3307 2753 3494 2806 divino

1915 2846 2178 2900 miraculo
2219 2861 2432 2899 rursum
2495 2845 2722 2914 adeptus
2783 2862 2942 2899 usum
2997 2845 3302 2910 oculorum,
3341 2850 3492 2916 regni

1911 2939 2039 3004 qrrin
2085 2926 2247 2991 etiam
2300 2953 2521 3005 compos
2556 2948 2639 2992 est
2664 2936 2880 3001 iactus;
2912 2948 2965 2993 et
3007 2937 3305 2993 Sebathum
3346 2937 3493 2992 Con-

1910 3031 2314 3098 stantinopolim
2369 3032 2537 3093 misit,
2592 3046 2787 3097 rogans
2838 3032 3223 3098 imperatorem
3260 3040 3319 3085 ut
3366 3048 3489 3085 eum

1913 3123 2020 3177 illic
2051 3122 2341 3179 detineret.
2395 3123 2516 3177 llaec
2554 3123 2625 3176 ibi
2686 3123 2947 3178 Sanutus.
2983 3123 3046 3176 Et
3105 3138 3170 3178 ex
3203 3138 3268 3179 eo
3320 3122 3492 3179 fusius

299 3218 365 3271 P.
395 3216 526 3270 253.
561 3214 734 3270 Terra:
794 3217 977 3281 motui,
1030 3220 1119 3286 qui
1174 3235 1266 3287 per
1294 3220 1654 3274 excellentiam
1696 3238 1810 3274 ma-
1842 3236 1882 3295 ε
1913 3212 2232 3282 Spondanus
2264 3230 2353 3265 au.
2383 3214 2518 3267 Chr.
2554 3212 2711 3275 19.94,
2742 3230 2796 3266 n.
2842 3211 2906 3265 10
2942 3223 2991 3266 et
3028 3212 3114 3266 Η.

228 3325 362 3375 gnua
395 3309 716 3375 appellatur.
774 3308 911 3363 Puto
970 3311 1054 3364 hic
1088 3311 1240 3365 innui
1294 3321 1452 3366 terra:
1485 3324 1686 3369 motrrm
1715 3316 1807 3383 qui

229 3416 371 3454 anno
394 3399 528 3455 Chr.
552 3401 687 3455 1202
707 3402 947 3456 omnium
974 3403 1138 3455 laudo
1162 3405 1469 3458 auditorum
1497 3421 1591 3475 per
1615 3406 1807 3460 Orien-

232 3503 336 3546 tem
366 3492 679 3546 dirissimus
713 3494 960 3562 contigit,
998 3509 1157 3562 quem
1196 3494 1463 3551 Robertus
1513 3503 1809 3554 monachus

226 3585 694 3640 Antisiodorensis
756 3586 810 3639 in
872 3603 968 3641 sua
1002 3588 1368 3657 Chronologia
1425 3591 1696 3658 incepisse
1732 3594 1808 3645 ait

224 3677 412 3731 triduo
447 3687 573 3731 ante
607 3678 1017 3742 Ascensiouem,
1056 3688 1112 3733 et
1146 3694 1209 3733 eo
1258 3679 1481 3750 Tyrum,
1515 3681 1807 3748 Acconem,

228 3768 521 3837 Tripolim,
571 3780 703 3835 etc.,
749 3786 941 3841 magna
980 3787 1043 3826 ex
1074 3783 1226 3840 parte
1274 3773 1597 3828 concidisse.
1637 3774 1808 3843 Hujus

228 3861 442 3932 antiqui
470 3871 629 3915 terra:
665 3873 842 3917 motus
874 3864 1187 3917 meminisse
1223 3874 1492 3932 poterant.
1546 3883 1669 3921 cum
1707 3869 1807 3922 iste

228 3953 368 4006 alius
402 3953 472 4006 de
523 3968 631 4019 quo
675 3964 858 4008 noster
888 3956 996 4024 agit
1029 3955 1128 4007 hoc
1166 3953 1285 4007 loco
1336 3953 1803 4025 Constantinopoli

224 4045 391 4116 752
419 4046 651 4114 centigit
682 4048 902 4102 circiter
950 4063 1153 4102 annum
1200 4047 1331 4103 Chr.
1386 4048 1545 4115 1296,
1581 4050 1807 4116 quicun-

227 4152 332 4203 que
368 4137 628 4191 vivebant
659 4140 956 4193 centenarii
1012 4149 1106 4192 aut
1137 4143 1294 4207 paulo
1333 4142 1661 4195 centenariis
1692 4157 1804 4193 rna-

224 4231 397 4297 jeres.
453 4227 701 4283 Meminit
731 4228 954 4283 alterius
999 4231 1584 4299 Consrantinopolirani
1648 4242 1806 4286 terrae

230 4330 414 4374 uictus
455 4318 635 4388 magni
678 4319 912 4387 scriptor
973 4318 1110 4373 Vite
1167 4319 1414 4392 Gregorii
1450 4319 1541 4388 IV,
1576 4320 1802 4375 Romani

228 4418 407 4477 pont.,
439 4410 682 4463 referens
711 4424 833 4463 eum
866 4411 1159 4480 contigisse
1187 4427 1330 4466 anno
1355 4411 1488 4468 Chr.
1521 4414 1675 4477 1251,
1697 4430 1804 4483 quo

230 4504 308 4555 ait
355 4500 559 4555 multas
588 4501 779 4556 domos
807 4510 862 4556 et
904 4502 1104 4571 templa
1154 4502 1627 4573 Constantinopoli
1682 4520 1803 4559 cor-

224 4595 429 4648 ruisse.
465 4594 534 4647 At
568 4593 727 4663 hujus
784 4594 1059 4648 recordari
1098 4593 1179 4648 vel
1213 4571 1612 4666 septuagenarii
1652 4606 1801 4666 pote-
1834 4571 1883 4630 υ

228 4694 377 4738 rant.
417 4683 626 4738 Iudicat
658 4690 838 4738 autem
874 4693 1058 4739 noster
1085 4684 1231 4739 solos
1263 4701 1360 4741 eos
1394 4688 1483 4757 qui
1523 4687 1662 4741 ultra
1690 4688 1805 4741 vnlc

227 4790 416 4845 garem
452 4775 669 4829 modum
696 4777 1024 4840 senuissent,
1057 4777 1199 4832 illius
1227 4780 1406 4848 magni
1443 4791 1600 4835 terrae
1632 4790 1805 4835 motus

228 4867 474 4936 potuisse
504 4866 822 4920 memoriam
855 4868 1062 4921 testari.
1093 4866 1272 4934 Quare
1298 4869 1643 4925 verisimilius
1666 4870 1805 4924 forte

229 4960 398 5016 fuerit
455 4959 542 5013 hic
571 4959 863 5029 significari
900 4968 1063 5015 terra:
1096 4970 1297 5015 motum
1332 4962 1458 5016 anni
1503 4963 1661 5037 1222,
1700 4979 1805 5030 quo

229 5054 525 5117 Casarius,
553 5052 588 5106 1.
620 5068 677 5116 x,
711 5066 762 5106 e.
797 5052 888 5119 47,
923 5053 1092 5107 refert
1144 5055 1197 5107 in
1233 5054 1413 5124 Cypro
1463 5040 1636 5109 insnia
1669 5058 1807 5109 duas

230 5147 482 5199 civitates
512 5154 673 5199 terra:
706 5154 853 5198 motu
879 5144 1049 5198 fuisse
1081 5145 1393 5209 subversas,
1426 5155 1479 5201 et
1512 5147 1563 5199 in
1618 5162 1802 5199 earum

233 5239 406 5293 altera
442 5237 754 5307 episcopum
784 5237 960 5291 sacris
987 5247 1301 5305 Operantem
1333 5248 1385 5292 et
1426 5238 1630 5291 circum
1664 5254 1801 5307 pra:—

233 5341 447 5384 seutem
482 5328 740 5396 populum
773 5330 954 5399 templi
987 5330 1143 5385 ruina
1174 5329 1380 5398 pariter
1402 5330 1629 5385 obrutos
1680 5346 1803 5398 prr-

232 5422 385 5475 iisse.

297 5511 358 5565 P.
388 5510 519 5565 259.
560 5509 753 5565 Petrus
779 5509 995 5574 Gillius,
1034 5512 1071 5566 Ι.
1108 5526 1146 5566 ll
1182 5512 1256 5565 De
1288 5515 1634 5582 topographia
1661 5514 1804 5567 urbis

230 5602 746 5669 Constantinopolis,
780 5619 831 5657 c.
865 5602 919 5667 6,
973 5604 1249 5657 existimat
1275 5605 1508 5658 Pharum
1539 5605 1705 5661 fuisse
1733 5608 1802 5660 si-

232 5705 338 5747 tam
370 5694 426 5747 in
462 5693 835 5760 promontorio
864 5692 1025 5747 Ceras
1052 5693 1217 5747 dicto.
1252 5695 1328 5748 De
1363 5694 1463 5749 hac
1509 5696 1684 5750 Pharo
1717 5697 1803 5750 hic

231 5790 312 5857 agi
365 5788 669 5843 verisimile
716 5788 951 5843 videtur.
988 5789 1143 5843 Unde
1187 5789 1511 5843 crediderim
1545 5790 1803 5845 aberrare

231 5879 296 5934 ab
330 5880 573 5934 auctoris
601 5880 868 5934 sententia
900 5879 1263 5935 breviutorem
1299 5880 1637 5949 Vaticanum,
1674 5885 1798 5937 dum

1985 3305 2043 3358 P.
2072 3304 2199 3357 247.
2250 3305 2364 3374 Τὴν
2397 3304 2528 3371 γοῦν
2565 3306 2816 3373 ἀνάγκην
2866 3304 3117 3372 γίνεσθαι
3152 3305 3314 3375 χάριν
3361 3307 3490 3373 νικᾷ

1911 3398 1976 3465 τῇ
2010 3396 2245 3450 συνέσει.
2286 3397 2373 3449 Sic
2414 3398 2582 3450 codex
2619 3396 2679 3450 Β.
2741 3395 2858 3449 Val.
2892 3409 3074 3450 autem
3116 3398 3242 3467 νικᾷ
3294 3397 3425 3466 γ-ιῦν
3453 3402 3487 3467 ἡ

1913 3491 2131 3555 σύνεσις
2160 3490 2223 3543 τὸ
2252 3493 2430 3544 ποιεῖν
2483 3493 2647 3561 χάριν
2686 3494 2785 3562 τὴν
2843 3492 3113 3560 ἀνάγκην.
3165 3491 3489 3548 Perobscurt

1913 3582 2015 3637 loci
2053 3592 2111 3635 ut
2136 3583 2305 3652 possit
2344 3582 2599 3653 intelligi,
2656 3584 2890 3652 primum
2947 3584 3327 3638 constituenda
3354 3586 3487 3639 scri-

1911 3684 2068 3743 ptura
2114 3686 2218 3730 est.
2264 3676 2401 3730 Puto
2445 3676 2499 3730 in
2530 3691 2662 3731 voce
2697 3679 2844 3746 νικᾷ,
2886 3686 2941 3731 ut
2977 3678 3029 3731 in
3058 3692 3109 3730 c.
3149 3676 3190 3730 Β
3220 3692 3342 3731 cum
3376 3679 3487 3731 cir-

1912 3768 2180 3823 cumflexo
2236 3770 2288 3821 in
2351 3770 2542 3823 ultima
2612 3769 2830 3840 legitur,
2865 3772 3118 3824 mendum
3170 3787 3311 3826 esse.
3368 3771 3485 3825 Non

1909 3861 2052 3915 enim
2096 3870 2179 3917 est
2216 3862 2329 3914 haec
2360 3862 2519 3915 tertia
2563 3875 2797 3927 persona
2828 3862 3105 3916 indicativi
3140 3864 3421 3932 pra-sentis
3456 3882 3483 3913 ιι

1911 3954 2103 4017 νικὰω,
2134 3956 2281 4022 νικᾷ,
2316 3954 2410 4008 sed
2467 3954 2702 4008 secunda
2734 3952 2895 4023 753
2942 3969 3169 4022 persona
3204 3967 3486 4023 praesentis

1914 4046 2234 4112 imperativi.
2258 4044 2444 4114 itaque
2470 4047 2710 4099 acuenda
2732 4047 3030 4114 peuultirna
3058 4055 3162 4112 est,
3187 4057 3246 4102 trt
3268 4049 3339 4101 sit
3360 4047 3483 4100 νίκα.

1910 4148 2252 4192 contractum
2288 4154 2351 4191 ex
2386 4137 2564 4191 vixere.
2595 4137 2658 4191 Et
2690 4138 2847 4208 hujus
2875 4139 3166 4208 vestigium
3196 4141 3484 4210 scriptura:

1910 4230 2124 4299 aliquod
2154 4231 2322 4284 videri
2357 4240 2532 4298 potest
2560 4230 2811 4299 przef'erre
2843 4230 2961 4285 Vat.
2990 4233 3183 4299 codex,
3209 4237 3332 4288 dum
3361 4234 3486 4288 ulti-

1910 4335 2048 4373 mam
2085 4322 2235 4375 acuit
2269 4321 2321 4373 in
2352 4334 2482 4373 voce
2533 4320 2683 4383 νικά,
2722 4321 2774 4374 in
2806 4324 2932 4375 sede
2964 4332 3242 4389 accentus,
3278 4340 3385 4377 non
3423 4326 3479 4378 iu

1910 4421 2130 4465 accentu
2186 4425 2439 4477 peccans.
2486 4410 2576 4465 Sic
2634 4416 2701 4465 ad
2769 4415 2990 4465 ver-bu...-
3054 4415 3170 4468 lnec
3228 4425 3479 4469 sonant:

1914 4501 2072 4556 Vince
2092 4502 2388 4566 prudentia,
2423 4513 2477 4556 ut
2515 4507 2796 4559 necessitas
2842 4508 3016 4572 gratia
3052 4507 3167 4571 ﬁat.
3206 4507 3316 4561 Hoc
3346 4516 3429 4561 est
3463 4526 3479 4557 :

1909 4609 2029 4647 cum
2057 4595 2125 4648 sit
2169 4610 2392 4649 necesse
2442 4612 2538 4649 risu
2569 4597 2677 4667 iam
2716 4608 2929 4664 recepto
2966 4598 3097 4650 dare
3129 4597 3341 4651 titulum
3375 4596 3481 4651 fra-

1910 4685 2010 4740 tris
2039 4687 2090 4739 in
2124 4686 2318 4741 litteris
2353 4688 2590 4753 Sullani,
2625 4704 2691 4742 ne
2715 4691 2927 4742 dubites
2965 4689 3064 4743 hoc
3117 4688 3351 4744 libenter
3395 4688 3477 4742 l‘a-

1907 4792 2054 4845 cere,
2089 4779 2521 4833 consideratione
2564 4784 2879 4847 scrupuium
2920 4779 3159 4834 vincens.

1978 4869 2039 4923 P.
2070 4870 2197 4925 250.
2233 4870 2363 4935 Quae
2391 4887 2510 4925 cum
2540 4873 2614 4924 ita
2656 4874 2783 4938 sint,
2817 4874 2933 4926 acri
2967 4888 3096 4938 opus
3130 4889 3239 4927 esse
3280 4873 3477 4927 delibe-

1908 4965 2133 5025 ratione,
2185 4973 2291 5017 etc.
2343 4961 2435 5017 llis
2492 4965 2677 5019 verbis
2711 4966 3011 5030 explicatur
3063 4974 3229 5020 aestus
3286 4967 3481 5030 animi,

1909 5072 2019 5124 quo
2052 5057 2357 5124 patriarcha
2408 5067 2463 5108 et
2494 5056 2790 5123 imperator
2822 5070 2887 5109 ex
2924 5058 3157 5125 repertis
3197 5056 3479 5110 Athanasii

1909 5148 2127 5216 scriptis
2157 5148 2303 5199 diras
2345 5148 2745 5201 intentantibus
2778 5148 3158 5214 turbabantur,
3197 5164 3333 5201 vano
3362 5149 3484 5217 qui-

1908 5244 2027 5291 dem
2067 5251 2233 5292 metu.
2264 5236 2398 5291 Nam
2437 5239 2565 5308 quid
2600 5255 2665 5294 ex
2701 5240 2983 5309 impotenti
3012 5240 3207 5310 privati
3234 5241 3347 5309 jam
3382 5240 3483 5293 ho-

1909 5328 2069 5382 minis
2126 5329 2406 5382 iracundia
2448 5331 2655 5385 chartis
2689 5331 3039 5386 clanculariis
3087 5331 3275 5385 timide
3307 5331 3479 5385 indita

1908 5418 2183 5474 formidari
2213 5421 2337 5490 jure
2367 5422 2616 5489 poterat?
2644 5421 2845 5475 Tamen
2872 5421 2960 5477 isti
2993 5422 3351 5484 schismatici,
3384 5424 3478 5490 qui

1907 5511 2177 5565 dirissima
2234 5513 2475 5566 omnium
2531 5514 2878 5567 anathemata
2932 5513 3073 5567 ultro
3110 5529 3385 5566 arcessere
3423 5518 3474 5566 in

1904 5618 1998 5657 sua
2035 5605 2275 5671 ipsorum
2306 5605 2483 5669 capita
2510 5618 2614 5657 non
2646 5604 2965 5658 dubitabant
2990 5606 3291 5657 obedientia
3316 5604 3478 5658 Chri-

1904 5699 1967 5751 sti
2026 5698 2230 5750 vicario
2284 5698 2527 5766 neganda
2580 5706 2634 5750 et
2664 5696 3009 5750 dilaceranda
3057 5695 3479 5758 Ecclesia,reli-

1904 5790 2039 5859 gicsi
2077 5803 2247 5858 usque
2270 5792 2334 5842 ad
2360 5789 2803 5858 superstitionem
2834 5802 3092 5857 apparere
3124 5786 3473 5854 aﬂ‘ectabant,

1906 5883 2013 5938 illic
2071 5882 2405 5952 trepidantes
2465 5884 2657 5937 timore
2698 5883 2787 5937 ubi
2858 5897 2960 5935 non
3024 5889 3143 5934 erat
3204 5880 3476 5947 timor,ut
