4194 6444
218 432 326 496 Si?

1708 451 1756 508 Ν
1762 451 1954 515 ()TAE.

3391 457 3496 521 818

213 547 532 616 ostendam,
569 550 667 606 fuit
693 550 892 609 Christi
929 557 1089 612 1299.
1113 556 1216 624 Qui
1244 574 1421 614 annus
1451 577 1572 614 cum
1607 578 1796 618 nunte-
1828 582 1878 641 Α
1905 566 2158 636 βασιλεὺς
2185 567 2384 631 ἔξεισι·
2419 567 2562 622 Tunc
2591 573 2755 638 igitur
2775 579 2998 637 paratus
3024 571 3314 635 imperator
3342 578 3492 629 exiit.

211 642 426 692 raverit
461 643 667 712 cyclnm
698 646 831 701 solis
871 649 961 710 ‘20,
989 651 1073 705 cui
1117 654 1382 720 competit
1414 653 1596 709 littera
1639 656 1798 709 index

215 731 517 786 Dominicae
573 734 636 799 D,
687 737 1005 809 intelligitur
1071 743 1159 797 ltic
1215 756 1574 800 memoratam
1613 745 1804 802 feriam

207 835 429 880 sextam
463 827 683 882 ineunte
707 828 1083 889 Februarioin
1102 847 1316 891 sextum
1346 837 1630 894 Februarii
1661 842 1803 896 diem

208 925 504 982 incidisse.
556 927 682 983 Fuit
739 945 872 998 ergo
929 933 1053 988 talis
1107 935 1214 990 diei
1269 951 1497 1007 vespera
1547 938 1802 992 incboata

207 1021 674 1075 commemoratio
722 1023 1105 1079 defunctorum
1160 1042 1306 1082 mere
1356 1030 1801 1094 bebdomadaria,

206 1124 318 1162 non
360 1121 544 1164 autem
578 1128 680 1167 una
714 1130 780 1168 ex
810 1118 1156 1173 solemnibus
1187 1129 1529 1176 mortuorum
1565 1138 1804 1195 panegy-

207 1203 390 1263 rilms,
423 1219 544 1273 qua:
585 1206 688 1270 bis,
716 1215 773 1261 ut
799 1224 862 1262 ex
900 1208 1187 1266 Gennadio
1215 1212 1542 1277 audivimus,
1574 1217 1625 1268 in
1661 1229 1804 1268 anno

205 1300 543 1351 caeremonia
607 1301 949 1369 exquisitiori
985 1304 1360 1371 celebrantur,
1392 1307 1634 1360 Sabbato
1662 1324 1802 1378 pra:-

207 1391 444 1446 cedente
484 1391 814 1448 Dominicatn
881 1397 1167 1466 Ἀπόκρεω
1198 1401 1334 1462 sive,
1369 1410 1424 1454 ut
1477 1415 1596 1454 cum
1645 1404 1801 1470 vulgo

207 1485 431 1552 loquar,
469 1486 818 1554 Curuispririi
848 1487 1181 1555 Cra-corum,
1213 1507 1332 1556 qum
1365 1494 1623 1546 coincidil
1675 1509 1797 1547 cunt

206 1587 406 1630 nostra
441 1577 718 1633 DOInittica
750 1582 1141 1651 SL‘XHg"SiH‘€B.
1165 1596 1218 1636 et
1252 1584 1491 1638 Saltltalo
1517 1596 1640 1641 ante
1665 1584 1798 1640 Pett-

209 1679 488 1724 tecostcn.
538 1671 672 1724 Nam
731 1675 797 1727 de
853 1675 1092 1728 Sabbatn
1148 1678 1366 1746 quidem
1424 1677 1797 1743 Pentecostes,

207 1765 348 1817 Salis
379 1775 530 1832 patet
558 1782 719 1834 quam
757 1784 783 1819 a
840 1786 1021 1824 mense
1054 1769 1353 1825 Febrnatio
1405 1786 1670 1826 ren-otutn
1705 1776 1794 1827 sit.

205 1857 516 1911 Sabbatum
550 1874 728 1914 autem
763 1860 1057 1916 Dominicze
1085 1863 1442 1932 Carnisprivii
1481 1866 1794 1921 Graecorum

1911 653 1985 709 ita
2017 658 2128 720 ille.
2163 660 2423 725 translata
2481 662 2544 714 ad
2605 674 2927 731 apparatum
2987 665 3338 732 profectionis
3390 668 3497 722 diei

1911 765 2240 817 parasceves
2281 754 2637 821 expressione
2670 773 2682 820 ;
2715 770 2825 822 quo
2864 766 2918 809 et
2949 756 3100 812 valde
3122 757 3500 828 superﬁciarie

1911 841 2228 896 defunctum
2257 845 2398 899 hunc
2421 847 2837 915 epitontatorem
2862 858 3107 918 apparet,
3131 861 3186 904 et
3211 865 3316 906 non
3343 851 3501 905 valde

1910 932 2078 990 fuisse
2110 939 2343 1006 peritum
2377 940 2579 992 rituum
2613 939 2928 995 Graecorum
2962 944 3200 1012 suspicio
3227 957 3496 1000 movetur.

1910 1027 2024 1081 Non
2069 1027 2240 1084 fuisse
2279 1031 2410 1085 mibi
2473 1040 2656 1086 tamen
2716 1033 2866 1089 illum
2929 1037 3204 1102 inutilem,
3241 1038 3328 1093 ltic
3384 1039 3500 1107 ipse

1907 1130 2062 1189 grate
2093 1123 2378 1191 protitendi
2417 1125 2569 1179 locus
2600 1135 2702 1181 est.
2733 1127 2864 1180 Nam
2901 1131 3148 1198 quaedam
3186 1132 3237 1185 in
3273 1133 3377 1187 hoc
3406 1148 3498 1188 ca-

1909 1213 2036 1280 pite,
2077 1224 2238 1281 prout
2269 1217 2593 1272 describitur
2627 1219 2678 1270 in
2711 1218 2992 1273 codicibus
3023 1221 3233 1276 duobus
3256 1224 3496 1292 alioquin

1906 1306 2148 1372 optimis,
2202 1307 2464 1363 diutittute
2515 1321 2605 1363 aut
2653 1312 3054 1368 cottfttsittscttle
3105 1317 3278 1382 posita
3311 1332 3499 1372 exstet-

1907 1394 2012 1446 tins
2036 1392 2332 1450 Vaticanus
2361 1399 2751 1466 parapltrasttes
2789 1411 2841 1456 et
2885 1404 3288 1469 intelligibilius
3330 1423 3498 1475 expo-

1907 1483 2002 1535 nit.
2035 1484 2212 1548 Quare
2245 1488 2487 1540 nomtiltil
2521 1504 2583 1542 ex
2607 1490 2693 1542 illo
2716 1493 3079 1559 interpretans
3104 1496 3332 1564 adscivi;
3355 1505 3497 1567 quod

1904 1575 2064 1641 quale
2090 1577 2182 1641 sit,
2207 1593 2292 1640 ne,
2318 1579 2406 1632 cui
2440 1579 2578 1634 forte
2605 1582 2654 1633 id
2683 1601 2829 1638 cura:
2853 1587 3034 1649 iuet-it,
3075 1588 3307 1657 ignoret,
3336 1593 3497 1644 verba

1902 1667 2020 1731 ejus
2039 1667 2123 1721 bic
2149 1670 2438 1725 ascribam.
2470 1671 2615 1728 Loco
2639 1675 2802 1742 igitur
2832 1691 3023 1732 eorum
3047 1693 3166 1748 qua:
3196 1693 3499 1752 sequuntur

1905 1761 1954 1812 in
1983 1770 2169 1816 nostro
2201 1776 2459 1819 contextu
2486 1767 2676 1823 (it-meo
2699 1783 2816 1839 post
2836 1773 2922 1825 illa
2960 1774 3121 1827 verba
3156 1774 3407 1846 Ἰωάννης
3437 1781 3496 1830 ii

1905 1872 2075 1926 usque
2110 1859 2175 1910 ad
2204 1858 2366 1914 linem
2395 1865 2614 1932 capitis,
2642 1865 2940 1922 Vaticanus
2966 1869 3028 1940 [P
3051 1870 3178 1944 545]
3211 1874 3320 1926 barr
3342 1880 3428 1926 ext
3458 1893 3498 1913 ι-

205 1951 326 2004 sive
387 1949 775 2020 Sexagesitttaa,
819 1955 911 2008 iHo
951 1971 1094 2010 anno
1129 1955 1338 2013 Pascha
1377 1959 1440 2012 i9
1469 1961 1669 2029 Aprilis
1700 1961 1794 2014 ba-

1903 1948 2019 2003 bet:
2047 1951 2106 2002 '0
2130 1951 2184 2004 δὲ
2203 1955 2549 2025 πατριάρχης
2569 1958 2738 2028 ἔμαθε
2769 1964 2828 2013 τὰ
2852 1963 3217 2032 βουλευόμενα
3241 1967 3390 2034 παρὰ
3415 1984 3496 2018 τιιε

205 2045 397 2103 ltcttle,
424 2043 522 2096 lttit
552 2045 666 2098 dies
699 2046 760 2098 21
803 2046 1104 2114 Februarii,
1127 2064 1247 2117 qua:
1274 2049 1338 2102 ad
1365 2051 1657 2118 Ληναιῶνα
1682 2053 1797 2103 ἐνε-

205 2137 456 2204 στηκότα
490 2139 752 2192 ineuntem
788 2137 1144 2194 Februarium
1175 2143 1322 2197 nullo
1352 2153 1510 2212 pacto
1538 2145 1794 2211 pertinet.

205 2228 416 2283 Notum
443 2231 644 2301 quippe
671 2235 806 2288 satis
834 2233 1022 2289 decem
1058 2243 1270 2288 tantum
1307 2236 1514 2304 primos
1539 2237 1800 2305 cujusque

208 2325 426 2378 mensis
452 2326 571 2380 dies
605 2327 706 2380 ista
738 2328 910 2397 μηνὸς
944 2329 1297 2400 ἐνεστηκότος
1332 2330 1526 2384 mensis
1567 2332 1796 2384 ineuntis

207 2418 355 2486 apud
393 2415 613 2472 Graecos
649 2421 1016 2488 appellatione
1062 2421 1373 2491 designari;
1405 2438 1526 2477 cum
1583 2423 1675 2491 qui
1710 2437 1796 2476 se-

207 2520 456 2576 quuntur
487 2511 555 2564 ad
584 2512 654 2566 20
685 2511 943 2568 μεσοῦντι
977 2513 1107 2584 μηνί
1137 2514 1391 2568 medianti
1451 2516 1636 2573 mensi.
1672 2517 1797 2569 reli-

205 2602 301 2670 qui
367 2607 438 2655 ad
496 2605 657 2658 linem
717 2596 890 2673 usque
932 2605 1180 2677 λήγοντι,
1212 2608 1313 2663 boc
1365 2618 1449 2661 est
1501 2609 1796 2671 desinenti,

210 2696 390 2750 mensi
429 2697 762 2753 tribuantur.
793 2700 974 2768 Atque
1011 2702 1112 2754 boc
1155 2700 1350 2768 ipsum,
1406 2702 1659 2755 videlicet
1710 2718 1800 2756 nr-

205 2787 486 2843 dinariam
520 2800 574 2844 et
610 2791 1092 2848 hebdomadariam
1129 2795 1394 2848 duntaxat
1438 2793 1606 2848 fuisse
1655 2796 1796 2850 hanc

204 2885 790 2938 commemorationem
844 2898 1204 2953 mortuorum,
1240 2888 1444 2943 iudicat
1496 2900 1680 2969 noster
1713 2889 1798 2944 lti-

204 2977 476 3042 storicns,
531 2977 659 3031 dum
713 2995 818 3033 non
877 2982 1405 3052 πανηγυριζομένων
1439 2984 1532 3037 sed
1587 3000 1796 3054 μνημοο

205 3072 522 3140 γευομένων
575 3071 850 3128 Ιιοοιιοοο
903 3075 1011 3128 τῶν
1065 3077 1488 3146 κεκοιμημένων
1525 3077 1794 3131 meminit.

205 3162 548 3217 iicntionem
585 3178 747 3232 porro
783 3164 895 3219 hic.
923 3166 1122 3220 factam
1186 3182 1538 3221 accensarutn
1589 3166 1792 3229 lacum,

203 3268 373 3322 quam
415 3269 518 3322 ego
580 3255 1033 3324 interpretatione
1067 3262 1134 3312 ad
1168 3259 1605 3315 ecclesiasticum
1638 3275 1792 3313 usum

1903 2059 2012 2104 νος.
2043 2045 2248 2108 "Etiam
2274 2048 2402 2116 γοῦν
2418 2050 2496 2120 τῷ
2517 2049 2729 2120 βασιλεῖ
2751 2072 2875 2107 συντ
2887 2057 3146 2123 λξύμενος
3169 2070 3259 2113 καὶ
3277 2061 3345 2114 τὰ
3369 2064 3486 2128 mp?

1901 2135 2108 2188 τούτων
2134 2141 2257 2210 κενή
2272 2158 2374 2194 πων
2399 2144 2743 2214 βουλόμενος.
2776 2149 2953 2203 Πολλὰ
2984 2153 3094 2222 γὰρ
3123 2151 3190 2224 ἦν
3221 2153 3288 2206 τὰ
3320 2171 3462 2224 προσ
3484 2187 3495 2195 -

1905 2227 2176 2297 ιστάμενα
2201 2233 2276 2301 τῷ
2304 2235 2742 2307 συναλλάγματι,
2773 2242 2992 2310 πρῶτον
3014 2245 3076 2297 τὸ
3100 2246 3372 2300 ἀπολῦσαι
3402 2251 3496 2318 τὴν

1906 2317 2044 2370 ἰδίαν
2096 2328 2331 2386 γυναῖκα
2367 2325 2458 2378 τὸν
2494 2330 2729 2400 κράλην,
2761 2333 3016 2406 δεύτερον
3075 2338 3337 2406 ἁνήλικον
3393 2341 3493 2410 τῆς

1905 2411 2197 2482 Θυγατρδς,
2237 2415 2422 2485 τρίτον
2456 2420 2513 2471 τὸ
2549 2423 2888 2492 ἀκουσθῆναι
2936 2426 3009 2490 ὡς
3070 2427 3458 2498 ὲπιδημήσασα

1901 2504 2002 2572 τὴν
2052 2507 2295 2576 μοναχὴν
2339 2514 2785 2585 γυναικαδέλφην
2809 2518 2904 2571 τοῦ
2940 2522 3212 2588 προτέρου
3253 2522 3471 2592 ἀδελφὴ.

1904 2598 2180 2666 Στεφάνου
2209 2600 2306 2654 τοῦ
2335 2605 2516 2675 κρὰλη
2557 2609 2636 2670 εἰς
2665 2609 2899 2679 Σερϐίαν
2935 2612 3068 2666 ἰδεῖν
3098 2614 3196 2686 τὴν
3224 2616 3481 2684 ἀδελφὴν.

1899 2689 2022 2759 ἥτις
2048 2685 2114 2762 ἦν
2145 2693 2287 2763 γυνὴ
2319 2695 2414 2747 τοῦ
2447 2695 2756 2766 Στεφάνων
2779 2701 2928 2766 ὅστις
2982 2700 3051 2774 ἦν
3080 2685 3172 2760 καῖ
3203 2707 3488 2775 κατεαγὼς

1897 2781 1959 2833 τὸ
1990 2781 2182 2847 σκέλος
2210 2802 2221 2813 ⁸
2257 2786 2345 2839 διὰ
2375 2787 2532 2842 τοῦτο
2582 2790 2680 2844 καὶ
2729 2793 3104 2864 ἀπραγμόνως
3141 2798 3237 2867 ἔζη
3265 2817 3278 2830 ·
3324 2801 3475 2864 aito,

1900 2871 2010 2944 γὰρ
2039 2870 2107 2946 ἦν
2125 2876 2464 2949 δικαιότερος
2487 2882 2587 2951 τὴν
2607 2883 2782 2954 ἀρχὴν
2805 2886 2972 2957 ἔχειν,
2993 2888 3068 2952 ὡς
3093 2892 3308 2960 πρῶτος
3331 2895 3487 2946 ἀδελ-

1902 2967 2004 3035 φάς
2031 2984 2046 2998 ·
2087 2971 2223 3042 αὐτὴ
2257 2972 2388 3040 γοῦν
2425 2977 2457 3046 ἠ
2489 2980 2700 3051 μοναχῆ
2735 2983 2829 3033 καὶ
2862 2982 2954 3035 τοῦ
2995 2983 3264 3054 βπσιλέωῖ
3293 2983 3359 3057 ἦν

1900 3063 2232 3152 ναικαδέλιρη
2263 3068 2328 3117 ἐκ
2353 3068 2451 3135 τῆς
2479 3069 2575 3121 τοῦ
2616 3072 2782 3140 ῥηγὸς
2813 3075 3112 3144 Οὑγγρίας.
3145 3081 3365 3152 Ταύτην
3391 3084 3449 3136 οἱ

1899 3151 2064 3221 (forte
2089 3159 2282 3229 ταύτῃ)
2318 3162 2593 3226 πορνικῶς
2628 3164 2875 3237 ἠκούσθη
2920 3172 3270 3242 συμμιγῆναι
3298 3178 3324 3227 ὁ
3349 3180 3471 3247 >ρᾶ-

1900 3243 1996 3313 λης
2022 3246 2050 3298 ὁ
2081 3249 2180 3319 τὴν
2220 3250 2498 3323 Θυγατέρα
2530 3257 2626 3310 τοῦ
2655 3257 2924 3328 βασιλέως
2949 3262 3262 3334 λαμϐάνων.

204 3358 433 3406 revoco,
496 3360 600 3399 non
653 3347 827 3402 deerit
858 3349 996 3404 forte
1035 3351 1125 3420 qui
1163 3352 1463 3406 contendat
1513 3351 1580 3405 ad
1641 3366 1790 3406 mere

1969 3337 2032 3394 Ρ.
2066 3341 2193 3397 506.
2233 3343 2590 3404 Enarralores
2622 3325 2827 3406 durari
2847 3325 3036 3422 poetic:
3069 3359 3216 3416 Sane
3249 3361 3299 3415 in
3332 3361 3454 3418 Crte

205 3435 427 3490 civilem
466 3436 801 3494 referendam
835 3440 1002 3496 fuisse
1030 3443 1318 3498 rationem.
1350 3442 1638 3498 Enimvero
1696 3460 1796 3499 nec

203 3543 306 3596 ego
338 3529 536 3597 ignoro
578 3531 670 3583 tali
701 3531 1019 3601 plerumque
1044 3533 1317 3588 locutione
1351 3536 1622 3604 designari
1659 3546 1794 3589 tetu-

206 3635 308 3687 pus
341 3635 591 3689 vespera
623 3623 822 3677 adultze
872 3639 1044 3694 usque
1091 3627 1159 3680 ad
1188 3625 1300 3695 jam
1356 3628 1794 3683 increbeseentes

205 3712 468 3767 tenebras
518 3723 644 3783 post
692 3731 948 3771 occasum
989 3717 1146 3782 solis,
1179 3722 1396 3789 quando
1450 3722 1516 3774 ad
1549 3737 1797 3777 necessa—

209 3804 349 3857 tiutn
384 3805 604 3859 videndi
652 3823 832 3873 usum,
886 3809 1029 3864 intra
1070 3811 1256 3864 domos
1306 3813 1604 3880 prarsertitn
1649 3813 1794 3866 faces

207 3896 606 3952 accenduntur.
641 3899 749 3954 Sed
799 3900 843 3954 si
902 3903 1025 3969 quis
1057 3905 1322 3958 attentius
1358 3912 1595 3972 reputet,
1629 3903 1794 3974 759

209 3988 422 4044 videbit
451 3990 598 4044 haud
631 4006 753 4046 esse
783 3993 1083 4048 verisimile
1137 3995 1546 4064 imperatorem,
1581 4009 1792 4048 summa

209 4083 519 4149 prtesertim
574 4093 626 4138 et
679 4085 846 4152 rigida
887 4086 1088 4151 hieme,
1125 4086 1314 4140 horam
1344 4086 1572 4153 elegisse
1609 4086 1793 4154 profe-

209 4174 376 4226 ctioni
427 4189 497 4228 ex
538 4175 673 4230 urbe
712 4178 1080 4246 capessendae,
1129 4194 1235 4248 qua
1298 4191 1456 4234 nocte
1507 4181 1795 4249 ingruente

207 4283 299 4320 aer
334 4268 511 4336 magis
543 4272 824 4339 magisque
853 4273 1265 4326 obscuraretur.
1295 4271 1475 4326 Prima
1509 4287 1641 4343 ergo
1666 4288 1794 4340 pars

210 4361 512 4430 vespertini
539 4366 822 4431 temporis,
861 4366 977 4420 sole
1003 4366 1069 4419 ad
1102 4381 1359 4421 occasum
1394 4377 1655 4438 vergente
1690 4369 1792 4421 sub

210 4455 431 4508 tertiam
490 4457 676 4508 boram
731 4474 760 4511 a
800 4459 1047 4523 meridie,
1110 4461 1463 4530 intelligenda
1517 4470 1622 4515 est.
1673 4460 1790 4513 Tali

210 4543 357 4594 ettint
400 4553 644 4610 tempore
675 4556 822 4601 recte
855 4548 1152 4617 imperator
1184 4566 1304 4604 cum
1341 4553 1791 4630 nntnerosissittzo

209 4651 310 4691 suo
341 4639 612 4692 comitatu
637 4641 766 4694 dare
788 4657 846 4695 se
877 4643 930 4695 itt
966 4643 1105 4696 viam
1158 4647 1352 4712 potuit,
1383 4647 1625 4714 reliquiis
1654 4645 1790 4698 lucis

207 4728 424 4783 diurnae
474 4730 781 4785 suﬂecturis
837 4734 901 4786 ad
953 4738 1373 4802 perveniendum
1429 4738 1480 4790 itt
1540 4737 1787 4790 dissitant

208 4823 402 4890 paucis
460 4824 788 4881 tniliiaribus
842 4841 905 4880 ac
935 4828 1304 4882 suburbanam
1341 4831 1630 4885 stationem
1673 4831 1788 4884 Uri-

209 4931 366 4980 peant
397 4933 411 4968 :
441 4915 514 4969 ibi
551 4918 696 4970 enim
753 4919 1114 4973 diversorium
1175 4920 1408 4974 babebat
1451 4930 1700 4989 paratum
1731 4927 1786 4989 i-n

212 5018 432 5060 nm'letn
472 5008 868 5077 insequentem.
901 5010 1016 5065 Non
1050 5025 1179 5078 ergo
1203 5013 1418 5078 quando
1451 5017 1583 5066 urbe
1606 5001 1790 5090 inille"-

212 5113 366 5153 rator
397 5101 568 5153 exivit
597 5102 710 5155 sole
761 5105 938 5155 adhuc
984 5103 1196 5156 lucente
1242 5103 1420 5157 civilis
1452 5109 1793 5157 necessitatis

210 5193 387 5257 gratia
426 5191 571 5246 iaces
595 5194 1052 5256 accendebantur.
1083 5211 1201 5248 cum
1227 5195 1384 5265 longe
1408 5199 1786 5275 (ξι-ςυυλυιιιιιιιι

211 5287 453 5338 abesset.
486 5287 663 5350 Quare
696 5296 864 5341 restat
905 5301 958 5339 ttt
990 5291 1038 5342 id
1075 5291 1141 5342 ad
1165 5304 1545 5342 caat'etnnniatn
1577 5295 1790 5358 l'lili'a'lu-

209 5395 324 5430 sam
360 5377 433 5430 sit
477 5377 844 5442 referendum,
875 5383 1132 5449 occupari
1181 5382 1435 5435 videlicet
1489 5382 1648 5432 solita
1674 5380 1750 5449 jat

211 5479 323 5522 tum
393 5471 734 5537 postridiaua
801 5476 1322 5527 commemoratione
1383 5461 1785 5540 defunctorum,

209 5563 580 5616 accendendis
606 5577 700 5632 per
723 5565 904 5617 omnia
942 5566 1137 5634 templa
1171 5565 1482 5619 luminibus.
1510 5567 1589 5619 Ad
1617 5578 1770 5620 extre

210 5671 359 5708 mum
396 5654 628 5708 observo
659 5657 984 5712 mentionem
1039 5658 1126 5712 ltic
1182 5661 1540 5729 παρασκευῆς
1574 5676 1679 5714 non
1710 5663 1793 5714 itt-

210 5747 484 5801 tcllectatu
517 5761 546 5799 a
593 5746 850 5802 Vaticano
896 5751 1252 5820 parapltrasle
1299 5752 1451 5820 juxta
1493 5767 1672 5804 veram
1737 5764 1785 5805 et

210 5843 464 5892 usitatam
500 5841 710 5894 auctori
765 5841 1040 5896 notionem
1098 5841 1246 5898 feria:
1298 5854 1482 5898 scxlrc.
1522 5844 1611 5898 Sic
1643 5846 1783 5897 enim

211 5929 356 5985 hunc
386 5930 565 5986 locant
602 5932 817 5990 exitibct
848 5954 861 5990 ;
897 5935 1027 5988 Τότε
1059 5935 1188 5991 γοῦν
1242 5937 1714 6007 παρηκενασοεῖς
1759 5942 1782 5987 r'.

1898 3431 1977 3486 eis
2003 3435 2228 3491 seboliis
2261 3437 2422 3493 hodie
2474 3441 2526 3494 itt
2561 3440 2853 3499 Hesiodum
2885 3453 3227 3509 evstantibus
3262 3455 3381 3523 (l‘ol.
3411 3461 3478 3513 (38

1897 3525 1984 3578 ed.
2021 3523 2238 3582 Venetae
2291 3529 2596 3591 Trincaveli
2647 3541 2773 3594 anni
2835 3541 2997 3612 1557)
3031 3543 3227 3614 legitur
3278 3549 3342 3603 ad
3391 3551 3477 3605 illa

1899 3627 2070 3684 poetae
2102 3620 2264 3674 verba
2297 3623 2443 3694 μῆνα
2463 3627 2518 3680 δὲ
2543 3629 2837 3700 Ληναιῶνα
2871 3636 2984 3689 ba:c
3015 3635 3351 3708 Moscltomtli
3383 3647 3479 3694 ad-

1899 3712 2105 3765 notatio
2133 3731 2148 3767 :
2181 3715 2337 3769 Κατὰ
2367 3719 2458 3772 τὸν
2488 3721 2638 3792 μῆνα
2665 3724 2724 3777 δὲ
2775 3726 3089 3797 Ληναιῶνα,
3131 3733 3280 3797 ὅστις
3315 3736 3481 3806 760

1897 3802 2013 3855 ἐστὶ
2035 3801 2390 3877 Ἰανονάριος.
2417 3811 2576 3875 Infra,
2599 3815 2690 3868 fol.
2711 3817 2780 3871 75
2800 3837 2855 3888 p.
2875 3823 2907 3874 :2
2927 3834 3046 3889 post
3062 3801 3469 3882 medtnntJ‘oanv-

1899 3907 1993 3948 nes
2028 3892 2258 3954 Tzetzes
2293 3901 2359 3956 ad
2401 3907 2650 3958 eunulem
2682 3907 2855 3963 locum
2886 3917 2965 3967 sic
2997 3917 3285 3973 observat:
3315 3923 3470 3989 Mﬁv.

1896 3983 1953 4036 δὲ
1980 3986 2269 4057 Ληναιῶνα
2299 3994 2391 4046 τὸν
2417 3994 2588 4050 Χοιὰκ
2617 4000 2734 4070 ἤτοι
2765 4003 2854 4056 τὸν
2896 4005 3248 4080 Ἰανουάριον,
3280 4013 3336 4076 ὃς
3367 3983 3446 4086 An}

1895 4080 2047 4143 ναιὸς
2073 4084 2223 4152 παρὰ
2257 4087 2408 4141 Ἴωσι
2440 4091 2710 4148 καλεῖται.
2737 4095 2889 4160 Quod
2923 4109 3101 4155 autem
3153 4121 3212 4158 se
3263 4104 3466 4178 Pacby-

1899 4187 2078 4228 mercs
2107 4175 2305 4247 alioqui
2343 4173 2755 4259 dissentientem
2815 4191 2865 4242 in
2921 4192 3021 4248 boc
3067 4195 3134 4250 ab
3171 4197 3254 4263 iis,
3291 4173 3471 4255 tamen

1897 4265 2023 4319 dum
2061 4283 2278 4323 carmen
2317 4277 2454 4341 apud
2511 4277 2657 4345 ipsos
2695 4294 2952 4352 pangeret
2979 4287 3048 4356 (εὶ
3085 4290 3176 4342 καὶ
3201 4293 3366 4362 ἡμεῖς
3413 4297 3466 4346 ἐν

1896 4360 2006 4419 τοῖς
2033 4361 2154 4413 κατ’
2185 4363 2386 4428 αὐτοὺς
2417 4368 2828 4442 ὲποποιοῦντες)
2865 4379 3016 4444 quasi
3046 4395 3295 4445 excusat,
3327 4399 3470 4452 quou

1895 4466 2080 4503 eorum
2123 4453 2482 4524 improbatam
2540 4465 2674 4516 alias
2735 4453 3065 4522 sententiam
3114 4481 3466 4541 expresserit.

1896 4553 1985 4594 aut
2017 4543 2224 4600 indicat
2258 4565 2316 4604 se
2356 4553 2583 4622 alicujus
2628 4557 2822 4611 ltorum
2859 4561 3106 4629 magistri
3141 4565 3321 4619 ludunt
3356 4569 3467 4623 fre-

1825 4674 1866 4726 D
1895 4644 2245 4703 queutantctn
2293 4656 2387 4695 eos
2435 4661 2624 4700 versus
2674 4651 3103 4721 conscripsisse;
3140 4668 3235 4710 aut
3265 4661 3307 4713 si
3336 4673 3469 4716 aetas

1898 4725 1980 4777 vel
2017 4727 2162 4782 aliud
2207 4745 2470 4801 repugnet
2524 4740 2815 4806 quominus
2853 4740 3081 4799 Joannis
3129 4746 3341 4804 Tzetzze
3375 4767 3470 4806 aut

1893 4818 2232 4890 Moscbopuli
2265 4823 2628 4898 Pacbytneres
2671 4833 2886 4888 auditor
2926 4836 3112 4905 fuerit,
3142 4842 3247 4896 dici
3286 4830 3486 4911 posset.

1894 4909 1948 4964 id
1982 4927 2204 4969 cannon
2239 4916 2307 4971 ab
2337 4934 2400 4971 eo
2435 4922 2699 4991 scriptum
2733 4927 2858 4980 dum
2901 4909 3296 5002 luditnagistris
3342 4953 3469 5006 0pc-

1894 5016 2009 5056 ram
2048 5018 2181 5071 puer
2222 5007 2393 5071 daret,
2425 5011 2512 5077 qui
2562 5009 2854 5068 Hesiodum
2887 5033 2953 5072 ex
3001 5022 3158 5089 prius
3183 5027 3470 5092 publicatis

1893 5091 2119 5150 Joannis
2165 5096 2376 5153 Tzetza:
2423 5113 2518 5155 aut
2557 5106 2796 5174 cujusvis
2831 5111 3059 5168 alterius
3109 5091 3452 5184 expositioni

1875 5186 1994 5261 ‘bus
2033 5205 2371 5247 enart-arent.
2409 5193 2524 5249 Dixi
2555 5207 2608 5250 et
2641 5200 2706 5252 de
2734 5201 2815 5253 bis
2847 5202 2898 5255 itt
2930 5203 3225 5262 Glossario.

1969 5280 2025 5330 Ρ.
2046 5281 2168 5334 508.
2209 5282 2295 5345 Ὠς
2315 5285 2442 5354 μήτ’
2464 5287 2598 5340 αἱδὼ
2625 5291 2750 5359 παρ’
2771 5293 3017 5362 ἀλλήλων
3037 5296 3262 5352 ἀπεῖναι
3287 5307 3433 5370 σφισ⁷

1898 5369 2050 5425 Ultro
2072 5373 2245 5427 fateor
2267 5393 2353 5431 me
2385 5379 2436 5432 itt
2466 5380 2550 5435 bis
2599 5383 2778 5438 verbis
2826 5389 3161 5456 supplevisse
3202 5369 3463 5462 syllabam

1892 5468 1973 5519 ἀπ
2009 5469 2060 5522 in
2090 5470 2254 5522 verbo
2291 5467 2452 5537 εἶναι,
2501 5478 2644 5543 quod
2696 5479 2870 5533 solum
2906 5483 2956 5535 in
2985 5485 3305 5541 condicibus
3338 5489 3379 5541 Β
3412 5501 3462 5543 ιιι

1893 5559 1937 5611 Α
1978 5559 2275 5631 legebatur,
2310 5567 2503 5622 mendo
2551 5582 2581 5621 a
2613 5568 2714 5626 loci
2745 5574 3014 5629 sententia
3050 5581 3228 5632 mandi
3267 5594 3335 5632 de
3372 5601 3426 5637 re

1893 5656 2140 5724 darguto.

1964 5749 2023 5806 P.
2051 5749 2176 5805 521.
2209 5750 2450 5821 Respicit
2480 5755 2562 5810 bis
2592 5767 2784 5815 auctor
2830 5777 2941 5816 rem
2991 5777 3263 5819 narratam
3291 5767 3458 5826 Iliae.

1893 5843 1916 5892 ἃ
1954 5861 1980 5896 a
2013 5858 2064 5896 v.
2101 5844 2169 5898 93
2207 5847 2270 5899 ad
2305 5847 2424 5900 liii.
2456 5847 2532 5901 lbi
2562 5848 2838 5908 Pandarus
2873 5854 3111 5911 refertur
3142 5858 3456 5914 inobservn.

1896 5951 1979 5993 ius
2020 5949 2069 5996 ct
2103 5950 2292 5996 contra
2333 5943 2490 5998 lidt'm
2528 5946 2664 6012 pacti
2726 5948 2940 6004 litt-leris
2978 5952 3224 6020 sagitt-an:
3266 5953 3315 6006 in
3355 5953 3432 6006 δίη
