4194 6444
244 456 345 518 821

1766 460 2004 519 NOTJC.

3389 453 3497 517 8‘12

252 585 303 624 ut
340 573 535 626 fabula:
584 578 754 636 aiunt,
790 572 842 626 itt
882 574 1119 625 exercitu
1149 571 1210 642 [P
1249 572 1377 642 51ὃὶ
1407 572 1601 625 itaet-hi
1632 574 1681 625 itt
1711 574 1824 627 suis
1859 580 1894 629 Α
1930 573 2017 624 illa
2062 572 2353 626 Catlterina
2406 574 2600 626 deinde
2636 572 2815 640 nupsit
2855 571 3049 623 (Zarolo
3082 570 3311 638 Philippi
3363 577 3508 641 regis

253 665 523 717 tnilttibns
578 665 779 724 ciebat.
818 664 960 717 unde
1002 664 1073 716 illi
1124 666 1173 717 in
1220 665 1542 732 improvisos
1579 673 1628 715 et
1669 664 1827 718 rebe-

250 758 630 812 mrntissimos
664 758 895 811 insultus
921 758 1295 824 erumpebant,
1323 767 1521 808 metum
1558 758 1825 821 trepidum

255 850 308 900 in
354 850 422 904 iis
448 864 582 917 quos
613 858 861 919 peterent
906 851 1180 904 creabant.
1221 850 1334 903 Nisi
1389 849 1529 903 forte
1574 849 1634 902 τὸ
1671 867 1828 902 πανι-

252 944 355 993 κόν
386 944 683 1009 generatim
725 957 942 995 causam
974 942 1307 1009 superiorem
1344 941 1702 995 humanarum
1733 956 1826 993 cu-

246 1033 563 1100 juscunque
586 1034 798 1100 generis
830 1030 1294 1101 pvrturbationum
1324 1026 1545 1085 indicat.
1584 1040 1639 1085 ut
1675 1045 1827 1100 teque

253 1126 425 1177 tiu.or
447 1126 753 1185 etautlatia,
774 1127 818 1177 si
845 1139 948 1178 non
972 1134 1291 1192 spontaneo,
1319 1123 1409 1179 sed
1443 1122 1491 1174 vi
1519 1112 1697 1174 divina
1730 1120 1828 1174 ito-

250 1232 443 1286 pressa
483 1217 701 1276 fuerint.
730 1216 938 1268 πανικά
973 1216 1241 1269 dicantur.

325 1308 392 1363 Ρ.
423 1310 546 1363 595.
582 1308 676 1361 llic
704 1325 863 1377 quem
893 1308 1247 1378 l'acltymcres
1276 1306 1627 1360 Rontserinm
1656 1324 1770 1361 non
1788 1308 1827 1359 i-

252 1411 371 1465 ttat,
410 1417 519 1455 non
550 1404 764 1455 videtur
787 1417 905 1453 esse
933 1418 1087 1468 posse
1114 1402 1250 1451 alius
1279 1416 1305 1451 a
1339 1382 1570 1468 ltogerio
1602 1398 1819 1461 thuria,

248 1494 314 1542 tlt‘
348 1506 457 1560 quo
508 1493 670 1544 multa
703 1492 835 1547 satis
867 1491 1143 1559 splendida
1201 1503 1387 1545 narrat
1441 1490 1678 1546 Thomas
1719 1488 1821 1543 Fa-

248 1582 423 1636 zrllus
478 1583 529 1636 itt
575 1598 735 1653 opere
778 1587 842 1637 de
885 1584 1035 1636 rebus
1069 1581 1286 1648 Siculis,
1318 1583 1352 1637 Ι.
1383 1598 1457 1645 Ix,
1505 1582 1822 1651 posterioris

245 1675 497 1731 ttecadis.

322 1767 459 1822 Ibid.
497 1767 690 1821 Merito
721 1782 837 1836 quae
865 1767 1121 1836 deinceps
1150 1767 1319 1821 refert
1366 1767 1431 1821 de
1464 1764 1697 1838 Regerio
1727 1769 1824 1823 Pa-

241 1862 539 1930 ohymeres
586 1860 771 1914 habuit
818 1861 930 1922 ipse
961 1869 1231 1929 suspecta,
1258 1868 1624 1931 prmstareque
1660 1861 1817 1914 tidem

243 1955 468 2005 illorum
501 1954 692 2008 noluit.
719 1952 959 2005 Fuerunt
1002 1952 1166 2013 enim,
1215 1962 1480 2019 quantum
1535 1968 1565 2005 e
1610 1952 1817 2007 Latinis

243 2046 620 2099 monumentis
647 2044 856 2098 illorum
878 2050 1179 2114 temporum
1208 2053 1387 2114 potest
1412 2045 1657 2114 intelligi,
1684 2046 1815 2100 falsa

241 2140 532 2206 pleraque,
574 2153 600 2189 a
632 2136 835 2191 Graecis
866 2138 1113 2190 videlicet
1155 2137 1281 2191 odio
1313 2138 1363 2189 in
1397 2136 1687 2205 Rugorium
1720 2154 1818 2194 suo

242 2230 658 2299 indulgentibus
692 2230 946 2289 conficta.
981 2240 1130 2296 puta.
1164 2230 1311 2283 illum
1338 2229 1503 2285 fuisse
1534 2231 1757 2287 militem
1786 2247 1816 2287 e

242 2323 505 2389 religio~0
533 2321 782 2375 sodalitio
808 2321 1261 2391 Templariorum.
1294 2322 1495 2378 Deinde
1524 2324 1667 2379 illius
1698 2324 1819 2379 reli—

236 2430 272 2483 g
299 2413 422 2467 ouis
456 2413 636 2466 habitu
670 2413 871 2482 rejecto
923 2427 985 2465 ac
1030 2412 1368 2482 professione
1425 2416 1587 2482 impie
1635 2427 1814 2481 spreta

238 2504 529 2567 piraticam
560 2503 776 2568 fecisse,
805 2504 929 2557 inde
957 2518 1181 2557 exosum
1216 2502 1461 2559 Romano
1490 2506 1816 2574 pontificiet

236 2596 309 2649 ah
336 2610 408 2651 eo
456 2597 522 2648 ad
553 2610 741 2664 paruas
791 2597 1032 2665 petitum,
1069 2606 1125 2650 et
1174 2596 1412 2662 similia;
1454 2613 1682 2668 quorum
1719 2610 1816 2653 nec

234 2692 361 2742 vola
402 2704 502 2743 nec
531 2690 810 2757 vestigium
850 2692 901 2741 in
934 2689 1053 2758 ejus
1082 2689 1241 2744 rebus
1263 2689 1479 2758 prolixe
1514 2707 1540 2743 a
1573 2691 1814 2759 pluribus

238 2783 497 2834 tractatis
545 2791 787 2849 apparet.
838 2780 950 2835 luto
1000 2782 1305 2836 invenimus
1348 2782 1556 2838 litteras
1606 2784 1733 2838 huic
1782 2801 1810 2838 a

235 2871 492 2925 Romano
540 2869 792 2939 pontifice
839 2870 1264 2937 perhonorificas
1307 2873 1560 2940 scriptas.
1590 2872 1811 2943 Petrus
1856 2938 1857 2941 η

230 2963 681 3017 ςιὌιιΙιιιεηιίιηυς
713 2974 913 3028 noster,
939 2964 992 3018 in
1035 2964 1173 3019 libro
1209 2964 1469 3033 singulari
1505 2967 1569 3020 de
1596 2970 1809 3024 excidio

228 3057 577 3122 Cra-corum,
612 3059 685 3110 ait
706 3060 849 3113 hunc
876 3058 1165 3121 Rogerium
1194 3060 1263 3114 ab
1284 3060 1537 3127 Hispanis
1561 3058 1809 3114 Brundu-

230 3152 416 3201 sinum
446 3149 573 3213 dici,
605 3147 932 3203 Germanum
970 3149 1129 3220 763
1158 3165 1287 3205 vero
1316 3151 1486 3215 stirpe
1518 3150 1709 3215 fuisse,
1746 3152 1807 3206 ti-

230 3241 366 3291 tinm
396 3238 610 3293 [ticardi
645 3238 806 3293 Flori.
846 3238 997 3294 Unde
1024 3251 1077 3293 et
1103 3241 1273 3307 ipsum
1303 3239 1559 3295 Moncada
1585 3241 1804 3297 Florum

228 3332 603 3401 cognominat.
878 3340 883 3345 ’
1384 3392 1387 3395 λ

304 3423 440 3478 Ibid.
502 3422 811 3477 Pliarendus
852 3423 1074 3478 Tzinm.
1126 3423 1393 3479 Hic‘vero
1454 3425 1671 3479 nomine
1728 3426 1807 3479 di-

230 3528 357 3572 ctus
411 3526 496 3570 est
540 3517 845 3570 Ferrandus
874 3517 1155 3581 Ximencs,
1190 3518 1263 3571 uti
1301 3527 1399 3573 nos
1426 3518 1585 3572 docet
1615 3516 1805 3573 Petrus

229 3608 675 3663 d‘Oultremanus
730 3608 868 3662 libro
917 3612 1079 3664 modo
1121 3611 1362 3673 laudato,
1405 3616 1682 3663 auctorem
1724 3611 1803 3663 ci-

233 3715 360 3755 tans
405 3700 742 3763 Moncadam,
774 3702 862 3768 qui
906 3708 961 3756 et
1008 3701 1169 3771 paulo
1196 3702 1440 3764 inferius,
1474 3699 1642 3764 c.14,
1687 3715 1805 3755 me-

232 3794 431 3847 morati
490 3807 520 3845 a
564 3792 897 3864 Pachymere
938 3793 1197 3848 Ferrandi
1248 3808 1278 3846 e
1308 3792 1504 3865 Cyzico
1558 3808 1804 3851 recessus

236 3886 511 3940 meminit.

304 3977 366 4031 P.
389 3976 517 4030 394.
547 3976 889 4031 Theuderico.
926 3976 1114 4047 Agitur
1140 3976 1227 4031 hic
1252 3979 1371 4032 sine
1399 3980 1563 4033 dubio
1597 3982 1663 4035 de
1686 3980 1803 4035 Fri-

230 4069 420 4123 derico
480 4070 776 4138 Aragonio,
805 4069 959 4138 cujus
1002 4077 1060 4122 ut
1113 4079 1298 4123 noster
1330 4069 1559 4125 balbutit
1601 4072 1653 4126 in
1700 4088 1799 4127 no-

233 4161 407 4223 tuitte,
440 4159 513 4211 ita
548 4159 599 4211 itt
636 4174 835 4229 genere
861 4160 1259 4229 po'regrittatur.
1305 4160 1432 4214 Erat
1467 4162 1610 4217 enim
1643 4174 1801 4234 gente
1846 4226 1847 4229 η

231 4250 529 4318 Hispanus,
570 4264 673 4302 non
703 4250 1043 4313 Germanus;
1090 4260 1141 4303 et
1177 4267 1282 4306 non
1311 4252 1571 4309 Manfredi
1610 4271 1797 4325 nepos,

229 4346 327 4398 sed
366 4343 510 4397 Petri
548 4346 689 4408 regis
725 4345 1008 4410 Aragonim
1038 4344 1198 4399 filius.
1551 4415 1555 4418 ν

302 4435 441 4488 Ibid.
497 4433 829 4486 Eraterinam
878 4437 1136 4487 connubio
1190 4437 1293 4489 sibi
1315 4438 1800 4504 jnnxit.~Qttantlo

228 4524 542 4577 Fritterictts
590 4537 713 4575 cum
760 4521 951 4576 Carolo
1005 4537 1128 4592 rege
1162 4524 1640 4599 Neapolis.,:pacettt
1675 4526 1799 4581 fecit

224 4629 458 4683 eamque
489 4614 745 4667 affinitate
782 4614 1034 4678 firmavit,
1075 4630 1219 4668 anno
1263 4608 1462 4670 Chrisii
1499 4618 1656 4684 l50‘2,
1691 4635 1792 4687 qua

225 4708 295 4759 de
349 4721 412 4759 re
469 4709 574 4759 hoc
616 4705 732 4760 loco
779 4706 973 4773 agitur,
1021 4705 1328 4760 Fridericus
1364 4708 1497 4777 ipse.
1533 4726 1636 4763 non
1681 4712 1799 4777 ejus

222 4799 421 4863 frater,
450 4802 600 4854 duxit
638 4815 858 4853 uxorem
907 4815 1012 4853 non
1044 4799 1405 4867 Ecaterinam,
1430 4804 1523 4857 sed
1571 4802 1800 4857 Eleono-

222 4909 339 4947 ratu
366 4891 549 4946 Caroli
577 4891 764 4955 tiliam,
795 4901 952 4959 prout
983 4906 1045 4945 ex
1075 4890 1317 4959 ejusdem
1340 4891 1600 4948 Friderici
1625 4894 1799 4963 publi-

220 4986 303 5039 cis
334 4985 533 5038 litteris
583 4984 721 5037 datis
765 4983 902 5053 apud
940 4984 1189 5037 Castrum
1228 4982 1435 5038 Novum
1476 5001 1620 5040 anno
1666 4987 1793 5041 Chr.

223 5078 388 5141 1302,
434 5077 640 5130 mensis
666 5078 891 5145 Augusti
925 5076 1010 5130 die
1043 5077 1128 5139 19,
1166 5077 1231 5129 ab
1259 5077 1486 5132 Oderico
1518 5077 1796 5148 Raynaldo

220 5172 272 5223 itt
303 5185 372 5223 eo
411 5168 600 5220 Annali
632 5167 922 5234 descriptis
950 5176 1182 5221 constat.
1219 5167 1323 5220 Sed
1354 5168 1564 5221 videtur
1589 5167 1796 5240 Pachy-

222 5275 404 5314 meres
450 5261 503 5311 in
542 5260 641 5312 hoc
668 5258 882 5312 errandi
920 5258 1262 5312 occasionem
1313 5259 1611 5327 sumpsisse
1639 5277 1704 5314 ex
1732 5277 1796 5315 eo

220 5352 364 5413 quod
415 5364 558 5402 anno
601 5350 729 5403 Chr.
762 5349 900 5403 1295
935 5358 1219 5403 tractaturo
1253 5349 1428 5403 fuerat
1463 5351 1792 5405 connubiunt

219 5441 489 5495 Friderici
524 5440 684 5510 hujus
707 5456 825 5493 cum
858 5440 1173 5503 Catherina,
1207 5455 1271 5494 ex
1300 5440 1406 5494 lilia
1444 5443 1585 5512 regis
1614 5442 1792 5498 Caroli

219 5532 560 5601 Neapolitani
594 5546 643 5587 et
684 5532 967 5599 Balduino,
1012 5535 1102 5601 qui
1124 5516 1790 5601 'Constantinttpolitanmt‘.

219 5625 512 5691 imperium
556 5635 834 5687 anuserat,
884 5636 1028 5678 nata.
1082 5626 1137 5677 Id
1184 5627 1586 5678 matrimonium
1634 5628 1794 5680 vehe-

223 5724 435 5769 menter
466 5717 688 5784 urgehat
723 5716 1031 5770 Bonifacius
1063 5714 1199 5779 Vlll,
1234 5715 1391 5769 Rom.
1432 5727 1603 5783 pout.,
1637 5718 1791 5787 t-njvs

222 5804 403 5871 plures
453 5809 520 5859 de
565 5805 657 5859 illo
686 5815 1005 5876 argumento
1056 5798 1268 5861 litteras
1303 5809 1493 5861 recitat
1526 5807 1791 5861 Odoricus

222 5900 285 5951 ad
319 5898 473 5951 il’um
513 5916 733 5954 annum.
770 5898 886 5955 Non
914 5899 1173 5956 successit
1208 5910 1385 5955 tamen
1414 5900 1708 5970 negotium,
1734 5912 1787 5960 et

1936 665 2264 719 Francorum
2328 665 2505 729 fratri,
2544 681 2686 719 anno
2739 665 2867 718 Chr.
2922 666 3075 717 1501.
3119 663 3273 729 Quod
3326 663 3499 732 ipsum

1932 757 2109 809 alieno
2150 756 2289 817 loco,
2326 766 2484 823 prout
2514 757 2686 810 obiter
2718 757 2983 817 audierat,
3035 756 3183 808 visus
3214 764 3295 806 est
3346 770 3492 806 cmu-

1934 865 2234 902 tnemorare
2258 850 2636 920 l‘achytueres,
2664 864 2852 919 parum
2889 848 3174 902 attendens
3204 847 3497 917 pertineret

1932 942 1984 994 id
2010 954 2180 995 necne
2211 942 2275 994 ad
2301 958 2411 996 rem
2440 941 2506 996 de
2536 956 2638 1010 qua
2673 957 2812 995 nunc
2846 940 2975 1011 agit,
3008 941 3075 993 ad
3100 955 3282 1008 pacem
3314 939 3498 993 videli-

1930 1040 2013 1087 cct
2048 1033 2188 1089 inter
2211 1034 2461 1089 Carolum
2493 1049 2672 1104 regem
2714 1033 3123 1102 Neapolitanum
3168 1042 3223 1087 et
3260 1032 3497 1086 Frideri-

1928 1142 2047 1180 cutn
2103 1127 2365 1179 sancitam
2425 1142 2564 1179 anno
2615 1126 2815 1180 Christi
2853 1125 3007 1186 l302,
3041 1140 3163 1178 cum
3200 1125 3312 1192 jam
3356 1139 3497 1176 anno

1930 1220 2195 1286 superiori
2245 1218 2474 1273 Carolus
2507 1219 2676 1273 frater
2710 1218 2856 1287 regis
2887 1217 3126 1270 Francize
3155 1225 3415 1271 evocatus
3444 1215 3496 1267 in

1929 1310 2136 1364 italiam
2188 1326 2215 1363 a
2264 1310 2537 1377 pontifice,
2578 1318 2634 1362 ιιι
2666 1309 2863 1365 Carolo
2891 1308 2929 1363 ll
2966 1310 3075 1377 regi
3101 1308 3355 1377 Neapolis
3397 1308 3496 1360 ad—

1927 1414 2113 1453 versus
2155 1400 2490 1453 Fridericum
2525 1400 2767 1453 Siciliam
2809 1408 3160 1469 occupantem
3208 1384 3501 1453 auxiliare!

1929 1498 2031 1553 tnr,
2064 1488 2390 1542 conciliante
2422 1488 2536 1558 ipso
2575 1487 2848 1541 Bonifacio
2883 1489 3289 1542 matrimonium
3342 1488 3495 1542 inlis-

1925 1586 2005 1631 set
2060 1593 2182 1631 cum
2249 1580 2407 1631 modo
2459 1589 2751 1632 memorata
2791 1580 3109 1643 Catherina,
3143 1580 3409 1647 imputata
3441 1584 3493 1632 in

1925 1672 2100 1723 dotem
2144 1669 2358 1737 imperii
2415 1669 2477 1735 [P
2504 1669 2630 1741 519]
2674 1669 3258 1739 Constantinopolitaui
3316 1670 3489 1730 titulo,

1924 1762 1987 1814 ad
2018 1760 2157 1829 quod
2184 1759 2480 1815 Catherina
2501 1761 2588 1827 jus
2613 1777 2643 1815 e
2670 1772 2821 1831 patre
2851 1762 3118 1816 trahebat.
3154 1761 3351 1816 Narrat
3383 1763 3493 1815 hair

1921 1850 2156 1905 Joannes
2186 1850 2472 1915 Villanius,
2503 1853 2534 1905 Ι.
2568 1869 2645 1915 Ix,
2677 1868 2727 1906 c.
2766 1853 2888 1907 l05.
2919 1851 3144 1907 Jortlaui
3189 1862 3490 1920 temporum

1852 1929 1891 1986 Β
1924 1940 2136 1993 illorum
2164 1941 2431 2006 historici,
2463 1943 2616 2011 cujus
2640 1960 2772 2012 opus
2803 1960 2902 1999 ms.
2930 1956 3180 1998 servatur
3214 1946 3263 1997 in
3297 1945 3485 1999 biblio-

1924 2032 2075 2086 theca
2105 2032 2385 2102 Vaticana,
2418 2050 2471 2088 n.
2509 2035 2670 2097 1960.
2713 2038 2778 2089 de
2804 2037 2901 2089 hac
2935 2051 2992 2090 re
3017 2039 3176 2090 verba
3205 2040 3319 2090 l|:I'C
3357 2038 3489 2089 reci-

1922 2136 2000 2179 tat
2034 2127 2487 2195 diligentissimus
2521 2129 2787 2184 Odoricus
2816 2128 3127 2199 Raynaldns
3178 2146 3320 2183 anno
3353 2130 3483 2185 Chr.

1921 2219 2079 2285 1501,
2115 2237 2166 2273 ιι.
2218 2222 2284 2274 15
2318 2238 2331 2272 :
2376 2220 2589 2275 Mortua
2622 2223 2842 2292 conjuge
2874 2224 3054 2276 Caroli
3096 2224 3305 2291 (fratris
3350 2223 3487 2291 regis

1920 2311 2183 2378 Francius)
2213 2312 2362 2365 duxit
2388 2312 2757 2378 Catltarinam,
2776 2316 2861 2367 cui
2885 2314 2979 2383 jus
2999 2316 3205 2382 imperii
3228 2315 3486 2368 Constan-

1920 2404 2263 2471 tinOpOIitani
2293 2405 2593 2459 debebatur.
2626 2405 2755 2460 ltlco
2786 2424 2904 2461 eum
2946 2406 3160 2461 Venetis
3197 2410 3486 2475 composuit

1915 2512 2008 2563 pro
2040 2494 2627 2566 Constantinopolitano
2662 2500 2881 2565 imperio
2908 2500 3285 2564 recuperando,
3320 2510 3369 2552 et
3401 2516 3486 2553 tte-

1917 2590 1990 2643 nit
2040 2589 2263 2644 Romam
2316 2590 2550 2656 MCCCI,
2582 2602 2631 2646 et
2662 2611 2693 2645 a
2735 2610 2870 2661 papa
2900 2592 3174 2662 Bonifatio
3201 2594 3481 2659 honoriﬁce

1914 2692 2186 2752 susceptus
2237 2684 2464 2737 vicarius
2508 2694 2557 2738 et
2604 2685 2849 2752 defensor
2888 2685 3144 2741 Ecclesite
3200 2688 3481 2739 constitui-

1914 2784 2021 2837 tur,
2055 2784 2160 2829 etc.
2192 2773 2335 2829 Satis
2370 2790 2532 2845 porro
2560 2775 2855 2829 verisimile
2884 2784 2967 2830 est
2996 2776 3247 2830 Carolum
3294 2778 3475 2837 istum,

1912 2867 2069 2922 simul
2099 2866 2448 2923 Catherinam
2494 2867 2666 2932 duxit,
2713 2871 3011 2938 sumpsisse
3051 2869 3263 2922 titulum
3304 2870 3475 2937 impc-

1913 2960 2112 3014 ratoris
2152 2960 2770 3027 Constantinopolitani.
2805 2962 3059 3015 collatum
3097 2963 3197 3027 ipsi
3228 2976 3255 3015 a
3296 2963 3467 3031 ponti-

1911 3050 2011 3106 fice
2045 3066 2298 3105 coronam
2325 3052 2658 3115 imperialem
2686 3052 2735 3107 ei
2759 3054 3055 3107 tribuente.
3094 3051 3147 3103 ιιι
3172 3052 3363 3106 saltem
3391 3055 3473 3106 in-

1913 3158 2076 3196 nuere
2110 3144 2357 3197 videnlur
2382 3144 2465 3197 illa
2490 3144 2744 3197 continue
2771 3144 3055 3213 subjuncta
3080 3144 3247 3199 nostri
3280 3144 3436 3196 verba
3462 3161 3474 3193 :

1912 3232 2076 3299 Quem
2109 3250 2244 3299 papa
2278 3234 2443 3306 764
2481 3252 2741 3290 coronans
2766 3237 3134 3303 imperatorem
3170 3238 3281 3290 sine
3311 3246 3475 3297 terra,

1909 3330 2186 3379 commovit
2230 3327 2309 3379 illi
2343 3344 2484 3395 spent
2519 3327 3043 3396 Constantinopoleos
3077 3332 3467 3395 recuperandar,

1908 3431 1973 3468 ea:
1992 3415 2115 3482 jure
2142 3418 2279 3482 quod
2310 3416 2506 3469 scilicet
2544 3419 2771 3470 traheret
2798 3435 2827 3471 a
2853 3434 3045 3486 sponsa
3074 3428 3219 3483 nepte
3249 3420 3381 3488 (imo
3414 3419 3444 3472 li

1908 3506 1999 3574 Ita)
2031 3506 2300 3563 Baldut’ni.
2335 3510 2486 3575 Quod
2515 3509 2603 3562 hic
2628 3510 2843 3563 dicatur
2866 3511 3153 3575 imperator
3174 3507 3287 3565 sine
3308 3523 3469 3571 terra.

1908 3600 2028 3652 vide
2062 3600 2386 3667 explicatum
2436 3602 2491 3654 in
2533 3599 2817 3655 Glossario
2851 3603 3018 3657 verbo
3065 3604 3223 3672 τέρα.
3277 3603 3472 3657 Verum

1910 3692 2035 3745 haec
2060 3700 2275 3754 cuncta,
2318 3701 2376 3745 ut
2407 3692 2543 3757 dixi,
2580 3694 2855 3759 pertinent
2882 3695 2946 3748 ad
2980 3703 3190 3763 tempus
3220 3696 3472 3763 Superius

1912 3796 2040 3851 pace
2075 3781 2280 3845 Sicula,
2326 3782 2483 3850 cujus
2536 3785 2823 3837 occasione
2855 3783 3119 3853 ltogerius
3159 3783 3468 3847 Catelanos,

1905 3872 1998 3940 qui
2031 3872 2082 3925 itt
2111 3872 2305 3937 Sicilia.
2326 3872 2712 3937 militaverant,
2742 3875 2954 3929 volente
2976 3891 3071 3929 sua
3095 3892 3257 3931 causa
3282 3877 3471 3931 Fride-

1907 3966 2019 4016 rieo
2042 3963 2093 4016 in
2124 3963 2396 4016 Orientem
2427 3964 2673 4023 abduxit.
2709 3966 2780 4019 De
2811 3981 2917 4033 qtto
2948 3969 3250 4023 audiendus
3281 3968 3466 4024 Fazel-

1906 4060 2011 4121 lus,
2043 4054 2079 4110 Ι.
2123 4071 2198 4117 Ix,
2235 4056 2352 4109 dec.
2380 4065 2517 4123 post.
2550 4070 2603 4124 p.
2637 4055 2740 4110 477
2774 4075 2787 4111 :
2822 4056 2995 4112 Porro
3034 4059 3222 4113 Sicilia
3255 4072 3327 4114 tot
3366 4062 3472 4113 bel-

1902 4149 2073 4201 lorum
2112 4148 2335 4201 motibus
2373 4147 2536 4201 libera
2571 4151 2623 4201 in
2658 4150 2883 4203 militum
2915 4153 3307 4219 Catelanorum,
3339 4162 3469 4208 Ata-

1902 4240 2213 4307 gonensium
2267 4249 2315 4291 et
2367 4240 2667 4293 Siculorum
2715 4244 2930 4310 rapinas
2967 4258 3012 4297 et
3044 4247 3469 4315 depra’datt’oncs

1903 4333 2113 4387 incidit.
2173 4332 2317 4397 Quos
2373 4331 2703 4395 Fridericus,
2759 4344 2814 4387 ut
2853 4337 3085 4390 insulam
3132 4355 3467 4406 expurgant,

1902 4435 2085 4477 contra
2131 4423 2364 4489 Turcas,
2427 4426 2517 4494 qui
2566 4423 3079 4498 Constantinopolim
3126 4434 3467 4501 infestabant.

1902 4517 2192 4571 auxiliares
2228 4519 2391 4571 misit.

1978 4615 2037 4669 Ρ.
2062 4615 2187 4671 401.
2223 4615 2375 4681 Quod
2411 4620 2513 4674 hoc
2545 4618 2703 4671 facile
2735 4629 3033 4684 praesentes
3059 4621 3385 4676 crediderint
3415 4636 3470 4678 et

1904 4709 2195 4763 historicus
2228 4712 2298 4763 ita
2333 4724 2453 4765 esse
2485 4726 2673 4765 revera
2698 4711 3043 4778 iudicaverit,
3076 4728 3178 4768 non
3206 4717 3468 4770 continuo

1903 4815 2017 4854 rem
2049 4802 2356 4856 evidentem
2378 4812 2433 4856 et
2457 4802 2864 4858 indubitabilem
2896 4807 3089 4873 opinor
3112 4807 3300 4861 reddet
3324 4810 3466 4878 apud

1895 4890 2087 4961 judicii
2151 4893 2440 4948 severioris
2490 4895 2656 4948 viros.
2690 4893 2868 4949 Mutus
2911 4896 3000 4951 tlle
3043 4911 3107 4952 ac
3154 4900 3350 4954 surdus
3394 4915 3460 4953 ex

1901 4994 2077 5048 utero,
2123 4985 2259 5039 miro
2297 4984 2543 5053 prodigio
2588 4996 2813 5055 repente
2862 4988 3087 5043 audiens
3129 5000 3185 5043 et
3212 4990 3458 5056 loquens.

1898 5077 2028 5147 quid
2084 5076 2301 5131 tandem
2362 5075 2689 5131 afﬁrmavit?
2740 5077 2943 5147 Nempe
3002 5080 3053 5133 id
3101 5080 3274 5134 solum
3316 5085 3460 5151 quod

1900 5168 2060 5237 paulo
2084 5167 2330 5236 superius
2350 5167 2587 5235 positum
2606 5175 2709 5230 est,
2730 5183 2788 5221 se
2814 5168 3015 5223 vidisse
3042 5172 3211 5223 virum
3234 5174 3462 5233 impera-

1901 5261 2049 5313 toriis
2078 5269 2324 5313 ornatum
2359 5260 2671 5327 insignibus,
2704 5262 2792 5326 qui
2826 5278 2932 5315 sese
2964 5262 3136 5316 aiebat
3170 5265 3338 5328 ipsum
3367 5282 3453 5317 ur-

1899 5353 1977 5404 bis
2001 5352 2099 5404 sibi
2131 5351 2337 5403 tuendaz
2366 5366 2546 5402 curam
2577 5367 2864 5405 assumere.
2900 5352 3283 5409 Nominavitne
3313 5356 3458 5411 hunc

1896 5443 2154 5495 Joannem
2193 5441 2471 5496 Batatzam
2498 5443 2521 5494 ?
2552 5452 2647 5495 aut
2688 5442 2815 5496 visae
2857 5444 2957 5498 sibi
3015 5445 3267 5517 imaginis
3312 5446 3459 5502 illius

1852 5580 1855 5583 η
1897 5535 2126 5588 fermam
2157 5534 2259 5587 sibi
2304 5545 2647 5603 conspectam
2698 5535 2932 5588 asseruit
2980 5535 3145 5591 fuisse
3188 5538 3454 5593 similem?

1896 5624 2041 5678 Nihil
2081 5625 2307 5689 horum;
2346 5640 2467 5678 nam
2502 5624 2861 5700 Pacltymeres
2890 5625 2935 5679 si
2980 5627 3107 5692 quid
3152 5627 3255 5680 tale
3285 5627 3448 5683 dixis-

1898 5728 2133 5779 set.n0u
2173 5725 2392 5771 taceret.
2448 5714 2826 5769 Fundamenta
2871 5718 3033 5785 igitur
3082 5728 3231 5772 caret
3261 5722 3455 5775 idoneo

1897 5812 2009 5864 haec
2042 5824 2161 5876 qua:
2200 5808 2522 5877 exprimitur
2553 5810 2650 5861 hoc
2675 5809 2811 5873 loco,
2844 5816 2954 5861 tum
2988 5811 3210 5863 istorum
3241 5810 3455 5879 Magne-

1895 5901 1986 5956 siw
2012 5900 2465 5970 prmsidiatiorutn
2493 5910 2601 5954 tum
2629 5899 2797 5967 l'at-ht
2815 5916 2926 5957 mer
2953 5922 2977 5955 δ
2999 5902 3239 5971 opinatio
3262 5902 3449 5971 ipsius.
