4194 6444
747 408 847 471 8ἳί

1488 412 1549 471 Ρ.
1592 413 1896 473 POSSle
1939 412 2587 474 OBSERVATlONUM
2631 412 2775 473 LIB.
2825 386 3246 471 Il.-¥NO'F/E.

3902 398 4011 462 832

754 529 1004 597 Quinque
1038 528 1214 597 priora
1248 530 1411 599 hujus
1457 535 1744 584 commatis
1776 535 1938 586 verba
1979 534 2316 587 notissimum
2348 543 2397 601 Α
2424 532 2575 596 ριιοιι
2605 531 2745 583 idem
2780 529 3010 583 affirmat
3046 527 3287 595 Foineta
3324 525 3376 577 in
3436 522 3658 592 Elogiis.
3706 528 3759 575 et
3791 518 3845 573 in
3889 516 4013 572 Tri-

756 632 881 672 Stltll
949 631 1001 674 rt
1049 622 1548 676 decantatissimum
1599 624 1908 678 Aristotelis
1956 625 2197 691 cllidum,
2258 643 2323 680 ex

759 715 915 767 initio
976 714 1134 783 primi
1194 715 1312 781 ejus
1362 714 1846 784 Metnpltysicorum
1904 717 2026 770 libsi
2089 716 2154 788 |P
2198 718 2324 791 557]

759 807 887 870 Quae
910 815 1085 859 autem
1119 807 1373 860 continue
1398 819 1731 860 memoratur
1764 824 1791 859 ιι
1818 810 2149 879 Pachymerc
2186 810 2325 875 ἁγά-

762 916 925 967 πησις
991 900 1101 952 τῶν
1142 901 1450 968 αἰσθήσεων
1494 916 1597 955 non
1658 916 1775 953 eam
1833 901 2003 953 solum
2065 916 2225 967 quam
2271 902 2324 954 in

762 993 1210 1060 interpretatione
1241 994 1484 1061 expressi
1515 993 1924 1045 delectationem
1988 994 2040 1046 in
2076 1010 2173 1045 usu
2208 1010 2325 1061 per-

761 1084 994 1151 cipiendi
1023 1084 1232 1153 objecta
1263 1099 1355 1151 prr
1382 1099 1575 1135 sensus
1606 1082 1873 1151 designat,
1908 1084 2000 1135 sed
2044 1096 2323 1150 praeterea,

758 1176 909 1243 juxta
938 1175 1208 1227 notionem
1238 1174 1508 1243 propriam
1542 1175 1715 1229 (irasci
1767 1175 1911 1226 ιρι-Ινί
1963 1176 2207 1244 ἀγαπᾷν,
2243 1188 2327 1225 sa-

765 1265 1122 1317 tisfactionem
1177 1274 1228 1317 et
1280 1268 1433 1331 quasi
1484 1266 1692 1333 plenam
1746 1266 2049 1318 satietatem
2092 1267 2325 1319 hominis

761 1358 1024 1419 contenti,
1062 1357 1363 1408 desiderare
1398 1357 1513 1421 plus
1552 1373 1657 1409 non
1696 1358 1946 1415 valentis.
1981 1359 2103 1409 dum
2133 1357 2329 1410 fruitur

764 1458 947 1513 vegeta
979 1446 1231 1500 facultate
1294 1464 1513 1501 suorum
1570 1452 1808 1501 omnium
1866 1464 2141 1502 sensuum.
2179 1448 2326 1504 lianc

761 1542 993 1606 quietem
1033 1541 1279 1591 btnnanaz
1310 1540 1645 1592 curiositatis
1703 1539 1756 1591 in
1785 1554 1883 1590 usu
1928 1540 2178 1605 exp-'dito
2205 1556 2327 1591 sen-

761 1646 917 1683 suum
951 1630 1224 1697 eleganter
1256 1632 1493 1689 declarat
1537 1630 1749 1695 Cicero,
1784 1631 1819 1683 l.
1856 1646 1889 1684 tt
1962 1630 2326 1695 Qntrstionnm

766 1724 1195 1776 Aczulemic'urum
1243 1723 1325 1775 his
1369 1722 1547 1775 verbis
1581 1739 1595 1775 :
1633 1723 1923 1776 Ordiamur
1950 1762 1964 1777 .
1989 1764 2002 1776 .
2032 1762 2046 1775 .
2094 1740 2123 1774 a
2156 1724 2323 1776 sensi-

764 1816 899 1875 bus;
931 1829 1149 1880 quorum
1205 1814 1279 1864 ita
1309 1815 1452 1864 clara
1482 1814 1694 1880 judicia
1730 1825 1773 1865 et
1807 1824 1950 1865 certa
1985 1822 2127 1875 sunt,
2165 1823 2242 1877 nt,
2281 1814 2326 1867 si

2436 634 2590 676 stano
2621 622 2803 687 Colca,
2837 623 2870 676 Ι.
2910 636 3021 684 xix,
3056 636 3105 674 c.
3140 618 3264 680 ιει,
3293 618 3383 687 qui
3416 626 3469 668 et
3505 616 3578 669 ait
3610 615 3678 667 ob
3709 612 4010 680 potentiam

2434 716 2607 784 Opicii
2640 728 2831 769 onmes
2868 712 3035 766 ltalim
3082 713 3331 765 civitates
3376 709 3428 762 in
3462 722 3529 762 eo
3575 706 3759 758 oculos
3800 704 4010 759 fixisse.

2506 804 2647 858 Ibid.
2682 803 2823 857 Data
2857 805 2911 856 in
2946 802 3334 856 matrimonium
3365 799 3501 866 filia.
3545 796 3667 849 Ilaec
3694 797 3802 849 lilia
3833 796 4009 864 Opicii

2435 898 2669 964 Spinolae
2720 896 3009 951 Theodoro
3068 894 3370 958 PaL-relego
3405 890 3800 947 Montisferrati
3868 904 4013 940 mar-

2434 991 2615 1044 chioni
2645 997 2808 1056 nupta
2850 987 3145 1055 Argcntina
3172 985 3485 1035 vocabatur.

2512 1078 2654 1133 Ibid.
2690 1079 2811 1143 Agit
2848 1079 2909 1129 de
2944 1074 3251 1127 Theodoro.
3302 1070 3503 1126 Vocem
3553 1071 3801 1125 Graecam
3836 1069 4013 1129 ἄππις

2436 1185 2540 1222 non
2577 1169 2735 1223 debui
2786 1177 2999 1219 vertere
3046 1166 3157 1216 sine
3204 1163 3380 1215 liberis
3417 1162 3511 1214 sed
3550 1163 3660 1214 sine
3697 1159 3843 1228 prole
3873 1175 4016 1211 mns-

2434 1265 2553 1316 cula
2585 1278 2601 1316 :
2635 1262 2893 1330 quoniam
2948 1258 3191 1312 historici
3233 1256 3350 1310 lali
3406 1255 3678 1308 affirmant
3714 1262 3900 1306 natam
3946 1267 4014 1307 ex

2437 1356 2745 1421 Argentinaa
2791 1350 3025 1410 Spinelm
3074 1365 3198 1401 cum
3234 1348 3521 1401 Theodore
3555 1345 3854 1410 l’alreelogo
3886 1359 4019 1395 con-

2429 1443 2765 1509 jt'gioliliatn
2799 1441 3052 1494 Jolanten
3110 1440 3336 1498 dictant,
3371 1436 3454 1508 [Ρ.
3484 1435 3613 1506 558]
3652 1451 3769 1502 qme
3821 1444 4016 1504 postea

2437 1535 2619 1601 nupsit
2651 1533 2875 1602 Aymoni
2909 1532 3096 1584 comiti
3130 1530 3219 1585 Sal
3243 1531 3440 1584 audias.
3479 1529 3702 1581 Videtur
3730 1528 3816 1579 hic.
3846 1527 4020 1580 fuisse

2438 1625 2583 1678 filius
2615 1625 2840 1678 Amadei
2877 1622 2967 1683 IV.
3012 1625 3098 1676 cui
3132 1633 3314 1689 postea
3352 1620 3601 1674 morienti
3668 1619 3719 1670 itt
3750 1619 4017 1671 comitatu

2436 1696 2722 1781 successit,
2783 1717 3013 1784 quando,
3073 1715 3226 1784 quasi
3258 1725 3315 1765 ιιι
3354 1713 3662 1766 ostenderet
3696 1727 3859 1779 quam
3910 1726 4019 1762 non

2435 1826 2557 1865 eum
2622 1810 2911 1877 pmniteret
2972 1808 3248 1862 allinitatis
3302 1821 3423 1859 cum
3486 1806 3645 1857 domo
3709 1801 4019 1868 Pal:eolog:t

762 1907 902 1973 Optio
954 1915 1161 1958 natura:
1220 1916 1413 1958 nostra?
1449 1907 1624 1967 dctur,
1679 1917 1724 1957 ct
1755 1905 1819 1957 ab
1870 1922 1929 1958 ca
1979 1906 2105 1958 deus
2135 1904 2327 1973 aliquis
2358 1897 2405 1957 B
2433 1913 2744 1964 contractae,
2780 1899 3141 1956 libentissime
3164 1900 3442 1953 consensit
3466 1899 3516 1951 in
3552 1895 3891 1966 propositam
3914 1896 4018 1960 ipsi

765 1999 994 2063 requirat
1026 2007 1333 2049 contentane
1364 2000 1432 2049 sit
1477 1998 1587 2049 uti:
1633 1998 1855 2065 integris
1912 1998 2329 2066 incorruptisque

764 2089 1021 2150 snis'ibus,
1084 2107 1151 2141 an
1184 2091 1409 2154 postulet
1458 2090 1641 2141 melius
1701 2089 1927 2158 aliquid,
1964 2106 2068 2144 non
2126 2092 2330 2143 videam

763 2182 889 2249 quid
920 2191 1121 2247 qna'rat
1146 2182 1392 2249 amplius.
1424 2182 1696 2237 Hactenus
1729 2184 1953 2236 Tullius.

839 2275 1103 2328 Cmtcrunt
1147 2278 1233 2344 (de
1269 2292 1377 2344 quo
1433 2278 1598 2330 semel
1627 2278 1994 2330 admonendus
2026 2277 2111 2331 hic
2164 2276 2331 2330 lector

770 2366 873 2437 est)
909 2366 1365 2433 codex-optimus
1421 2367 1744 2420 Barbc-riuus
1798 2368 1884 2421 hic
1937 2368 2183 2420 deserere
2233 2382 2331 2421 nos

771 2458 977 2525 incipit,
1010 2456 1217 2510 crebris
1256 2457 1305 2508 in
1342 2457 1545 2527 reliquo
1569 2457 1728 2526 773
1759 2458 1878 2510 libri
1928 2458 2089 2525 hujus
2126 2458 2333 2511 lacunis

767 2549 945 2611 hians,
977 2558 1025 2600 et
1070 2548 1156 2599 ubi
1191 2547 1471 2601 continuat
1513 2560 1786 2615 utcunque
1838 2546 2214 2614 scriptienem,
2248 2548 2331 2600 in-

770 2641 976 2692 terdum
1013 2640 1443 2699 irreparabiliter
1468 2650 1779 2707 corruptus.
1820 2639 1971 2694 Unde
2015 2640 2219 2692 assulis
2254 2639 2332 2693 illi

768 2732 833 2782 ad
855 2731 1055 2783 calcem
1093 2731 1478 2797 supplementis
1508 2747 1572 2785 ex
1604 2732 1725 2784 aliis
1777 2731 2201 2798 exemplaribus,
2234 2731 2333 2784 de-

769 2824 995 2891 ligentes
1044 2824 1339 2878 attentione
1411 2839 1597 2893 magna
1660 2840 1777 2893 ane
1824 2824 2193 2891 probabiliora
2258 2825 2337 2876 vi-

771 2916 1052 2978 dchantttr,
1087 2916 1167 2966 nsi
1222 2929 1362 2980 smpe
1412 2930 1631 2978 sumus;
1668 2932 1729 2968 ex
1766 2916 1953 2969 codice
2010 2918 2137 2982 quin
2170 2915 2332 2968 etiam

772 3006 862 3059 illo
906 3007 1182 3066 Vaticano,
1210 3005 1309 3058 etsi
1331 3007 1546 3074 evagari
1572 3009 1639 3060 ab
1685 3007 1924 3059 auctoris
1956 3006 2136 3059 vetbis
2170 3006 2338 3060 libere

770 3101 949 3154 mlite.
983 3099 1284 3153 nbimelias
1314 3114 1415 3153 non
1459 3099 1718 3165 occurrit,
1768 3110 2146 3167 excerpentes,
2194 3100 2337 3154 unde

772 3195 1091 3246 sententiam
1131 3193 1466 3247 tolerabilem
1514 3192 1873 3247 ellireremus.

842 3283 899 3336 Ρ.
934 3282 1057 3337 585.
1088 3283 1266 3337 Saltus
1290 3293 1338 3337 ct
1361 3285 1495 3352 juga
1519 3294 1784 3353 prmrupta
1829 3285 2016 3337 montis
2043 3281 2179 3337 Cani
2209 3284 2338 3337 cali.

771 3379 851 3430 dis
883 3395 1094 3432 suorum
1122 3380 1322 3430 insessa
1370 3379 1628 3444 pra'sidiis
1662 3380 1852 3430 nostris
1901 3380 2044 3432 invia
2084 3379 2339 3445 fecerunt.

772 3468 1063 3537 Postquam
1096 3471 1205 3523 lucc
1234 3481 1391 3523 erant
1436 3472 1601 3534 edita,
1633 3471 1875 3522 dubitavi
1906 3488 1971 3523 an
2002 3488 2106 3524 non
2156 3472 2340 3525 Gneca

774 3562 858 3614 his
884 3563 1282 3628 respondentia,
1319 3563 1409 3614 ml.
1440 3562 1539 3624 τὰς
1583 3564 1681 3629 μὲν
1705 3562 1764 3613 δυ
1778 3568 2015 3631 σχωρίας
2043 3562 2137 3614 τοῦ
2168 3564 2341 3615 Γάνου

776 3653 873 3703 καὶ
915 3650 1037 3704 λίαν
1088 3652 1529 3719 διεφυλάττεντο,
1562 3655 1743 3718 potius
1796 3652 2170 3719 significarent
2220 3653 2339 3723 juga

776 3755 1042 3812 prmrnpta
1077 3742 1209 3797 Gani
1241 3745 1417 3799 adhuc
1448 3762 1475 3795 a
1526 3744 1786 3798 Romanis
1834 3746 2001 3798 fuisse
2052 3745 2339 3800 custodita.

775 3838 956 3901 Quare
990 3837 1203 3891 barbari
1234 3847 1357 3891 tunc
1381 3847 1588 3892 tantum
1623 3840 1895 3907 potuerint
1925 3840 2345 3906 incursarequzn

789 3931 924 3985 :irca
956 3930 1166 3984 Canum
1218 3940 1368 3985 sunt.
1410 3930 1503 3983 Cui
1540 3930 1778 3999 opinioni
1814 3930 1956 3983 fat-et
2002 3930 2143 3999 quod
2179 3929 2342 3993 infra,

776 4038 829 4076 ιε.
873 4022 963 4087 2i,
1011 4032 1268 4087 tanquam
1313 4034 1567 4076 eventum
1634 4022 1718 4075 bis
1768 4022 2038 4090 posterius
2088 4021 2339 4086 refertur,

776 4126 924 4167 artas
976 4114 1159 4167 faures
1215 4115 1350 4169 Gani
1404 4116 1602 4167 tuentis
1648 4114 1716 4167 ab
1768 4114 2121 4183 Amogaharis
2177 4114 2344 4166 fuisse

780 4216 1086 4270 penetratas
1115 4216 1166 4257 et
1196 4220 1372 4258 arcem
1410 4206 1461 4258 in
1494 4205 1624 4275 jugo
1654 4207 1889 4275 positam
1920 4217 2155 4272 captam.
2184 4203 2341 4257 Juxta

778 4297 935 4349 istaut
972 4297 1295 4351 sententiam
1328 4296 1511 4366 refingi
1549 4299 1707 4351 debet
1736 4313 1849 4350 mea
1883 4297 2257 4365 interpretatio
2290 4296 2341 4347 in

780 4387 924 4439 hunc
956 4387 1172 4438 modum
1211 4403 1224 4438 :
1266 4386 1430 4438 Duces
1464 4387 1609 4439 illius
1671 4388 1860 4455 gentis,
1904 4403 2022 4439 cum
2073 4387 2239 4438 saltus
2293 4397 2341 4438 et

769 4479 903 4548 juga
938 4489 1204 4547 praerupta
1241 4477 1377 4531 Cani
1421 4480 1612 4531 montis
1648 4480 1819 4531 valide
1859 4479 2031 4531 adhuc
2082 4478 2344 4529 rustodita

2433 1995 2799 2049 conditionem
2826 1993 2990 2065 774,
3012 1993 3215 2047 sororis
3248 2008 3357 2045 sua:
3380 1991 3602 2045 Joannaz
3625 1991 3807 2060 (quam
3837 1987 4021 2043 Graeci

2433 2090 2644 2143 Annam
2682 2090 3043 2155 vocaverunt)
3081 2085 3392 2140 Andronico
3440 2080 3674 2147 Juniori,
3735 2080 4022 2134 Michaelis

2432 2183 2631 2250 saepius
2686 2182 2789 2234 hoc
2822 2194 2987 2247 opere
3023 2177 3301 2231 memorati
3346 2175 3477 2239 filio,
3514 2174 3565 2227 in
3622 2172 3836 2243 imperii
3890 2188 4026 2225 con-

2435 2278 2661 2330 sortium
2690 2275 2881 2339 ascito,
2922 2270 3269 2337 collocandae,
3304 2279 3464 2340 prout
3498 2267 3618 2322 fuse
3655 2278 3846 2321 narrat
3872 2268 4024 2322 Can-

2435 2377 2768 2430 tacnzenus,
2801 2367 2841 2421 l.
2881 2382 2923 2429 ι,
2962 2380 3010 2419 c.
3041 2364 3131 2420 40.

2504 2457 2566 2511 Ρ.
2598 2459 2722 2513 (ill.
2753 2457 2920 2511 Filius
2945 2456 3149 2510 Cbalan
3178 2458 3409 2527 Apagas,
3448 2472 3553 2508 non
3577 2454 3744 2509 frater
3786 2461 3932 2510 erat.
3968 2464 4027 2507 ut

2435 2553 2679 2619 agitet-icit
2714 2552 2825 2619 ipse
2856 2549 3235 2618 Pachymercs.
3266 2550 3369 2603 vel.
3401 2550 3443 2608 l.
3475 2566 3527 2615 p.
3562 2549 3687 2607 {75.
3722 2558 3777 2601 et
3824 2549 3877 2600 in
3918 2548 4024 2601 hac

2435 2645 2671 2699 secunda
2707 2654 2878 2709 parte,
2919 2658 2971 2708 p.
3006 2642 3134 2702 9.62.
3164 2644 3415 2708 idemque
3447 2652 3773 2696 attestautur
3796 2656 4019 2693 summa

2436 2752 2705 2788 consensu
2760 2735 3005 2787 historici
3044 2737 3266 2787 Arabes.
3304 2732 3438 2788 Vide
3474 2732 3665 2787 librum
3716 2749 3771 2786 tu
3825 2734 4023 2785 barum

2436 2827 2917 2889 Observationum,
2954 2841 3004 2880 c.
3060 2825 3110 2885 7,
3151 2843 3204 2878 ιι.
3266 2826 3353 2878 19..
3414 2825 3804 2893 lgnosrendum
3855 2824 4027 2892 igitur

2440 2920 2539 2972 hoc
2567 2920 2687 2971 loco
2718 2930 2795 2971 cst
2830 2918 3168 2986 μνημονικὸν
3198 2919 3424 2987 σφάλμα
3462 2917 3806 2986 Pachymeri.

2510 3007 2570 3063 P.
2608 3007 2734 3062 620.
2772 3008 3010 3075 Μαρίαν
3045 3007 3162 3075 τὴν
3193 3008 3531 3061 δέσποιναν
3585 3006 3705 3060 τῶν
3744 3010 4027 3074 Maurae-

2439 3100 2591 3153 .llwr
2644 3100 3131 3168 θρυλλουμένην.
3200 3099 3467 3152 Similiter
3510 3098 3737 3151 inferius
3766 3115 3819 3166 p.
3860 3099 3968 3152 657
4005 3116 4018 3129 ·

2443 3193 2763 3262 Animos).ch
2809 3191 2901 3244 τοῦ
2940 3192 3209 3261 βασιλέως
3248 3191 3454 3261 Μαρία,
3492 3193 3587 3243 καὶ
3627 3192 3733 3244 τῶν
3759 3193 4021 3258 Μουγω-

2444 3286 2572 3339 λίων
2595 3286 2736 3338 θῦτω
2770 3302 2889 3347 πως
2914 3286 3169 3337 δέσποιναι
3209 3284 3607 3352 ὀνομαζομένη.
3634 3285 4025 3351 Carmpantani

2447 3382 2747 3435 successori
2787 3381 3016 3434 Cazanis
3044 3392 3097 3433 et
3130 3396 3265 3433 novo
3301 3381 3433 3434 Κειιιί
3467 3380 3833 3433 Tocharorum
3860 3380 4027 3432 olnt:-

2446 3475 2579 3526 lerat
2618 3473 2671 3527 in
2725 3488 2979 3540 sponsam
3037 3474 3381 3525 Andronicus
3435 3474 3711 3541 Angustus
3773 3488 4024 3526 sororem

2446 3567 2717 3635 prepriant
2753 3564 3000 3627 Mariam,
3031 3563 3115 3635 [Ρ.
3151 3563 3279 3634 559]
3308 3576 3357 3617 et
3398 3565 3488 3616 ilio
3521 3575 3841 3629 acceptante
3872 3581 4028 3616 eant-

2446 3658 2566 3709 dem
2630 3672 2752 3710 cum
2800 3658 2948 3721 regio
2992 3658 3251 3711 comitatu
3308 3657 3535 3709 Nicaeam
3594 3658 3836 3710 miserat.
3873 3654 4029 3708 llaec

2446 3751 2519 3801 ait
2547 3749 2835 3802 historicus
2863 3751 3022 3816 vulgo
3047 3750 3211 3801 fuisse
3242 3750 3572 3801 nominatam
3599 3747 3877 3801 dominam
3911 3746 4029 3800 Sin-

2446 3841 2734 3905 puliorum.
2761 3826 2850 3893 Sic
2877 3840 3020 3894 enim
3046 3840 3383 3909 Mogulenses
3408 3840 3676 3907 principes
3704 3838 4025 3903 primariam

2445 3946 2492 3987 cf
2537 3922 2645 4002 prae
2675 3934 2886 3986 caeteris
2916 3934 3151 3987 nobilem
3192 3949 3414 3985 uxorem
3448 3931 3691 3985 solebant
3734 3947 3762 3984 a
3800 3934 4027 3985 caeteris

2445 4027 2777 4091 distinguere
2837 4028 3025 4079 addito
3076 4027 3124 4078 ei
3182 4026 3413 4077 domino!
3465 4024 3642 4078 tilttle.
3705 4022 3757 4075 Id
3813 4025 4025 4078 diserte

2449 4128 2679 4170 testatur
2709 4117 3170 4185 Abulpharagins,
3220 4134 3274 4185 p.
3316 4117 3421 4170 4‘29
3462 4117 3543 4169 sui
3578 4115 3835 4169 Chronici
3881 4120 4025 4170 Aro-

2447 4210 2566 4270 biri,
2599 4224 2764 4278 agens
2798 4209 2863 4263 de
2893 4208 3275 4277 Gingizchano
3327 4210 3501 4278 primo
3549 4211 3877 4278 imperatore
3908 4210 4026 4263 Mo-

2446 4302 2771 4367 gulcnsium,
2806 4302 2964 4369 cujus
3018 4308 3241 4354 uxorein
3279 4300 3592 4367 primariam
3638 4312 3691 4353 et
3746 4302 4027 4354 nobilissi—

2449 4410 2628 4455 mam,
2675 4394 2891 4446 arabice
2923 4394 2987 4445 Αι
3033 4394 3265 4457 Gnatam,
3328 4394 3428 4447 hoc
3467 4402 3547 4446 est
3593 4392 3862 4444 dominam
3927 4406 4025 4441 vo-

2447 4493 2645 4546 catam,
2682 4484 2901 4551 preprio
2936 4484 3151 4536 nomine
3186 4492 3546 4549 nuneupatam
3581 4480 3743 4533 fuisse
3776 4485 3849 4533 ait
3895 4480 4026 4533 Ovi-

778 4582 978 4625 tenrare
1012 4588 1113 4623 non
1159 4571 1432 4631 auderent,
1492 4572 1665 4624 varias
1719 4586 1783 4623 ex
1830 4572 2129 4623 abundante
2188 4572 2343 4623 turba
2380 4573 2420 4626 ι)
2452 4576 2626 4627 stmiin
2661 4575 2805 4644 Begi.
2842 4574 3108 4628 Similiter
3150 4574 3199 4627 in
3256 4573 3378 4627 aliis
3412 4587 3641 4641 quorum
3678 4574 3867 4624 ordine
3908 4587 4028 4624 mc-

777 4666 1038 4730 con/latas
1068 4679 1252 4715 manus
1290 4680 1700 4732 quoquoversum
1736 4664 2046 4729 eminentes,
2090 4675 2196 4716 etc.
2231 4662 2343 4716 Hoc

782 4760 1022 4814 iudicare
1055 4760 1220 4821 volui,
1250 4760 1350 4813 etsi
1376 4759 1549 4813 adhuc
1578 4758 1805 4812 sentiam
1834 4774 1937 4812 non
1966 4774 2157 4811 carere
2191 4758 2342 4825 peni-

783 4864 869 4905 tus
901 4853 1364 4906 verisimilitudine
1391 4870 1549 4921 quam
1576 4852 1813 4921 expressi
1844 4854 1894 4905 in
1931 4854 2089 4906 editis
2125 4861 2345 4905 senten-

781 4946 930 4997 tiam.
952 4945 1408 5000 l’ottterunteuim
1438 4948 1783 5012 Amogahari,
1816 4962 1881 4999 ne
1906 4962 1933 4999 a
1960 4957 2111 5012 tergo
2145 4945 2343 4998 irrum-

780 5054 828 5106 νυ
853 5038 1031 5091 ntibus
1064 5039 1390 5106 pra-sitlariis
1415 5041 1554 5091 areis
1585 5038 1716 5090 Gelli
1763 5041 2120 5099 ca-dercntnr,
2158 5046 2345 5087 custo-

782 5134 876 5182 des
914 5131 1040 5194 ipsis
1070 5140 1421 5197 angustarum
1460 5129 1693 5183 futtcltlttt
1727 5146 1756 5182 e
1785 5132 1897 5183 suis
1929 5144 2220 5198 opponere.

856 5219 916 5273 l’.
948 5221 1068 5275 598.
1120 5220 1192 5273 Ex
1228 5224 1591 5275 monumentis
1628 5221 1989 5274 Genucnsiutn
2027 5224 2195 5275 habeo
2252 5237 2345 5271 ιο-

779 5324 961 5365 ratum
988 5316 1129 5367 hunc
1158 5314 1406 5382 Opitium
1444 5316 1745 5382 Spinelam,
1779 5316 2210 5383 petentiSsin'um
2246 5318 2346 5370 du-

782 5423 897 5458 rent
953 5406 1369 5472 Gibellinerum,
1426 5423 1682 5475 generum
1732 5408 1989 5476 prin2-ipis
2043 5410 2345 5464 Antiochia:

782 5496 875 5549 fili
904 5496 1163 5550 Friderici
1184 5498 1225 5551 ll
1249 5498 1609 5565 imperatoris,
1634 5509 1683 5549 ut
1713 5498 1943 5551 affirmat
1970 5499 2342 5561 Constantius.

778 5603 834 5642 ιτ.
873 5588 1001 5652 9.58,
1030 5589 1084 5642 in
1120 5590 1360 5644 historiis
1395 5589 1616 5644 Sit-ilia}.
1677 5592 1843 5644 Porro
1890 5574 2074 5645 Inrita
2110 5604 2239 5645 tom.
2276 5592 2342 5656 ll,

785 5693 834 5729 c.
869 5676 955 5739 l2,
991 5687 1044 5729 et
1073 5678 1287 5742 Corius,
1317 5694 1367 5732 c.
1404 5679 1525 5746 163,
1559 5683 1707 5734 aiunt
1752 5682 2075 5751 Palmologes
2108 5685 2347 5738 exouisi-

785 5771 927 5821 tisse
964 5768 1275 5823 aflinitatcm
1308 5788 1428 5825 cum
1468 5775 1623 5825 modo
1673 5785 1968 5827 immorato
1993 5777 2181 5841 Upicio
2225 5777 2347 5841 Spi-

791 5864 935 5927 nola,
981 5874 1037 5917 ut
1093 5880 1187 5932 per
1254 5867 1397 5919 illutn
1454 5866 1746 5921 Gibcllinos
1807 5868 1905 5921 sibi
1974 5870 2342 5938 adjungrt‘cnt.

2456 4667 2610 4719 tninit
2639 4666 3058 4733 imperatoribus
3091 4665 3207 4733 ejus
3246 4665 3423 4733 gentis
3467 4664 3782 4731 plerumque
3819 4680 4029 4715 ineme-

2456 4770 2535 4810 rat
2569 4760 2893 4827 prmcipuaut
2937 4757 3198 4824 cujusque
3232 4757 3543 4823 coniugem,
3574 4770 3786 4823 semper
3817 4756 3892 4808 illi
3933 4758 4027 4811 uni

2456 4854 2695 4905 tribuens
2724 4851 2931 4904 titulum
2970 4849 3180 4902 Chatim
3210 4849 3324 4900 sive
3359 4848 3646 4915 preeposfto
3686 4848 3923 4923 articulo
3957 4851 4027 4901 ,ιι

2456 4942 2703 5005 Chatun;
2737 4957 2896 5006 quem
2933 4943 3147 4993 titulutn
3202 4940 3488 4993 Etluardns
3519 4936 3843 4997 Pocockius.
3878 4938 4031 4992 Lati-

2457 5052 2556 5088 nos
2592 5036 2708 5104 ejus
2736 5034 2987 5087 Chronici
3035 5034 3324 5101 itttt-rpt‘t‘s.
3358 5032 3490 5085 solet
3525 5031 3833 5096 eXprimere
3868 5031 4031 5085 Fora-

2454 5129 2580 5182 bnlo
2608 5128 2851 5181 domina‘.
2887 5128 3047 5179 Maria
3083 5128 3242 5192 igitur
3269 5123 3586 5192 Palmologa.
3622 5123 3697 5175 ttti
3727 5122 3837 5191 jam
3879 5141 4029 5179 nunc

2458 5221 2712 5285 primaria
2742 5236 2876 5272 uxor
2924 5219 3337 5283 (Iarmpantanis
3368 5215 3532 5268 Kanis
3570 5214 3958 5283 Mngnliorum,
3999 5233 4027 5269 a

2455 5314 2567 5366 suis
2604 5311 2809 5365 Graecis
2864 5312 3074 5363 titulum
3106 5310 3312 5363 Chatun
3342 5310 3387 5361 ei
3420 5325 3447 5361 a
3495 5307 3895 5377 Megalensibus
3933 5310 4030 5358 tri-

2457 5406 2642 5458 butum
2694 5419 2789 5456 suta
2837 5405 3015 5474 lingua
3078 5405 3431 5456 reddentibus
3486 5401 3740 5453 653mm:
3808 5400 4030 5453 domina

2458 5496 2817 5565 Muguliorum
2878 5496 3236 5559 recitabatur,
3288 5506 3447 5561 prout
3499 5494 3580 5547 his
3629 5493 3840 5547 duobus
3895 5494 3963 5546 lui
3985 5495 4031 5547 is

2460 5590 2819 5659 Pachymeres
2849 5589 3100 5641 aﬂirmat.

2534 5682 2592 5735 P.
2626 5682 2748 5735 6:19.
2782 5681 2998 5750 Dizyam
3037 5681 3203 5733 fuisse
3242 5680 3293 5731 iu
3341 5677 3748 5731 mediterraneis
3780 5674 4031 5728 Thracii:

2467 5778 2669 5827 dudum
2705 5777 2999 5825 docuerunt
3044 5772 3365 5824 Ptolenucus
3397 5781 3449 5822 ct
3482 5770 3809 5835 Stephanus.
3863 5758 4031 5817 nam

2468 5877 2647 5921 autem
2668 5864 2934 5930 eamdem,
2953 5880 3055 5918 non
3076 5863 3269 5933 κώμην
3294 5861 3587 5925 exstitirsc,
3610 5860 3893 5921 riritetrm,
3923 5873 4028 5912 nen
