4194 6444
778 370 894 433 δ135

1716 372 1782 433 Ρ.
1827 371 2123 431 POSSlNl
2162 374 2820 436 OBSEllVATlONUM
2850 377 2995 436 ΗΒ.
3039 376 3152 439 1Π.

3950 387 4055 452 836

774 484 844 537 ‘25
880 483 1082 539 solidos
1127 485 1411 550 addamus,
1455 485 1547 541 lict
1605 502 1779 540 annus
1820 489 2022 543 Christi
2084 488 2241 554 1307,
2306 491 2356 543 itt
2392 503 2432 551 Α
2466 504 2511 542 ιι
2547 492 2716 543 serius
2763 491 3123 559 inille-simitu,
3173 495 3488 548 duodecima
3547 501 3733 551 mensis
3788 499 4051 569 Octobris,

776 582 936 650 cujus
965 581 1054 635 die
1104 581 1392 636 undecima
1450 584 1762 637 Decembris
1809 600 2029 638 necesse
2059 585 2125 636 sit
2163 596 2361 639 metam

777 677 1015 741 deligere
1064 674 1309 730 ultimam
1352 677 1613 744 temporis
1660 678 1759 731 hac
1797 678 2027 731 historia
2075 677 2360 746 descripti.

775 768 912 833 Quia
942 782 1070 819 vero
1100 769 1153 821 in
1185 768 1509 822 collectione
1544 767 1811 834 majorum
1847 781 2184 822 summarum
2246 767 2364 822 fere

777 858 1025 912 minutim
1054 870 1507 925 contemnuntur,
1547 862 1688 913 haud
1720 876 2051 929 magnopere
2090 876 2364 928 repugna—

775 951 968 1012 verint,
993 952 1035 1002 si
1063 951 1184 1019 quis
1231 952 1387 1005 tttalit
1423 971 1448 1003 a
1488 952 1747 1007 Kalendis
1785 950 2064 1007 Januariis
2124 952 2187 1024 [P
2230 950 2359 1022 562]

772 1043 1159 1122 anniChristi
1214 1044 1350 1098 1:283
1389 1046 1545 1111 hujus
1577 1045 1829 1101 Historiae
1879 1046 2094 1102 initiunt
2139 1051 2360 1111 ducere,

775 1153 838 1190 ac
906 1136 1067 1193 linem
1118 1140 1362 1206 ejusdem
1424 1140 1475 1193 itt
1532 1141 1796 1197 Kalendis
1833 1142 2025 1196 iisdem
2064 1141 2187 1196 anni
2224 1143 2362 1198 1308

774 1242 1041 1296 statuere,
1087 1232 1348 1300 neglectis
1412 1234 1699 1303 utrobique
1740 1236 1931 1304 viginti
2000 1235 2210 1291 diebus.
2269 1235 2360 1303 qui

774 1338 934 1392 Supra
970 1327 1207 1391 priorcnt
1258 1334 1524 1395 epocham
1585 1330 1889 1389 abundant.
1926 1330 2227 1406 posteriori
2262 1333 2360 1383 dc-

770 1431 897 1472 suttt
926 1424 992 1472 ad
1034 1420 1330 1488 perfectam
1372 1422 1787 1496 plenitudinem.

844 1513 934 1565 ΙΙΙ.
989 1512 1053 1566 Et
1094 1512 1440 1567 cetttmotlutn
1490 1517 1556 1569 ad
1612 1493 1774 1569 istoin
1830 1516 2053 1584 putandi
2090 1518 2356 1573 rationein

772 1607 906 1659 satis
942 1616 1065 1674 apte
1092 1608 1362 1674 quali-aut
1405 1606 1531 1660 anni
1570 1607 1692 1661 vitae
1732 1609 2048 1673 Andronici,
2093 1626 2229 1677 quos
2274 1613 2358 1665 itt-

771 1698 1056 1765 signiendo
1117 1698 1401 1767 principio
1439 1700 1598 1765 spatii
1655 1711 1997 1753 narratarunt
2053 1717 2081 1752 a
2140 1717 2197 1755 se
2254 1704 2357 1756 hoc

769 1803 932 1855 Opere
961 1804 1137 1842 rerum
1173 1794 1353 1842 noster
1378 1791 1595 1843 adhibet
1632 1791 1946 1846 historicus.
1981 1789 2123 1845 Nam
2149 1795 2352 1847 editum

2469 583 2602 648 [etin
2633 587 2808 651 prima
2833 586 3193 641 hebdomadis.
3231 588 3302 643 Ut
3329 592 3458 644 anni
3485 606 3610 645 tera:
3647 591 3959 647 Grtl'corttm
3987 601 4051 650 ad

2468 690 2632 728 a-ram
2670 690 2912 732 nostram
2948 681 3223 747 vulgarem
3257 686 3612 747 reducantur,
3651 699 3919 754 perpetua
3948 704 4054 740 nte-

2471 770 2641 823 thodo
2680 786 2742 824 ex
2792 772 2898 825 illis
2932 773 3154 831 tollendi
3199 784 3327 831 sunt
3379 778 3507 830 anni
3542 779 3701 832 solidi
3729 778 3896 834 5508.
3937 779 4051 835 Tali

2468 867 2844 919 subtractione
2879 867 3020 922 faeta
3058 869 3363 938 reperietur
3398 885 3598 939 annus,
3630 887 3739 941 quo
3784 882 3870 926 est
3905 889 4050 926 mor-

2469 965 2584 1009 tuos
2623 954 2878 1020 Michael,
2920 958 3128 1014 Christi
3195 960 3354 1015 l52l.
3392 961 3497 1014 Sed
3538 962 3589 1014 itt
3650 962 3732 1018 his
3761 963 4053 1032 diligenter

2465 1048 2766 1102 observare
2830 1061 3048 1119 Oportet
3103 1052 3505 1122 discrepastias
3554 1056 3695 1109 initii
3756 1073 4051 1114 annorum.

2467 1139 2601 1191 Nam
2641 1140 2812 1197 Graeci
2859 1156 3037 1198 Annos
3087 1161 3219 1200 suos
3268 1162 3391 1202 atra:
3431 1149 3617 1202 mundi
3650 1165 3678 1202 a
3714 1147 4051 1219 Septembri,

2466 1232 2613 1287 sicut
2642 1244 2697 1287 ct
2728 1236 3104 1300 ittdiCtionetn,
3133 1239 3414 1306 incltoant,
3447 1257 3545 1297 nos
3573 1258 3700 1299 vero
3729 1259 3755 1295 a
3795 1243 4053 1301 Kalendis

2463 1322 2731 1381 Januarii.
2766 1326 2954 1398 Itaque
2979 1333 3195 1400 quando
3237 1348 3333 1402 per
3367 1337 3679 1389 methodum
3716 1338 3879 1391 modo
3915 1338 4056 1390 iudi—

2470 1426 2646 1473 catam
2674 1423 3039 1490 comperimus
3069 1440 3269 1478 annum
3292 1425 3608 1480 Grtccorttm
3643 1427 3787 1482 6829
3826 1444 4054 1497 respou-

2465 1510 2594 1563 derc
2638 1526 2783 1565 anno
2819 1512 3021 1567 Christi
3070 1516 3231 1579 1521,
3269 1516 3676 1589 intelligendum
3716 1520 3770 1571 id
3809 1535 3877 1574 ex
3941 1536 4055 1572 ma-

2456 1599 2859 1669 joi'iduntaxat
2912 1616 3087 1674 parte,
3140 1624 3249 1662 non
3309 1621 3490 1665 autem
3543 1620 3601 1662 ut
3644 1611 3783 1663 alter
3814 1610 4052 1665 alterum

2422 1717 2426 1719 Α
2464 1694 2704 1763 perfecte
2754 1699 3022 1769 adaequet.
3068 1700 3413 1756 Concurrunt
3468 1702 3612 1755 enim
3657 1703 3709 1756 itt
3740 1712 3868 1757 Octo
3911 1703 4055 1756 dun-

2464 1784 2614 1842 taxat
2640 1793 2953 1857 νῐτδειιδὶὶιιιε,
2997 1789 3231 1864 quorum
3270 1796 3482 1862 primus
3514 1792 3809 1849 Januarius
3840 1797 3940 1847 sit.
3976 1795 4056 1847 Ab

772 1880 826 1933 iit
864 1881 1039 1933 lucem
1074 1880 1156 1933 vel
1188 1897 1373 1935 mense
1416 1880 1677 1937 Januario
1717 1884 1798 1936 vel
1833 1882 2120 1938 Februarii
2152 1887 2356 1954 princi-
2394 1859 2431 1912 Β
2466 1883 2567 1938 hoc
2607 1882 2753 1936 enim
2798 1885 2985 1938 ineunt
3034 1886 3240 1939 Christi
3293 1885 3442 1949 anni,
3480 1885 3697 1952 quando
3722 1885 3835 1955 jam
3872 1901 3903 1937 ει
3946 1886 4057 1937 Ka-

772 1977 859 2042 pio
894 1976 1263 2029 Andronicum
1313 1976 1457 2029 hunc
1491 1976 1898 2044 imperatorem,
1941 1978 2145 2032 dudum
2185 1980 2355 2034 colle-

768 2070 946 2135 gimus
1009 2069 1137 2138 (vol.
1203 2067 1246 2131 l,
1282 2085 1336 2135 p.
1396 2070 1519 2134 715)
1574 2085 1639 2123 ex
1693 2071 1799 2123 illis
1840 2069 2130 2139 Nicrphori
2175 2074 2383 2126 verbis

772 2164 807 2214 Ι.
843 2180 893 2223 x.
932 2177 983 2231 p.
1019 2162 1143 2223 9.”,
1177 2163 1372 2231 quibus
1406 2164 1457 2215 in
1494 2163 1748 2217 tnottotlia
1779 2165 1842 2216 de
1871 2164 2167 2218 Andronici
2204 2166 2351 2234 ejus-

770 2258 891 2307 dem
922 2257 1072 2308 obittt
1123 2254 1356 2309 aﬂirmat
1396 2271 1518 2309 eum
1568 2257 1654 2309 die
1698 2258 2024 2310 duodecimo
2070 2256 2354 2313 Februarii

773 2350 1092 2401 tit-ut'icntcnt
1125 2349 1426 2416 exlilcvisse
1471 2365 1670 2401 tinuum
1701 2351 1877 2401 artatis
1909 2360 2158 2418 quartum
2191 2366 2353 2419 Supra

771 2445 1229 2512 septuagesintum
1261 2462 1274 2497 ι
1307 2441 1583 2514 Τέταρτον
1622 2444 1719 2509 μὲν
1773 2443 1875 2513 ἤδη
1924 2444 2020 2496 καὶ
2054 2444 2358 2513 ἑϐδομηκο-

774 2537 901 2587 στὸν
932 2536 1052 2598 ἔτος
1093 2535 1203 2589 ἀπὸ
1257 2536 1527 2603 γενέσεως
1566 2535 1716 2605 αὐτῷ
1756 2535 2086 2590 τελευτῶντι
2121 2538 2353 2607 ἠνύετο·

772 2629 1009 2693 Quartus
1028 2639 1076 2682 et
1098 2630 1518 2698 septuagesimus
1550 2647 1721 2682 annus
1752 2648 1781 2682 a
1812 2631 2087 2684 nativitate
2106 2632 2208 2699 ipsi
2235 2648 2349 2685 mo-

773 2721 928 2773 rienti
963 2721 1352 2774 nbsolvebatur.
1391 2720 1528 2775 Cum
1568 2734 1747 2774 autem
1780 2738 1901 2774 eum
1933 2735 2117 2775 natum
2160 2722 2355 2779 delini-

771 2813 1010 2866 \'critnus
1059 2813 1261 2867 ibidem
1326 2830 1470 2868 anno
1523 2814 1727 2868 Christi
1774 2814 1949 2876 1358,
1998 2814 2353 2879 intelligimus

769 2909 943 2974 ipsum
985 2907 1290 2975 ingressum
1342 2920 1544 2959 annmn
1614 2918 1865 2975 quartum
1920 2919 1975 2960 et
2035 2911 2350 2963 vicesimum

769 2996 945 3050 :t'talis
1005 3001 1181 3064 prium
1232 2999 1607 3067 sesquimense
1661 3000 1787 3051 anni
1822 2998 2021 3053 Christi
2074 2999 2231 3063 19.32,
2261 3016 2358 3055 Ctt-

764 3088 856 3156 jus
905 3088 1031 3140 anui
1085 3105 1268 3143 mense
1322 3090 1512 3143 ultimo
1552 3091 1690 3156 patri
1748 3093 2027 3147 decedenti
2076 3094 2223 3147 solus
2300 3099 2351 3149 in

771 3182 999 3248 imperio
1030 3183 1325 3236 succedens
1359 3194 1630 3236 extremos
1668 3186 1919 3238 trahebat
1974 3200 2191 3239 menses
2226 3188 2350 3241 anni

768 3289 880 3326 suae
921 3278 1043 3327 vitae
1079 3276 1258 3339 quarti
1307 3286 1360 3329 ct
1409 3278 1673 3339 riu-simi,
1710 3288 1830 3346 post
1872 3292 1974 3332 non
2009 3279 2201 3333 mttltos
2232 3282 2350 3334 dies

771 3366 1090 3420 tier-simum
1121 3366 1371 3433 quinlunt
1400 3367 1670 3432 initurus;
1708 3382 1771 3421 ex
1810 3383 1919 3436 quo
1951 3378 2198 3438 tempore
2226 3387 2347 3425 cum

767 3473 940 3510 annos
986 3458 1226 3525 quinque
1281 3473 1444 3526 supra
1478 3458 1665 3525 viginti
1698 3460 2009 3523 evolvisset,
2041 3476 2182 3530 quan
2210 3476 2256 3512 :o
2286 3480 2349 3516 ea

766 3552 1098 3614 gerebantur
1132 3551 1184 3602 in
1221 3550 1416 3619 quibus
1448 3551 1740 3604 narrandis
1775 3551 1976 3604 desinit
2008 3552 2122 3607 haec
2162 3554 2350 3607 Histo-

769 3647 845 3697 ria
873 3643 1248 3715 Parhymeris,
1276 3646 1750 3713 quadragesimum
1776 3663 1976 3701 nonum
2005 3648 2350 3702 Andronicus

766 3740 887 3791 rita:
929 3756 1129 3793 annum
1184 3757 1351 3809 prope
1415 3741 1770 3803 absolverat,
1832 3743 2344 3812 quinquagesimum

765 3832 1008 3898 proxime
1042 3832 1417 3887 inchoaturus.

810 3923 925 3977 .lV.
963 3926 1140 3994 Atque
1198 3928 1287 3978 hic
1330 3925 1641 3978 det-laraudi
1682 3926 1837 3979 locus
1864 3936 1946 3980 est
1984 3926 2127 3995 quod
2165 3927 2346 3983 obiter

764 4016 875 4070 dixi
929 4018 1246 4086 pru‘iatione
1295 4019 1362 4069 ad
1414 4017 1726 4071 universum
1781 4019 1881 4071 hoc
1930 3998 2087 4084 opius,
2138 4034 2259 4086 qua:
2291 4018 2343 4071 tu

766 4108 941 4159 ltottte
980 4109 1150 4176 partis
1199 4108 1396 4175 prioris
1435 4114 1711 4176 proposita
1751 4119 1804 4161 et
1848 4110 1914 4161 ad
1966 4109 2105 4162 hanc
2144 4111 2345 4163 nilnlo-

764 4204 944 4254 minus
993 4204 1328 4255 extenditur.
1390 4199 1592 4268 Scripsi
1647 4214 1829 4253 autem
1901 4202 2010 4253 illic
2068 4216 2163 4267 per
2205 4202 2345 4254 hanc

764 4311 909 4346 nunc
984 4296 1340 4360 prodeuntem
1410 4294 1763 4361 Pacliymeris
1809 4294 2089 4347 historiam
2134 4296 2340 4363 expleri

765 4383 909 4434 vrlut
943 4385 1232 4449 quemdam
1280 4385 1481 4435 hiatum
1517 4384 1744 4450 publica:
1783 4386 2054 4437 inemorite
2083 4400 2110 4436 a
2157 4384 2339 4437 Niceta

762 4487 813 4529 et
847 4474 1158 4544 Arropolita
1187 4478 1252 4527 ad
1290 4481 1757 4529 Lantacuzenum.
1796 4474 1850 4527 id
1886 4478 2029 4545 quod
2059 4494 2162 4531 non
2222 4478 2342 4530 ὀλο-

2465 1972 2641 2026 lendis
2695 1972 3055 2042 Septembris
3097 1977 3395 2045 superioris
3446 1992 3621 2031 anuus
3658 1991 3777 2029 ωιτη
3822 1975 4057 2030 (ἰηωό-

2465 2081 2604 2129 rum,
2662 2067 2754 2136 qui
2812 2070 3143 2135 respondere
3195 2070 3288 2123 tali
3333 2069 3537 2123 Chri5ti
3588 2084 3730 2122 anno
3779 2069 4053 2134 creditur,

2462 2156 2839 2212 inchoaverat.
2894 2158 2951 2212 ltl
3004 2160 3107 2213 nisi
3164 2161 3287 2228 quis
3340 2162 3807 2223 animadverterit,
3845 2162 3901 2213 in
3955 2163 4057 2218 hoc

2464 2250 2582 2317 ipso
2638 2253 2782 2321 qttod
2840 2262 3140 2308 tractamus
3184 2253 3433 2324 exemplo
3465 2269 3522 2307 se
3562 2256 3774 2323 lapsum
3822 2256 4051 2310 sentiet.

2464 2340 2603 2398 Ecce
2641 2346 2814 2408 enim,
2868 2346 2944 2400 ait
2983 2344 3400 2400 Cantacuzenns
3459 2348 3601 2401 diem
3656 2348 4052 2402 duodecimum

2460 2437 2733 2503 Octobris,
2781 2454 2891 2508 quo
2922 2448 3006 2492 est
3043 2450 3288 2493 mortuus
3325 2440 3581 2507 Michael,
3615 2441 3709 2494 illo
3746 2457 3899 2494 anno
3930 2458 4057 2495 trra:

2464 2532 2645 2585 mundi
2677 2532 2817 2586 689.9
2847 2532 3017 2585 l'ttisse
3056 2532 3419 2589 Dentiuicum.
3452 2532 3511 2584 ld
3548 2547 3677 2586 vero
3705 2549 3848 2585 anno
3885 2533 4057 2586 Chri-

2459 2623 2530 2677 sti
2568 2623 2698 2675 l521
2738 2623 2960 2676 minime
2989 2626 3267 2678 convenit.
3298 2624 3391 2678 Est
3425 2627 3569 2681 enim
3604 2626 3689 2680 ltic
3726 2628 3781 2680 in
3811 2629 4053 2696 periodo

2456 2718 2673 2775 Juliana
2706 2717 2866 2782 6035,
2910 2718 3002 2787 qui
3043 2734 3300 2772 numerus
3335 2735 3430 2787 per
3458 2720 3528 2773 28
3562 2721 3772 2774 divisus
3805 2721 3907 2774 dat
3953 2736 4051 2790 cy-

2459 2813 2601 2866 clunt
2638 2815 2771 2866 solis
2803 2812 2869 2866 H
2911 2814 2959 2865 ei
3001 2810 3204 2865 Christi
3245 2828 3389 2866 anno
3426 2813 3557 2869 l52l
3585 2814 3891 2883 proprium.
3937 2813 4013 2884 Cy

2461 2905 2546 2959 clo
2575 2919 2740 2974 porro
2794 2905 2928 2959 solis
2964 2905 3049 2968 H,
3088 2906 3173 2958 cui
3211 2906 3391 2959 littera
3425 2904 3774 2960 Dominicalis
3808 2907 3873 2980 [Ρ
3910 2908 4019 2962 563

2464 2999 2503 3052 1)
2533 2997 2817 3066 cumpetit,
2860 2996 3223 3052 duodecimus
3268 2996 3519 3051 Octobris
3566 2999 3681 3052 dies
3727 2998 3869 3051 luna:
3921 2999 4046 3051 fuit.

2461 3091 2731 3144 Nimirum
2786 3088 3011 3144 Octobri
3061 3090 3420 3159 praecedentis
3463 3090 3661 3144 Christi
3712 3090 3839 3141 anui
3906 3088 4048 3143 1529

2372 3180 2422 3249 Ἀ
2460 3180 2687 3236 Michael
2717 3182 2950 3235 obierat.
2984 3178 3118 3232 Nam
3157 3182 3201 3232 is
3229 3195 3405 3233 annus
3436 3180 3589 3249 cyrlo
3617 3179 3744 3231 solis
3780 3180 3845 3232 15
3876 3191 3933 3232 et
3961 3180 4048 3229 lit-

2461 3283 2573 3327 tera
2607 3272 2931 3326 Dominit-ali
2977 3272 3193 3341 gemina
3241 3271 3279 3324 F
3314 3270 3374 3335 E,
3415 3275 3541 3341 quia
3583 3272 3883 3326 bissextilis
3916 3271 4045 3335 fuit,

2458 3367 2753 3435 ius‘guitus
2797 3383 2823 3419 ει
2858 3379 3044 3421 mense
3084 3365 3277 3418 Martio
3319 3366 3552 3418 litteram
3594 3364 3634 3417 E
3668 3364 3816 3418 feria:
3846 3364 4047 3433 prima:

2456 3459 2688 3512 indicem
2741 3459 2948 3511 habuit.
3007 3456 3130 3510 “tl‘C
3180 3468 3360 3510 autent
3412 3457 3587 3510 littera
3650 3457 4044 3510 duodecimum

2454 3550 2706 3606 Octobris
2755 3552 2895 3604 diem
2934 3551 3133 3620 signat.
3166 3550 3317 3605 Unde
3367 3551 3689 3603 cltaractere
3735 3551 4047 3602 ehroaolo:

2453 3648 2575 3713 gito
2616 3654 2765 3698 certa
2813 3645 3062 3698 redditur
3106 3645 3308 3713 tpocha
3341 3644 3527 3698 obitus
3556 3644 3905 3712 imperatoris
3940 3642 4045 3694 Sli-

2452 3738 2657 3790 chaetis
2704 3736 2950 3791 Junioris
3029 3740 3080 3791 itt
3122 3736 3415 3792 Octol-rem
3470 3740 3595 3790 attni
3637 3738 3837 3791 Christi
3899 3736 4043 3791 1320

2453 3840 2645 3887 name
2676 3828 2939 3887 incidens.
2983 3827 3058 3882 Ex
3116 3845 3224 3897 quo
3270 3829 3457 3881 limine
3491 3844 3613 3880 cum
3647 3830 3913 3897 procedat
3946 3828 4040 3880 hi-

2449 3924 2619 3978 storia
2676 3923 3067 3985 Cautacnzeni,
3117 3932 3279 3991 caput
3327 3924 3447 3991 ejus
3498 3936 3528 3973 a
3583 3923 3689 3975 line
3728 3920 4044 3991 l’acbyme-

2453 4012 2637 4074 rianaz,
2680 4012 3006 4076 desinentis,
3056 4023 3112 4065 ut
3145 4021 3228 4066 est
3254 4012 3485 4076 dictum,
3517 4012 3622 4066 sub
3654 4013 3862 4065 exitum
3901 4013 4038 4067 anni

2447 4106 2650 4159 Clitiin
2682 4086 2842 4167 ιδοῆ,
2875 4105 3041 4158 distat
3078 4105 3258 4173 spatio
3286 4119 3553 4157 annorum
3576 4105 3861 4161 tredecim.
3886 4108 4036 4175 quod

2449 4213 2553 4249 non
2580 4198 2803 4267 impedit
2830 4212 2936 4267 quo
2961 4198 3137 4251 minus
3157 4196 3400 4265 populari
3421 4207 3472 4250 et
3495 4196 3677 4250 minus
3701 4199 4037 4266 scrupuloso

2446 4291 2768 4343 nutrierandi
2825 4305 2975 4345 more
3039 4291 3146 4344 dici
3219 4290 3388 4359 possit
3422 4291 3597 4358 excipi
3632 4288 4031 4359 Pachymena-

2447 4397 2623 4435 nauta
2656 4382 3155 4445 Cantacuzeniana,
3180 4396 3233 4436 et
3258 4384 3398 4437 hanc
3425 4382 3496 4435 illi
3524 4384 3833 4436 eontinttari
3863 4384 4038 4437 histo-

2451 4477 2605 4531 riam.
2638 4475 2779 4530 sicut
2811 4473 3221 4544 'l‘bucydideam
3288 4473 3668 4529 "CI‘OtiollttntB
3727 4479 4036 4529 succedere

764 4568 977 4636 0,;596);
1026 4568 1196 4635 accipi
1243 4579 1335 4620 aut
1386 4568 1620 4622 resecari
1663 4569 1728 4620 ad
1764 4569 1945 4621 vivum
1986 4569 2150 4632 volui,
2184 4570 2338 4637 quasi
2374 4580 2416 4634 ι)
2454 4568 2606 4620 multi
2661 4567 2936 4633 dixerunt,
2987 4567 3116 4622 licet
3164 4568 3251 4621 illa
3310 4570 3527 4638 proprie
3580 4567 3748 4622 ducat
3807 4570 4034 4621 initium

760 4661 983 4733 ἀμέσως
1012 4672 1065 4716 et
1092 4664 1340 4730 protinus
1368 4664 1626 4732 contigue
1660 4661 1873 4715 initium
1904 4662 2337 4718 Cantaruzenia-

764 4774 845 4811 nae
898 4757 1150 4810 Historia:
1208 4757 1299 4809 lir.i
1337 4755 1775 4826 Pachymeriauac
1803 4758 2195 4811 committatur.
2248 4758 2340 4811 ln-

763 4851 921 4900 choat
965 4847 1385 4901 Cautacuzetms
1455 4847 1824 4901 narrationem
1873 4864 2027 4902 suam
2080 4866 2108 4911 a
2164 4862 2341 4907 morte

764 4941 1110 5004 imperatoris
1138 4940 1416 4994 Michaelis
1457 4942 1678 4993 secundi
1716 4941 2023 5009 Palteologi,
2057 4957 2215 5009 quem
2251 4958 2343 4998 ne-

761 5049 943 5104 potem
991 5038 1187 5105 prioris
1256 5035 1539 5091 Michaelis
1587 5038 1931 5092 Andronicus
1989 5041 2175 5093 senior
2235 5039 2337 5093 Mi-

760 5130 967 5184 chaelis
1005 5130 1163 5198 pritnl
1204 5129 1371 5195 ﬁlius,
1429 5132 1651 5185 secundi
1703 5142 1875 5199 pater,
1915 5133 2335 5203 primogenitum

758 5238 914 5274 suum
941 5222 1153 5291 imperii
1192 5223 1457 5293 collegam
1489 5224 1698 5278 habuit.
1736 5223 1887 5276 llunc
1913 5223 2337 5282 Cantacozenus

758 5314 938 5382 ptimo
969 5315 1149 5368 statim
1192 5315 1316 5369 libri
1349 5317 1508 5384 primi
1544 5318 1721 5386 capite
1750 5318 1892 5371 diem
1929 5334 2085 5372 suum
2130 5321 2337 5374 obiisse

755 5406 1159 5461 Thessalonica:
1204 5409 1422 5472 seribit,
1483 5410 1681 5480 Τρίτον
1730 5411 1867 5479 πρὸς
1914 5411 2335 5481 τεσσαράκοντα

755 5498 950 5566 χρόνον
982 5499 1186 5565 ἄγοντα
1219 5498 1319 5568 τῆς
1350 5499 1589 5569 ἡλικίας,
1618 5500 1769 5564 ἔτους
1800 5502 2023 5554 ἐννάτου
2057 5503 2193 5571 προς
2220 5505 2333 5564 τοῖς

753 5594 927 5641 εἰκοσι
958 5591 1053 5643 καὶ
1082 5592 1431 5654 ὀκτακοσίοις
1465 5594 1561 5644 καὶ
1596 5592 2007 5662 ἑξακισχιλίοις,
2048 5596 2329 5667 δωδεκάτῃ

757 5682 925 5750 μηνὸς
975 5682 1328 5753 Ὀκτωϐρίου,
1378 5685 1543 5755 778
1583 5686 1767 5756 ἡμέρᾳ
1810 5689 2001 5756 πρώτῃ
2047 5688 2145 5755 τῆς
2182 5688 2331 5739 ἑϐδο-

755 5776 943 5843 μάδος.
987 5774 1221 5829 Tertium
1261 5788 1310 5830 et
1356 5781 1818 5850 quadragesimum
1853 5798 2048 5832 armum
2098 5793 2332 5849 agentem

752 5869 945 5935 atatis,
979 5870 1105 5925 anui
1145 5872 1267 5927 uani
1299 5883 1346 5928 et
1386 5872 1619 5927 riresimi
1645 5889 1807 5942 supra
1840 5874 2330 5943 octingentesémtmt

2446 4659 2513 4712 ab
2567 4661 2809 4716 exordiis
2861 4662 2985 4715 belli
3020 4662 3492 4729 Pelopeum-siuei,
3529 4679 3651 4731 quae
3706 4671 4037 4730 competunt

2445 4767 2589 4806 anno
2633 4753 2840 4820 periodi
2870 4754 3100 4809 Juliante
3129 4754 3294 4817 4285,
3328 4754 3442 4809 hac
3472 4755 3524 4809 in
3556 4754 3840 4809 Platzensi
3872 4755 4034 4808 clade

2445 4843 2733 4899 Persarum
2775 4846 3053 4900 Mardonio
3103 4848 3239 4900 duce
3270 4859 3325 4900 et
3373 4847 3481 4901 line
3509 4847 3633 4901 belli
3665 4846 3859 4901 Medici
3898 4848 4036 4900 deli-

2444 4937 2573 5000 ciat,
2632 4953 2776 4992 anno
2801 4938 3010 5007 perimit
3047 4938 3277 4992 Juliaute
3311 4937 3472 5003 1255,
3524 4938 3813 4993 intervallo
3841 4938 4031 4993 medio

2444 5029 2588 5084 inter
2621 5035 2884 5099 eporham
2935 5040 3225 5099 utramque
3266 5046 3535 5087 annorum

2964 5159 3130 5230 779
3167 5158 3397 5215 CAPUT
3428 5159 3492 5215 ll.

2442 5272 2666 5325 Joannis
2715 5272 2865 5325 Vacci
2897 5273 3083 5341 cjectio
3113 5290 3140 5326 ε
3163 5274 3557 5341 pmriarchatu,
3594 5273 3871 5335 exsilium,
3902 5290 4027 5327 car-

2513 5360 2618 5407 cer,
2667 5347 2838 5397 obitus
2874 5360 2984 5396 suis
3032 5361 3185 5397 annis
3221 5361 3607 5413 assignantur;
3654 5357 3855 5411 tempus
3890 5347 4028 5409 deﬁ-

2515 5416 2660 5466 nitur
2691 5415 2909 5467 secundi
2970 5417 3375 5481 patriarchatus
3421 5414 3661 5483 Gregorii
3690 5413 3899 5481 Cyprii.
3934 5420 4029 5467 tte-

2515 5486 2670 5554 nique
2714 5487 2911 5553 prioris
2950 5500 3155 5553 quoque
3183 5488 3587 5551 patriarchatus
3615 5486 3927 5539 Azltanasit'.

2512 5599 2551 5655 Ι.
2585 5600 2704 5654 Jam
2757 5601 3128 5657 demonstravi
3173 5600 3303 5670 (vol.
3332 5600 3373 5667 Ι,
3410 5616 3463 5671 p.
3500 5602 3623 5669 735)
3650 5600 3878 5656 Joannis
3906 5602 4025 5657 ele-

2438 5689 2674 5743 uionem
2742 5689 2795 5742 in
2856 5690 3282 5760 patriarchatum
3349 5691 4023 5761 Constantinopolitanum

2438 5781 2735 5851 contigisse
2779 5784 2865 5837 die
2906 5784 2976 5838 ‘25
3022 5784 3229 5841 mensis
3276 5784 3401 5839 Maii
3437 5800 3578 5841 anno
3608 5785 3813 5839 Christi
3855 5784 4022 5849 l275,

2440 5875 2909 5943 inaugurationem
2984 5893 3110 5933 vero
3170 5878 3414 5949 ejusdem
3469 5878 3667 5934 lactant
3736 5876 4024 5931 Detniuica
