4194 6444
165 427 269 489 83⁵1

1482 419 1824 479 (ῖιιιιωιιιι
1855 419 2158 498 wilCllr‘.

3335 419 3444 482 838

169 544 526 596 Pentecostcs
556 555 709 610 ;qn:e
751 541 943 593 incidit
975 540 1065 591 illo
1094 553 1238 591 anno
1273 543 1322 589 iu
1373 541 1514 590 diem
1566 551 1761 591 secun-
1795 542 1835 592 A
1867 542 2048 590 statim
2116 558 2139 587 .1
2210 540 2361 590 "ri-ret
2417 541 2760 590 revocatioue
2819 533 3350 601 Constantinopolim
3407 552 3440 591 ο

167 637 293 686 dam
338 632 508 686 Junii.
559 632 631 683 lle
686 633 846 700 hujus
899 647 927 683 e
985 633 1182 683 throno
1233 629 1537 696 dejectione
1570 638 1758 682 narrat

170 740 358 780 noster
403 729 502 778 hoc.
557 736 706 779 lomo
738 726 1002 788 secundo,
1035 740 1089 792 p.
1125 724 1211 784 19,
1250 721 1482 776 Vcccum
1514 721 1758 774 animad-

170 836 327 873 versa
362 823 667 873 mutatione
717 835 897 872 rerum
938 829 992 873 et
1039 818 1401 887 propensione
1435 821 1556 871 novi
1612 819 1760 885 prin-

171 916 313 982 ripis
352 916 421 967 ad
457 915 855 976 restituendum
914 913 1178 974 schisma,
1220 913 1306 965 cui
1349 913 1616 964 nisistere
1666 927 1758 964 nc-

168 1011 377 1074 quiret,
411 1009 557 1060 ultro
591 1005 742 1060 abire
767 1007 1100 1072 patriarcbio
1127 1016 1374 1074 paratum
1407 1019 1757 1074 exspectasse

171 1114 355 1153 tamen
387 1100 515 1152 dum
543 1113 573 1151 a
623 1098 948 1152 satellitibus
985 1099 1052 1150 ab
1088 1098 1417 1165 imperatore
1451 1100 1629 1152 missis
1665 1099 1759 1150 ab-

169 1194 508 1257 duceretur;
564 1205 704 1260 quos
753 1190 932 1244 libens
977 1203 1198 1242 secutus
1245 1202 1331 1246 est
1383 1208 1525 1244 anno
1562 1192 1678 1258 ipso
1705 1200 1758 1242 et

170 1297 364 1337 mettse
403 1297 515 1353 quo
551 1291 672 1336 erat
709 1291 961 1335 mortuus
1003 1279 1251 1343 Michael,
1300 1281 1599 1335 concorilim
1635 1297 1756 1331 eum

173 1375 392 1428 Latinis
445 1386 637 1430 auctor
673 1384 728 1429 et
775 1389 950 1442 usque
1001 1374 1067 1426 ad
1120 1374 1325 1428 obitum
1382 1376 1658 1426 tlt‘lt‘trSttr.
1703 1374 1768 1426 ld'

170 1480 391 1536 gestum
425 1468 684 1537 postridie
738 1466 947 1521 Natalis
995 1467 1206 1521 Domini
1245 1471 1406 1520 tradit
1436 1468 1635 1519 ibidem
1676 1468 1756 1520 hi-

169 1562 442 1615 atoriens.
501 1559 812 1614 Decembris
872 1560 1039 1626 igitur
1095 1559 1186 1613 die
1232 1559 1302 1612 26
1357 1576 1500 1611 anno
1554 1559 1756 1613 Christi

175 1650 322 1705 1282
390 1651 557 1705 desiit
617 1652 819 1704 Vecens
886 1669 946 1704 se
1013 1669 1110 1716 pro
1174 1651 1479 1719 patriarcha
1546 1667 1755 1718 gnere.

170 1745 361 1809 Quare
428 1755 637 1814 septem
702 1744 894 1798 solidis
957 1745 1115 1798 annis
1179 1754 1232 1797 rt
1275 1737 1492 1797 totidem
1531 1746 1756 1811 integris

172 1837 468 1892 mensibus
533 1837 587 1889 in
641 1836 760 1904 ejus
803 1837 1086 1903 dignitatis
1140 1838 1483 1905 p0>SOSSltttlc
1546 1837 1756 1890 Ἶροι-υς

169 1929 440 1995 perstitit.
483 1926 574 1984 Sic
607 1929 770 2000 igitur
805 1929 1154 1997 intelligenda
1209 1940 1335 1982 sunt
1375 1931 1461 1982 illa
1508 1929 1754 1999 Gregorii

167 2023 362 2092 t‘yprii
418 2023 583 2076 verba
623 2024 690 2076 de
747 2021 923 2077 Vccco
979 2023 1046 2076 ab
1101 2023 1181 2076 ΙΙΙ.
1220 2022 1401 2077 Leone
1432 2024 1627 2077 Allalio
1659 2027 1756 2080 de-

168 2117 380 2185 scripta
408 2116 514 2169 Col.
552 2114 654 2167 766
685 2115 867 2184 operis
889 2117 953 2169 de
986 2114 1141 2183 Perp.
1175 2113 1340 2170 Cons.
1366 2135 1380 2169 :
1404 2115 1548 2185 Πλὴν
1571 2116 1758 2180 ὃγδοον

171 2211 274 2275 μὲν
297 2209 378 2278 τῷ
402 2209 561 2277 κακῷ
591 2207 714 2262 τόδε
765 2208 954 2277 σχεδὸν
995 2207 1193 2278 ἠνύετο
1228 2207 1377 2271 ἔτος·
1419 2213 1476 2272 ἐς
1501 2209 1759 2263 τοσοῦτον

165 2303 230 2366 δὴ
264 2305 524 2363 κάκεῖνος
551 2301 642 2352 τὸν
671 2303 1069 2370 πατριαρχικδν
1106 2301 1296 2370 θρόνον
1332 2303 1431 2371 τῆς
1471 2302 1533 2353 οὗ
1579 2302 1756 2370 καλῆς

168 2393 528 2462 ἐπικαρπίας
574 2388 721 2462 εἶχεν
750 2392 1057 2463 ἐνιδρυσιν·
1098 2405 1153 2445 ιιι
1207 2411 1315 2448 non
1371 2396 1532 2463 plane
1575 2395 1757 2449 absol-

168 2483 312 2536 verit
355 2481 564 2536 Veccus
601 2483 651 2535 in
693 2483 1063 2552 patriarcbatu
1110 2495 1365 2537 octavum
1399 2499 1627 2550 artuum,
1659 2487 1755 2539 sed

167 2577 215 2629 is
254 2578 310 2629 iu
350 2592 521 2631 cursu
575 2577 736 2630 fuerit
782 2587 836 2630 et
886 2575 1090 2644 majore
1139 2593 1204 2629 ex
1245 2589 1396 2645 parte
1427 2590 1754 2643 transactus,

169 2685 294 2721 cum
331 2681 414 2722 est
443 2671 642 2722 throno
671 2670 938 2736 deiectus.
1401 2729 1403 2731 1

245 2760 314 2814 tl.
355 2760 546 2820 Docet.
577 2775 630 2830 p.
663 2761 752 2826 19,
794 2760 1154 2833 Par-hymeres
1195 2761 1494 2832 .losepltum
1529 2764 1618 2820 die
1654 2765 1754 2818 De-

169 2853 417 2907 cembris
467 2854 744 2908 tricesima
773 2894 790 2917 ,
832 2855 1021 2910 eodem
1076 2872 1242 2918 anno,
1283 2856 1479 2908 iterum
1531 2857 1584 2908 in
1614 2859 1756 2911 mles

169 2942 568 3009 patriarchales
615 2956 975 3013 reportatum.
1011 2945 1236 2999 Ostendi
1286 2947 1394 2999 vol.
1445 2946 1484 3008 1,
1542 2964 1593 3014 p.
1629 2948 1752 3011 752,

167 3035 478 3103 Josephnm
536 3050 568 3090 e
622 3036 957 3104 patriarchio
1007 3038 1310 3093 secessisse
1343 3039 1430 3092 die
1473 3041 1752 3093 undecima

168 3129 420 3182 Januarii
455 3145 603 3184 anno
643 3129 846 3184 Christi
886 3130 1047 3184 1274.
1077 3132 1247 3184 Annis
1279 3133 1444 3199 igitur
1474 3148 1522 3184 οι
1543 3141 1622 3194 to,
1656 3134 1755 3184 tui-

1867 630 2039 684 l-‘t'usa
2091 640 2176 684 est
2231 631 2436 690 habita,
2477 631 2619 683 unde
2665 629 3090 695 intelligerenms
3121 642 3230 694 quo
3260 644 3446 682 mense

1865 725 1988 776 talis
2045 725 2098 776 in
2157 728 2345 776 urbem
2399 722 2556 777 Ver-ci
2607 723 2813 776 reditus
2846 723 3153 791 Cotttigerit.
3197 719 3327 780 Sed.
3383 731 3443 773 ttt

1861 818 2116 869 observat
2162 819 2514 886 Spondanus,
2571 819 2760 870 titulus
2815 814 3026 885 synodi,
3069 814 3120 866 in
3157 829 3264 882 quo
3306 823 3444 866 tem-

1863 927 1963 977 pus
1981 910 2098 975 eius
2126 919 2180 962 ct
2207 910 2355 963 locus
2381 909 2750 962 verisimiliter
2778 917 2960 960 notata
2989 905 3223 969 luo-rant,
3247 921 3438 975 magna

1861 1019 1923 1057 ex
1972 1013 2129 1068 parte
2157 1002 2443 1055 obliterata
2478 1004 2528 1054 in
2555 1018 2620 1054 eo
2652 1000 2837 1053 codice
2877 1001 3044 1054 fuere.

1934 1093 2021 1148 IV.
2055 1092 2242 1145 Restat
2265 1108 2397 1159 ergo
2438 1095 2518 1146 via
2552 1095 2708 1147 unica
2765 1093 3053 1158 indagandi
3087 1093 3208 1145 finis
3234 1091 3435 1153 exsilii,

1862 1185 2004 1254 quod
2043 1184 2250 1239 Veccus
2280 1187 2420 1255 apud
2449 1184 2633 1239 urbem
2667 1186 2891 1240 l’rusam
2929 1187 3170 1256 pertulit.
3202 1201 3266 1238 ex
3299 1187 3442 1237 serie

1865 1295 2042 1336 rerum
2067 1297 2184 1346 qum
2218 1281 2362 1332 inter
2391 1279 2513 1348 ejus
2542 1279 2920 1331 abductionem
2948 1279 3074 1332 illuc
3099 1291 3150 1332 et
3171 1276 3439 1345 postlimio

1865 1374 1955 1426 nio
1985 1373 2370 1427 retraetioncm
2422 1373 2785 1426 intervenisse.
2821 1373 2887 1422 ab
2920 1374 3187 1424 historico
3250 1387 3318 1423 no
3354 1381 3438 1420 tro

1861 1477 2260 1520 memorantur.
2295 1467 2432 1519 Sunt
2471 1483 2547 1518 ea:
2573 1481 2721 1519 mors
2752 1465 2997 1533 Just-plu,
3029 1483 3080 1518 e.
3121 1468 3203 1520 15.
3229 1468 3440 1519 erectio

1863 1562 1914 1613 in
1951 1559 2379 1625 patriarrbatum
2402 1559 2618 1627 Georgii
2643 1560 2757 1611 sive
2779 1557 3025 1626 Gregorii
3059 1558 3261 1627 Cyprii,
3296 1575 3344 1610 c.
3377 1558 3440 1610 16

1863 1660 1915 1704 et
1953 1650 2041 1711 15,
2075 1648 2338 1718 profectio
2381 1648 2726 1714 imperatoris
2761 1649 2813 1702 iu
2847 1647 3149 1709 Orientem,
3185 1665 3234 1701 e.
3268 1649 3358 1709 9.1,
3387 1660 3432 1699 rt

1861 1748 2246 1797 conventiones
2287 1742 2586 1812 Adramytii
2623 1757 2717 1810 per
2770 1744 2946 1811 ignem
2979 1743 3174 1796 habita:
3201 1742 3442 1794 Sabbato

1863 1840 1980 1904 ipso
2011 1847 2201 1893 sancto
2234 1837 2404 1903 pridie
2451 1835 2672 1888 Pascha:
2725 1847 2776 1886 ιιι
2811 1851 2861 1902 p.
2897 1835 2969 1890 62
3007 1851 3268 1900 expresse
3301 1837 3441 1888 dri-

1865 1943 1974 1985 lur.
2003 1929 2127 1982 Fuit
2157 1929 2243 1982 hic
2280 1944 2454 1981 annos
2483 1929 2686 1982 Christi
2715 1927 2853 1981 1285
2887 1929 2938 1980 in
2972 1930 3190 1996 periodo
3226 1927 3381 1980 .lulia-
3410 1944 3439 1980 a

1862 2023 2022 2079 5996.
2066 2021 2384 2075 Nomeravit
2431 2021 2643 2090 cyrlum
2671 2021 2813 2073 solis
2840 2021 2896 2083 4,
2953 2019 3090 2075 luna:
3135 2032 3314 2072 autem
3352 2022 3434 2086 ll,

1862 2117 1952 2178 qui
1978 2111 2182 2165 Pascha
2203 2112 2487 2178 assignant
2516 2112 2714 2180 Aprilis
2741 2111 2823 2165 18.
2854 2111 2978 2165 Fuit
3008 2127 3138 2178 ergo
3167 2113 3305 2172 dies,
3333 2129 3436 2182 qua

1859 2206 2290 2260 Arsenianorutn
2333 2215 2387 2257 et
2445 2205 3022 2260 Anti-Arsenianornm
3085 2218 3443 2275 utrarumque

1859 2314 1926 2353 ex
1954 2313 2109 2366 aequo
2135 2298 2633 2360 schismaticorum,
2657 2298 2857 2365 scripta
2893 2300 3229 2366 probationis
3257 2303 3430 2368 gratia

1861 2394 1915 2446 ln
1947 2393 2122 2461 ignem
2156 2392 2353 2458 injecm
2403 2392 2609 2460 pas-iter
2644 2403 2922 2454 arserunt,
2957 2395 3166 2447 decima
3205 2397 3437 2462 septima

1860 2487 2066 2542 mensis
2107 2487 2328 2556 Aprilis,
2367 2500 2526 2554 quem
2555 2498 2610 2540 et
2638 2486 2937 2540 Sabbatum
2973 2487 3138 2544 fuisse
3173 2491 3438 2559 oportuit,

1859 2580 2122 2648 quoniam
2171 2579 2206 2632 4
2238 2579 2375 2648 eyrli
2409 2579 2604 2633 solaris
2643 2595 2820 2632 annus
2858 2579 3098 2632 litteram
3151 2582 3441 2634 Dominicis

1861 2671 2094 2726 indit-em
2147 2670 2310 2724 habet
2351 2669 2414 2732 (Σ,
2449 2684 2570 2738 qum
2604 2671 2849 2724 cernitur
2880 2671 2931 2723 in
2959 2669 3288 2724 Kalendario
3339 2688 3438 2724 no-

1863 2775 1974 2819 tata
2005 2767 2069 2816 ad
2096 2765 2236 2816 diem
2271 2772 2591 2831 sequentem
2624 2773 2871 2818 octavam
2903 2764 3168 2818 decimam
3197 2766 3436 2830 ejusdem

1861 2857 2082 2925 Aprilis.
2118 2853 2493 2908 Memoranlur
2518 2853 2644 2908 inde
2672 2863 2947 2909 ostentum
2983 2854 3178 2921 pluvia:
3220 2859 3437 2924 sangui-

1863 2965 1976 3002 nem
2022 2962 2207 3001 mense
2240 2945 2384 2999 Maio
2417 2962 2469 3014 p.
2510 2947 2601 3012 5-1,
2635 2947 2910 3016 expeditio
2947 2949 3351 3016 protovestiarii
3385 2951 3435 3000 in

1862 3029 2132 3112 (Lucidth
2193 3048 2402 3092 tractus
2443 3053 2495 3092 c.
2548 3039 2642 3100 25,
2673 3040 2948 3094 exercitus
3001 3050 3209 3107 strages
3254 3057 3315 3096 ex
3355 3043 3440 3094 lue

1861 3143 1912 3185 et
1967 3133 2116 3183 ducis
2166 3131 2334 3198 ipsius
2380 3132 2781 3198 protevestiarii
2825 3147 2990 3194 mors,
3025 3149 3074 3185 e..
3114 3134 3204 3195 Ξῖ,
3238 3150 3284 3184 c.
3312 3150 3438 3187 usi--

171 3237 273 3272 nos
304 3219 602 3273 duodecim
640 3221 854 3282 diebus,
905 3233 1058 3274 extra
1093 3223 1351 3288 palatium
1387 3227 1756 3292 patriarchalc
1785 3227 1829 3287 C
1864 3225 2001 3279 erati
2030 3226 2186 3293 panis
2234 3212 2286 3275 fit
2346 3239 2500 3277 sacra
2535 3224 2734 3293 pyxide
2783 3223 3125 3292 deprehensa
3164 3244 3259 3276 t'trl'
3293 3231 3441 3293 uptio

168 3330 293 3364 eum
327 3314 600 3380 privatam
654 3314 858 3381 egisset
893 3314 1080 3376 vitam,
1117 3314 1169 3366 itt
1205 3315 1255 3367 id
1287 3326 1368 3368 est
1397 3317 1573 3370 denuo
1606 3319 1756 3370 rela—

169 3417 278 3458 tus.
355 3403 432 3457 lbi
493 3419 597 3456 non
683 3405 809 3458 totis
881 3405 1098 3459 duobus
1163 3408 1440 3460 mensibus
1517 3410 1750 3476 patriar-

168 3501 327 3548 rhatn
378 3497 510 3565 egit.
558 3495 696 3569 Nam
751 3495 982 3548 afﬁrmat
1039 3495 1102 3567 [Ρ
1137 3497 1266 3569 564]
1319 3512 1605 3568 noster,p.
1661 3504 1749 3566 58,

169 3599 446 3640 mortuum
508 3585 675 3640 fuisse
729 3587 878 3639 illunt
942 3589 1166 3643 ineunte
1206 3590 1400 3644 Martio
1452 3595 1578 3646 anni
1630 3595 1750 3649 sine

166 3679 335 3731 dubio
375 3677 535 3731 1285.
574 3677 793 3730 Dixerat
828 3689 1009 3731 autem
1060 3681 1236 3746 capite
1271 3687 1595 3750 praecedenti
1626 3704 1748 3740 eum

168 3772 364 3822 morbo
396 3781 446 3823 et
483 3771 640 3823 senio
667 3782 946 3837 gravatum
977 3773 1137 3837 paulo
1162 3782 1286 3825 ante
1320 3776 1747 3843 patriarcbatum

167 3863 482 3919 abdicasse.
523 3863 678 3929 cujus
707 3863 1071 3917 abdicationis
1118 3865 1378 3926 Scriptum
1413 3867 1512 3919 rite
1551 3868 1749 3923 forma-

170 3964 281 4005 tum
313 3952 600 4020 prodierit.
636 3950 892 4019 Oportuit
919 3953 970 4005 id
999 3953 1202 4007 factum
1234 3971 1418 4010 mense
1451 3957 1748 4013 Februario

165 4047 410 4107 ejusdem
470 4046 620 4119 anui.
672 4046 850 4110 Quare
909 4047 1128 4100 ιιι-θνίοτ
1175 4047 1421 4102 bimestri
1473 4055 1748 4108 secundos

163 4137 384 4202 Josepbi
420 4137 825 4205 patriarchatus
854 4138 976 4199 fttit,
1029 4155 1188 4207 quem
1229 4140 1353 4194 vitm
1405 4140 1524 4194 finis
1552 4155 1635 4198 est
1662 4161 1741 4198 sc-

161 4242 322 4282 cotus
359 4245 664 4298 paucorum
709 4230 918 4284 dierum
952 4231 1258 4285 intervallo.

232 4321 322 4376 Ill.
382 4323 462 4373 Ad
501 4319 730 4374 Vrecum
793 4324 1098 4375 redeamus.
1163 4323 1212 4376 ls
1267 4341 1452 4379 mense
1484 4325 1744 4380 Januario

165 4414 289 4466 anui
322 4413 463 4467 1283
496 4414 659 4467 rariis
685 4405 1165 4468 scbismaticorum
1199 4419 1509 4486 exagitatus
1541 4421 1743 4476 calum-

165 4510 290 4566 niis,
327 4516 381 4556 et
410 4507 555 4574 quod
607 4521 656 4558 c.
700 4506 762 4558 10
811 4519 1081 4568 narratur,
1117 4511 1315 4564 citatus
1361 4513 1424 4565 ad
1455 4517 1741 4582 synodum,

164 4604 313 4657 brevi
343 4613 467 4669 post
512 4602 579 4654 ab
632 4603 960 4671 imperatore
994 4605 1222 4657 Prusam
1257 4607 1549 4675 relegatur.
1582 4611 1747 4680 780

165 4694 331 4745 Docet
355 4693 411 4745 id
449 4701 639 4746 noster
672 4707 723 4744 c.
772 4692 856 4754 tl,
892 4703 1103 4762 tempus
1136 4711 1240 4747 non
1275 4699 1584 4765 exprimens
1613 4717 1624 4753 :
1650 4703 1746 4755 sed

162 4785 440 4852 colligitur
477 4798 540 4835 es
579 4785 723 4836 serie
779 4793 1022 4851 actorum
1063 4785 1114 4836 id
1149 4795 1328 4839 actum
1373 4791 1476 4841 sub
1520 4789 1737 4846 initium

166 4874 474 4928 Februarii.
525 4872 822 4926 Beroe-alio
859 4874 1016 4928 Verci
1071 4890 1100 4924 e
1157 4875 1326 4928 Musa
1382 4881 1432 4930 in
1466 4879 1653 4934 urbem
1691 4898 1741 4936 c.

165 4969 279 5020 libri
317 4967 570 5035 ejusdem
603 4968 761 5039 pt'itpi
801 4967 869 5019 54
910 4967 1164 5024 refertur.
1204 4972 1311 5022 Sed
1365 4972 1488 5039 ejus
1529 4986 1744 5044 tempus

163 5058 517 5110 divinandum
552 5066 654 5110 est.
713 5059 992 5115 Slr'COtlt‘X
1048 5062 1308 5128 antiquus
1361 5079 1424 5116 ex
1473 5080 1578 5132 quo
1627 5065 1745 5120 Sir-

164 5152 390 5203 mondus
431 5159 618 5203 noster
666 5151 799 5204 Acta
852 5154 1247 5222 pseudosyuodi
1276 5195 1290 5213 ,
1349 5173 1450 5224 qua
1486 5169 1564 5210 est
1621 5171 1742 5225 post

161 5241 498 5308 colloquium
535 5243 711 5311 capite
763 5242 919 5307 hujus
964 5244 1132 5298 lihrit
1171 5248 1269 5304 53,
1314 5253 1536 5304 relatum
1589 5255 1739 5308 dant-

163 5345 317 5387 natus
359 5333 591 5397 Vercus,
638 5349 867 5405 quorum
909 5337 1168 5390 Actorum
1231 5345 1535 5411 apugmpha
1593 5349 1742 5402 ηιίεει

161 5433 222 5484 ad
263 5429 565 5483 Henrieum
598 5427 946 5496 $poudafmm
984 5439 1036 5482 ct
1072 5433 1134 5482 ad
1172 5433 1461 5488 UJorirum
1503 5431 1740 5508 Raynalo

161 5524 281 5577 dum
334 5523 756 5577 continuatorcs
808 5516 1098 5574 Annaliqu
1146 5525 1384 5591 Baronii,
1423 5539 1480 5581 ut
1522 5531 1738 5590 illorum

160 5621 392 5681 uterque
438 5621 689 5677 testatur,
745 5614 895 5681 prior
941 5632 1081 5668 anno
1115 5617 1320 5672 Christi
1359 5621 1521 5685 1285,
1556 5641 1610 5680 ιι.
1647 5627 1735 5692 ιτ),

157 5706 436 5772 posterior
479 5720 569 5758 an.
622 5721 738 5773 seq.
768 5722 820 5758 η.
856 5708 946 5766 43.
980 5738 1042 5748 —-
1067 5710 1110 5761 si
1141 5713 1332 5773 cedet,
1376 5715 1616 5780 inquam,
1651 5719 1738 5774 ille

159 5804 363 5864 integer
416 5795 633 5858 fuisset,
673 5797 998 5854 haberemus
1031 5815 1093 5853 ex
1128 5817 1194 5856 eo
1227 5813 1459 5873 tempus,
1499 5809 1599 5862 hoc
1653 5825 1732 5865 es;

157 5894 294 5944 tllt'ttl
356 5901 410 5945 et
483 5906 747 5950 tucnSnn.
805 5893 1092 5947 celebrata:
1147 5895 1300 5950 istius
1357 5906 1541 5951 κνιιιιήέ
1620 5923 1734 5971 qna-

1864 3317 2142 3372 ttominica
2188 3316 2382 3385 Tyriae
2420 3326 2632 3378 vocata,
2667 3332 2717 3369 r.
2756 3316 2849 3378 28,
2881 3317 2992 3378 ubi,
3038 3335 3088 3386 p.
3123 3318 3208 3381 7ii,
3236 3322 3440 3374 ιιίςυςεε.

1861 3412 2094 3464 traditur
2150 3427 2269 3464 eam
2331 3410 2648 3478 particulam
2710 3410 3069 3478 putrefactam
3124 3413 3293 3466 fuisse
3327 3409 3439 3467 illic

1857 3505 2158 3572 depositam
2193 3519 2335 3558 anno
2361 3502 2625 3568 sitperiori
2675 3502 2813 3557 feria
2847 3514 3041 3572 quarta
3075 3505 3435 3559 ltebdotnadte

1859 3597 2100 3665 majoris.
2136 3595 2325 3648 Annus
2353 3595 2441 3648 ille
2463 3597 2715 3663 superior
2754 3598 2871 3650 sine
2906 3595 3068 3648 dubio
3101 3595 3196 3650 fuit
3233 3596 3436 3651 Christi

1857 3689 2015 3752 19.85,
2049 3704 2154 3755 quo
2203 3704 2347 3749 cutn,
2409 3698 2464 3739 ut
2512 3687 2771 3750 diximus,
2822 3687 3027 3740 l’aseba
3082 3687 3332 3741 inciderit
3383 3694 3434 3742 iu

1855 3783 1994 3834 diem
2034 3781 2099 3834 18
2129 3780 2352 3849 Aprilis,
2393 3779 2523 3832 feria
2561 3788 2754 3847 quarta
2808 3777 3030 3843 majoris
3086 3777 3435 3830 hebloma-lze

1855 3877 2015 3930 fuerit
2046 3876 2270 3928 omnino
2300 3874 2367 3927 14
2392 3871 2633 3941 ejusdem
2670 3873 2893 3927 mensis.
2920 3873 3104 3925 Annus
3138 3885 3254 3940 post
3290 3874 3434 3925 hunc.

1851 3985 2086 4039 sequens
2116 3969 2321 4026 Christi
2372 3967 2510 4021 1281
2547 3966 2759 4036 cyclum
2805 3967 2939 4020 solis
2971 3968 3271 4018 numeravit
3311 3967 3342 4018 5
3382 3979 3434 4018 ιιι

1855 4075 2080 4115 aureum
2130 4075 2414 4115 numerum
2444 4058 2538 4111 ‘12.
2612 4058 2704 4110 llze
2737 4069 2878 4112 notze
2912 4058 3115 4111 Pascha
3150 4059 3436 4111 conferunt

1855 4154 1909 4208 in
1939 4155 2078 4206 diem
2113 4167 2312 4207 nonum
2344 4152 2565 4221 Aprilis.
2605 4147 2760 4205 Unde
2791 4166 2914 4203 cum
2949 4136 3237 4203 lhnrrinieﬁ
3275 4149 3432 4220 Tyri-

1851 4264 1934 4304 ne.
1973 4247 2161 4299 eadem
2197 4260 2320 4298 cum
2351 4258 2412 4296 ca
2447 4257 2608 4311 quam
2644 4258 2740 4296 nos
2782 4241 3112 4295 Dotninicam
3155 4241 3433 4311 Quinqua-

1849 4341 2070 4411 gesimm
2099 4345 2383 4397 vocamus,
2419 4335 2514 4388 illo
2556 4351 2699 4390 anno
2725 4335 2999 4388 bissextili
3030 4335 3082 4386 itt
3119 4335 3260 4386 diem
3295 4350 3432 4388 ron-

1848 4433 2055 4486 venerit
2108 4430 2172 4484 19
2231 4427 2538 4490 Februarii,
2588 4441 2696 4494 quo
2733 4441 2917 4480 mense
2949 4426 3255 4492 superioris
3301 4429 3428 4478 anni

1853 4528 2148 4592 relegatum
2202 4521 2427 4574 Prusam
2473 4518 2706 4572 Veccum
2750 4519 2910 4589 781
2967 4518 3224 4583 vidimus,
3265 4519 3432 4587 liquet

1856 4613 2000 4670 istud
2024 4616 2141 4681 ejus
2191 4612 2444 4668 exsilium
2479 4627 2660 4665 atumo
2685 4611 2992 4664 diuturnius
3029 4610 3217 4674 fuisse,
3260 4612 3429 4679 siqui-

1853 4707 1974 4762 dem
2016 4716 2135 4774 post
2171 4707 2316 4760 illam
2374 4705 2679 4758 consecrati
2740 4705 2898 4772 panis
2949 4705 3190 4768 corrupti
3229 4719 3323 4772 rep
3362 4705 3427 4756 rti

1852 4800 2180 4854 mentionem
2213 4838 2230 4864 ,
2274 4813 2396 4868 qua:
2446 4807 2572 4850 ante
2635 4795 3010 4848 narrationem
3064 4795 3433 4848 revocatious

1852 4888 2036 4953 Verci,
2069 4889 2340 4951 ordinem,
2391 4897 2447 4941 tu
2489 4897 2736 4957 apparet,
2784 4897 3058 4955 gestarum
3121 4901 3298 4939 rerum
3341 4905 3426 4937 μει-

1847 4998 2042 5052 queus,
2099 4981 2380 5035 interserit
2441 4980 2769 5042 historicus,
2812 4977 3019 5046 aliquot
3060 4969 3218 5029 facile
3273 4992 3426 5028 mru-

1846 5077 1987 5130 sium
2022 5083 2234 5141 tempus
2260 5072 2616 5141 expleverint}
2648 5085 2846 5138 nempe
2876 5069 3163 5122 debellatio
3197 5067 3422 5137 Scytha-

1847 5185 1988 5230 rum,
2041 5183 2093 5221 c.
2128 5166 2220 5230 29,
2259 5175 2489 5231 conatus
2527 5161 2881 5232 imperatoris
2926 5163 2992 5214 ad
3031 5161 3296 5215 factiones
3328 5159 3427 5213 Ec.-

1846 5262 2026 5316 clirsim
2079 5259 2509 5329 comperti-udas,
2560 5273 2611 5312 c.
2643 5257 2763 5323 '30,
2797 5255 3098 5325 reportatio
3143 5255 3196 5308 in
3231 5255 3420 5307 urbem

1847 5355 2202 5424 reliquiarum
2260 5352 2584 5418 patriarcha:
2638 5350 2879 5415 Arsenii,
2911 5364 2963 5403 c.
3020 5348 3110 5411 51,
3178 5345 3242 5418 [P
3295 5345 3424 5418 565)]

1844 5445 2029 5499 clades
2062 5444 2504 5509 Christianorum
2561 5444 2614 5496 in
2657 5441 2816 5514 Syria
2847 5458 2940 5495 seu
2985 5441 3196 5494 initium
3234 5439 3359 5493 brlli
3395 5457 3420 5491 a

1843 5537 2052 5592 Sullane
2085 5536 2376 5604 Babylonis
2411 5535 2622 5590 Latinis
2649 5536 3019 5601 Antiochiam,
3057 5533 3320 5602 Tripolim
3369 5544 3421 5585 et

1844 5629 2234 5684 Ptolemaidem
2271 5631 2583 5684 tenentibus
2612 5628 2768 5695 illati,
2815 5629 2970 5698 cujus
3020 5627 3190 5681 secuti
3244 5636 3420 5694 poste-

1847 5727 1958 5777 rins
1996 5724 2170 5778 ultimi
2207 5733 2432 5778 eventus
2459 5739 2487 5776 a
2524 5733 2710 5776 nostro
2745 5737 2841 5800 per
2867 5721 3282 5790 occupationem
3309 5733 3416 5772 me-

1844 5827 2150 5879 morantur,
2192 5832 2242 5872 r.
2288 5816 2379 5879 52,
2409 5817 2644 5885 denique
2676 5815 2972 5868 secundum
3011 5812 3418 5866 matrimonium

1850 5910 2139 5965 \nds'onici
2197 5909 2565 5981 imperatoris.
2598 5911 2660 5959 de
2695 5927 2797 5974 quo
2850 5923 2874 5955 ι’
2951 5907 3018 5957 Ἰτῦ
3075 5905 3112 5956 11
3145 5928 3166 5955 s
3207 5907 3412 5958 ιτιιςιιιί-
