4194 6444
838 418 948 481 δεῖδ

1724 416 1791 475 Ρ.
1832 413 2131 472 ΡΟΞΞΙΝΙ.
2176 411 2823 472 DBSERVA'I‘IONUM
2856 413 2980 472 LIB
3042 412 3159 472 IlI.

3931 414 4039 478 840

813 525 1238 593 circumspectis,
1300 524 1439 577 haud
1495 534 1699 576 temere
1754 524 2056 576 videhimur
2108 522 2375 574 amr-mare
2409 530 2450 581 Α

2409 530 2450 581 Α
2481 521 2731 574 Octobris
2773 523 2825 574 itt
2861 523 3056 590 templo
3108 523 3208 575 rite
3243 519 3407 574 fuisse
3435 521 3764 578 ordinatum.
3795 521 4050 579 Procedit

814 617 1184 668 evocationem
1225 612 1379 664 Vncci
1436 614 1598 665 l‘rusu
1638 613 1955 681 Byzantium
1996 627 2137 663 anno
2174 612 2380 663 Christi

818 708 958 761 1284
1011 708 1154 760 circa
1208 722 1447 759 mensem
1493 705 1690 758 Rhium
1749 704 2380 769 Juniunrvi-contigisse,

818 800 990 866 ipsum
1019 811 1147 848 vero
1181 797 1387 866 synodo
1421 808 1547 847 tunc
1598 794 1782 845 lrahita
1818 795 2156 853 damnatum,
2187 792 2253 845 ah
2286 792 2383 844 im-

816 900 1063 957 peratore
1091 893 1289 943 frustra
1331 887 1417 940 ditt
1458 896 1653 938 conato
1679 900 1798 937 eum
1834 885 1898 935 ad
1935 895 2113 952 partes
2142 885 2383 948 trahere,

817 983 870 1037 in
911 985 1211 1035 custodiam
1254 981 1394 1034 arcis
1451 996 1478 1031 a
1544 991 1735 1031 saneto
1775 977 2037 1043 Gregorio
2092 977 2382 1031 nominata:

818 1079 1096 1138 traditum,
1134 1075 1273 1141 quod
1306 1074 1405 1126 sub
1440 1074 1595 1124 linem
1628 1088 1675 1124 c.
1708 1069 1778 1123 '53
1805 1070 1964 1123 docet
1997 1070 2379 1138 Pachymeres.

818 1168 938 1221 llaec
966 1168 1166 1220 faciunt
1195 1182 1262 1218 nc
1299 1164 1548 1219 assentiri
1578 1163 1777 1231 possim
1808 1161 2038 1217 Henrico
2067 1161 2380 1229 Spondauo,

815 1262 940 1311 dnrrt
999 1259 1154 1312 Vecci
1191 1258 1612 1313 damnationem,
1672 1258 1772 1307 sub
1824 1269 1984 1318 quam
2046 1254 2381 1321 mancipatus

815 1365 894 1405 est
927 1352 1164 1415 carceri,
1203 1368 1342 1402 anno
1376 1349 1575 1402 Christi
1615 1349 1750 1403 Ηὅὸ
1787 1349 1991 1401 tribrrit.

890 1446 951 1499 ν.
994 1442 1235 1496 Perstitit
1282 1442 1492 1508 quidem
1533 1440 1735 1493 Veri-us
1769 1455 1936 1507 usque
1967 1438 2031 1491 ad
2065 1450 2293 1493 mortem
2326 1438 2378 1493 in

817 1554 877 1589 ea
932 1538 1076 1589 arcis
1111 1534 1610 1601 Sari-Gregorium:
1641 1533 1911 1591 custodia,
1945 1532 2037 1584 sed
2069 1532 2381 1584 conditione

818 1643 921 1681 non
975 1642 1187 1693 semper
1221 1629 1429 1679 eadem.
1475 1625 1606 1676 Nam
1651 1624 1805 1676 initio
1838 1624 2129 1676 durissimo
2164 1624 2379 1677 habitus

819 1728 902 1772 est
945 1720 998 1773 itt
1044 1735 1251 1771 summa
1295 1717 1499 1785 impia,
1533 1717 1650 1769 sine
1706 1716 1807 1767 ulla
1847 1716 2154 1781 provisione
2191 1729 2380 1767 neces-

820 1814 1087 1866 sariorum
1115 1812 1178 1862 ad
1231 1810 1449 1863 victum.
1493 1808 1623 1873 Ejus
1653 1807 1975 1859 incirmarodi
2005 1808 2375 1860 laxamentum

819 1904 1029 1972 aliquod
1058 1904 1273 1971 quando
1308 1912 1358 1952 et
1384 1900 1652 1967 quomodo
1691 1900 1980 1964 acceperit,
2024 1901 2226 1953 indicat
2259 1901 2377 1951 01ιί-

821 2010 899 2050 ter
933 1996 1051 2049 loco
1103 2010 1209 2046 non
1259 2009 1360 2047 suo
1421 1991 1799 2061 Paclrymercs,
1850 1992 1914 2042 ad
1966 1991 2169 2044 calcem
2221 1992 2378 2045 modo

819 2084 1100 2138 mentulati
1151 2102 1200 2138 c.
1246 2084 1336 2144 δῖ’»,
1366 2099 1484 2136 cum
1517 2084 1591 2134 ait
1624 2098 1651 2134 a
1703 2082 2076 2150 profrcisccntc
2106 2084 2157 2134 in
2186 2081 2381 2135 Orien-

818 2191 924 2230 tcm
966 2178 1257 2230 Athanasio
1285 2175 1394 2244 jam
1429 2186 1612 2229 creato
1650 2175 1978 2243 patriarcha,
2002 2187 2056 2227 et
2084 2173 2279 2228 fretmn
2312 2176 2378 2227 ad

819 2268 1197 2335 Helenopolim
1248 2265 1578 2333 trajiciente,
1612 2266 1835 2318 missum
1868 2280 1929 2316 ert
1965 2264 2160 2317 itinere
2206 2265 2257 2317 in
2287 2281 2377 2318 ar-

819 2377 936 2413 cem
970 2360 1027 2412 S.
1062 2359 1305 2427 Gregorii
1348 2372 1599 2425 magnum
1666 2357 2014 2424 logothetam,
2078 2355 2167 2423 qui
2205 2356 2379 2410 Vecco

819 2464 1035 2509 centum
1076 2468 1287 2513 aureos,
1344 2448 1683 2503 Melitenione
1717 2450 2106 2518 quinquaginta
2142 2451 2377 2503 donave-

822 2545 916 2605 rit,
956 2542 1246 2595 Metochita
1306 2542 1574 2594 sociorum
1614 2539 1770 2593 Vccci
1819 2540 1991 2592 altero
2046 2542 2154 2607 jam
2223 2552 2379 2591 antea

821 2645 1038 2702 propter
1076 2632 1323 2685 morbum
1370 2632 1424 2685 in
1457 2633 1673 2684 dournrn
1716 2632 1983 2698 propriam
2024 2632 2214 2684 relato.
2246 2632 2386 2683 luve-

820 2728 1099 2795 SIigemus,
1145 2726 1189 2778 si
1232 2741 1334 2793 qua
1387 2740 1693 2793 possumus,
1725 2724 1885 2777 istius
1933 2734 2101 2791 gesta:
2134 2724 2208 2775 rei
2243 2732 2380 2776 tem-

819 2835 944 2886 pus.
979 2816 1253 2871 Successit
1285 2814 1544 2882 Gregorio
1572 2813 1772 2884 Cyprio
1823 2815 1876 2868 in
1924 2813 2383 2881 Constantinopo-

822 2910 990 2962 |.tano
1019 2905 1387 2975 patriarcltatu
1424 2904 1774 2964 Athanasius,
1803 2920 1899 2958 nec
1928 2906 2111 2957 statim
2144 2920 2207 2959 ac
2244 2906 2386 2956 nullo

831 3002 1144 3066 interregno
1193 2998 1371 3050 medio
1419 2996 1703 3050 successit.
1741 2995 1975 3049 Primum
2012 2997 2171 3060 igitur
2201 2997 2385 3051 viden-

826 3093 951 3146 dum
989 3088 1231 3157 quandin
1282 3089 1575 3153 Gregorius
1621 3088 1675 3141 in
1728 3089 1855 3141 sede
1911 3088 2227 3156 perstiterit,
2273 3097 2383 3141 turn

2485 631 2613 681 ergo
2648 616 2795 680 prior
2829 617 3229 683 patriarchatus
3262 615 3541 667 Athanasii
3570 630 3598 666 a
3643 615 3817 680 pridie
3857 615 4047 667 lduuru

2485 708 2729 759 Octobris
2776 706 2902 758 anni
2946 721 3065 755 rcta:
3106 706 3301 757 Christi
3339 703 3569 772 vulg-tris
3605 703 3762 756 1Ξ89.

2557 799 2643 851 ΥΙ.
2678 798 2845 851 Paulo
2872 806 2995 850 ante
3022 808 3375 850 memoratam
3411 797 3687 851 Athanasii
3722 797 4050 865 patriarcha:

2487 889 2948 944 transrnissiouern
2985 888 3106 942 freti
3142 890 3206 942 ad
3248 888 3613 957 Helenopolim
3650 899 3710 942 et
3752 888 4049 957 profectio-

2486 999 2607 1038 nem
2658 984 2709 1037 iu
2760 982 3037 1036 Orientem
3094 996 3434 1035 communem
3470 981 3546 1035 illi
3577 980 3743 1034 fuisse
3778 996 3903 1031 cum
3940 981 4052 1030 An-

2486 1076 2708 1130 dronico
2743 1075 3069 1140 imperatore
3097 1075 3252 1127 docet
3286 1082 3470 1125 noster
3496 1074 3597 1126 hoc
3625 1074 3763 1125 libro
3787 1087 3845 1129 rt.
3880 1086 3930 1121 e.
3965 1070 4052 1127 18,

2486 1171 2610 1221 dum
2633 1168 3012 1235 imperatorem
3041 1180 3101 1219 se
3131 1166 3425 1219 contulisse
3462 1162 3810 1235 Nymphatunr
3841 1172 4051 1222 narrat,

2483 1270 2537 1314 et
2568 1275 2632 1313 eo
2665 1260 2854 1312 itinere
2886 1269 3067 1326 partes
3114 1259 3375 1329 Bithynim
3405 1268 3803 1324 transgressum
3833 1255 3908 1307 ibi
3936 1254 4055 1307 obi-

2485 1363 2567 1403 ter
2598 1352 2774 1421 egisse
2818 1351 2964 1405 circa
3000 1350 3232 1403 Veccuru
3266 1360 3320 1403 et
3362 1350 3479 1417 ejus
3508 1346 3709 1410 socios,
3737 1360 3860 1414 quae
3892 1346 4052 1413 paulo

2485 1454 2609 1498 ante
2641 1444 2919 1513 (nimirum
2953 1458 3002 1496 e.
3037 1441 3127 1503 55,
3169 1441 3204 1493 l.
3236 1442 3271 1508 ι)
3308 1456 3366 1494 se
3424 1451 3754 1493 memorasse
3787 1439 3883 1489 ait.
3922 1436 4054 1501 Qni-

2486 1539 2584 1590 hus
2641 1538 2818 1589 verbis
2887 1535 3064 1587 innttit
3122 1534 3398 1587 Athanasii
3451 1533 3666 1602 quidem
3723 1531 4051 1599 patriarcha:

2485 1631 2722 1694 trorninc,
2747 1630 3128 1697 imperatorem
3162 1626 3526 1679 Andronicum
3556 1625 3896 1681 comitantis.
3924 1625 4053 1675 mis-

2484 1739 2600 1776 sum
2644 1737 2895 1791 magnum
2952 1720 3036 1791 [Ρ.
3086 1718 3210 1789 566]
3263 1718 3591 1785 logothetam
3640 1718 3705 1770 ad
3758 1716 3993 1769 Veccunr
4034 1733 4046 1767 :

2482 1827 2734 1868 ceruorum
2790 1815 2841 1867 id
2889 1823 3059 1867 totum
3094 1826 3214 1865 esse
3264 1820 3444 1864 actum
3482 1810 3737 1863 inslincm
3792 1820 3845 1860 et
3893 1810 4050 1874 jussu

2483 1907 2848 1974 imperatoris.
2881 1906 2989 1959 Nec
3012 1906 3155 1959 enim
3189 1914 3304 1956 erat
3334 1903 3626 1957 verisimile
3658 1901 4049 1969 patriarcham,

2481 2011 2755 2053 austerum
2785 1998 3055 2050 hominem
3106 2011 3168 2049 ac
3214 1994 3407 2059 ferum,
3435 2005 3625 2056 sponte
3660 1996 3926 2049 irritttrtrm
3956 2008 4051 2044 Cn-

2482 2093 2798 2161 g'tationem
2830 2088 2990 2143 Vecci
3050 2099 3104 2142 et
3161 2089 3431 2143 sociorum
3474 2087 3611 2154 ejus,
3646 2102 3783 2154 quos
3815 2088 4052 2153 pessime

2484 2185 2674 2236 oderat
2706 2185 2864 2237 homo
2903 2181 3181 2235 schismati
3215 2182 3639 2242 addictissimns,
3672 2178 4046 2231 sublevando-

2485 2293 2624 2329 rnm.
2659 2274 2835 2329 Unum
2881 2275 2967 2327 hic
3016 2273 3309 2341 quanulam
3343 2272 3482 2325 male
3508 2269 3834 2324 eobzcreutis
3866 2276 3923 2321 et
3965 2283 4054 2321 se-

2483 2384 2605 2417 cum
2657 2369 2770 2431 ipsa
2828 2363 3027 2417 collisa‘:
3085 2361 3412 2416 narratiOnis
3461 2361 3697 2428 speciem
3756 2359 3947 2419 habet,
3982 2357 4055 2407 si-

2484 2462 2700 2527 quidem
2736 2459 2828 2511 illo
2859 2457 3025 2524 priori
3070 2457 3207 2519 loco,
3239 2470 3291 2521 p.
3332 2454 3454 2516 105,
3482 2454 3711 2507 allirmat
3756 2451 4053 2504 historians

2488 2569 2738 2620 magnum
2773 2551 3125 2620 lcgnrhetam,
3156 2549 3245 2616 qtti
3277 2548 3341 2601 ad
3381 2547 3607 2601 Veccunt
3650 2546 3715 2599 ab
3750 2544 4054 2599 Athanasio

2487 2647 2687 2701 missus
2719 2655 2823 2706 est,
2868 2645 3101 2698 nomium
3138 2644 3300 2697 fuisse
3335 2641 3829 2711 protovestiarium,
3862 2654 3917 2710 pf
3953 2653 4053 2689 att—

2488 2749 2592 2792 tenr
2632 2739 2751 2801 1333,
2779 2736 2982 2791 diserte
3015 2738 3200 2791 scribit
3231 2734 3599 2790 Andronicum
3638 2733 4053 2801 imperatorem.

2486 2833 2553 2886 iis
2598 2834 2770 2883 nhiter
2820 2846 2940 2883 cum
3005 2829 3180 2883 VcCco
3221 2830 3515 2883 transactis
3548 2842 3664 2895 qua).
3717 2825 3878 2894 paulo
3927 2835 4055 2877 ante

2487 2924 2746 2985 diximus,
2788 2922 3136 2991 Nymphaeum
3171 2923 3478 2989 pervenisse
3512 2920 3710 2975 comite
3741 2935 3930 2973 secum
3961 2920 4057 2970 dn-

2486 3030 2573 3072 (ιο
2608 3018 2905 3079 Mttzalonc,
2934 3032 3097 3082 super
3127 3017 3404 3081 antiquum
3445 3014 3700 3066 honorem
3735 3011 3930 3079 magni
3974 3011 4056 3064 lo-

2489 3113 2723 3178 gnthctae
2752 3125 2889 3163 nova
2920 3108 3321 3177 prorovestiarii
3356 3106 3614 3174 dignitate
3640 3105 3915 3157 decorata.
3951 3105 4056 3157 Sed

822 3197 930 3249 q"°
967 3180 1094 3233 “de
1145 3179 1431 3231 ί¹³ί⁴τν²¹¹¹⁰
1485 3177 1745 3233 “ﬁmum
1786 3179 1884 3245 ipsi
1946 3177 2111 3231 fuerit
2142 3178 2383 3232 Auum"
2414 3202 2456 3261 C
2493 3205 2605 3255 haec
2640 3201 2852 3254 facilem
2888 3200 3328 3254 conciliationem
3368 3198 3589 3259 habent,
3620 3195 3662 3248 si
3696 3196 3911 3247 dicatur
3949 3204 4059 3247 sta-

821 3274 933 3326 sius
972 3311 988 3338 ,
1045 3280 1319 3340 postremo
1371 3269 1729 3340 profectionis
1787 3271 1945 3336 hujus
1996 3271 2050 3323 in
2106 3269 2382 3324 Orientem

823 3375 1059 3433 tempus.
1092 3362 1330 3417 Primum
1384 3364 1525 3429 quod
1560 3364 1773 3426 attinet,
1821 3362 2111 3431 Gregorius
2146 3363 2198 3417 in
2236 3364 2387 3418 abdi-

821 3461 1039 3511 catione
1072 3455 1252 3509 throni
1306 3456 1510 3523 scripto
1564 3467 1841 3522 expressa,
1876 3472 1993 3521 quae
2025 3458 2283 3509 recitatur
2330 3473 2383 3527 p.

827 3551 947 3607 I30.
977 3547 1053 3601 ait
1082 3562 1141 3601 sc
1175 3562 1346 3601 annos
1389 3562 1482 3599 sex
1516 3556 1569 3600 et
1622 3551 1764 3613 quod
1817 3548 2059 3602 excurrit
2096 3549 2145 3600 in
2179 3564 2392 3617 posses-

822 3645 974 3694 sioae
1032 3640 1438 3709 patriarchatus
1483 3639 1824 3706 perdurasse.
1872 3637 2086 3693 Creatio
2124 3641 2284 3707 Itnjns
2334 3653 2388 3697 et

826 3733 1193 3800 inauguratio.
1252 3732 1520 3799 capitibus
1569 3730 1690 3783 libri
1747 3732 1944 3798 prioris
1980 3733 2044 3786 14
2079 3743 2130 3786 et
2162 3732 2229 3787 iii
2258 3750 2387 3787 nar-

824 3837 966 3887 rata,
1008 3825 1254 3893 contigit.
1285 3835 1342 3877 ut
1376 3823 1483 3878 illic
1512 3823 1782 3886 innititur,
1811 3824 1968 3893 paulo
2002 3836 2123 3894 post
2158 3825 2382 3895 Josephi

829 3927 1055 3971 tuortem
1084 3955 1099 3979 ,
1146 3932 1308 3984 quam
1365 3916 1630 3985 superiori
1676 3918 1850 3985 capite
1896 3918 2389 3972 demonstravimus

826 4005 926 4059 sub
972 4006 1182 4059 initium
1248 4004 1425 4058 Martii
1490 4020 1633 4059 anno
1685 4007 1889 4059 Christi
1944 4007 2081 4061 1285
2116 4012 2387 4063 evenisse.

830 4097 1030 4148 Initum
1081 4111 1243 4165 porro
1297 4112 1324 4148 a
1357 4097 1617 4161 Gregorio
1658 4098 2081 4165 patriarcltatmn
2118 4109 2241 4152 ante
2275 4114 2389 4153 me-

826 4190 973 4241 dium
1009 4190 1210 4257 Aprilis
1233 4229 1248 4251 ,
1298 4190 1443 4256 cogit
1471 4188 1765 4253 allirmare,
1817 4189 1961 4257 quod
2014 4191 2307 4245 historicus
2335 4211 2388 4259 p.

828 4282 895 4334 48
928 4292 1213 4345 memorat,
1259 4280 1393 4334 feria
1421 4283 1531 4349 jam
1567 4291 1679 4333 tmn
1734 4283 1970 4335 secunda
2006 4283 2227 4351 majoris
2261 4285 2390 4337 heb-

826 4374 1072 4427 domadas
1102 4373 1268 4426 fuisse
1318 4373 1574 4442 Cyprium
1624 4374 1674 4426 itr
1719 4373 1875 4443 plena
1922 4375 2263 4441 possessione
2295 4391 2390 4443 pa-

830 4463 1137 4517 triarchalis
1165 4464 1326 4532 782
1350 4465 1652 4530 potestatis.
1680 4464 1802 4517 Feit
1829 4466 1972 4518 enim
2017 4465 2107 4518 illo
2134 4482 2300 4530 anno,
2332 4476 2387 4518 ut

2493 3296 2611 3355 tirrr,
2668 3305 2955 3361 posrqnam
3008 3308 3035 3344 a
3077 3292 3391 3357 prarscripta
3438 3290 3540 3342 sibi
3586 3288 3927 3357 profectione
3988 3288 4055 3336 ad

2492 3386 2723 3439 Veccum
2778 3384 2988 3438 Muzalo
3021 3384 3235 3439 rediens
3286 3384 3631 3452 imperatorio
3678 3384 3963 3437 Comitatui
3999 3398 4057 3435 se

2486 3483 2679 3535 iterum
2712 3481 2984 3550 adjunxit,
3012 3482 3078 3534 ab
3120 3481 3360 3549 Augusto
3400 3480 3451 3532 in
3490 3480 3603 3545 ipso
3644 3480 3855 3543 itinere,
3902 3478 4057 3545 prius

2487 3589 2647 3641 quam
2688 3572 3041 3642 Nympha-um
3097 3572 3428 3640 perveniret,
3481 3569 3643 3623 fuisse
3690 3571 4048 3635 protev-estia-

2490 3662 2630 3715 rium
2681 3660 3009 3715 declaratus.
3069 3658 3210 3714 Nihil
3245 3676 3374 3727 ergo
3431 3675 3604 3715 causa!
3641 3668 3725 3713 est
3776 3674 3876 3712 cur
3910 3657 4056 3709 istud

2489 3756 2859 3809 laxamentum
2899 3770 3260 3808 aerumnarum
3290 3752 3468 3806 Nerei
3514 3768 3615 3805 non
3666 3752 3730 3803 ad
3761 3751 3894 3803 illud
3933 3765 4057 3813 per-

2493 3847 2663 3901 tinere
2695 3845 3022 3899 aﬂirmemus
3055 3856 3268 3912 tempus
3299 3859 3405 3912 quo
3444 3843 3789 3897 Andronicus
3815 3857 3883 3895 ex
3923 3843 4057 3893 urbe

2490 3939 2636 4007 regia
2675 3936 3023 4007 Nymphaeum
3083 3952 3140 3989 se
3171 3937 3440 4000 contulit,
3472 3945 3631 4002 prout
3684 3934 3721 3987 l.
3777 3949 3838 3995 tt,
3896 3948 3951 3987 c.
3989 3933 4056 3985 13

2490 4040 2840 4085 memoratur.
2881 4028 3281 4097 Explorandurn
3333 4041 3461 4095 ergo
3503 4026 3655 4080 nonis
3701 4038 3783 4078 esr
3829 4024 4055 4091 quando

2492 4122 2777 4190 contigerit
2830 4123 2927 4173 ista
2985 4120 3268 4189 profectio.
3318 4117 3513 4171 Narrat
3557 4116 3733 4184 capite
3781 4116 4054 4182 superiori

2490 4225 2676 4267 noster
2725 4213 3015 4267 historicus
3060 4223 3287 4265 mortem
3343 4208 3728 4278 expatriarclue
3776 4206 3960 4275 Cyprii
4005 4216 4061 4257 et

2491 4306 2637 4358 circa
2692 4304 2811 4373 ejus
2869 4305 3157 4373 sepultura-
3212 4302 3438 4355 formam
3489 4302 3935 4368 praescriptiones
3992 4300 4061 4350 ab

2493 4398 2606 4465 ipso
2650 4397 2887 4465 Augusto
2934 4396 2998 4447 ad
3054 4394 3259 4447 funeris
3301 4394 3462 4462 783
3509 4402 3787 4445 curatores
3836 4394 4059 4452 mis~as,

2490 4502 2609 4556 quae
2639 4490 2775 4542 Satis
2801 4488 3043 4540 indicant
3076 4502 3180 4538 non
3212 4486 3451 4539 abfuisse
3472 4496 3599 4538 tunc
3631 4485 3774 4537 illum
3804 4483 3872 4535 ab
3900 4485 4056 4561 urbe;

825 4559 1002 4623 Capite
1034 4558 1297 4623 superiori
1326 4558 1683 4616 ostendimus.
1709 4557 1916 4611 Pascha
1942 4558 2030 4612 die
2058 4559 2256 4626 Aprilis
2290 4559 2386 4622 18;
2422 4586 2470 4646 υ
2500 4593 2619 4631 nam
2669 4578 2710 4628 Si
2738 4593 2847 4646 lam
2914 4586 3040 4629 tunc
3097 4576 3553 4644 porpgﬁnarewr,
3618 4590 3720 4627 υοη
3786 4583 3895 4626 tam
3926 4557 4063 4626 λίπα

830 4648 970 4701 unde
997 4649 1217 4713 majoris
1244 4648 1588 4701 hebdomadte
1619 4647 1749 4700 feria
1776 4652 2016 4702 secunda
2057 4650 2197 4701 diem
2231 4650 2391 4714 Apri-

830 4741 895 4794 lis
935 4740 1001 4794 l2
1050 4741 1330 4794 insederit.
1389 4742 1505 4806 Quo
1550 4741 1879 4794 anteriorem
1926 4741 2389 4810 iuaugurationem

830 4832 1079 4901 Gregorii
1137 4832 1294 4886 fateri
1350 4848 1574 4887 necesse
1614 4834 1683 4886 sit
1720 4848 1736 4885 :
1774 4849 1838 4886 ex
1870 4848 1976 4902 qua
2032 4835 2077 4888 si
2131 4850 2224 4888 se:
2265 4835 2388 4887 anni

831 4926 973 4993 pleni
1021 4935 1076 4979 et
1108 4925 1308 4993 aliquid
1345 4935 1602 4992 praeterea
1635 4926 1973 4978 excurrentia
2007 4926 2265 4991 temporis
2296 4943 2393 4979 ttu-

832 5029 1130 5077 merentur,
1166 5017 1498 5084 reperiemus
1528 5015 1645 5083 ejus
1679 5018 2075 5069 abdicationem
2111 5020 2160 5071 in
2191 5034 2390 5071 annum

829 5106 1035 5161 Christi
1079 5106 1214 5160 128')
1244 5116 1365 5174 post
1417 5107 1653 5159 medium
1698 5108 1936 5176 Aprilem
1971 5108 2203 5163 conferri
2236 5126 2394 5177 opor-

834 5211 967 5251 tere.
1022 5194 1297 5250 P0namus
1338 5212 1469 5266 ergo
1503 5198 1629 5251 licet
1660 5198 2054 5253 abdicatiOuem
2105 5201 2284 5271 Cyprii
2341 5214 2395 5255 et

833 5303 1106 5342 secessum
1139 5288 1258 5357 ejus
1288 5289 1340 5341 itr
1375 5290 1757 5344 monasterium
1799 5292 2047 5346 Aristina:
2079 5310 2127 5348 c.
2176 5294 2264 5359 10,
2292 5295 2326 5348 l.
2358 5312 2396 5349 tt

835 5390 1135 5444 narraturu,
1190 5395 1375 5434 mense
1422 5380 1561 5436 Maio
1589 5393 1681 5435 aut
1737 5382 1898 5437 Junio
1949 5386 2074 5438 anni
2109 5388 2266 5440 nrodo
2295 5403 2399 5440 me-

837 5471 1030 5523 morati
1082 5486 1109 5523 a
1157 5469 1377 5527 Christo
1442 5483 1567 5527 nato
1626 5474 1763 5529 1289
1812 5477 2099 5531 accidisse.
2130 5477 2265 5533 Hinc
2291 5480 2397 5534 duo

837 5571 1011 5615 tresve
1073 5579 1283 5619 menses
1335 5565 1585 5619 ﬂuxerint
1638 5568 1687 5620 in
1718 5568 2164 5625 altercationibus
2203 5571 2398 5625 etdis-

837 5654 1221 5720 quisitionibus
1279 5672 1307 5710 a
1352 5670 1540 5711 nostro
1574 5660 1857 5735 hisrorico
1906 5661 2087 5715 relatis
2135 5677 2164 5716 a
2217 5666 2400 5732 capite

841 5746 898 5799 ll
938 5746 1058 5800 libri
1083 5764 1117 5803 ιι
1149 5749 1213 5805 ad
1249 5750 1333 5813 15,
1367 5766 1473 5818 quo
1502 5754 1714 5806 tandem
1763 5756 2019 5821 scribitur
2047 5757 2396 5811 Athanasium

836 5836 951 5908 jam
997 5849 1158 5895 antea
1205 5842 1434 5897 electum
1492 5845 1850 5913 patriarcham
1881 5890 1894 5914 ,
1952 5849 2033 5903 die
2075 5848 2139 5902 l4
2201 5851 2400 5905 mensis

2494 4667 2715 4736 perferri
2748 4668 2813 4719 ad
2838 4682 2957 4719 eum
2984 4668 3154 4719 nuntii
3190 4668 3378 4718 nrortis
3426 4666 3606 4735 Cyprii
3646 4666 3969 4731 potuisSent,
4004 4676 4063 4716 ut

2492 4757 2686 4825 exiguo
2714 4757 2801 4809 illo
2837 4758 3032 4823 Spatio,
3069 4756 3208 4823 quod
3242 4755 3309 4807 ab
3334 4755 3481 4806 obitu
3514 4754 3581 4807 ad
3620 4754 3779 4806 funus
3806 4755 4059 4817 interest,

2493 4862 2587 4915 per
2614 4848 2831 4900 crebros
2861 4847 3085 4900 subinde
3120 4848 3314 4898 missos
3373 4855 3478 4897 tam
3530 4845 3778 4899 distincte
3839 4855 4065 4898 caveret

2495 4953 2559 4990 ne
2596 4937 2790 4991 modus
2818 4939 3168 4990 excederetur
3195 4937 3575 5003 sepulcralium
3605 4936 3801 5005 privati
3826 4936 4065 4988 hominis

2495 5029 2782 5083 honorum.
2820 5029 2949 5083 Erat
2994 5044 3122 5097 ergo
3176 5030 3640 5095 Constantirmpoli
3679 5032 4059 5090 Andronicus,

2496 5119 2714 5186 quando
2738 5133 2981 5174 rnortnus
3009 5131 3060 5174 et
3087 5122 3331 5189 seprrltus
3363 5132 3443 5173 est
3476 5122 3732 5190 Cyprius;
3768 5134 3821 5175 et
3853 5125 4064 5189 primus

2498 5221 2614 5278 post
2637 5212 2796 5264 istutn
2824 5213 3076 5266 notabilis
3102 5224 3331 5264 eventus
3358 5211 3522 5264 fuerit
3568 5214 3841 5266 discessus
3889 5216 4066 5279 impe-

2500 5303 2697 5355 ratoris
2730 5300 2968 5368 ejusdem
3002 5317 3065 5355 ex
3100 5303 3255 5366 urbe,
3308 5313 3592 5369 propterea
3652 5305 3896 5371 sequenti
3938 5320 4063 5357 nrox

2497 5391 2674 5461 capite
2696 5408 2724 5445 a
2750 5392 3078 5461 Paclryrnere
3112 5405 3385 5445 narratus.
3419 5392 3673 5445 Cesserat
3729 5393 4066 5459 patriarclrio

2497 5485 2730 5555 Cyprius
2755 5484 2907 5552 juxta
2933 5485 3303 5539 verisimilrtcr
3346 5501 3373 5535 a
3407 5484 3561 5537 nobis
3606 5485 3765 5552 paulo
3812 5490 4067 5551 superius

2500 5587 2701 5632 statuta
2754 5578 2895 5630 circa
2932 5591 3168 5629 mensem
3222 5574 3440 5628 Junium
3485 5578 3610 5629 anni
3656 5575 3858 5630 Chrisri
3906 5578 4065 5632 1259.

2502 5671 2623 5725 Post
2661 5680 2768 5723 tres
2793 5681 2886 5722 attt
2917 5671 3077 5737 paulo
3118 5668 3237 5737 plus
3266 5684 3502 5735 menses,
3537 5670 3707 5736 pridie
3754 5670 3879 5722 ldus
3907 5670 4061 5724 Octo-

2502 5763 2615 5816 bris
2639 5762 2965 5816 Athanasius
2997 5764 3045 5815 in
3081 5766 3327 5813 thronum
3358 5772 3579 5815 evectus
3610 5771 3715 5815 est.
3750 5760 4069 5823 Nos'endni,

2509 5851 2830 5918 Decembri,
2892 5850 3149 5907 Januario
3227 5852 3636 5921 insequentibus
3706 5855 4071 5908 verisimiliter
