4194 6444
245 448 348 510 ειι
1542 425 1867 490 CIIRONO]

1973 424 2030 485 31
2041 427 2199 488 CUS.
3384 416 3490 481 8‘2

249 557 547 620 acciderit,
600 552 741 622 quod
799 549 973 618 capite
1019 546 1137 600 libri
1193 545 1232 598 II
1260 582 1274 606 ,
1333 557 1381 594 c.
1426 540 1521 603 ΓΙ,
1577 537 1826 598 refertur,
1860 537 1901 590 A
1933 535 2159 602 pra‘cise
2189 533 2346 601 spatii
2388 533 2806 586 intcrccsserita
2855 529 3014 584 modo
3046 537 3339 582 memorata
3401 543 3489 581 re-

251 667 448 720 uempe
486 619 738 717 Cyprium
781 642 963 712 gloriae
1001 637 1218 692 avidum
1252 633 1548 692 hominem,
1595 643 1716 682 cum
1761 638 1819 677 se
1929 625 2196 677 laxatiunt-
2225 624 2536 680 acerbitatis
2579 623 2630 676 in
2659 621 2815 676 Vecci
2851 637 3070 675 carcere
3098 620 3163 674 ad
3197 619 3492 688 petfeitam

253 712 484 797 tant-diu
519 712 818 806 neglectum
845 733 898 785 itt
927 743 1141 784 secessu
1175 741 1238 778 ac
1278 722 1566 778 solitudine
1593 717 1818 776 doleret,
1931 719 2067 786 ejus,
2101 733 2219 786 qua:
2248 717 2384 770 felici
2411 720 2624 771 demum
2651 715 2800 769 obitu
2839 715 2885 766 ei
2945 715 3153 782 obtigit,
3223 712 3487 766 liberatio.

256 835 396 900 ringi
434 845 496 884 ac
539 826 731 889 contici
765 821 1078 892 aegritudine
1107 816 1373 886 ccepisse;
1404 828 1470 867 ex
1519 826 1627 879 quo
1652 808 1701 860 ei
1734 818 1822 860 tie-
1931 825 2052 862 nem
2096 811 2162 861 ab
2218 813 2473 862 aerumnis
2519 809 2794 864 omnibus.
2870 806 3105 860 Primum
3159 812 3367 858 certum
3415 812 3498 857 est

254 925 349 979 dio
387 925 612 990 languor
652 919 740 971 ille
779 915 1066 970 multorum
1103 911 1312 964 dierum
1361 905 1652 965 exstiterit,
1715 912 1824 967 quo

1973 906 2296 959 .tnlrouicum
2320 905 2693 974 imperatorem
2711 905 2988 976 Nympbaei
3010 905 3304 972 pchtitissir
3323 903 3499 971 spatio

256 1023 614 1080 consumptus
639 1012 852 1065 demum
911 1014 992 1059 est
1035 1003 1254 1056 circiter
1307 1011 1568 1058 mensem,
1619 1001 1680 1046 ut
1727 1006 1827 1057 ap-
1935 999 2054 1066 plus
2078 1014 2277 1052 annuo,
2309 997 2492 1051 nere”
2521 1000 2664 1052 enim
2699 1011 2903 1061 noster.
2941 1014 2991 1066 ρ,
3028 998 3151 1056 εδδ,
3186 997 3496 1048 fuissem...

259 1116 440 1176 paret,
468 1104 736 1156 Martium.
771 1097 939 1166 Aprili
979 1109 1104 1148 mox
1145 1091 1479 1157 insequente,
1514 1092 1635 1151 apta
1667 1080 1828 1148 regiis
1937 1089 2044 1142 illic
2078 1088 2479 1142 undetricesimo
2515 1092 2705 1143 mensis
2735 1087 2884 1140 Junii
2935 1089 3018 1142 die
3059 1105 3160 1155 quo
3197 1096 3502 1140 sanctorum

260 1174 699 1264 expeditionibus
758 1194 1098 1259 tempestate,
1158 1181 1502 1234 Andronicus
1554 1174 1829 1240 Augustus
1939 1179 2302 1248 apostolorum
2350 1184 2542 1251 (pem
2585 1197 2777 1250 nempe
2813 1192 2866 1235 ει
2897 1181 3092 1249 mur.)
3135 1181 3324 1248 fam,”
3369 1179 3507 1231 cete-

260 1263 491 1343 CXCIITILB
527 1299 767 1343 movens,
806 1293 1032 1335 amcenzc
1061 1292 1124 1330 ac
1157 1271 1539 1326 circumductae
1587 1263 1828 1334 peregri-

1975 1285 2143 1330 ratur,
2180 1272 2345 1324 altero
2386 1283 2626 1327 currente
2680 1291 2817 1326 anno
2849 1291 2912 1326 ex
2943 1289 3043 1341 quo
3100 1272 3386 1338 imperator
3416 1286 3506 1322 ca-

266 1381 506 1435 uationis
536 1386 707 1430 metas
739 1369 1015 1442 Nymphari
1053 1367 1288 1432 denique
1318 1359 1582 1420 tletixerit,
1619 1373 1682 1408 eo
1715 1369 1834 1422 per—

265 1471 493 1524 veniens
515 1471 615 1522 sub
649 1479 886 1518 mensem
931 1461 1172 1515 Junium.
1221 1456 1380 1509 Circa
1412 1451 1610 1504 Maium
1673 1447 1837 1515 igitur

268 1563 398 1617 anni
426 1559 636 1614 Christi
694 1556 830 1609 1290
893 1555 1070 1605 laxata
1127 1547 1370 1602 custodia
1427 1544 1598 1596 Vecco
1656 1538 1836 1598 fuerit,

271 1665 556 1722 postquam
585 1648 841 1718 egestatis
881 1659 1001 1698 cum
1039 1641 1357 1710 captivitate
1381 1636 1583 1703 junctze
1635 1631 1842 1722 incom-

272 1717 428 1794 inoda
464 1717 741 1792 tolerasset
782 1735 937 1786 armis
994 1747 1086 1785 sex
1124 1729 1370 1796 integris,
1414 1739 1445 1777 a
1472 1733 1655 1774 mense
1695 1717 1842 1768 ride-

272 1831 400 1884 licet
432 1830 572 1882 .‘Ilaio
606 1838 695 1879 aut
721 1824 881 1878 Juuio
910 1824 1032 1876 anni
1059 1819 1260 1875 Christi
1307 1815 1444 1870 1284
1492 1814 1644 1883 juxta
1694 1809 1842 1878 prius

272 1920 494 1974 deﬁnita
541 1934 594 1970 n.
628 1917 661 1969 5
695 1917 854 1983 hujus
877 1912 1092 1979 capitis.

352 2010 464 2063 VII.
503 2009 617 2061 Hac
647 2008 835 2060 eadem
867 2006 916 2056 in
949 2001 1262 2056 Orientales
1301 2009 1508 2053 tractus
1533 1996 1852 2066 peregrina-

280 2103 429 2156 tione
454 2099 746 2154 Andronici
785 2095 1076 2163 contigisse
1123 2103 1383 2162 praeterea
1412 2089 1649 2156 Oportuit
1675 2101 1857 2141 acces—

280 2208 404 2246 sum
446 2193 562 2258 ejus
600 2187 922 2255 Dacibyzam
951 2227 963 2248 ,
996 2183 1082 2236 ubi
1143 2183 1242 2235 sub
1286 2182 1530 2234 custodia
1575 2180 1860 2232 tenebatur

280 2283 544 2342 Joannes,
565 2279 834 2333 Theodori
859 2274 1108 2328 Lascaris
1129 2273 1291 2331 IiIius.
1313 2287 1474 2340 quem
1509 2271 1734 2323 Michael
1751 2270 1859 2321 An-

283 2375 492 2428 dronici
527 2383 678 2439 pater
708 2370 930 2423 immani
961 2367 1151 2419 fraude
1178 2365 1654 2430 circumscriptum
1698 2363 1863 2426 impc-

292 2468 378 2521 rio
401 2466 600 2533 ilcjecit
627 2474 679 2515 et
697 2460 1010 2516 exczecuvit.
1035 2457 1148 2511 IIuc
1168 2455 1466 2525 profectum
1497 2456 1860 2508 Andronicum

285 2568 478 2613 narrat
533 2555 917 2624 Pachyuieres,
956 2552 992 2604 Ι.
1027 2566 1066 2615 t,
1101 2563 1152 2602 c.
1184 2549 1276 2610 56,
1319 2546 1541 2615 petiisse
1591 2562 1616 2598 a
1648 2545 1859 2600 Joanne

284 2667 433 2708 caeco
467 2650 677 2702 veniam
713 2647 921 2711 injuriae
960 2644 1061 2711 ipsi
1086 2658 1113 2694 a
1144 2640 1414 2695 Michaele
1446 2651 1597 2708 patre
1628 2651 1726 2690 suo
1751 2636 1867 2688 illa-

288 2754 379 2806 tua,
411 2752 465 2795 et
503 2739 686 2792 multis
737 2735 1126 2788 benevolentia:
1156 2729 1647 2798 signiﬁcationibus
1676 2742 1738 2780 ac
1768 2729 1865 2780 do-

289 2835 378 2887 nis
417 2831 746 2885 eblanditum
776 2830 843 2882 ab
868 2842 934 2880 eo
970 2826 1134 2878 fuisse
1169 2823 1468 2875 cessionem
1496 2819 1633 2886 juris
1667 2818 1732 2868 ad
1764 2818 1866 2868 ini-

291 2925 506 2992 perium
535 2921 637 2976 sui.
678 2920 860 2982 Ratio,
887 2933 1005 2984 qua:
1043 2915 1187 2982 cogit
1215 2913 1398 2966 dicere
1428 2920 1554 2964 tunc
1585 2908 1634 2962 id
1661 2916 1864 2966 actum,

290 3017 410 3071 haec
429 3024 534 3068 est.
566 3011 762 3065 Noster
788 3011 878 3063 illo
907 3009 1086 3076 capite
1114 3008 1318 3060 diserte
1355 3004 1553 3058 asserit
1589 3011 1711 3068 post
1741 3011 1868 3052 con-

293 3120 518 3161 ventum
553 3107 620 3157 ab
651 3102 962 3156 Andronico
1011 3097 1274 3152 Joannem
1315 3096 1537 3148 missum
1591 3093 1760 3145 fuisse
1802 3096 1868 3142 ab

1942 1374 2054 1415 stra
2085 1362 2195 1414 i:'lic
2235 1363 2455 1416 habebat
2501 1382 2516 1417 :
2549 1364 2791 1423 Διετείας
2839 1363 3142 1431 τρεχούσης
3184 1363 3514 1429 ἐστρατοπε-

1942 1450 2184 1520 δευμένῳ
2217 1451 2292 1519 τῷ
2330 1453 2556 1521 βασιλεῖ.
2596 1454 2745 1506 ,(Ζυιη
2800 1467 2930 1518 ergo
2978 1465 3199 1504 numero
3247 1451 3512 1518 superiori

1945 1543 2309 1596 verisituiliter
2379 1546 2730 1597 statuerimus
2793 1542 3162 1595 Andronicum
3218 1542 3514 1607 Augustum

1949 1637 2261 1704 pervenisse
2315 1636 2664 1706 Nymphaeum
2731 1637 2875 1690 circa
2920 1636 3132 1688 initium
3186 1632 3328 1686 Junii
3377 1648 3517 1685 anno

1947 1724 2148 1780 Christi
2219 1726 2394 1788 1290,
2449 1727 2590 1794 quod
2644 1726 2733 1779 illo
2792 1741 2841 1779 c.
2901 1726 2933 1778 9
2991 1724 3348 1794 Pachymercs
3409 1738 3511 1777 me-

1955 1825 2128 1871 morat
2150 1819 2425 1870 dissidium
2453 1819 2756 1888 principum
2787 1830 3154 1871 matronarum
3181 1826 3517 1868 contractum

1958 1912 2243 1964 occasione.
2275 1911 2559 1980 paucgyris
2593 1910 2991 1978 apostolorum,
3024 1909 3312 1975 contigerit
3341 1905 3410 1960 29
3436 1905 3524 1960 die

1958 2003 2100 2056 Junii
2143 2003 2267 2055 anni
2298 2002 2497 2056 Christi
2530 2001 2687 2064 I29l,
2720 2000 2936 2067 quando
2981 2001 3091 2067 jam
3137 2014 3336 2052 annum
3390 1998 3528 2051 alte-

1963 2111 2075 2147 runt
2112 2110 2221 2147 suae
2262 2095 2398 2161 apud
2431 2091 2779 2162 Nympbmum
2834 2090 3278 2143 commorationis
3319 2088 3527 2141 Andro-

1963 2187 2112 2238 uicus
2172 2187 2541 2238 inchoaverat.
2615 2184 2836 2236 lleititus
2889 2183 3004 2248 ejus
3047 2182 3169 2235 inde
3227 2181 3277 2232 iu
3340 2179 3525 2234 urbem

1965 2286 2179 2330 notatur
2217 2295 2266 2343 ιι.
2305 2277 2423 2334 ltiii,
2467 2289 2516 2326 et
2551 2276 2852 2342 r:~:.c7g-iatur
2904 2274 3003 2325 diei
3064 2273 3529 2325 duodetricesimm

1963 2368 2130 2428 Junii,
2170 2368 2294 2419 anni
2345 2367 2589 2419 videlicet
2623 2368 2804 2419 statim
2853 2364 3132 2432 sequentis
3174 2379 3292 2429 atra:
3327 2362 3530 2417 Christi

1966 2460 2203 2527 vulgaris
2238 2459 2388 2520 I203,
2432 2473 2550 2511 cum
2593 2455 2704 2524 jam
2760 2466 3006 2524 reparata
3059 2455 3284 2508 fuissent
3334 2456 3529 2509 damna

1969 2551 2243 2614 incendii,
2298 2565 2402 2617 quo
2455 2548 2670 2601 biennio
2719 2556 2842 2600 ante
2899 2546 3285 2600 abdicationem
3365 2548 3534 2601 Atha-

1969 2642 2123 2701 nasii,
2171 2651 2224 2692 ut
2259 2643 2458 2694 diserte
2493 2641 2722 2694 traditur
2779 2653 2832 2709 ι).
2866 2639 2988 2701 I78,
3043 2639 3235 2691 Forum
3278 2655 3533 2709 maguum

1967 2731 2412 2796 conﬂagraverut.

2045 2821 2136 2874 IX.
2194 2822 2564 2876 Abdicationis
2623 2836 2783 2890 porro
2817 2821 2972 2874 modo
3023 2831 3334 2875 memoratae
3365 2823 3534 2876 Atha-

1970 2912 2105 2965 uasii
2141 2921 2348 2978 tempus
2392 2914 2525 2966 satis
2570 2912 2774 2966 diserte
2838 2911 3199 2982 l’arhymeres
3257 2914 3533 2982 exprimit,

1969 3003 2094 3057 dum
2127 3020 2178 3072 p.
2217 3005 2317 3056 I77
2367 3005 2554 3059 scribit
2583 3007 2754 3073 ipsum
2786 3015 2968 3059 exacte
3018 3007 3424 3073 quadriennium
3474 3008 3528 3059 in

1968 3097 2326 3162 patriarchatu
2355 3097 2660 3164 explevisse,
2709 3099 2780 3149 ita
2839 3107 2894 3148 ut
2927 3098 3044 3150 initi
3087 3098 3356 3166 relictique
3398 3100 3536 3167 regio

293 3199 597 3252 Athanasio
631 3197 740 3264 jaut
782 3191 1088 3261 patriarcha
1134 3187 1604 3256 pretovestiarium
1651 3184 1715 3237 ad
1737 3181 1870 3236 Vcc—
1897 3215 1938 3271 ο
1974 3192 2129 3242 minis
2186 3189 2436 3243 Ecclesia!
2480 3192 2716 3244 eamdem
2769 3191 2934 3260 ferme
2989 3196 3338 3246 numerat-erit
3399 3195 3538 3271 diem

292 3306 451 3351 ctnn;
475 3289 616 3356 quod
653 3287 791 3338 idem
819 3284 942 3336 alibi
971 3282 1168 3335 factum
1186 3281 1421 3333 atlirmat
1451 3291 1515 3329 eo
1544 3277 1735 3327 itinere
1763 3288 1868 3342 quo

296 3379 647 3450 Nympharum
699 3391 756 3429 se
803 3376 1072 3442 denique,
1110 3372 1218 3426 illic
1264 3373 1352 3424 (litt
1417 3376 1866 3428 commoraturus,

299 3475 603 3540 imperator
632 3469 885 3525 contulit.
905 3468 1073 3535 Igitur
1104 3477 1155 3518 et
1184 3466 1294 3517 ιιωο
1315 3465 1502 3516 eadem
1539 3461 1621 3513 via
1643 3475 1739 3524 per
1768 3459 1867 3512 Da-

298 3567 542 3633 cihyzam
569 3561 880 3613 Andronico
902 3558 1060 3610 ducta
1087 3566 1188 3610 est.
1213 3554 1326 3608 Non
1358 3555 1500 3606 enim
1531 3552 1614 3606 bis
1645 3552 1872 3618 patriar-

298 3657 400 3709 cha
423 3653 752 3706 Athanasius
779 3649 1250 3720 protovestiarium
1271 3644 1354 3716 [Ρ.
1377 3642 1514 3714 567]
1547 3643 1612 3696 ad
1641 3643 1866 3694 Veccum

300 3745 469 3798 misit.
507 3743 669 3795 Recte
703 3744 883 3808 itaque
910 3740 1165 3793 admonet
1202 3738 1303 3790 sub
1342 3736 1500 3788 tinem
1547 3732 1740 3798 capitis
1786 3731 1870 3783 hi-

297 3836 537 3890 storicus
561 3834 674 3886 haec
693 3847 750 3886 se
776 3833 828 3883 in
858 3840 1197 3883 antecessum
1227 3827 1326 3879 hoc
1350 3827 1466 3880 loco
1495 3839 1562 3876 ex
1591 3823 1755 3876 inulto
1777 3839 1871 3892 po-

298 3925 515 3980 steriori
554 3922 808 3975 memoria
849 3920 1176 3987 prtelibassc.
1222 3919 1370 3970 Dicet
1409 3915 1608 3985 aliquis
1641 3932 1654 3966 :
1691 3914 1871 3978 Quare

296 4014 464 4078 igitur
490 4012 856 4076 Pachytneres
878 4007 994 4074 ipso
1028 4004 1183 4057 initio
1215 4004 1374 4056 istius
1404 4001 1623 4068 capitis,
1659 4018 1713 4071 p.
1748 4000 1867 4063 l03,

297 4105 377 4156 sic
405 4102 682 4168 loquitur;
721 4097 823 4151 Sed
854 4112 930 4149 me
962 4097 1293 4163 praeterierat
1336 4093 1475 4161 quod
1522 4093 1682 4161 paulo
1721 4093 1870 4158 prius

301 4195 549 4261 contigit,
585 4195 950 4257 imperatorem
977 4189 1216 4240 t-idelicet
1252 4202 1314 4240 ex
1352 4186 1477 4238 urbe
1512 4202 1566 4238 se
1593 4185 1873 4238 contulisse

301 4286 625 4353 Dacibyzam
650 4285 672 4334 ?
699 4291 802 4334 etc.
844 4279 1343 4350 78ﬁllcspondco
1373 4296 1384 4329 :
1417 4275 1532 4330 Non
1579 4276 1692 4329 haec
1736 4276 1873 4329 refe-

303 4376 467 4429 renda
502 4383 629 4425 sunt
661 4373 725 4423 ad
785 4372 1108 4436 colloquium
1171 4367 1327 4422 Vecci
1378 4383 1498 4421 cum
1562 4367 1870 4434 patriarcha

298 4464 565 4532 Gregorio
597 4461 1006 4522 habituin,toto
1054 4459 1374 4525 praecedenti
1435 4458 1611 4524 capite
1658 4457 1726 4509 55
1782 4458 1874 4510 de-

1973 3291 2173 3332 scxtam
2209 3283 2465 3334 decimam
2502 3281 2764 3336 Octobris.
2826 3283 3084 3336 Alludunt
3125 3283 3240 3337 haec
3293 3283 3357 3337 ad
3393 3262 3508 3354 prd:

1973 3373 2173 3440 scripta
2217 3389 2269 3442 p.
2306 3371 2430 3436 “6,
2468 3373 2556 3426 ubi
2587 3373 2783 3426 dicitur
2807 3384 3053 3441 quartam
3083 3374 3343 3426 decimam
3375 3375 3506 3429 Octo

1973 3462 2085 3516 bris
2142 3463 2285 3516 diem
2353 3464 2581 3531 primam
2631 3463 2923 3518 Athanasio
2970 3464 3375 3532 patriarchatus
3414 3465 3526 3518 initi

1973 3555 2158 3608 fuisse.
2200 3555 2442 3608 Pertinet
2492 3556 2615 3622 hoc,
2672 3567 2729 3608 ut
2778 3557 2886 3608 disi
2939 3571 3087 3609 num.
3127 3555 3182 3617 5,
3223 3557 3289 3608 ad
3338 3571 3540 3609 annum

1973 3648 2172 3702 Christi
2229 3647 2387 3712 1289,
2448 3664 2515 3700 ex
2557 3663 2668 3717 quo
2711 3649 2835 3700 anni
2887 3658 3157 3702 vertentes
3207 3656 3439 3715 quatuor
3487 3649 3543 3705 in

1973 3738 2116 3792 diem
2171 3740 2236 3794 M
2291 3738 2487 3793 Octob.
2544 3739 2672 3792 anni
2716 3738 2853 3793 Ηθὸ
2905 3739 3132 3792 desiere.
3213 3738 3382 3793 Biduo
3422 3751 3546 3808 post

1977 3831 2169 3884 throno
2199 3831 2364 3885 cessit
2394 3830 2750 3892 Athanasius,
2795 3839 2947 3898 gesta
2983 3831 3334 3899 patriarchali
3361 3829 3542 3900 digiti-

1977 3932 2083 3976 tate
2125 3923 2280 3976 annis
2326 3923 2550 3976 omnino
2607 3932 2838 3991 quatuor
2893 3932 2940 3975 et
3019 3922 3225 3976 duobus
3282 3933 3542 3990 praeterea

1973 4013 2182 4067 diebus.
2224 4012 2532 4066 Incendium
2560 4027 2688 4080 ergo
2721 4013 2898 4081 magni
2928 4012 3047 4065 Fori
3083 4026 3226 4065 anno
3267 4012 3400 4067 ηυι
3435 4010 3549 4067 Iuli

1976 4106 2210 4158 medium
2261 4103 2615 4159 Novembrem
2662 4108 2880 4170 evenit,
2939 4105 3095 4171 cujus
3148 4108 3315 4159 ruinae
3365 4106 3548 4175 spatio

1978 4196 2241 4248 mensium
2266 4195 2376 4249 fere
2403 4194 2568 4265 785
2593 4206 2722 4248 octo
2751 4195 2889 4250 adeo
2905 4206 3128 4251 strenue
3162 4213 3188 4248 δ
3217 4197 3426 4251 cit-ibus
3463 4211 3545 4250 re-

1978 4298 2180 4354 parata:
2232 4296 2376 4349 sunt,
2427 4296 2486 4338 ut
2543 4286 2756 4339 rediens
2813 4285 2865 4339 in
2911 4287 3095 4340 urbem
3131 4289 3426 4355 imperator
3447 4301 3546 4340 ex-

1977 4382 2146 4425 tremo
2173 4371 2332 4424 Junio
2354 4372 2481 4424 anui
2509 4371 2650 4449 I292
2673 4373 3065 4441 gratularetur,
3090 4376 3230 4438 quod
3254 4373 3547 4426 historicus

1977 4459 2138 4528 ait'p.
2176 4461 2298 4523 180,
2325 4463 2436 4516 solo
2489 4463 2590 4514 sibi
2635 4464 2846 4514 aurium
2921 4463 3116 4516 indicio
3170 4476 3404 4516 constare
3452 4481 3547 4516 no-

299 4563 588 4621 scrtptum,
624 4553 718 4604 sed
750 4551 816 4602 ad
846 4550 1019 4602 obiter
1077 4556 1338 4601 attextam
1405 4547 1470 4600 ad
1498 4547 1698 4599 calcem
1732 4547 1873 4600 illius
1903 4543 1955 4602 Β
1983 4553 2156 4603 titiam
2188 4552 2439 4614 incendii,
2476 4553 2620 4605 nullo
2647 4554 2762 4622 jam
2787 4554 2947 4605 oculis
2972 4555 3248 4619 superstite
3279 4556 3362 4607 sui
3389 4557 3548 4608 vesti-

299 4646 498 4712 capitis
536 4642 864 4695 mentionem
926 4641 1119 4692 laxatae
1173 4641 1344 4693 multo
1394 4639 1665 4705 posterius
1714 4637 1870 4690 Vecci

301 4736 591 4796 custodite,
626 4736 677 4785 in
709 4748 870 4800 quam
909 4741 1026 4799 post
1077 4731 1127 4783 id
1157 4732 1486 4798 colloquium
1549 4739 1632 4783 est
1686 4730 1874 4796 conje-

299 4838 447 4879 ctus.
479 4823 537 4875 Id
573 4837 701 4890 ergo
745 4829 954 4872 tantum
985 4800 1074 4870 illa
1125 4819 1323 4887 capitis
1361 4817 1442 4870 ’36
1489 4818 1660 4885 prima
1712 4817 1872 4870 verba

204 4933 219 4940 ‘
300 4915 634 4986 signiﬁcant,
670 4914 830 4983 paulo
867 4919 1176 4976 antequam
1238 4912 1290 4962 in
1344 4909 1543 4975 sa’pius
1579 4918 1872 4963 memorata

303 5008 650 5077 imperatoris
699 5003 992 5057 Andronici
1069 5001 1404 5068 proiectione
1462 5002 1516 5053 in
1571 5000 1873 5065 Orientem,

302 5116 396 5165 per
436 5103 660 5150 missqu
694 5098 744 5148 in
779 5110 957 5148 arcem
991 5094 1050 5148 S.
1077 5094 1330 5162 'Gregorii
1383 5095 1872 5159 protovestiarium,

306 5171 592 5242 ν’ξεειιείη
637 5186 793 5254 paulo
848 5187 1262 5238 tolerabiliorem
1284 5185 1646 5238 conditionem
1697 5197 1874 5238 trans-

303 5281 564 5337 ferretur,
626 5280 825 5329 aditum
865 5277 1143 5343 llacibyzaz
1174 5277 1240 5327 ab
1279 5274 1588 5327 Andronico
1609 5273 1872 5328 Joannem

303 5367 573 5421 Theodori
609 5365 853 5421 Lascaris
887 5367 1106 5432 Augusti
1138 5367 1325 5421 lilium.

377 5457 521 5510 VIII.
563 5455 704 5507 Mors
735 5455 858 5508 inde
886 5455 1048 5508 Vccci
1080 5467 1334 5508 narratur
1374 5471 1424 5524 p.
1463 5454 1593 5520 9.70,
1635 5470 1726 5509 seu
1770 5470 1876 5522 quo

301 5565 452 5604 anno
481 5548 773 5617 contigerit
807 5547 1218 5614 disquirendum
1253 5549 1408 5601 nobis
1447 5549 1735 5600 historicus
1796 5561 1877 5598 re-

303 5643 526 5710 !ioquit.
553 5639 914 5708 Experiamur
946 5656 1076 5709 ergo
1119 5639 1336 5708 ecquid,
1383 5643 1671 5709 sequeuuis
1714 5641 1877 5693 vesti-

302 5736 410 5804 giis
440 5749 622 5788 rerum
654 5733 834 5786 abillo
874 5734 1013 5786 serie
1059 5732 1336 5796 continua,
1371 5748 1472 5800 qua
1530 5741 1692 5800 gesta:
1730 5741 1872 5797 sunt,

302 5833 678 5882 narratarum,
710 5822 978 5889 possimus
1009 5832 1158 5875 certo
1184 5821 1588 5888 tleprehendere
1617 5832 1873 5890 quantum

628 5917 899 5977 PATROL.
944 5920 1058 5980 (in.
1093 5918 1187 5978 CX
1202 5918 1266 5976 LI
1282 5919 1325 5978 γ
1339 5961 1355 5980 .

1985 4643 2067 4710 gio
2113 4643 2368 4695 sensibili.
2407 4643 2488 4695 Ab
2515 4646 2617 4695 hoc
2672 4643 2788 4696 loco
2825 4658 2941 4711 qua:
2975 4655 3265 4696 narrantur
3293 4659 3322 4696 a
3364 4655 3548 4699 nostro

1984 4735 2244 4787 historico
2275 4735 2415 4787 serie
2453 4735 2736 4796 continua,
2778 4749 2867 4786 res
2902 4744 3060 4800 prout
3088 4747 3316 4786 evenere
3366 4733 3548 4787 decla-

1982 4835 2156 4889 rante,
2185 4840 2357 4892 usque
2389 4825 2456 4878 ad
2488 4840 2536 4879 c.
2575 4824 2669 4888 ‘39,
2696 4826 2734 4878 l.
2759 4824 2846 4883 III,
2879 4826 3120 4891 quinque
3149 4825 3260 4877 lere
3288 4839 3550 4878 annorum

1981 4917 2202 4984 explent
2281 4917 2535 4984 spatium.
2603 4914 2761 4970 Unde
2810 4915 2951 4981 quod
3012 4916 3267 4968 scribitur
3320 4930 3372 4983 p.
3419 4915 3550 4981 270,

1984 5017 2249 5060 mortntuu
2274 5021 2396 5059 esse
2417 5006 2659 5060 Veccum
2694 5007 2796 5060 sub
2822 5009 2978 5058 tinem
3012 5007 3214 5071 Martii,
3252 5008 3316 5061 ad
3350 5022 3552 5060 annum

1982 5098 2100 5150 sine
2121 5097 2281 5150 dubio
2308 5099 2542 5164 pertinet
2566 5097 2770 5151 Christi
2811 5097 2968 5151 1298.
3027 5098 3168 5152 Octo
3199 5098 3365 5166 igitur
3393 5098 3554 5153 annis

1985 5196 2104 5254 post
2130 5189 2362 5240 laxatam
2396 5189 2788 5255 aliquantulum
2815 5189 3142 5252 custodiam,
3185 5199 3431 5255 perstans
3472 5190 3557 5242 ni-

1986 5281 2276 5333 hilominus
2300 5277 2538 5332 Joannes
2572 5277 2780 5333 Veccus
2806 5281 2859 5332 in
2891 5293 3134 5343 carcere,
3165 5280 3424 5348 quoniam
3452 5280 3554 5333 int-

1987 5370 2220 5435 peratori
2266 5370 2517 5422 assentiri
2551 5370 2613 5421 ad
2641 5368 2878 5422 schisma
2918 5371 3190 5422 revocanti
3225 5371 3556 5423 constantis-

1984 5463 2120 5514 sime
2145 5475 2360 5527 semper
2390 5460 2583 5521 renuit,
2637 5461 2702 5511 ad
2737 5475 2982 5526 suorum,
3032 5473 3090 5515 ut
3133 5477 3354 5531 sperare
3404 5463 3552 5526 licet.

1986 5551 2203 5617 praemia
2241 5549 2487 5602 laborum
2524 5565 2552 5602 a
2594 5549 2704 5603 Deo
2747 5560 2968 5606 vocatus
3011 5553 3063 5605 in
3116 5555 3311 5608 malum
3347 5563 3451 5608 est.
3484 5553 3557 5604 At.

1986 5640 2362 5703 Meliteniotes,
2394 5641 2531 5694 alter
2553 5641 2668 5707 ejus
2695 5640 2991 5704 sociorum,
3052 5657 3156 5694 non
3187 5643 3338 5710 prius
3391 5656 3552 5708 quam

1985 5742 2106 5801 post
2135 5734 2319 5784 decem
2386 5729 2633 5784 evolutos
2682 5731 2806 5784 inde
2859 5747 3050 5796 annos,
3105 5731 3378 5804 [l'.568]
3440 5732 3557 5800 pari

1986 5825 2145 5878 laude
2177 5823 2585 5876 commendatus
2612 5823 2823 5876 invii-tm
2880 5823 2931 5874 in
2979 5824 3082 5876 title
3129 5825 3364 5876 Romana
3419 5837 3556 5875 con-

3047 5922 3112 5978 Ἣ
