4194 6444
289 468 397 529 845

1591 457 2250 521 CiIRONOLOGiCUS.

3419 450 3522 508 846

287 582 647 650 dejectionem
676 596 706 635 e
742 583 936 637 throno
976 591 1028 635 et
1059 578 1465 636 restitutionem
1502 579 1554 631 iu
1602 578 1857 630 thronum
1889 577 1934 632 A
1961 573 2221 628 Joannem
2248 573 2498 626 Cosmam
2534 584 2562 623 a
2597 568 2850 623 Kalendis
2892 564 3167 621 Januariis
3213 566 3333 617 anni
3366 567 3524 618 Chri-

285 675 512 729 Joannis
541 672 751 728 Costnte
787 675 1192 742 patriarchattts
1227 670 1529 733 inlinditur,
1563 668 1748 721 multis
1777 668 1857 719 vi-

289 766 704 820 cissitudinibus
736 767 941 826 varius,
1005 779 1101 833 per
1150 778 1286 832 quas
1339 770 1518 816 tamen
1560 768 1641 812 sat
1703 758 1860 826 longo

288 859 467 925 spatio
503 859 741 911 duravit.
775 857 905 925 Ejus
950 871 1053 924 qua
1109 855 1346 909 ineuntis
1393 868 1497 920 qua
1562 852 1862 904 desinentis

288 939 519 998 delinire
553 956 849 1005 momen-ta,
891 947 1174 1012 spatiaque
1210 945 1373 998 totius
1406 942 1708 995 duratiouis
1732 955 1859 992 exa-

287 1044 374 1085 cte
411 1035 674 1094 dimetiri,
715 1050 837 1086 cum
875 1045 955 1087 est
1008 1035 1168 1100 hujus
1195 1034 1435 1086 historia!
1470 1033 1666 1085 callere
1696 1032 1860 1083 chro-

289 1125 560 1190 nologiam
597 1128 798 1179 volenti
837 1129 1229 1190 necessarium,
1264 1136 1376 1178 tum
1438 1125 1580 1178 idem
1641 1134 1862 1191 propter

291 1215 665 1268 caurusionem
725 1217 978 1284 perplexe
1031 1217 1311 1268 mistarunt
1351 1229 1530 1267 rerum
1591 1214 1863 1267 historici-

288 1321 395 1372 que
431 1309 597 1358 nostri
635 1311 939 1369 ambiguam
979 1308 1171 1360 alicubi
1219 1309 1286 1360 de
1325 1308 1408 1360 his
1449 1305 1857 1359 aﬂirmaliOuem

289 1397 434 1448 haud
474 1413 606 1452 Sane
668 1401 886 1452 obvium
929 1401 1197 1467 facileque
1239 1400 1504 1466 explicato
1562 1400 1673 1452 fore
1739 1413 1861 1468 spe-

289 1491 520 1542 randum
554 1499 656 1556 est,
691 1493 876 1545 lectori
912 1494 1209 1558 praesertim
1252 1493 1484 1562 primum
1521 1493 1582 1543 ad
1619 1492 1732 1544 haec
1763 1493 1861 1544 ad-

287 1585 521 1634 vertenti
555 1594 608 1634 et
633 1582 874 1650 defungi,
911 1590 964 1636 ut
1020 1582 1133 1636 fere
1165 1583 1246 1645 lit,
1294 1584 1471 1637 obiter
1505 1586 1718 1651 cupido.
1753 1583 1860 1636 Hu-

283 1673 375 1741 jus
414 1688 512 1740 ego
548 1676 727 1725 studio
764 1685 818 1727 ut
853 1690 950 1742 pro
980 1675 1083 1728 mei
1146 1675 1354 1728 ratione
1390 1674 1548 1727 ollicii
1603 1676 1857 1739 serviam,

288 1773 486 1811 cuncta
514 1760 598 1812 hic
627 1777 745 1828 ejus
771 1763 985 1829 generis
1010 1779 1171 1831 quam
1225 1763 1544 1818 brevissime
1575 1772 1629 1817 et
1673 1766 1858 1819 claris-

289 1853 428 1903 sime
462 1864 649 1918 patero
667 1869 949 1920 exponam.

365 1941 428 1994 ll.
484 1943 535 1996 Iul
570 1947 746 2012 agenti
775 1957 896 1998 ante
916 1948 1092 1999 omnia
1119 1947 1566 2000 considerandum
1599 1947 1854 2010 occurrit,

289 2035 438 2098 quod
493 2051 521 2087 a
554 2037 889 2106 Pachytnere
921 2040 1182 2107 scriptum
1243 2047 1419 2091 exstat
1450 2053 1502 2105 p.
1541 2038 1663 2102 568,
1698 2039 1862 2091 Atha-

292 2127 508 2176 nasium
541 2130 1004 2194 expatriarcham,
1040 2128 1254 2196 quando
1309 2141 1432 2180 eum
1494 2128 1580 2181 die
1618 2127 1860 2180 Januarii

291 2219 506 2269 decima
543 2232 679 2270 nona
736 2219 1030 2286 imperator
1070 2218 1409 2270 Andronicus
1443 2233 1564 2270 cum
1595 2217 1864 2283 episcopis

290 2320 346 2360 et
401 2309 597 2374 populo
621 2310 897 2371 convenit,
931 2308 1264 2374 transegisse
1302 2309 1352 2360 in
1422 2309 1513 2360 illo
1549 2306 1860 2359 monasterii

293 2413 513 2453 secessu
558 2415 730 2452 annos
754 2404 963 2458 decem,
1002 2400 1183 2452 minus
1231 2415 1420 2452 norem
1474 2399 1771 2451 mensibus.
1804 2397 1858 2450 ln

291 2505 358 2543 eo
411 2501 622 2543 asserto
656 2491 759 2543 sibi
791 2493 1009 2558 egregie
1040 2499 1254 2543 constat
1280 2490 1607 2553 historicus;
1641 2491 1855 2544 dixerat

290 2582 436 2635 enim
476 2598 527 2647 p.
572 2583 693 2645 177,
725 2584 1106 2642 Athanasium.
1135 2585 1447 2636 renuntiato
1470 2584 1858 2649 patriarchatu,

292 2665 918 2728 tnonasterioCosm'idii
969 2674 1053 2746 [P.
1085 2674 1210 2744 570]
1252 2674 1420 2728 fuisse
1475 2676 1740 2728 inclusum
1777 2677 1860 2728 die

292 2765 360 2815 16
395 2765 666 2824 Octobris,
706 2779 827 2817 cum
891 2776 1016 2817 ante
1052 2780 1225 2816 annos
1261 2774 1490 2830 quatuor
1531 2766 1616 2816 die
1667 2777 1856 2831 quarta

290 2853 504 2906 decima
533 2855 734 2906 mensis
763 2852 1002 2921 ejusdem
1035 2854 1437 2919 patriarchatus
1463 2855 1855 2920 possessionem

289 2946 539 2997 adiisset.
570 2945 698 2997 Erat
727 2945 814 2998 ille
843 2959 1040 3007 annus,
1067 2959 1172 3012 quo
1211 2945 1545 2997 Athanasius
1590 2945 1642 2997 in
1675 2962 1859 2999 mona-

290 3037 808 3090 steriutuCosmidii
863 3051 891 3089 e
925 3035 1256 3103 patriarchio
1314 3036 1588 3101 migravit,
1656 3035 1855 3090 Christi

289 3142 416 3178 terte
458 3127 619 3187 1295.
652 3137 810 3195 prout
843 3129 893 3178 in
951 3127 1178 3196 Syuopsi
1245 3127 1561 3194 subjicimas
1635 3128 1804 3180 oculis
1842 3144 1854 3180 :

1964 665 2032 719 sti
2078 663 2216 717 1294
2242 677 2476 731 praeesse
2511 660 2865 730 patriarchali
2894 667 3159 726 potestate
3206 657 3520 710 Coostautt-

1965 756 2291 823 nopolitanae
2319 754 2576 808 Ecclesiae
2618 751 2868 819 ccepisse.
2912 750 3046 815 Quia
3106 765 3234 802 vero
3285 748 3521 816 quando,

1966 862 2156 900 novem
2193 847 2349 899 anuis
2395 856 2448 899 et
2495 845 2792 898 octodecim
2847 842 3036 895 diebus
3092 841 3214 891 inde
3261 839 3523 892 vettenti-

1963 939 2082 1002 bus,
2125 938 2467 990 Andronicus
2520 937 2818 1003 imperator
2866 935 3170 1002 episcopos,
3208 931 3412 982 clerum
3472 936 3527 980 et

1963 1033 2220 1099 pupulum
2250 1046 2437 1082 secum
2465 1031 2668 1082 ducens
2698 1029 3054 1081 Athattasium
3106 1025 3257 1080 adiit.
3292 1022 3525 1073 nondum

1962 1122 2251 1176 manifeste
2282 1121 2506 1174 Cosmas
2540 1121 2814 1187 abjecerat
2868 1117 3263 1186 possessionem
3299 1112 3527 1180 patriar-

1963 1215 2135 1268 chalis
2168 1215 2411 1277 honoris,
2447 1228 2602 1280 quem
2652 1229 2747 1265 nec
2780 1213 2895 1279 ipse
2958 1209 3282 1262 Athanasius
3331 1217 3528 1257 utcun-

1963 1319 2066 1372 que
2106 1315 2234 1358 tunc
2266 1306 2502 1358 delatum
2537 1305 2770 1364 admisit,
2805 1313 2857 1356 et
2897 1301 3121 1354 Cosmus
3158 1309 3363 1366 postea,
3392 1298 3526 1363 ipso

1963 1399 2166 1451 fatente
2200 1399 2526 1462 imperatore
2552 1397 2726 1448 adhuc
2752 1392 3060 1461 patriarcha
3122 1405 3306 1450 verus,
3363 1391 3527 1440 ctiam

1965 1499 2022 1542 ut
2053 1489 2174 1543 talis
2210 1488 2539 1541 anathemati
2575 1488 2802 1541 subiecit
2839 1499 3219 1552 quemcunque
3275 1480 3361 1543 qui
3413 1493 3529 1530 m0—

1965 1581 2154 1633 liretur
2194 1579 2558 1631 Athanasium
2588 1578 2638 1628 iu
2678 1578 2873 1629 throno
2908 1568 3528 1641 reponere,t1tta:rendus

1962 1672 2092 1725 alibi
2142 1678 2223 1723 est
2265 1683 2424 1722 verus
2459 1677 2512 1720 et
2562 1668 2896 1720 indubitatus
2953 1666 3076 1718 linis
3131 1659 3529 1732 patriarchatus

1961 1761 2189 1815 Cosma’.

2034 1853 2121 1905 IV.
2165 1851 2214 1905 Is
2261 1867 2424 1920 porro
2463 1865 2570 1904 non
2620 1850 2744 1902 alibi
2779 1847 3080 1915 reperietur
3109 1858 3269 1912 quam
3305 1857 3358 1910 p.
3397 1839 3524 1900 ⁸582.

1963 1945 2050 1996 ubi
2081 1942 2250 1997 refert
2284 1941 2649 2012 Pachyuteres
2703 1939 3066 1993 Audronicunt
3119 1934 3524 1988 abscindentcm

1962 2035 2160 2089 nodum
2212 2050 2368 2101 quem
2413 2034 2622 2088 solvere
2658 2032 2934 2099 neQuibat,
2964 2031 3090 2082 dum
3151 2029 3434 2094 episcopos
3474 2025 3525 2076 iu

1967 2131 2175 2199 synodo
2219 2145 2334 2182 snte
2363 2131 2522 2182 modo
2574 2137 2665 2180 aut
2715 2141 2810 2195 spe
2845 2121 3225 2179 conventionis
3272 2120 3336 2172 de
3372 2119 3528 2170 abdi-

1965 2222 2183 2275 catione
2213 2219 2437 2274 Joannis
2467 2219 2677 2273 Cosmze
2728 2227 2782 2271 et
2839 2216 3181 2271 restitutione
3242 2211 3527 2265 Athanasii

1966 2313 2299 2365 altercantes
2332 2312 2497 2375 videt,
2529 2309 2822 2376 assumptis
2855 2323 3039 2361 secum
3073 2306 3139 2358 iis
3165 2306 3254 2371 qui
3286 2303 3530 2354 Athana-

1962 2405 2042 2456 sio
2075 2402 2349 2466 favebant,
2376 2417 2498 2455 eum
2524 2401 2664 2468 juris
2720 2414 2970 2452 securum
3017 2412 3116 2450 usu
3176 2411 3238 2448 ac
3298 2395 3438 2447 iacto
3474 2393 3525 2446 iu

1964 2495 2360 2565 patriarchatus
2399 2493 2743 2570 possessione
2771 2491 3141 2554 constituisse,
3201 2487 3385 2540 multis
3417 2486 3531 2554 epi-

1961 2603 2246 2656 scoporum
2281 2596 2334 2641 et
2366 2587 2482 2655 ipso
2524 2585 2732 2641 Joanne
2763 2585 2960 2638 Cosma
3007 2584 3372 2649 nequidquam
3443 2595 3529 2634 rc-

1961 2676 2339 2741 clamantibus,
2381 2686 2434 2730 et
2464 2675 2566 2729 hoc
2604 2676 2821 2742 quidem
2854 2673 2978 2740 (etsi
3012 2674 3059 2724 vi
3092 2673 3284 2739 majori
3330 2674 3528 2723 cedens

1961 2769 2268 2836 Sozmiolim
2334 2768 2385 2820 in
2422 2768 2650 2834 patriam
2700 2765 2952 2832 recessit)
2991 2779 3173 2817 verum
3231 2778 3288 2816 se
3353 2762 3529 2815 adhuc

1963 2857 2337 2927 patriarcham
2374 2859 2696 2909 arbitrante.
2730 2855 2808 2908 Ex
2849 2867 2976 2908 ttmc
3011 2863 3189 2908 tamen
3243 2855 3309 2906 ah
3359 2855 3528 2921 impe-

1963 2961 2141 3004 ratore
2168 2966 2230 3002 ac
2259 2949 2532 3017 plerisque
2574 2947 2810 3001 Joannes
2837 2947 3062 3000 Cosmas
3085 2947 3273 3000 haberi
3309 2962 3404 3012 pro
3434 2959 3527 3014 pa-

1963 3042 2200 3095 triarcha
2238 3041 2430 3104 desiit;
2464 3050 2518 3094 et
2564 3040 2902 3093 Athanasius
2941 3038 3248 3092 functiones
3289 3041 3406 3107 ejus
3436 3053 3530 3106 po-

1963 3133 2172 3186 testatis
2199 3132 2328 3199 (quo
2358 3130 2480 3200 jure
2515 3145 2691 3197 quave
2723 3130 2946 3196 injuria,
3002 3128 3147 3182 Deus
3207 3129 3328 3198 scit)
3374 3142 3530 3182 exer-

289 3218 432 3270 aiter
473 3229 654 3270 autem
706 3233 896 3280 annos,
959 3219 1111 3287 cujus
1151 3217 1394 3271 Januarii
1458 3218 1520 3270 l9
1564 3230 1928 3298 conventusc
1963 3224 2094 3277 cuit.
2137 3224 2412 3278 Habemus
2457 3230 2636 3275 autem
2700 3223 2843 3275 hanc
2900 3222 3160 3288 epocham
3215 3222 3526 3290 iusiguitam

300 3310 415 3362 illic
452 3308 592 3361 idem
635 3311 701 3362 ab
733 3309 1043 3361 Andronico
1068 3308 1397 3360 Athanasius
1438 3307 1560 3369 fuit,
1594 3309 1644 3359 in
1673 3310 1858 3360 eadem

289 3400 502 3454 Christi
535 3416 641 3453 aera
697 3401 814 3454 siue
863 3402 1026 3453 dubio
1079 3401 1396 3454 millesimus
1453 3401 1862 3455 trecentesimns

290 3504 525 3560 quartus
559 3495 966 3546 numerabatur.
1003 3493 1135 3557 Quia
1164 3508 1293 3546 vero
1329 3507 1500 3547 nonus
1548 3509 1721 3546 anuus
1751 3495 1860 3560 pri-

293 3585 906 3635 vataecommoratiouis
949 3572 1229 3636 Aihauasii
1280 3586 1420 3650 apud
1476 3587 1860 3638 monasterium

292 3674 553 3726 Cosmidii
591 3677 843 3728 evolutus
884 3675 1056 3728 fuerat
1083 3677 1167 3730 die
1199 3675 1263 3729 16
1285 3674 1535 3730 Octobris
1577 3677 1699 3729 anui
1724 3692 1865 3745 pra!-

293 3767 543 3820 cedentis
582 3769 780 3822 L‘hristi
816 3770 1088 3822 millesimi
1135 3771 1502 3823 trecentesimi
1537 3770 1705 3838 788
1754 3779 1861 3822 ter—

297 3859 380 3921 tii,
423 3868 476 3911 et
514 3860 555 3910 si
593 3861 835 3912 decimus
866 3877 892 3911 a
922 3861 1013 3913 tali
1049 3861 1256 3929 epocba
1316 3860 1506 3914 luisset
1571 3860 1864 3927 explendus

295 3968 496 4014 annos,
533 3967 882 4018 perseverare
910 3954 1048 4006 idem
1084 3954 1304 4006 clausus
1329 3954 1381 4005 in
1440 3952 1544 4005 isto
1595 3951 1715 4005 loco
1766 3952 1860 4004 de-

295 4041 509 4095 buisset
539 4055 704 4110 usque
729 4043 794 4096 ad
835 4043 898 4096 l6
931 4043 1184 4096 Octobris
1227 4043 1565 4111 insequentis
1615 4042 1782 4106 diem,
1833 4055 1863 4094 a

294 4157 407 4210 quo
462 4139 579 4192 dies
643 4137 711 4190 l9
750 4136 991 4190 Januarii
1053 4150 1242 4188 novem
1297 4134 1405 4186 fere
1466 4133 1648 4187 solidis
1715 4137 1865 4185 abest

299 4231 606 4293 mensibus,
660 4237 882 4296 apparet
927 4242 1084 4293 quam
1131 4225 1196 4278 ad
1259 4239 1442 4278 verum
1502 4233 1692 4278 exacte
1735 4222 1867 4276 deli-

296 4324 413 4375 nita
443 4320 726 4373 Athanasii
779 4320 829 4370 in
865 4317 1126 4371 Cosmidii
1157 4316 1486 4370 monasterio
1526 4326 1734 4369 secreta
1767 4315 1863 4366 ha-

297 4415 494 4466 bitatio
525 4411 689 4464 fuerit
725 4411 899 4478 spatio
933 4410 1158 4478 praeciso
1201 4409 1390 4462 decem
1423 4422 1709 4470 annorum,
1749 4407 1864 4460 mi-

297 4522 400 4558 nus
435 4518 624 4555 novem
664 4503 954 4556 mensibus.

1963 3319 2278 3369 charactere
2311 3314 2720 3382 chronologico,
2760 3314 2852 3367 sed
2884 3323 3104 3380 propter
3135 3311 3442 3366 ali'ectatam
3494 3327 3526 3366 a

1961 3410 2295 3477 Pachymere
2327 3407 2619 3474 quamdam
2653 3408 2708 3458 in
2739 3409 2905 3458 verbo
2947 3404 3353 3474 ambiguitatem
3391 3403 3528 3458 indi-

1963 3513 2125 3572 gente
2160 3497 2530 3550 declaratione
2557 3512 2662 3550 non
2700 3496 3092 3566 perluuctoria.

2034 3591 2098 3646 V.
2131 3591 2218 3642 Ait
2263 3589 2515 3642 nimirum
2541 3598 2726 3640 noster
2765 3588 3083 3651 historicus,
3116 3599 3169 3653 p.
3198 3586 3325 3651 585,
3360 3587 3525 3652 diem,

1965 3699 2070 3751 quo
2135 3691 2219 3735 est
2263 3683 2329 3733 ab
2396 3679 2706 3733 Andronico
2756 3679 3085 3747 imperatore
3148 3681 3196 3732 vi
3252 3689 3306 3731 et
3364 3696 3528 3736 manu

1968 3777 2162 3828 throno
2217 3774 2501 3840 impositus
2575 3772 2924 3835 Athanasius,
2979 3771 3144 3825 fuisse
3210 3773 3528 3827 vicesimum

1967 3868 2184 3921 tertium
2229 3866 2432 3918 mensis
2489 3863 2918 3918 Atheniensibus
2967 3862 3418 3919 Maemacterionis
3451 3867 3530 3919 di-

1964 3959 2062 4019 eti,
2089 3957 2247 4024 cujus
2283 3956 2497 4024 primus
2527 3965 2581 4006 et
2627 3954 2920 4007 vicesimus
2950 3955 3063 4006 dies
3127 3954 3220 4007 illo
3275 3969 3419 4009 anno
3476 3956 3529 4009 iu

1966 4048 2328 4108 Parasceven,
2367 4043 2532 4113 789
2558 4043 2662 4096 hoc
2681 4054 2787 4105 est,
2814 4043 2974 4096 modo
2995 4042 3244 4110 loquendi
3271 4043 3399 4098 huic
3431 4060 3529 4098 au-

1966 4138 2103 4193 ctori
2144 4139 2364 4199 usitato,
2401 4137 2451 4188 in
2513 4135 2704 4188 feriam
2743 4133 3104 4186 hebdomadis
3137 4145 3343 4186 sextam
3397 4135 3531 4188 inci-

1965 4232 2124 4285 derit.
2155 4227 2646 4282 Mmmacterionem
2706 4225 2834 4278 alibi
2877 4224 3242 4294 Pachymeres
3278 4235 3533 4279 constan-

1969 4335 2074 4386 ter,
2105 4333 2163 4373 ut
2200 4321 2250 4373 in
2283 4320 2446 4386 priori
2483 4318 2904 4372 observavimus
2961 4316 3259 4379 Clossario,
3305 4317 3531 4372 Junium

1968 4429 2204 4469 mensem
2238 4421 2412 4464 vocat.
2442 4410 2538 4464 Hic
2574 4421 2749 4462 autem
2801 4425 2904 4462 non
2955 4409 3030 4462 uti
3088 4425 3209 4462 eum
3264 4410 3532 4463 hactenus

1967 4517 2222 4560 consueta
2282 4506 2501 4558 notione
2555 4503 2686 4556 illud
2769 4504 2941 4569 ipsum
2999 4503 3329 4564 subindicat,
3387 4506 3531 4572 quod

367 4595 459 4648 Ill.
499 4597 622 4649 Hazc
660 4605 932 4662 utcunque
968 4608 1072 4645 non
1107 4592 1454 4669 inutiliterin
1478 4605 1593 4644 rem
1623 4598 1861 4643 nostram

1975 4614 2077 4652 non
2148 4594 2338 4656 ἁπλῶς
2404 4605 2460 4644 et
2531 4593 2794 4653 absolute,
2850 4593 2940 4645 sed
3014 4593 3148 4644 κατ’
3217 4593 3532 4662 Ἀθηναέους

299 4689 562 4742 adnotata
599 4697 745 4747 sunt,
788 4702 890 4738 non
949 4684 1237 4738 absolvunt
1291 4695 1467 4737 tamen
1529 4682 1862 4749 propositam

298 4781 364 4831 de
394 4779 664 4846 principio
707 4789 759 4830 et
797 4777 900 4829 line
950 4777 1346 4843 patriarchatus
1391 4773 1614 4827 Joannis
1658 4773 1867 4826 Cosma:

301 4871 689 4940 quaestionem,
733 4869 998 4935 siquidem
1049 4868 1090 4918 is
1116 4881 1215 4917 nec
1281 4866 1557 4918 inchoavit
1619 4864 1798 4916 statim
1836 4879 1863 4916 a

302 4978 524 5016 reCeSSIt
559 4961 848 5014 Athanasii
887 4961 937 5011 in
989 4959 1376 5012 monasterium
1432 4956 1712 5020 Costuidii,
1767 4971 1866 5010 nec

301 5069 369 5108 eo
404 5064 679 5107 momento
743 5053 900 5105 desiit
958 5065 1065 5119 quo
1119 5050 1460 5103 Andronicus
1513 5051 1864 5103 Athanasium

300 5144 557 5198 eumdem
594 5143 664 5196 ibi
697 5143 969 5196 convenit.
1007 5141 1113 5194 Sed
1163 5143 1226 5193 de
1259 5141 1412 5192 initio
1470 5142 1686 5208 quidem
1721 5139 1867 5192 clare

304 5235 472 5288 tradit
507 5233 868 5301 Parhytncres
895 5246 946 5298 p.
981 5229 1104 5290 186,
1134 5231 1392 5282 Kalendis
1430 5227 1669 5282 Januarii
1708 5227 1869 5280 Joan-

303 5342 430 5378 nem
467 5323 714 5376 Cosmam
752 5324 852 5375 rite
880 5323 1046 5374 fliiSSe
1080 5324 1455 5389 inaugtuatum
1481 5323 1866 5389 patriai-citam.

305 5418 415 5469 Nec.
449 5416 670 5467 dubium
715 5429 780 5467 ex
826 5426 938 5466 tow
994 5423 1251 5465 contextu
1314 5427 1494 5464 rerum
1522 5422 1722 5465 antcac
1748 5420 1869 5480 post

303 5509 377 5561 ibi
414 5515 755 5558 narratarum
789 5515 890 5566 est,
928 5505 1058 5572 quin
1110 5506 1224 5558 ista:
1288 5503 1539 5557 Kalendae
1597 5503 1868 5557 Ianuarias

301 5600 506 5652 fuerint
569 5598 814 5666 proxime
856 5608 1053 5650 secuta:
1083 5607 1202 5663 post
1238 5597 1532 5650 discessum
1564 5612 1593 5650 e
1636 5596 1869 5664 patriar-

303 5691 434 5742 rhio
457 5689 740 5742 Athanasii
770 5697 820 5740 et
867 5689 1029 5756 hujus
1081 5688 1437 5741 inclusionem
1495 5690 1544 5741 in
1599 5698 1869 5742 monaste-

303 5781 447 5831 rium
481 5778 762 5844 Costnidii,
802 5793 960 5845 quam
985 5779 1052 5831 16
1083 5777 1170 5833 die
1217 5778 1468 5833 Octobris
1509 5780 1634 5832 anni
1666 5779 1869 5833 Christi

306 5871 448 5926 1295
479 5871 768 5942 contigisse
796 5870 1045 5927 vidin‘tus'.
1079 5871 1289 5925 Maneat
1351 5872 1512 5941 igitur
1566 5885 1663 5941 pro
1725 5879 1870 5927 certo

1960 4690 2120 4755 juxta
2165 4686 2500 4737 Athenienses
2539 4684 2697 4736 istum
2734 4684 2798 4736 de
2823 4697 2927 4748 quo
2960 4684 3070 4751 agit
3097 4697 3335 4735 mensem
3364 4684 3533 4738 fuisse

1973 4778 2454 4831 Mmmaeteriouem
2489 4776 2701 4828 asserit.
2745 4772 2886 4827 Sane
2913 4777 2958 4827 is
2989 4790 3109 4828 esse
3145 4776 3247 4829 hoc
3278 4776 3399 4829 loco
3434 4775 3532 4828 Ju-

1974 4873 2094 4924 nius
2117 4885 2220 4921 uon
2254 4876 2448 4935 potest,
2481 4867 2756 4934 quoniam,
2788 4881 2891 4933 quo
2920 4866 3032 4920 haec
3066 4880 3215 4937 gesta
3239 4883 3358 4920 esse
3387 4883 3533 4920 anno

1970 4964 2137 5015 series
2200 4961 2526 5013 narrationis
2574 4959 2730 5011 l'ateri
2792 4961 2954 5030 cogit,
3016 4959 3220 5014 Christi
3279 4959 3366 5031 [Ρ.
3407 4961 3535 5033 571]

1971 5053 2264 5105 millesimo
2304 5053 2687 5103 trecentesimo
2721 5063 2942 5118 quarto,
2977 5066 3097 5104 cum
3159 5053 3345 5117 cyclus
3401 5054 3533 5106 solis

1973 5151 2348 5195 muneraretur
2373 5142 2466 5204 25,
2525 5143 2609 5194 cui
2668 5143 2922 5208 competit
2965 5157 3062 5209 pro
3120 5145 3396 5196 mensibus
3441 5143 3537 5197 Fe-

1971 5233 2251 5286 bruarium
2278 5234 2626 5301 sequentibus
2689 5234 2866 5287 littera
2919 5235 3075 5287 index
3125 5234 3413 5286 Dominica:
3473 5235 3534 5296 D,

1971 5325 2262 5377 vicesimus
2298 5326 2507 5391 primus
2540 5324 2684 5377 Junii
2718 5326 2836 5380 dies
2868 5327 3166 5389 Dominiea,
3210 5342 3316 5379 non
3354 5337 3534 5380 autem

1974 5416 2105 5468 feria
2139 5427 2289 5468 sexta
2337 5416 2454 5469 fuit.
2509 5415 2624 5469 Nec
2677 5419 2923 5469 medetur
2984 5417 3109 5471 huic
3174 5419 3534 5483 incommodo,

1973 5517 2258 5575 postquam
2308 5508 2435 5559 illud
2490 5509 2940 5563 animadvertisse
3002 5511 3150 5563 visus
3212 5520 3314 5574 est,
3378 5521 3538 5579 para-

1972 5599 2218 5668 phrastes
2248 5599 2567 5663 Vaticanus,
2601 5604 2725 5654 dum
2771 5604 2962 5658 solitus
3007 5620 3219 5673 semper
3250 5607 3380 5658 alias
3411 5605 3504 5658 Ma:

1973 5690 2359 5744 macterionem
2407 5690 2756 5760 Pachyineris
2825 5694 3046 5746 Ἰούνιον
3090 5694 3312 5748 Junium
3369 5695 3538 5749 inter-

1973 5781 2197 5852 pretari,
2227 5782 2329 5834 hoc
2354 5783 2614 5837 duntaxat
2637 5785 2758 5840 loco
2800 5787 3020 5838 Ἰούλιον
3047 5785 3251 5839 Iulium
3283 5787 3532 5840 reddidit:

1977 5891 2099 5929 nam
2129 5890 2301 5943 neque
2329 5875 2452 5930 Julii
2483 5878 2681 5932 mensis
2711 5879 2825 5933 dies
2868 5881 3155 5933 vicesimus
3189 5879 3394 5948 primus
3418 5875 3534 5930 alli-
