4194 6444
271 409 380 471 853

1553 409 2221 473 CHRONOI.0GICUS.

3416 411 3516 473 85l

270 524 359 578 die
407 523 476 576 25
519 521 786 585 Octobris,
834 539 956 594 qua
1001 534 1126 580 tunc
1164 535 1449 580 numerata
1499 525 1661 577 fuerit
1707 525 1841 578 feria
1875 532 1921 588 Α
1952 527 2084 578 rium
2120 528 2216 588 ait,
2249 523 2594 580 divinandum
2629 531 2730 578 est.
2771 522 2969 578 Scribit
3007 531 3185 577 autem
3228 523 3314 576 ille
3344 523 3514 574 ﬂant-

269 615 625 667 hebdomadis
655 617 833 668 tertia.
870 615 1072 681 Nempe
1103 630 1244 669 anno
1293 615 1496 669 Christi
1539 615 1681 666 1300
1729 615 1839 666 bis-

267 707 452 760 sextili
487 707 668 776 ryclns
720 707 853 760 solis
878 707 941 760 21
982 707 1190 760 litteras
1217 704 1568 759 dominicales
1591 703 1675 772 [Ρ.
1711 701 1839 773 577]

269 801 433 850 habet
483 799 640 858 duas,
691 798 728 853 C
777 809 831 852 et
879 798 939 857 Β,
996 815 1222 864 quarum
1265 798 1530 864 posterior
1585 811 1706 848 cum
1759 796 1841 847 itt-

267 889 508 954 signiens
545 888 617 940 23
644 889 892 942 Octobris
933 889 1074 940 diem
1110 888 1365 941 ostendat
1411 902 1530 940 eam
1578 885 1666 937 illo
1698 898 1841 937 anno

277 979 614 1032 Dominicatn
649 977 838 1044 fuisse,
872 982 1211 1034 demonstrat
1259 983 1459 1047 pariter
1499 977 1570 1030 25
1601 977 1839 1042 ejusdem

269 1073 469 1123 mensis
492 1071 659 1124 fuisse
686 1071 874 1124 fetiam
910 1073 1143 1126 tertiam.
1173 1071 1250 1123 Ac
1280 1071 1404 1138 quia
1429 1079 1624 1122 caetera
1651 1079 1840 1120 eventa

266 1172 382 1214 tum
449 1174 573 1215 ante
632 1175 742 1215 tum
793 1174 914 1232 post
952 1166 1109 1218 istam
1163 1163 1410 1232 eclipsim
1461 1177 1526 1213 ea
1574 1160 1691 1212 fere
1738 1174 1840 1224 qua

263 1263 413 1320 gesta
473 1265 598 1306 sunt
648 1258 790 1308 aerie
851 1257 902 1307 in
958 1257 1057 1308 hac
1113 1255 1336 1307 historia
1390 1251 1720 1310 referuntur,
1753 1266 1846 1300 eu-

266 1362 385 1397 rum
437 1346 606 1400 ferme
652 1349 890 1400 omnium
930 1363 1115 1400 verum
1149 1357 1362 1412 tempus
1403 1361 1466 1398 ex
1503 1345 1602 1396 hac
1631 1343 1839 1396 cmlesti

262 1445 392 1485 nota
435 1438 706 1503 designari
741 1446 957 1504 posset;
987 1445 1128 1504 quod
1164 1435 1306 1488 facili
1341 1434 1713 1502 experimento
1747 1432 1842 1483 de-

265 1540 648 1589 monstrarent,
685 1529 729 1580 si
778 1529 908 1580 tanti
939 1539 1084 1580 esset
1117 1529 1168 1579 in
1201 1528 1267 1580 iis
1303 1525 1578 1578 immorari
1613 1524 1838 1576 diutius.

265 1618 509 1672 Sulliciat
535 1621 677 1686 quod
722 1620 772 1672 in
801 1636 864 1672 co
896 1634 1093 1686 genere
1115 1619 1180 1671 ad
1211 1619 1427 1672 lectoris
1462 1617 1711 1669 solatium
1744 1630 1838 1667 co-

263 1712 378 1764 nati
404 1727 590 1764 sumus
611 1713 783 1779 capite
810 1713 998 1764 ultimo
1029 1713 1188 1778 hujus
1219 1711 1671 1764 Observationum
1707 1707 1830 1760 libri

263 1805 436 1862 tertii,
474 1804 557 1854 ubi
586 1803 838 1870 pleraque
863 1804 1016 1856 libris
1041 1812 1247 1871 septem
1300 1800 1741 1870 Pacbymeriana':
1771 1798 1839 1850 de

1945 619 2150 671 aerium
2201 631 2264 670 ex
2302 617 2470 669 milite
2496 614 2703 682 Templi
2737 625 2858 682 post
2905 625 3119 684 captam
3152 614 3218 666 ab
3257 613 3522 680 A-thiopi-

1947 710 2046 761 bus
2082 710 2208 774 (hoc
2231 717 2315 760 est
2348 705 2636 759 Saracenis
2666 708 2806 759 duce
2842 707 3056 759 sultane
3089 704 3308 774 Egypti
3357 705 3524 758 Melcc

1949 801 2298 866 Serafdicto)
2327 799 2738 862 Ptolentaidem,
2773 800 3101 853 ditissitnatn
3135 811 3190 852 et
3227 797 3516 851 munitissi-

1949 907 2088 946 mam
2123 894 2309 943 urbem
2361 890 2658 943 Phoenicia!
2704 891 2867 957 (quo-l
2930 905 3072 943 anno
3102 890 3301 943 Christi
3359 888 3520 949 1291,

1949 985 2036 1037 die
2098 983 2189 1046 18,
2226 985 2325 1044 vel,
2363 994 2419 1035 ut
2455 982 2571 1044 alii,
2621 981 2686 1034 l9
2739 981 2861 1035 Maii
2920 983 3214 1045 contigisse
3269 989 3522 1032 accurate

1950 1074 2277 1143 Spomlanus
2310 1074 2402 1124 illo
2429 1087 2572 1124 anno
2622 1073 2777 1125 docet
2809 1089 2869 1124 ex
2907 1073 3262 1139 scriptoribus
3309 1071 3519 1122 illorum

1950 1172 2300 1234 temporum),
2329 1179 2489 1215 manu
2528 1163 2754 1216 collecta
2808 1163 2908 1215 sibi
2961 1164 3339 1223 nbuoxiorum,
3374 1177 3520 1227 qna:-

1947 1265 2185 1309 stuosatn
2221 1254 2535 1320 aliquandiu
2559 1269 2652 1318 per
2686 1255 2772 1305 illa
2799 1255 2964 1304 maria
2991 1255 3270 1318 piraticam
3307 1253 3369 1304 fet
3393 1253 3517 1312 isse,

1941 1349 2219 1414 partisque
2252 1348 2461 1413 magnis
2497 1347 2691 1411 Opibus
2745 1350 2935 1398 ducem
2961 1345 3069 1412 jam
3107 1345 3293 1397 classis
3331 1345 3519 1394 valida:

1947 1437 2224 1491 Friderico
2259 1436 2500 1488 Siciliam
2559 1436 2828 1487 obtinenti
2867 1435 3336 1500 (Tlteuderichum
3378 1438 3518 1486 hunc

1933 1543 2229 1596 .perperam
2271 1539 2425 1580 vocat
2459 1526 2843 1596 Pachymeres)
2880 1529 3165 1579 militarem
3205 1528 3362 1594 longo
3389 1542 3520 1578 teu-

1947 1635 2076 1689 pt)te
2109 1621 2244 1672 certi
2280 1622 2530 1686 partione
2586 1621 2840 1687 stipendii
2876 1619 2963 1688 ΙΡ.
2997 1619 3121 1688 578]
3175 1635 3395 1686 Operam
3426 1637 3517 1668 ua-

1947 1727 2121 1771 vasse.
2153 1714 2289 1764 bello
2346 1714 2484 1773 quod
2547 1713 2631 1764 ille
2659 1715 2917 1764 adversus
2974 1712 3268 1764 Ecclesium
3301 1710 3517 1763 rebellis

1945 1815 2132 1857 eontra
2185 1804 2438 1857 Carolum
2495 1803 2715 1869 gerebat
2746 1805 2950 1869 Apuliae
2989 1820 3190 1870 regem.
3248 1804 3515 1855 Caeterum

261 1897 425 1948 rebus
455 1896 740 1948 Audrmtici
765 1895 1005 1948 historia:
1041 1896 1308 1964 descripta
1369 1894 1471 1946 sub
1523 1908 1684 1946 unum
1723 1891 1838 1944 vel-
1876 1896 1914 1949 Β
1945 1898 2047 1949 hoc
2087 1897 2299 1948 tandem
2336 1895 2476 1948 bello
2505 1895 2834 1961 nuptialibus
2879 1895 3281 1947 conditionibus
3317 1895 3512 1945 dilem-

260 1997 320 2038 ut
378 1999 645 2054 aspectum
680 1986 732 2037 in
757 2001 924 2039 annos
953 1988 1156 2052 digesta
1195 1983 1545 2051 coniecimus.
1605 1983 1700 2035 Est
1751 1991 1835 2034 ta-

259 2094 383 2132 men
413 2095 477 2130 ex
505 2080 620 2130 istis
641 2081 850 2132 eventis
875 2095 1041 2131 unum
1096 2077 1255 2146 paulo
1307 2077 1609 2131 intricatius
1662 2074 1839 2142 impli-

258 2172 478 2231 catioue
512 2187 731 2223 casuum
767 2182 819 2223 et
851 2172 1118 2239 ambiguis
1143 2167 1599 2222 afftrinationihns
1654 2178 1835 2218 aucto-

263 2261 364 2320 ris,
403 2277 564 2328 quam
593 2271 650 2312 ut
687 2261 910 2328 relinqui
949 2276 978 2312 a
1015 2260 1192 2322 nobis,
1229 2257 1478 2310 evolvere
1512 2253 1838 2324 perplexita-

261 2360 344 2404 tes
398 2351 811 2419 chronologicas
885 2353 988 2403 hoc
1050 2351 1168 2403 loco
1242 2348 1521 2418 professis,
1579 2349 1837 2400 intactum

257 2446 474 2498 debeat.
504 2445 631 2499 Esto
665 2446 824 2513 igitur
883 2446 933 2498 id
966 2455 1342 2513 argumentum
1381 2440 1573 2509 capitis
1607 2454 1838 2508 sequen-

263 2538 357 2588 ιίδ.

861 2629 1088 2683 CAPUT
1149 2626 1236 2682 VI.

257 2721 544 2776 Inlricatte
567 2723 800 2774 rationes
828 2731 1118 2784 temporum
1147 2721 1290 2771 circa
1317 2715 1591 2770 Rontzeaii
1638 2731 1703 2766 ac
1734 2713 1839 2768 Ca-

547 2795 838 2844 telanorutn
866 2808 945 2844 res
976 2801 1023 2843 et
1054 2799 1174 2842 acta
1201 2789 1558 2854 expleantur.

333 2908 532 2973 LQu-x
556 2910 730 2962 tribus
764 2906 968 2959 ultimis
1018 2905 1176 2958 libris
1237 2903 1399 2970 hujus
1459 2901 1710 2955 Historiae
1771 2903 1838 2956 de

258 3002 582 3063 Rontzerio,
609 2999 892 3052 l’harcuda
919 2996 1128 3058 Tzime,
1181 2993 1500 3063 Mpyrigerio
1554 2991 1753 3045 'l'ettlza
1788 3003 1841 3044 et

260 3094 585 3161 quibusdam
620 3091 740 3144 aliis
778 3088 996 3141 Latinis
1029 3086 1278 3145 ducibus,
1329 3094 1436 3136 tum
1477 3083 1543 3134 de
1581 3081 1840 3133 militibus

261 3184 465 3267 qu‘jbus
502 3191 786 3246 prmerant,
811 3175 1088 3232 Catelanis
1105 3186 1159 3228 et
1190 3174 1562 3237 Amogaharis,
1608 3172 1838 3238 primum

258 3254 621 3328 auxiliaribus
651 3271 1060 3330 infidis,tleiude
1094 3267 1226 3320 feris
1256 3265 1502 3320 hostibus
1535 3261 1830 3316 Andronici
1863 3254 1904 3309 C

257 3376 314 3421 et
343 3367 734 3423 Romanorum,
772 3361 1096 3422 referuntur,
1123 3359 1264 3412 haud
1306 3357 1435 3410 satis
1461 3355 1690 3408 dilucide
1744 3367 1833 3405 or-

258 3459 444 3512 dinata
467 3466 592 3509 sunt
615 3457 682 3508 ab
720 3454 998 3516 historico,
1036 3451 1115 3504 vel
1149 3450 1247 3504 sub
1275 3451 1432 3502 linem
1466 3447 1619 3511 longi
1668 3454 1716 3498 et
1755 3445 1827 3495 Ia-

261 3551 467 3604 boriosi
487 3547 668 3620 operis
702 3547 864 3609 fesso,
898 3546 979 3598 vel
1011 3545 1081 3598 ob
1115 3542 1553 3610 indignationem
1589 3537 1749 3606 797
1785 3537 1834 3587 iit

259 3642 553 3696 Catelanos
577 3650 628 3690 et
655 3640 816 3690 duces
840 3653 1050 3699 eorum,
1090 3645 1308 3703 propter
1355 3631 1725 3685 atrocissimas
1787 3628 1835 3676 iu

261 3750 418 3790 Suam
451 3743 663 3801 gentem
697 3731 948 3798 injurias,
1000 3742 1270 3793 nunquam
1325 3725 1437 3777 fere
1489 3724 1606 3775 sine
1639 3719 1838 3772 iudicio

262 3823 690 3895 perturbationis
717 3838 780 3874 ex
815 3820 1116 3874 vehementi
1157 3818 1280 3871 odio
1328 3830 1512 3868 eorum
1548 3811 1838 3865 recordan-

263 3927 341 3977 te.
385 3917 611 3983 ideoque
648 3911 964 3979 imperfecte
1004 3909 1330 3978 defungente
1365 3905 1718 3959 distinctione
1785 3913 1835 3953 et

261 4005 629 4073 explicatione
658 4004 986 4055 necessaria.
1022 3999 1160 4052 lluic
1183 4009 1235 4049 ut
1258 4012 1354 4066 pro
1417 3994 1555 4046 virili
1625 3992 1838 4045 medea-

262 4110 389 4148 mur
423 4095 786 4154 incommodo,
821 4089 1122 4158 ingratiatn
1163 4087 1383 4140 lectoris
1426 4083 1655 4137 studiosi
1710 4096 1837 4133 con-

265 4187 440 4238 fusam
473 4187 627 4238 istam
662 4184 968 4250 congeriem
992 4183 1078 4234 hic
1108 4182 1383 4242 evolvere,
1436 4187 1490 4229 et
1540 4174 1835 4229 chrooolo-

264 4282 384 4348 gica
417 4277 668 4330 metltndo
699 4276 807 4326 suis
831 4285 945 4326 acta
975 4271 1237 4338 ejusmodi
1271 4281 1322 4323 et
1374 4279 1562 4322 eventa
1624 4266 1833 4334 singula

263 4371 492 4435 alligare
516 4367 737 4432 epochis
766 4364 1130 4431 aggredimur,
1168 4361 1317 4412 initio
1351 4376 1376 4411 a
1409 4362 1574 4424 prima
1606 4356 1837 4410 Runtze-

265 4462 329 4513 rii
365 4471 415 4510 et
437 4459 818 4511 Catelanotuin
851 4470 880 4506 e
916 4453 1098 4505 Sicilia
1129 4454 1181 4505 in
1219 4463 1390 4504 terras
1414 4449 1705 4503 Orientalis
1738 4450 1836 4500 im-

263 4557 400 4622 petit
448 4550 761 4603 evocatione
794 4548 979 4599 ducto.

335 4647 397 4698 ll.
435 4644 652 4702 sanat,
685 4642 718 4692 Ι.
755 4655 803 4699 v,
836 4655 883 4690 c.
917 4639 999 4698 12,
1037 4636 1399 4704 Pachynteres
1447 4638 1833 4703 imperatorem

263 4753 456 4804 parum
493 4734 723 4802 pratsitlii
776 4733 1034 4782 adversus
1075 4730 1365 4781 Persarum
1425 4729 1754 4793 irruptiones
1784 4729 1836 4779 in

261 4830 572 4882 Orientales
621 4828 742 4890 impr
768 4825 830 4875 rii
866 4825 1112 4888 regiones
1142 4826 1192 4874 in
1248 4823 1486 4874 Humana
1523 4822 1712 4873 militia
1753 4838 1838 4871 ιϊ-

264 4923 591 4989 perientem.
613 4918 840 4983 ideoque
873 4918 1140 4981 respicere
1167 4923 1411 4966 coactum
1437 4922 1665 4966 externa
1688 4917 1840 4964 auti-

264 5012 359 5071 lia,
400 5010 632 5076 primunt
674 5006 1006 5058 Phareudam
1040 5004 1281 5057 Tzimem
1310 5021 1432 5056 cum
1491 5020 1648 5056 manu
1701 5006 1841 5057 mili-

261 5115 401 5165 tum,
435 5118 572 5169 quos
598 5115 627 5154 e
649 5101 750 5153 sibi
777 5101 1012 5153 subditis
1038 5105 1370 5164 armaverat,
1400 5099 1670 5165 suppetias
1700 5098 1839 5150 ultro

260 5197 578 5250 venientem
610 5203 758 5257 grate
784 5193 1100 5260 excepisse;
1134 5206 1196 5244 ac
1227 5201 1484 5257 praeterea
1517 5190 1837 5242 ollerentem

263 5303 326 5341 se
358 5287 426 5338 ad
465 5288 603 5338 idem
646 5300 739 5352 per
789 5285 995 5335 litteras
1042 5283 1393 5335 Rontzerium
1425 5283 1616 5349 amplis
1653 5283 1839 5334 condi-

265 5379 510 5432 tionihns
542 5377 818 5437 invitasse,
848 5376 1042 5442 quibus
1071 5374 1159 5425 ille
1190 5383 1470 5439 permotus
1505 5382 1688 5439 postea
1717 5387 1836 5422 cum

263 5484 466 5536 magno
499 5468 673 5521 navali
728 5468 966 5519 exercitu
1026 5465 1231 5517 venerit
1285 5462 1837 5530 Constantinopolim.

267 5565 431 5616 Istius
466 5563 830 5614 Androiiicuut
873 5560 1013 5612 inter
1039 5571 1093 5612 et
1134 5559 1478 5610 Rontzerium
1511 5572 1606 5624 per
1635 5558 1840 5611 litteras

264 5651 504 5700 invicem
554 5650 786 5714 scriptas
841 5648 988 5699 initfe
1037 5647 1414 5714 stipulatzeque
1460 5648 1840 5700 conventionis

266 5751 485 5806 tempus
520 5756 624 5792 non
655 5741 856 5791 diserte
889 5747 1131 5791 notatum
1171 5754 1197 5790 a
1231 5749 1416 5789 nostro
1457 5739 1739 5796 historico.
1773 5754 1836 5791 ex

266 5848 457 5894 causa,
488 5848 592 5899 qua
633 5833 905 5886 inductum
936 5832 999 5885 ad
1034 5848 1150 5885 cam
1189 5833 1565 5885 tractationem
1603 5831 1834 5885 Itontze-

1946 2000 2062 2055 pio,
2097 1988 2294 2055 quibus
2327 1985 2611 2039 Ecaterina
2653 1986 2796 2053 regis
2828 1984 3007 2037 Caroli
3039 1987 3142 2036 lilia
3186 1987 3323 2052 regis
3351 1984 3513 2035 Siculi

1939 2079 2090 2130 fratri
2122 2078 2384 2131 collocata
2419 2080 2508 2141 sit,
2569 2077 2916 2128 Rontzeriuut
2952 2079 3152 2129 hmrere
3192 2078 3422 2142 amplius
3465 2078 3513 2125 in

1941 2171 2126 2223 Sicilia
2161 2185 2264 2222 non
2319 2170 2612 2234 valentem,
2647 2172 2930 2236 quodcum
2964 2169 3241 2221 llnmanns
3275 2167 3509 2232 pontifex

1937 2262 2057 2315 dedi
2087 2261 2189 2314 sibi
2242 2261 2571 2329 puniendum
2628 2275 2655 2313 a
2697 2275 2825 2328 rege
2872 2259 3056 2312 Siculo
3109 2259 3388 2326 poscebat,
3423 2274 3484 2325 pa

1938 2365 2080 2408 ctum
2116 2356 2180 2406 de
2212 2369 2321 2422 quo
2356 2355 2594 2407 diximus
2631 2353 2815 2406 iniisse
2853 2367 2974 2404 cum
3012 2351 3341 2403 Andronico.

2009 2444 2098 2498 lll.
2128 2444 2203 2496 lta
2240 2445 2308 2497 ibi
2343 2444 2728 2513 Pachymeres,
2782 2444 2832 2496 in
2869 2443 3029 2496 rebus
3079 2457 3198 2512 quae
3230 2443 3296 2494 de
3328 2442 3516 2495 alienis

1942 2539 2100 2590 terris
2132 2545 2222 2589 aut
2253 2537 2504 2603 gentibus
2559 2539 2734 2590 obiter
2764 2547 3053 2600 memorat,
3092 2550 3191 2589 suo
3227 2549 3373 2586 more
3405 2534 3516 2585 bal-

1944 2629 2182 2681 butiens.
2213 2626 2391 2678 Voluit
2418 2628 2560 2679 enim
2595 2629 2712 2680 sine
2744 2627 2905 2678 dubio
2931 2627 3036 2679 illic
3064 2626 3302 2677 indicare
3327 2637 3508 2691 pacrnt

1941 2721 2139 2774 factam
2199 2735 2342 2771 anno
2393 2718 2594 2772 Christi
2651 2719 2790 2772 1502
2851 2720 2990 2771 inter
3025 2718 3272 2768 Carolum
3335 2730 3512 2783 regem

1943 2815 2190 2884 Neapolis
2230 2825 2281 2868 et
2317 2814 2649 2868 Friderirum
2684 2815 2733 2866 in
2770 2813 2956 2866 Sicilia
2988 2815 3379 2872 tlti'ttiziutttt‘ill,
3412 2822 3509 2876 qua

1943 2926 2045 2964 non
2079 2909 2382 2970 Ecateriua,
2419 2910 2508 2957 sed
2537 2907 2802 2959 Elennura
2843 2907 2984 2973 regis
3037 2904 3213 2956 Catuli
3252 2903 3377 2959 lilia,
3411 2915 3506 2952 non

1943 3003 2095 3056 fratri
2132 3002 2271 3068 regis
2305 2999 2492 3061 Siculi,
2518 3000 2612 3050 sed
2642 2997 2742 3066 ipsi
2774 2996 3052 3050 Fridctivo
3081 2996 3346 3060 desponsa
3386 3005 3518 3042 con-

1937 3096 2030 3160 jttx
2059 3102 2160 3157 est,
2193 3101 2354 3158 prout
2388 3089 2695 3142 Fridericus
2735 3089 2847 3154 ipse
2884 3094 3173 3138 attestatur
3205 3085 3259 3136 in
3313 3084 3516 3135 instru-

1947 3197 2128 3237 mento
2159 3182 2533 3236 conventionis
2565 3183 2721 3233 istius
2773 3180 2983 3246 p-tblice
3033 3193 3129 3245 per
3166 3179 3336 3243 ipsum
3372 3173 3517 3226 edito

1938 3278 2002 3329 ad
2038 3276 2289 3328 Castrum
2350 3272 2553 3324 Novum
2597 3272 2682 3323 die
2721 3273 2784 3324 l9
2838 3272 3036 3322 mensis
3095 3269 3342 3334 Augusti,
3372 3280 3511 3316 anno

1938 3367 2143 3421 Christi
2200 3366 2357 3419 1502.
2423 3367 2722 3418 indictione
2782 3364 2869 3427 15,
2923 3362 3063 3430 quod
3123 3370 3293 3412 totum
3329 3359 3518 3410 recitat

1939 3457 2207 3509 Otlorieus
2263 3456 2557 3508 Raiualdus
2619 3471 2682 3507 co
2717 3455 2932 3516 Annali,
2973 3458 3112 3504 unde
3169 3450 3512 3503 manifestum

1938 3559 2019 3602 est
2051 3550 2120 3602 ab
2156 3549 2247 3602 illo
2270 3549 2380 3613 jam
2413 3560 2653 3614 tempore
2692 3548 2902 3599 institui
2935 3555 3168 3612 carptum
3198 3557 3316 3595 esse

1941 3649 2227 3693 tractatum
2290 3642 2430 3692 inter
2489 3641 2763 3699 absentes.
2811 3639 2937 3691 hinc
2995 3636 3342 3689 Runtzerinm
3395 3635 3514 3685 inde

1938 3732 2310 3784 Andronicum
2362 3733 2766 3797 imperatorem.
2816 3731 2881 3782 de
2939 3730 3188 3780 auxiliavi
3242 3725 3416 3777 clas-e
3447 3723 3514 3775 ab

1939 3825 2028 3876 illo
2059 3825 2124 3876 ad
2161 3827 2297 3876 hunc
2331 3824 2660 3875 adducenda.
2698 3822 2840 3876 Sane
2870 3837 3105 3890 praesens
3132 3831 3304 3873 status
3334 3833 3512 3870 rerum

1939 3916 2220 3981 impellere
2243 3914 2588 3966 vehementer
2616 3914 2984 3965 Andronicum
3020 3914 3084 3964 ad
3119 3909 3512 3963 admittendum

1939 4008 2177 4058 oblatum
2213 4005 2473 4057 auxilium
2506 4005 2689 4058 tlehnit
2730 4023 2741 4056 :
2779 4021 2841 4057 eo
2869 4005 3076 4072 quippe
3113 4015 3255 4052 anno
3286 3997 3511 4049 Michael

1939 4101 2214 4164 Augustus
2241 4095 2432 4148 Junior
2466 4096 2580 4160 ejus
2643 4096 2784 4148 lilitts
2844 4111 3032 4146 omnes
3086 4108 3265 4147 serum
3301 4088 3511 4157 impetii

1939 4193 2122 4259 copias
2155 4190 2402 4246 ductans.
2440 4201 2649 4252 tergum
2685 4189 2970 4239 inhoneste
3019 4187 3200 4237 l’crsis
3252 4189 3509 4242 verterat,

1941 4284 2173 4352 fugaque
2232 4281 2492 4349 praecipiti
2531 4297 2586 4332 se
2622 4283 2921 4332 incluserat
2974 4278 3279 4347 Magnesia»,
3315 4274 3403 4326 tibi
3461 4281 3514 4325 et

1939 4373 2284 4424 deserebatur
2315 4388 2341 4419 a
2377 4371 2640 4422 militibus
2671 4383 2721 4421 et
2753 4371 2996 4421 omnium
3049 4383 3230 4421 rerum
3270 4375 3505 4418 extrema

1943 4460 2220 4510 laborabat
2285 4460 2484 4524 inopia,
2524 4460 2606 4509 cui
2645 4459 2936 4511 subvenire
2983 4458 3324 4511 Andronicus
3361 4465 3512 4520 pater

1941 4567 2060 4602 cum
2086 4552 2316 4604 maxime
2339 4552 2891 4617 cuperet,obstaru|is
2923 4551 3359 4603 iueluctabilibus
3387 4564 3511 4615 pro-

1943 4643 2247 4701 bibebatur.
2283 4654 2439 4708 prout
2475 4643 2622 4711 prius
2656 4655 2979 4695 narraverat
3009 4643 3121 4710 ipse
3152 4641 3511 4709 Pachymeres

1939 4737 1974 4787 l.
2016 4750 2088 4794 tv,
2126 4750 2176 4787 c.
2228 4732 2312 4796 18,
2348 4748 2748 4801 consequenter
2813 4736 2934 4787 inde
2972 4736 3214 4787 referens
3267 4733 3511 4785 miserri-

1941 4842 2080 4878 mam
2129 4826 2518 4879 desolationem
2555 4827 2798 4878 omnium
2852 4826 3063 4892 imperii
3105 4825 3382 4893 regionum
3417 4840 3509 4890 per

1942 4917 2062 4970 illos
2095 4917 2403 4971 Orientales
2437 4928 2644 4972 tractus
2675 4935 2740 4971 ex
2777 4919 2860 4971 his
2897 4928 3158 4978 secutam,
3205 4927 3504 4985 prteserttm

1939 5020 2058 5078 post
2091 5025 2278 5062 novam
2305 5019 2358 5062 et
2385 5010 2711 5063 luculentam
2739 5011 2946 5062 cladem
2979 5009 3344 5062 Romanorum
3375 5008 3508 5060 duce

1942 5102 2224 5154 Muzalone
2259 5102 2638 5159 hetaeriarcha,
2676 5104 2762 5155 die
2801 5103 2870 5153 ΕΠ
2905 5101 3027 5154 Julii
3061 5103 3202 5153 circa
3238 5101 3501 5168 Bapheum

1941 5210 2104 5264 prope
2134 5193 2502 5247 Nicomediam
2532 5210 2559 5246 a
2593 5193 2772 5247 Persis
2811 5193 2945 5246 duce
2999 5195 3226 5246 Attuaue
3280 5195 3506 5255 illatam,

1942 5304 2056 5355 qum
2086 5288 2121 5340 l.
2153 5302 2224 5349 tv,
2258 5303 2304 5338 r.
2338 5288 2407 5339 ‘25
2439 5290 2548 5337 des<
2571 5287 2783 5339 ribitttr.
2839 5288 3102 5338 Extremis
3149 5301 3275 5352 ergo
3309 5287 3508 5337 mensi-

1941 5381 2038 5433 bus
2069 5396 2156 5431 au.
2198 5380 2329 5432 1502
2388 5389 2438 5432 et
2480 5382 2666 5444 primis
2719 5380 2842 5431 anni
2905 5380 3179 5443 sequentis
3237 5377 3374 5430 1505
3410 5377 3508 5429 fuit

1941 5469 2228 5521 conventio
2264 5469 2363 5519 ista
2395 5468 2826 5520 commeantibus
2863 5467 3003 5517 ultro
3029 5466 3270 5530 citroque
3301 5464 3508 5516 nuntiis

1943 5563 2225 5615 conclusa:
2259 5576 2554 5626 rursusque
2583 5560 2790 5626 aliquot
2818 5558 2939 5609 inde
2968 5557 3244 5608 mensibus
3283 5557 3332 5606 iit
3367 5557 3506 5608 clas-

1943 5651 2018 5702 sis
2039 5659 2301 5717 apparatu
2337 5648 2612 5715 impensis.
2645 5648 2855 5698 tandem
2886 5662 2945 5700 ea
2979 5662 3162 5699 mense
3199 5643 3502 5712 Septembri

1942 5741 2466 5808 Constantinopolim
2501 5741 2724 5808 appulit.

2020 5832 2107 5887 IV.
2143 5833 2323 5889 Mense
2353 5834 2571 5903 inq-tun
2623 5831 2922 5899 Septembri
2953 5833 3078 5888 anni
3120 5832 3321 5886 Christi
3357 5830 3488 5886 1303
