4194 6444
732 408 840 472 859

1611 409 1675 469 Ρ.
1720 407 2023 468 POSSINI
2067 404 2724 466 OBSERVATIONUM
2785 403 2933 466 LIB.
2962 404 3085 461 Ill.

3867 398 3981 463 860

668 511 675 515 ’
736 518 954 581 resiliit,
983 518 1360 585 insignire,ttt
1391 516 1601 587 opinor,
1635 518 1822 571 volens
1870 532 2054 573 verum
2090 517 2299 570 initium
2338 524 2377 575 Α
2406 516 2476 570 26
2512 516 2707 581 Martii,
2748 513 3040 567 Satibatum
3094 509 3291 565 Lazari
3335 511 3638 579 pridianam
3687 509 3986 565 Dominirze

735 608 863 663 belli
899 610 1213 671 Catelanici.
1245 610 1388 677 quod
1429 610 1474 664 si
1526 610 1649 677 quis
1680 620 1828 662 recte
1857 609 2182 670 consideret,
2232 621 2297 659 ex

735 705 839 759 hoc
875 712 1117 768 tempOre
1167 702 1452 769 processit.
1500 696 1619 755 Etsi
1652 703 1793 754 enim
1862 702 2036 755 adhuc
2068 702 2304 753 Ronlze-

742 804 852 848 rius
884 803 938 847 et
970 794 1089 861 ejus
1123 796 1320 848 milites
1360 808 1420 848 se
1465 778 1852 863 stipendiarios
1901 792 2110 860 imperii
2159 792 2304 844 fere-

740 888 1093 948 haut,-tamen
1142 900 1248 945 non
1291 885 1453 953 dubie
1498 894 1739 952 apertam
1773 882 2132 937 defectionem
2185 898 2303 935 ma.

738 976 1120 1038 chiuahantur,
1157 960 1312 1047 cujus
1351 986 1498 1029 certa
1535 978 1725 1030 indicia
1751 976 2072 1030 chuenses
2105 975 2304 1041 degen-

737 1067 1052 1119 tcS-Galatse
1105 1073 1183 1120 An
1212 1071 1414 1137 ironico
1450 1068 1779 1128 detulerunt,
1839 1079 1895 1121 nt
1936 1077 2116 1120 noster
2145 1066 2309 1118 reb-rt

742 1158 777 1213 Ι.
813 1176 882 1224 νι,
908 1176 965 1213 c.
1002 1162 1034 1212 6
1066 1172 1115 1211 et
1148 1160 1219 1225 9;
1250 1170 1312 1213 ct
1335 1177 1468 1217 sane
1500 1176 1586 1215 res
1623 1161 1673 1215 id
1728 1163 1856 1227 ipsa!
1884 1162 2304 1228 loquebantur:

743 1268 868 1305 nam
904 1270 972 1306 cx
1012 1254 1111 1306 hoc
1153 1256 1451 1321 praesertim
1487 1266 1736 1322 tempore
1778 1253 1982 1307 relicta:
2028 1268 2308 1322 Oppugna-

746 1345 907 1397 tiouis
948 1346 1232 1413 Magnesiae
1271 1347 1400 1399 nihil
1444 1348 1622 1402 minus
1666 1347 2021 1401 contumacize
2052 1347 2104 1398 in
2139 1348 2311 1411 impe‘

744 1443 1000 1495 rami-cm,
1042 1437 1258 1488 sazvitiaa
1290 1437 1340 1488 in
1375 1434 1647 1489 Romanos
1677 1450 1865 1490 omnes
1890 1435 2134 1489 Catelani
2164 1449 2312 1486 mon-

745 1536 988 1577 strat-unt
1021 1542 1181 1593 quam
1221 1526 1319 1592 ipsi
1349 1528 1532 1581 hostes
1569 1528 1741 1581 Persa:
1767 1528 2007 1582 barbari.
2036 1531 2110 1579 At:
2142 1541 2312 1593 quan-

747 1631 907 1682 quam
952 1633 1045 1670 eos
1102 1619 1440 1670 Andronicus
1488 1628 1725 1673 tracmre
1791 1619 1969 1671 adhuc
2024 1629 2077 1670 ut
2135 1618 2314 1671 socios

749 1711 1021 1777 pergebat,
1051 1710 1244 1776 ignavo
1269 1711 1593 1763 constrictus
1625 1722 1790 1771 metu,
1819 1723 1995 1764 tamen
2032 1711 2169 1764 alter
2197 1709 2315 1762 im-

748 1810 967 1867 perator
994 1800 1217 1853 Michael
1248 1816 1343 1869 pro
1377 1804 1516 1855 veris
1549 1817 1663 1865 eos,
1698 1802 1888 1869 quales
1918 1809 2099 1864 erant,
2134 1801 2310 1865 palam

749 1893 936 1944 [tabuit
973 1894 1241 1956 hostibus,
1276 1894 1571 1961 adjuugcre
1633 1895 1752 1946 illos
1807 1893 1907 1945 sibi
1960 1907 2196 1945 rcnuens
2222 1891 2315 1959 ju-

749 1982 910 2037 bcnte
949 1982 1071 2035 licet
1098 1994 1271 2049 patre,
1304 2000 1350 2038 et
1388 1984 1595 2038 irruere
1633 1986 1685 2036 in
1716 1987 1859 2052 ipsos
1884 1999 1939 2037 se
1977 1992 2217 2050 paratum
2242 1980 2316 2035 l'u-

749 2088 895 2129 rens.
931 2084 986 2125 ιιι
1015 2074 1171 2127 docet
1208 2087 1388 2129 noster
1413 2078 1447 2129 Ι.
1479 2092 1553 2137 Vt,
1581 2091 1629 2129 c.
1658 2077 1691 2129 '5
1719 2087 1772 2126 et
1804 2075 1884 2129 13.
1975 2116 1981 2122 .
2126 2104 2127 2107 η
2178 2134 2179 2137 η

825 2157 959 2211 Vill.
993 2156 1190 2213 Verum
1228 2162 1443 2227 quidem
1492 2173 1575 2216 est
1617 2165 1730 2231 geri
1777 2174 2013 2230 cceptum
2044 2179 2074 2216 a
2105 2162 2317 2216 Catela-

751 2247 839 2303 nis
867 2249 917 2301 in
953 2249 1224 2305 ltoutanos
1250 2253 1421 2307 multo
1453 2257 1693 2322 apertius
1715 2267 1772 2308 et
1800 2255 2089 2309 immanius
2120 2255 2315 2308 bellum

754 2349 874 2407 post
904 2356 1090 2393 net-em
1133 2343 1428 2407 ltoutzcrii,
1457 2360 1579 2410 quae
1607 2363 1747 2398 anno
1777 2346 2021 2414 sequenti
2065 2346 2315 2414 Contigit.

756 2433 862 2486 Sed
894 2433 1018 2487 inde
1055 2422 1200 2488 aliud
1237 2451 1337 2488 non
1377 2439 1663 2491 conficitur
1688 2439 1791 2493 nisi
1835 2440 1940 2493 duo
1972 2439 2127 2507 quasi
2154 2439 2321 2492 fuisse

755 2526 906 2579 initia
924 2525 1221 2579 Catelanici
1244 2526 1637 2595 tit-ili,quorum
1663 2529 1888 2582 alterum
1909 2530 1974 2583 ad
2001 2542 2317 2583 autumnum

756 2620 883 2672 anni
924 2620 1123 2673 Christi
1160 2620 1318 2682 1306,
1379 2621 1607 2673 alterum
1643 2625 1709 2674 ad
1746 2637 1840 2675 ver
1869 2622 1995 2676 anni
2034 2623 2170 2675 1507
2203 2637 2323 2691 per-
2357 2623 2359 2625 ’

760 2711 918 2765 tinet.
973 2711 1126 2767 Unde
1168 2712 1438 2765 credimus
1488 2712 1870 2783 Paehymerem
1918 2729 2042 2768 cum
2084 2715 2324 2767 secundo

761 2803 1047 2857 referendo
1094 2820 1154 2858 se
1194 2805 1524 2872 accingeret,
1595 2805 1649 2858 in
1707 2806 1822 2874 ipso
1863 2804 2049 2857 limine
2090 2805 2213 2858 libri
2252 2820 2322 2858 vn

760 2896 960 2964 prioris
1010 2898 1271 2963 epocham
1322 2912 1386 2949 ex
1441 2909 1588 2949 retro
1625 2898 1764 2951 actis
1821 2900 2136 2962 retraxisse,
2165 2897 2327 2964 eique

763 2990 1038 3042 mentione
1068 2990 1418 3057 conjunxisse
1451 2999 1645 3043 eventa
1702 2990 1890 3055 multa,
1920 2984 2152 3058 quorum
2181 3005 2327 3057 quae-

760 3080 884 3134 dam
925 3082 1240 3149 pOSIeriuris
1273 3090 1427 3132 crant
1456 3069 1754 3147 memoriae,
1789 3092 1844 3135 et
1879 3097 1983 3137 non
2019 3084 2084 3135 ad
2126 3096 2326 3134 aurium

2405 609 2714 660 .Paltnarutn
2734 607 2956 658 omnino
2990 604 3149 658 fuerit
3186 603 3252 657 18
3284 603 3459 656 Martii
3521 603 3658 656 dies.
3724 601 3986 668 Adjungit

2407 700 2491 752 his
2527 710 2712 751 noster
2734 698 3025 750 historicus
3062 710 3114 747 c.
3150 695 3420 762 sequenti,
3477 694 3579 747 hoc
3625 702 3709 745 est
3756 707 3787 758 p
3852 691 3984 754 524,

2404 807 2603 845 novum
2634 790 2909 843 Caesarem
2948 788 3301 841 Rontzerimn
3361 787 3663 838 adeundum
3730 785 3835 839 sibi
3884 800 3988 852 pn-

2401 898 2554 939 tasse
2602 882 2915 935 Michaelem
2976 883 3270 947 Angustum
3326 878 3658 941 J:miorent,_
3690 879 3780 946 qui
3840 876 3986 943 apud

2410 978 2806 1043 Atlrianopolim
2844 984 3018 1027 castra
3057 974 3322 1037 habebat;
3358 974 3795 1040 praemisisseque
3860 972 3988 1024 ideo

2408 1071 2477 1121 ad
2509 1067 2656 1120 illum
2690 1052 2922 1118 Asanem
2959 1065 3144 1117 uxoris
3170 1077 3285 1115 suae
3347 1063 3590 1123 fratrem,
3646 1077 3675 1113 ιι
3744 1077 3850 1126 quo
3908 1063 3987 1111 ait

2415 1160 2645 1227 primum
2678 1156 2937 1208 indicium
2982 1154 3194 1205 venturi
3240 1151 3522 1204 Runtzerii
3586 1151 3853 1206 perlatum
3916 1152 3986 1198 ad

2413 1230 2723 1304 Michaeletn
2743 1248 2827 1300 die
2843 1257 3026 1299 octava
3054 1262 3219 1311 supra
3243 1245 3538 1297 vicesimam
3555 1241 3955 1294 Boedromionis
3971 1280 3984 1300 ,

2419 1340 2821 1409 Βοηδρομιῶνος
2860 1339 3022 1405 ὀγδόη
3050 1339 3310 1404 λήγοντος
3336 1330 3791 1403 ἧνΒοθιιιιαιιιὶοιι
3860 1331 3987 1380 alibi

2414 1451 2673 1503 sempera
2710 1434 3036 1503 Pachymere
3061 1433 3259 1483 dicitur
3290 1430 3490 1497 Aprilis
3523 1429 3741 1482 mensis.
3790 1426 3897 1478 Sed
3923 1439 3992 1476 ne

2417 1530 2502 1582 hic
2551 1530 2621 1579 ita
2664 1527 3008 1593 intelligatur,
3041 1523 3288 1591 prohibet
3345 1521 3483 1588 quod
3536 1536 3598 1586 .p.
3650 1517 3755 1571 525
3808 1516 3985 1575 addit,

2414 1628 2604 1687 quarta
2639 1612 2772 1686 feria
2819 1626 2936 1686 post
2990 1616 3371 1668 hebdomadam
3425 1609 3635 1664 Thomtr
3696 1610 3990 1661 rid-nissum

2418 1713 2581 1779 fuisse
2615 1711 2679 1763 ab
2704 1702 2940 1778 Angusto
2976 1707 3260 1760 Ca’sarem.
3297 1702 3605 1756 Hebdomns
3665 1702 3879 1754 “minae.
3910 1707 3993 1751 est

2418 1805 2560 1870 apud
2590 1802 2804 1857 Graecos
2838 1804 2953 1854 sine
2978 1801 3085 1852 ullo
3115 1798 3283 1852 dubio
3311 1812 3372 1850 ea
3404 1809 3525 1861 qure
3558 1794 3805 1858 sequitur
3833 1797 3990 1841 octa-

2398 1897 2539 1947 vam
2563 1894 2782 1946 Pasclue
2814 1907 2840 1943 a
2868 1890 3020 1944 nobis
3041 1890 3235 1942 dictam
3264 1889 3319 1939 in
3343 1887 3474 1938 albis
3491 1893 3581 1935 aut
3626 1884 3779 1949 quasi
3805 1881 3992 1938 modo;

2418 1974 2605 2055 inqua
2638 1984 2909 2038 Dominica
2940 1989 3056 2049 post
3095 1978 3299 2033 Pascha
3333 1977 3501 2044 prima
3532 1974 3701 2028 Graeci
3763 1976 3890 2024 item
3933 1981 3996 2025 ut

2418 2078 2617 2141 Latini,
2651 2079 2790 2128 inter
2822 2088 2975 2127 sacra
3000 2072 3231 2124 recitant
3265 2083 3475 2122 comma
3511 2064 3781 2133 Evangelii
3823 2079 3893 2117 ex
3943 2077 3994 2115 c.

2420 2185 2489 2222 xx
2519 2166 2764 2229 Joannis,
2799 2179 2902 2233 quo
2934 2171 3187 2215 narratur
3210 2159 3476 2213 dubitatio
3523 2157 3744 2210 Thomas
3772 2163 3999 2222 aposto-

2424 2263 2455 2316 li
2476 2262 2543 2315 tle
2566 2256 2965 2312 resurrectione
2984 2254 3185 2308 Christi
3218 2253 3461 2306 convicta
3493 2259 3787 2315 aurataque
3847 2257 3998 2299 tactu

2422 2365 2700 2405 sacrorum
2732 2345 2850 2415 ejus
2874 2348 3179 2407 vulnerum,
3234 2342 3375 2393 unde
3410 2354 3605 2393 nomen
3641 2335 4002 2390 hebdomadis

2423 2442 2647 2497 Thomte
2672 2438 2941 2504 contiguis
2970 2435 3055 2488 isti
3091 2432 3380 2486 Dominicze
3434 2430 3621 2484 diebus
3648 2443 3749 2478 usu
3776 2425 4001 2479 Graeco-

2426 2549 2543 2588 rum
2569 2531 2817 2586 adhmsit.
2850 2528 3193 2580 Manifestum
3244 2537 3406 2591 porro
3460 2530 3541 2574 est
3599 2516 4000 2573 hebdomadam

2426 2627 2649 2681 Thomas
2683 2623 2776 2677 illo
2806 2636 2969 2679 anno,
3000 2619 3113 2686 qui,
3144 2628 3202 2667 nt
3240 2612 3597 2671 ostendimus,
3652 2607 3862 2659 Pascha
3930 2604 4005 2657 26

2427 2716 2607 2771 Martii
2645 2711 2849 2772 habuit,
2879 2707 3030 2775 sequi
3061 2723 3164 2758 non
3208 2688 3454 2771 potuisse
3500 2700 3640 2750 diem
3677 2697 3748 2750 28
3779 2695 4004 2761 Aprilis.

2429 2807 2535 2860 Sed
2569 2818 2741 2871 neque
2768 2799 3013 2869 Sequenti
3046 2812 3188 2849 anno
3245 2792 3441 2847 Christi
3484 2789 3661 2842 £508:
3726 2801 3854 2840 nam
3903 2785 4009 2838 hoc

2380 2957 2384 2961 θ
2428 2899 2637 2956 Pascha
2668 2898 2721 2949 in
2769 2892 2972 2961 Aprilis
3023 2890 3089 2942 H
3146 2887 3353 2940 incidit.
3412 2883 3587 2951 .lgitur
3636 2878 3784 2937 aliud
3841 2890 4008 2943 quam

2429 2992 2670 3062 Aprilem
2701 2986 2919 3040 nomine
2953 2980 3359 3037 Boedromionis
3416 2978 3517 3027 hoc
3574 2974 3693 3025 loco
3739 2967 4014 3036 expressit

2432 3058 2816 3150 l'acliymeres.
2851 3075 2962 3129 Nec
2986 3081 3070 3126 est
3091 3085 3285 3122 novum
3319 3068 3467 3119 il’um
3493 3064 3706 3116 variare
3730 3061 3782 3111 in
3819 3058 4011 3124 appel-

760 3175 1057 3228 Andronici
1093 3176 1165 3227 23
1218 3175 1515 3242 expletum,
1543 3175 1635 3227 24
1685 3185 2017 3236 currentem,
2052 3172 2400 3229 Michaelisc
2433 3172 2729 3227 latiouibus
2747 3167 3030 3226 mensium,
3062 3170 3245 3228 utpote
3277 3174 3433 3228 quem
3459 3164 3610 3209 certo
3635 3150 4017 3219 deprehende-

764 3267 836 3319 12
867 3268 1166 3334 expletum,
1201 3266 1268 3318 13
1314 3276 1647 3325 currentem,
1676 3265 1764 3332 qui
1800 3265 1900 3317 fuit
1923 3264 2128 3317 Christi
2167 3262 2329 3328 1306,

763 3360 1131 3430 pertinebant,
1160 3359 1252 3411 sed
1288 3360 1352 3410 ad
1387 3365 1708 3425 sequentem
1744 3356 1876 3410 Chr.
1910 3356 2066 3419 1307,
2094 3369 2200 3424 quo
2223 3356 2333 3407 An-

765 3451 1024 3505 dronicus
1049 3450 1139 3512 25,
1192 3449 1421 3503 Michael
1473 3450 1541 3502 14
1582 3450 1867 3503 iniveraut.
1899 3449 2025 3505 llaec
2051 3448 2218 3515 igitur
2248 3461 2335 3502 so-

767 3544 906 3598 lutio
941 3553 1026 3596 est
1053 3543 1376 3609 objectionis
1408 3544 1660 3609 superius
1695 3558 1747 3594 n.
1782 3542 1815 3594 5
1850 3542 2162 3610 propositae.
2195 3539 2337 3593 Con-

768 3638 904 3688 cedo
958 3645 1293 3695 secuturum,
1367 3637 1507 3699 quod
1564 3633 1875 3699 opponitur.
1936 3631 2334 3684 incommodum

770 3726 1131 3780 sulnnotionis
1170 3726 1435 3778 adventus
1469 3726 1519 3775 in
1559 3725 1745 3776 urbem
1779 3722 2057 3777 Rontzerii
2093 3732 2238 3775 retro
2279 3720 2360 3772 in

772 3818 1123 3870 indictionem
1167 3809 1506 3883 prituatn,'si
1548 3812 1831 3867 Michaelis
1866 3813 2095 3881 Augusti
2136 3810 2337 3877 duplex

768 3925 799 3963 a
834 3910 1110 3962 Catelanis
1162 3908 1344 3961 clades
1386 3916 1441 3959 et
1480 3907 1603 3960 inde
1663 3915 1849 3959 secuta
1891 3905 2006 3970 ejus
2042 3906 2182 3957 intra
2246 3901 2338 3956 [li-

771 4002 1135 4071 dymotichnm
1180 4000 1406 4052 iuclusio
1443 3999 1495 4050 in
1528 4014 1725 4051 annum
1750 3998 2045 4052 Andronici
2073 3996 2243 4067 803
2271 3996 2341 4048 25

769 4095 1070 4162 t-xplt-Ium,
1116 4092 1186 4145 ει
1220 4092 1561 4152 inchoatum,
1612 4090 1889 4143 Michaelis
1931 4091 1998 4142 ιιι
2041 4091 2337 4161 evolutum,

775 4186 843 4237 13
872 4184 1065 4237 initum
1100 4183 1437 4239 conveniret.
1468 4180 1615 4250 Nego
1637 4193 1812 4235 autem
1838 4183 1889 4235 id
1909 4183 1983 4236 ita
2005 4196 2147 4243 esse,
2175 4178 2345 4233 et‘aio
2378 4222 2381 4226 .

774 4275 1185 4330 commemorari
1240 4285 1452 4341 tenvpus
1501 4273 1629 4324 illud
1661 4288 1723 4325 ex
1767 4282 2039 4325 transacta
2078 4270 2343 4325 memoria

777 4384 871 4435 per
902 4366 1384 4433 anacephalteosim
1417 4381 1433 4428 ;
1467 4363 1531 4433 [Ρ
1560 4362 1689 4433 58%]
1721 4371 1774 4416 et
1798 4377 1863 4414 ex
1895 4360 2077 4425 multis
2109 4362 2343 4421 eventis,

778 4474 895 4527 quc
932 4457 1092 4511 simul
1131 4457 1202 4510 ihi
1259 4455 1676 4525 conglobantur,
1716 4454 1977 4521 pleraque
2036 4466 2141 4505 non
2200 4452 2344 4503 illius

778 4564 896 4603 esse
920 4549 1069 4610 anui,
1092 4548 1183 4616 qui
1210 4546 1331 4611 fuit,
1356 4558 1413 4599 ut
1434 4560 1575 4613 serie
1597 4544 1802 4597 dictum
1824 4549 1926 4605 est,
1952 4540 2153 4595 Christi
2178 4540 2342 4602 1306,

778 4642 869 4695 sed
901 4640 1181 4708 sequentis
1209 4639 1368 4692 1307.
1410 4638 1562 4690 Nunc
1592 4646 1806 4689 -c:etera
1858 4647 1979 4701 qua:
2018 4632 2084 4686 ad
2111 4630 2345 4686 Rontze-

780 4732 917 4785 rium
948 4730 1224 4799 pertinent
1258 4730 1568 4783 reddamus.

849 4821 940 4875 IX.
974 4821 1118 4875 Satis
1138 4821 1369 4889 diligens
1400 4830 1581 4872 noster
1606 4818 1709 4871 fuit
1742 4817 1795 4869 in
1826 4815 1988 4884 hujus
2014 4825 2069 4870 et
2121 4828 2347 4882 promo-

785 4916 927 4969 tione
964 4915 1018 4969 in
1047 4915 1348 4968 Cesaream
1372 4911 1693 4979 dignitatem
1725 4918 1778 4962 et
1819 4908 1965 4963 caede
2026 4922 2133 4961 non
2183 4905 2352 4959 nmlto

785 5017 901 5076 post
930 5019 1111 5060 secuta
1146 5004 1465 5065 referendis,
1497 5000 1766 5070 adjunctis
1794 5000 1952 5051 etiam
1980 5000 2118 5051 notis
2153 5009 2358 5062 tempo-

789 5100 882 5162 ris,
921 5098 1014 5151 sed
1037 5112 1263 5163 quarum
1293 5096 1473 5164 aliqua
1505 5096 1842 5147 subobscura
1860 5101 1969 5146 est.
2032 5091 2223 5144 Tradit
2249 5088 2357 5142 Pa-

786 5190 1064 5258 chymeres
1110 5202 1162 5255 p.
1194 5185 1318 5245 522,
1343 5183 1692 5237 Buntzerium
1721 5185 1786 5238 ad
1821 5200 1880 5239 se
1910 5185 2073 5237 missa
2126 5184 2194 5236 ab
2246 5183 2358 5235 An-

785 5280 1011 5333 drouico
1042 5278 1300 5332 Caesarea:
1333 5276 1609 5343 dignitatis
1637 5275 1867 5341 insignia
1908 5274 2143 5330 induisse
2170 5286 2233 5325 ac
2257 5272 2359 5324 rite

785 5371 1146 5425 acclamatum
1171 5368 1437 5423 Caesarem
1465 5367 1637 5420 fuisse
1657 5367 1741 5420 die
1764 5384 1871 5436 qua
1901 5365 2097 5419 Lazari
2130 5379 2361 5416 resurre-

790 5463 891 5515 ctio
922 5462 1296 5513 celebrabatur.
1334 5457 1430 5511 Hic
1453 5457 1569 5511 dies
1602 5458 1652 5509 iu
1683 5456 2017 5511 Kalendario
2045 5452 2358 5509 Griecorum

791 5551 1184 5606 estSubhutttut
1218 5551 1466 5618 contigue
1518 5550 1822 5617 pnecedeus
1851 5546 2183 5600 Dominicam
2246 5541 2364 5595 Pal-

801 5662 1029 5698 tnarum.
1064 5644 1228 5697 l'orro
1258 5658 1380 5695 cum
1412 5641 1501 5695 illo
1524 5655 1666 5695 anno
1686 5638 1819 5695 Chr.
1852 5636 1990 5693 1307
2016 5634 2229 5705 cyclum
2278 5646 2368 5686 so-

799 5740 864 5797 lis
894 5736 986 5795 ‘28.
1017 5736 1153 5788 luna:
1181 5735 1247 5787 15
1275 5742 1614 5796 numerante,
1643 5730 1919 5786 Dominica
1956 5723 2369 5782 resurrectionis

800 5829 1042 5899 septiduo
1098 5827 1270 5881 serior
1314 5825 1589 5881 Dotninica
1660 5822 1963 5876 Pahuarum
2016 5816 2263 5874 inciderit
2316 5814 2370 5868 in

2438 3265 2610 3319 rimus
2636 3257 2979 3318 Januarinm,
3012 3268 3170 3322 quem
3202 3250 3339 3303 solet
3376 3262 3567 3300 vocare
3592 3243 4013 3321 Hecatonrbteo-

2436 3346 2574 3416 nent,
2604 3348 2895 3419 aliquando
2923 3345 3225 3398 Lenwonem
3260 3338 3579 3408 appellasse,
3613 3344 3662 3385 et
3683 3334 4013 3397 Augustum,

2437 3447 2522 3502 cui
2546 3444 2827 3499 consuevit
2866 3436 3181 3493 Posideunis
3212 3430 3696 3487 nomenclationem
3729 3425 4014 3497 adoptare.

2439 3535 2603 3590 semel
2624 3535 2933 3601 designasse
2966 3518 3226 3581 vocabulo
3250 3517 3714 3577 Mwmacterianis,
3750 3529 3856 3581 quo
3887 3512 4018 3564 alibi

2417 3632 2524 3679 .est
2582 3624 2775 3678 solitus
2818 3612 3038 3673 Juniutu
3090 3615 3414 3684 exprimere.
3477 3608 3662 3675 Itaque
3706 3603 4022 3657 necessario

2443 3713 2846 3784 intelligendum
2874 3698 3306 3763 Boedromionem
3341 3715 3485 3756 nunc
3519 3696 3835 3765 Pachymeri
3873 3691 4025 3747 Mar-

2445 3809 2575 3863 tium
2600 3804 2725 3860 dici.
2756 3784 2939 3870 Cujus
2956 3801 3041 3873 die
3058 3798 3149 3859 28,
3180 3796 3332 3849 tertia
3356 3804 3475 3861 post
3494 3790 3698 3843 Pascha
3725 3786 3885 3849 feria,
3910 3800 4029 3837 tuo-

2444 3901 2589 3954 nitus
2616 3898 2681 3949 de
2737 3891 3019 3949 Rontzerii‘
3052 3890 3286 3942 adventu
3331 3883 3590 3942 Michael,
3624 3879 3710 3932 tibi
3760 3893 3890 3931 eum
3966 3892 4027 3928 se

2444 3988 2705 4044 benevole
2731 3993 3078 4052 excepturum
3102 3980 3456 4037 declarasset,
3665 3971 3809 4023 dedit
3844 3983 3905 4023 se
3934 3970 4029 4025 hic

2446 4081 2499 4132 in
2535 4080 2699 4138 viam,
2722 4085 2774 4130 et
2802 4089 2946 4129 nono
2972 4070 3051 4127 abi
3068 4066 3168 4123 hcc
3197 4070 3306 4128 die,
3345 4067 3477 4120 feria
3506 4074 3696 4132 quarta
3726 4061 4029 4114 hebdoma-

2447 4171 2526 4224 (ιω
2556 4169 2799 4228 ῚῚιοιιιω,
2832 4166 3019 4233 primte
3056 4171 3178 4229 post
3221 4156 3558 4213 l‘aschalem,
3597 4153 3870 4204 admissus
3916 4160 4027 4202 est.

2447 4258 2572 4315 Fuit
2601 4275 2661 4311 ea
2692 4256 2807 4310 dies
2840 4254 3042 4324 Aprilis
3076 4252 3285 4321 quinta.
3318 4248 3477 4301 Sexta
3508 4240 3810 4310 insequenti
3838 4240 4033 4295 Caesar

2452 4350 2779 4404 Bonlzerius
2815 4360 2920 4399 una
2970 4359 3098 4396 cum
3151 4341 3396 4409 Augusto
3438 4335 3695 4389 Michaele
3738 4334 3791 4384 in
3828 4335 4032 4384 urbem

2451 4440 2856 4507 Adrianopolim
2882 4435 3108 4490 solemni
3132 4448 3361 4487 occursu
3381 4429 3729 4482 invehuntur.
3756 4424 3866 4477 Sed
3899 4440 4035 4492 pau-

2451 4532 2500 4586 lo
2528 4540 2648 4600 post
2679 4530 2820 4581 idem
2850 4528 3034 4582 Caesar
3087 4524 3140 4577 in
3199 4523 3390 4576 limine
3455 4517 3689 4573 cubiculi
3746 4518 4032 4582 Augustae.

2449 4637 2606 4686 quam
2632 4619 2926 4674 salutatqu
2958 4616 3090 4679 ibat,
3124 4613 3195 4674 ab
3222 4611 3406 4665 Alanis
3441 4624 3626 4662 necem
3691 4606 3783 4658 filii
3827 4606 4034 4674 Georgi

2448 4710 2630 4782 Cyzici
2654 4725 2682 4760 a
2705 4706 2980 4761 Catelanis
3001 4714 3264 4773 patratam
3295 4697 3684 4753 ulciscentibns
3708 4694 4038 4748 interfectus

2450 4813 2555 4865 est,
2584 4807 2739 4868 prout
2768 4796 2805 4850 1.
2836 4795 2891 4860 6,
2923 4810 2973 4848 c.
3005 4794 3098 4853 24,
3127 4789 3440 4844 distinctius
3475 4798 3750 4838 narratur.

2913 4907 3001 4977 te.
3030 4905 3133 4960 583
3138 4904 3156 4975 ι
3185 4899 3417 4957 CAPUT
3462 4896 3573 4952 vn.

2458 5026 2587 5090 Qua
2607 5022 2951 5092 Pachymeres
2991 5019 3046 5092 iu
3099 5025 3321 5092 utraque
3384 5021 3550 5090 parte.
3588 5008 3747 5092 (τιμία,
3775 5008 4039 5092 ’ζῇπορω

2529 5073 2777 5162 aperitin:
2798 5091 2961 5144 tradit
2998 5088 3061 5139 de
3088 5073 3247 5162 rebus.
3301 5095 3346 5135 et
3380 5073 3702 5162 principibus
3764 5073 4043 5162 Mttgulio-

2532 5150 2670 5225 titm,
2699 5178 2762 5215 ea:
2795 5157 3142 5213 monumentis
3211 5152 3451 5206 Arabicis
3500 5150 3798 5213 illustrula,
3851 5150 4043 5197 ordine

2533 5246 2821 5302 temporum
2850 5231 3178 5296 digeruntur.

2536 5353 2580 5404 1.
2615 5346 2972 5417 Muguliorum
3007 5340 3210 5409 imperii
3245 5338 3350 5390 late
3374 5351 3475 5403 per
3514 5335 3696 5387 Asiam
3762 5330 3830 5383 ab
3896 5344 4045 5380 anno

2462 5443 2667 5500 Christi
2710 5441 2928 5492 circiter
2957 5432 3330 5487 dttcentesimo
3358 5443 3518 5494 Supra
3572 5424 3916 5479 millesimum
3973 5420 4044 5471 ad

2469 5534 2816 5592 millesimum
2873 5526 3309 5581 trecentesimum
3360 5518 3832 5588 quadragesimum
3886 5511 4048 5573 clari,

2470 5629 2565 5685 sed
2591 5623 2735 5696 quod
2760 5622 2882 5691 jure
2910 5618 3148 5672 nonnulli
3179 5615 3351 5683 questi
3384 5622 3545 5675 sunt,
3575 5608 3776 5661 Grmcis
3802 5604 4051 5657 Latinis-

2471 5737 2577 5792 que
2598 5717 2955 5788 scriptorihus
2979 5712 3138 5764 nimis
3170 5705 3535 5779 perfunctorie
3596 5700 3905 5758 memorati,
3940 5708 4048 5747 non

2476 5812 2632 5868 facile
2665 5808 2951 5880 quisquam
2993 5803 3130 5857 alius
3185 5802 3374 5854 hormu
3438 5809 3736 5861 temporum
3776 5799 3902 5842 nota
3957 5799 4053 5853 per
