4194 6444
724 429 832 489 εηπ

1598 437 1662 498 Ρ.
1716 434 2018 495 POSSINI
2045 431 2708 492 OBSEIWATIUNUM
2749 433 2899 493 LlB.
2940 433 3059 492 ΙῐΙ.

3871 432 3995 493 8114

719 560 943 598 tit-amns
982 558 1255 604 auctores.
1312 549 1551 605 Joannes
1608 553 1674 606 de
1712 553 1974 609 Vitriaco.
2034 550 2294 607 Sautttus,
2330 553 2371 604 Α
2404 546 2526 600 talis
2548 548 2711 612 Asiae,
2738 551 2956 603 nomine
2982 550 3174 603 Chatai
3204 550 3605 617 significarunt.
3642 548 3805 602 Docet
3839 549 3993 601 enim

719 632 775 686 S.
813 633 1141 698 Antoninus,
1174 636 1496 702 Nauclerus,
1532 640 1795 704 Blondus,
1829 640 2079 695 Ait-uilius
2114 648 2168 692 et
2203 638 2295 691 alii

722 738 933 775 summa
980 730 1269 781 concordia
1327 745 1633 785 memorant
1681 744 1827 784 antno
1872 731 2073 785 Christi
2136 728 2295 789 12l9,

723 814 888 868 Nonis
916 819 1252 884 Novembris,
1280 835 1398 892 post
1425 839 1637 878 menses
1662 826 1964 879 octodecim
1997 824 2299 878 obsidionis

721 918 933 973 captam
970 910 1137 967 fuisse
1193 913 1494 969 Datniatam
1530 918 1595 970 ab
1638 918 1883 972 exercitu
1921 934 2082 971 cruce
2118 921 2299 980 stima-

724 1006 944 1059 torn-tn;
1005 1003 1248 1055 eamdem
1319 1015 1497 1060 autent
1571 1009 1770 1061 sultani
1839 1008 2100 1073 redditam
2159 1020 2301 1059 anno

725 1087 888 1150 1⁸221,
922 1090 1008 1141 die
1050 1094 1214 1146 natali
1252 1095 1311 1146 Β.
1340 1095 1580 1166 Virginis
1618 1100 1795 1152 Mariae
1824 1110 2020 1152 octavo
2052 1100 2300 1167 Septem-

725 1177 856 1229 bris.
907 1178 1065 1234 Vides
1115 1200 1272 1250 quant
1298 1199 1488 1240 exacte
1520 1199 1730 1255 tempus
1758 1193 1992 1244 detentae
2033 1208 2060 1245 a
2091 1191 2302 1245 Latinis

729 1266 983 1323 Damiatte
1012 1276 1235 1328 deliniat
1271 1278 1710 1349 Abttlpharagios
1736 1299 1880 1335 anno
1910 1301 2015 1337 uno
2044 1297 2093 1339 et
2131 1290 2301 1341 unde-

727 1356 830 1408 cint
861 1365 1157 1420 mensibus.
1179 1368 1328 1421 Nunc
1350 1373 1731 1438 inquirendum
1757 1393 1822 1428 an
1844 1378 1960 1445 pari
1983 1379 2084 1431 ﬁde
2112 1380 2134 1432 Γ
2166 1384 2301 1433 riam

728 1462 979 1513 quat-tant
1017 1465 1069 1507 et
1102 1458 1167 1509 19
1204 1464 1409 1514 mensis
1444 1464 1631 1519 Raiehi
1660 1469 1798 1520 diem
1840 1470 1924 1522 isti
1968 1473 2303 1527 restitutioni

731 1542 989 1608 assignet.
1025 1547 1123 1599 Hic
1171 1549 1274 1603 6l8
1308 1551 1519 1622 ilcgirte
1553 1574 1727 1610 annus
1760 1559 2090 1615 Multarrami
2145 1565 2301 1631 primi

731 1638 814 1691 sui
873 1641 1073 1693 Iliensis
1136 1641 1426 1706 Kalendas,
1467 1658 1523 1700 ttt
1570 1651 1700 1707 dixi.
1758 1653 1945 1707 habuit
1996 1662 2183 1711 eodem
2220 1660 2307 1713 die

732 1733 856 1782 anni
892 1731 1093 1786 Juliani
1122 1752 1244 1789 tera:
1273 1739 1476 1794 Christi
1536 1744 1662 1796 1221
1700 1748 1789 1812 qui
1822 1748 2119 1803 vicesimus
2151 1753 2310 1821 quin-

736 1832 820 1874 tus
843 1821 1121 1879 Februarii
1175 1838 1489 1885 numeratus
1532 1844 1635 1888 est.
1681 1837 1814 1891 lliuc
1864 1851 2009 1904 patt-t
2042 1842 2307 1897 Kalendas

736 1911 947 1981 liaiehi,
1006 1921 1242 1989 septimi,
1309 1934 1365 1975 ut
1417 1928 1745 1991 monuimus,
1780 1932 2015 1983 Arabum
2060 1934 2143 2004 [P.
2177 1936 2302 2006 585i}

737 2014 963 2069 mensis.
1024 2015 1075 2065 iu
1132 2013 1273 2067 diem
1325 2018 1551 2082 Augusti
1591 2020 1902 2073 vicesimum
1943 2027 2174 2091 primum
2219 2016 2306 2078 illi)

735 2119 880 2157 anno
913 2106 1186 2159 incidisse.
1223 2107 1297 2159 Ex
1327 2108 1412 2161 die
1443 2111 1582 2177 Aug.
1623 2111 1682 2163 2|
1723 2115 1765 2165 si
1798 2119 2163 2170 noveuntecim
2193 2119 2308 2179 dit-3

740 2211 1011 2258 numeres,
1070 2200 1353 2265 pervenies
1408 2203 1473 2254 ad
1530 2215 1778 2257 octavum
1842 2209 2199 2273 Septembris.
2236 2216 2310 2271 De

736 2300 842 2353 quo
879 2288 922 2340 si
957 2290 1109 2372 velis.
1127 2290 1270 2345 scire
1301 2304 1463 2361 quota
1497 2297 1627 2347 feria
1667 2295 1857 2361 fuerit,
1894 2318 2074 2368 quaere
2109 2318 2308 2372 quotus

759 2351 766 2353 .
1319 2351 1329 2361 .
1846 2351 1856 2361 ν
1904 2351 1960 2368 Ἰν
1996 2351 2030 2354 η
2113 2351 2308 2372 Ἰ““’“““ν

740 2378 841 2430 isto
869 2395 1011 2432 anno
1042 2351 1361 2451 nitnteratus
1391 2386 1553 2439 fuerit
1581 2389 1766 2456 cycl-ts
1800 2395 1950 2463 solis.
1984 2394 2103 2461 Fuit
2135 2416 2309 2452 annus

736 2466 939 2523 Christi
982 2470 1107 2525 1221
1152 2478 1355 2541 periodi
1382 2478 1611 2532 Juliattte
1639 2482 1799 2537 5954,
1844 2484 2054 2538 Divisns
2096 2490 2180 2541 hic
2212 2508 2310 2542 ttu-

738 2574 919 2613 mcrus
978 2578 1073 2631 per
1130 2564 1201 2618 28
1247 2568 1485 2635 reliquos
1542 2573 1670 2626 facit
1718 2575 1807 2636 26,
1836 2579 1947 2644 qui
1984 2578 2081 2631 fuit
2126 2583 2310 2650 cyclns

737 2650 869 2703 solis
910 2653 1071 2717 hujus
1119 2658 1267 2708 anni.
1303 2659 1466 2726 Cyclo
1496 2672 1695 2717 "autem
1740 2666 1872 2720 solis
1926 2668 1996 2720 ‘26
2051 2675 2311 2739 competit

740 2741 916 2794 littera
948 2742 1303 2805 Domiuit-alis
1339 2752 1401 2816 C,
1441 2750 1559 2821 qute
1608 2772 1745 2811 cum.
1781 2760 1833 2827 in
1863 2758 2079 2816 Jttiiatto
2110 2762 2310 2818 Kalen-

739 2831 892 2887 dario
929 2840 1254 2908 respondeat
1286 2845 1390 2897 diei
1437 2848 1639 2912 quintae
1687 2850 2043 2918 Septembris,
2076 2858 2316 2910 ostendit

742 2923 886 2977 iilatn
932 2942 997 2981 eo
1060 2943 1201 2985 anno
1254 2936 1423 2990 fuisse
1477 2941 1707 3005 primam
1761 2920 1973 3010 feriam,
2011 2962 2074 3011 ac
2108 2966 2312 3005 conse-

742 3031 971 3084 quenter
995 3023 1136 3076 dicru
1177 3039 1422 3082 oetavam
1471 3034 1954 3095 ejusdent'mensis
1999 3041 2137 3094 diem
2171 3043 2313 3097 Mcr-

742 3109 902 3171 utrli,
939 3121 995 3162 ut
1026 3113 1458 3186 Abulpharagius
1488 3132 1655 3186 notat,
1686 3124 1801 3178 sive
1826 3125 2011 3181 feriam
2041 3144 2313 3199 quartam,

746 3203 1056 3255 necessario
1086 3221 1206 3258 esse
1230 3207 1501 3264 debuiSse.

821 3292 882 3347 V.
918 3296 1071 3348 Anno
1111 3295 1317 3361 “('tlii‘ﬂf
1345 3300 1469 3360 6'25,
1528 3304 1683 3370 cujus
1712 3305 2021 3362 Mttharram
2055 3309 2253 3379 incepit
2285 3328 2316 3367 a

747 3387 837 3440 die
865 3388 934 3440 22
970 3389 1278 3445 Decembris
1314 3396 1439 3445 anni
1492 3396 1693 3450 Christi
1751 3400 1909 3465 1226,
1955 3413 2201 3457 mortuus
2238 3416 2320 3458 est

748 3478 1147 3547 Gingizchanes
1170 3484 1379 3549 primus
1417 3486 1713 3554 imperator
1744 3490 2129 3557 Mogulensium
2167 3496 2253 3549 die
2288 3498 2321 3550 4

756 3572 958 3624 mensis
1014 3570 1308 3627 Ramadaui
1342 3615 1356 3638 ,
1408 3579 1531 3631 noni
1587 3581 1777 3634 ordine
1857 3583 1909 3635 in
1968 3586 2130 3654 807
2182 3603 2322 3641 anno

756 3665 1010 3717 Arabico.
1039 3664 1233 3717 Incidit
1263 3681 1322 3718 ea
1358 3684 1502 3722 mors
1531 3672 1582 3723 itt
1620 3687 1938 3727 autumnum
1971 3681 2093 3730 anni
2121 3680 2320 3733 Christi

756 3755 918 3811 1227.
944 3757 1102 3810 Addit
1134 3760 1570 3830 Abulpharagius
1603 3766 1899 3833 imperasse
1932 3770 2075 3822 illum
2105 3772 2325 3855 cirqiter

757 3850 1214 3920 vigintiquinque
1270 3856 1465 3919 annis;
1520 3858 1664 3923 quod
1693 3874 1878 3912 verum
1924 3874 2031 3920 cst.
2089 3850 2234 3926 cum,
2270 3873 2326 3918 ut

757 3943 1031 4007 vidimus,
1090 3947 1358 4012 imperare
1413 3950 1639 4013 coeperit
1693 3967 1836 4003 anno
1877 3953 2076 4006 Christi
2145 3956 2324 4019 1202,

760 4033 971 4101 ilegirm
1002 4035 1123 4089 599.
1149 4038 1304 4089 Anno
1336 4038 1459 4091 inde
1495 4038 1704 4108 llegirte
1752 4042 1874 4106 696,
1921 4044 2071 4109 cujus
2114 4046 2327 4100 Multar-

758 4143 872 4179 ratu
912 4127 1106 4194 incepit
1140 4144 1169 4180 a
1204 4129 1291 4180 die
1317 4130 1385 4182 50
1412 4129 1732 4185 Novembris
1773 4136 1898 4189 anni
1929 4138 2127 4191 Christi
2166 4140 2323 4201 1228,
2370 4120 2385 4141 γ’

755 4220 1103 4285 congregatis
1138 4220 1374 4272 comitiis
1419 4223 1685 4276 universa:
1728 4226 1912 4291 gentis
1956 4226 2234 4299 Mngnlicte
2260 4247 2327 4284 ex

761 4318 1089 4361 testamento
1148 4309 1532 4378 Gingizcbanis
1591 4320 1827 4389 creatus~
1892 4307 1972 4370 est
2014 4312 2371 4389 'itnperator'

759 4401 916 4467 Ugtai
955 4401 1141 4453 tertius
1168 4399 1286 4467 ejus
1316 4401 1475 4462 ﬁlius,
1515 4404 1611 4471 qui
1658 4420 1765 4470 prae
1798 4409 2187 4477 modestiarp‘er
2213 4414 2331 4467 dies

758 4493 1108 4559 quadraginta
1145 4508 1422 4552 recusans,
1457 4495 1597 4560 quod
1650 4511 1777 4548 suos
1803 4509 2025 4565 patruos
2065 4492 2157 4555 aut
2217 4482 2332 4558 fra-

2406 640 2495 694 ltic
2562 641 2997 709 Abulpharagins
3070 642 3233 694 Altun
3303 640 3466 695 .Chnu
3529 656 3592 695 ea
3670 650 3996 707 tempestate

2404 730 2646 784 Cathaite
2689 748 2867 801 regem
2907 732 2959 786 in
3018 733 3153 787 urbe
3201 749 3293 785 sua
3345 734 3602 801 primaria
3652 731 3796 785 Nam
3834 732 3997 793 ϐίης,

2405 827 2519 877 sive
2563 835 2620 877 ut
2659 828 2817 891 vulgo
2867 827 2955 879 alii
3008 828 3275 891 scribunt,
3308 827 3606 893 Namquin,
3640 837 3997 894 exspectasse

2403 932 2720 970 successum
2770 918 3087 984 irruptionis
3141 918 3304 984 hujus
3355 919 3676 975 'l‘artaricte.
3724 920 3895 970 misso
3924 916 3994 970 ad

2404 1008 2665 1061 arcendos
2693 1010 2891 1062 iluibus
2920 1009 3263 1076 Mogttlenses
3290 1023 3509 1064 centum
3548 1002 3779 1062 ιιιίΙΙῘιιιιῗ
3803 1008 3997 1061 fortis-

2406 1103 2672 1155 simorum
2758 1104 2987 1157 militum
3042 1104 3309 1159 exercitu.
3373 1104 3479 1156 Sed
3550 1106 3649 1157 bas
3714 1104 3901 1165 copias
3958 1118 3991 1154 a

2411 1195 2617 1258 Kaaue,
2661 1185 3141 1249 mtinerosissimas
3183 1212 3278 1262 per
3324 1211 3382 1249 se
3422 1196 3681 1249 ductante
3716 1195 3997 1261 Mognlen-

2408 1286 2545 1337 sinm
2602 1285 2865 1355 legiones,
2908 1287 3296 1343 cruentissimo
3346 1286 3512 1338 fuisst-
3544 1289 3727 1352 prndio
3762 1288 3990 1345 deletas,

2408 1376 2511 1427 alia
2574 1376 2730 1443 longe
2788 1392 3054 1444 sperans,
3115 1378 3555 1444 itmpiualissime
3616 1378 3775 1429 Alton
3839 1379 3994 1429 Chao

2409 1470 2640 1531 audivit,
2674 1469 2801 1522 inde
2831 1471 2966 1522 adeo
2995 1480 3385 1523 consternatus
3428 1479 3487 1522 ιιι
3534 1469 3673 1521 ﬁlios
3702 1482 3755 1521 et
3796 1486 3997 1522 uxores

2410 1562 2463 1612 in
2525 1577 2619 1613 suo
2659 1576 2839 1614 sertum
2892 1562 3095 1627 palatio
3129 1563 3452 1623 inceu‘lerit,
3492 1578 3557 1613 ne
3591 1562 3743 1613 vivus
3786 1562 3839 1613 in
3881 1561 3995 1614 Μι-

2413 1651 2715 1720 gulensiutn
2742 1668 2932 1706 manus
2964 1655 3170 1706 veniret
3198 1670 3211 1717 ;
3246 1654 3334 1721 qui
3370 1653 3527 1719 paulo
3557 1665 3673 1719 post
3710 1656 3999 1706 venientes

2412 1754 2464 1798 et
2496 1741 2860 1813 Namquinum
2892 1755 2946 1799 et
2978 1756 3205 1799 caeteras
3239 1748 3505 1798 maximas
3552 1745 3794 1798 Calitaite
3826 1747 3997 1799 urbes

2414 1840 2517 1893 sibi
2551 1839 2913 1904 subjecernnt.
2968 1841 3319 1895 Notissimum
3377 1857 3538 1909 porro
3590 1850 3672 1895 est
3724 1841 4002 1909 Natnqni-

2416 1948 2545 1985 num
2581 1918 2779 1987 nomen
2808 1950 2930 1987 esse
2954 1934 3179 2013 alterius
3210 1936 3356 1987 urbis
3383 1935 3542 2004 regite
3577 1934 3789 1994 imperii
3827 1933 4002 1986 Sina-

2413 2040 2553 2089 rum,
2588 2040 2746 2091 quam
2801 2037 2911 2079 tum
2952 2027 3120 2079 fuisse
3165 2037 3403 2097 captam,
3434 2043 3460 2078 a
3519 2025 3759 2079 Tartaris
3818 2026 3997 2079 \"iiel’i

2411 2118 2735 2171 incredibile
2797 2134 2900 2169 non
2981 2120 3181 2179 debet,
3249 2135 3370 2172 cn-tt
3424 2118 3534 2171 hac
3592 2131 3774 2171 nostra
3839 2128 4000 2171 male

2412 2209 2641 2261 similem
2670 2210 3023 2277 irruptionetn
3056 2208 3391 2263 Tartaricam
3421 2211 3470 2273 in
3506 2210 3737 2263 Sineuse
3772 2226 3999 2278 regnum

2413 2300 2708 2367 contigisse
2761 2301 3081 2353 certissimis
3136 2302 3339 2353 nuntiis
3394 2302 3857 2369 cognoverimus;
3896 2317 4000 2367 qua

2412 2393 2575 2445 etiam
2636 2392 2747 2443 hrcc
2802 2392 2992 2444 eadem
3071 2391 3497 2460 Namqttiueusis
3572 2395 3767 2445 civitas
3837 2406 3998 2461 eapta

2414 2494 2465 2536 et
2519 2493 2724 2537 vastata
2786 2482 2952 2535 inisse
3008 2482 3397 2535 dissertissitne
3455 2485 3706 2545 traditur,
3760 2485 4005 2551 itemque

2415 2577 2583 2628 altera
2623 2576 2949 2643 Pequinum,
3001 2577 3088 2627 ubi
3143 2578 3515 2640 deprehensus
3549 2575 3864 2627 Sinensium
3905 2592 3997 2628 rex

2416 2680 2520 2716 non
2571 2666 2751 2716 minus
2806 2666 3012 2733 tragico
3045 2680 3204 2731 quam
3257 2678 3384 2717 tunc
3442 2667 3601 2717 Altun
3638 2666 3791 2717 Chan
3846 2667 4001 2718 exitu

2417 2755 2847 2822 desperationem
2886 2756 3144 2809 ostendit.
3176 2754 3309 2807 Nam
3342 2770 3408 2806 ue
3440 2756 3731 2808 victoribus
3765 2757 3934 2809 ludibt
3952 2757 4006 2811 io

2414 2858 2583 2908 esset,
2641 2847 2809 2899 nubili
2870 2848 3018 2914 prius
3056 2848 3161 2899 tilia
3215 2848 3567 2907 obtruncata,
3622 2865 3746 2902 sese
3793 2850 3909 2916 ipse
3938 2865 4009 2902 ex

2418 2939 2616 2991 arbore
2652 2938 2955 3004 suspendit,
2994 2954 3136 2990 anno
3178 2940 3377 2992 Christi
3421 2939 3576 2999 1041,
3621 2951 3676 2991 111
3716 2941 3914 3007 legitur
3954 2939 4009 2990 in

2419 3028 2647 3081 historia
2674 3026 2889 3080 Martini
2926 3028 3162 3081 Martiuii
3207 3030 3377 3082 nostri
3425 3030 3582 3081 testis
3625 3043 3760 3097 pene
3805 3032 4009 3082 oculati

2421 3121 2523 3173 hac
2550 3123 2615 3171 de
2649 3134 2706 3172 re
2759 3120 2931 3182 edita,
2958 3135 3079 3187 quae
3149 3130 3198 3172 et
3246 3121 3436 3172 eadem
3469 3137 3531 3171 es
3567 3121 3683 3184 ejus
3713 3136 3809 3174 ore
3858 3132 3914 3174 et
3950 3121 4010 3174 l'.

2342 3240 2389 3301 Ο
2425 3209 2699 3262 Michaelis
2752 3207 2939 3278 Boymi
2976 3210 3105 3287 item
3147 3210 3340 3271 nostri,
3390 3210 3477 3260 hic
3530 3208 3712 3261 Roma-
3744 3210 3872 3261 dum
3899 3212 4014 3262 visa

2429 3300 2696 3353 referrent
2747 3298 3076 3354 audivimus.
3117 3300 3220 3352 Sed
3254 3311 3305 3351 et
3356 3298 3636 3351 Cathaiant
3696 3316 3803 3353 non
3865 3301 4014 3353 aliud

2424 3408 2543 3446 esse
2576 3410 2739 3459 quam
2772 3393 2981 3453 Siutftn,
3011 3392 3209 3444 missus
3239 3392 3353 3444 Coa
3389 3408 3478 3444 an.
3509 3391 3712 3444 Chriin
3754 3392 3914 3455 1603,
3948 3393 4018 3446 16

2410 3482 2666 3537 Januarii
2729 3483 3053 3537 Benedictus
3106 3482 3251 3536 Goez
3300 3496 3484 3535 noster
3545 3486 3774 3536 adhoc
3837 3486 4017 3552 ipsum

2424 3574 3039 3647 exploratodutu,trienui
3066 3571 3500 3643 peregrinatiOne
3525 3564 3828 3629 clarissiuie
3845 3576 4022 3646 808

2429 3668 2807 3733 deprehendit,
2856 3669 2906 3718 itt
2936 3667 3123 3718 urbem
3161 3668 3409 3720 Sinensis
3445 3670 3595 3734 regni
3632 3666 3870 3720 Suceunt
3916 3674 4019 3720 sub

2432 3758 2591 3811 linem
2649 3752 2795 3810 anui
2836 3759 3039 3811 Christi
3088 3759 3225 3811 1605
3278 3761 3624 3827 perveniens.
3686 3760 3932 3825 Denique
3967 3762 4019 3814 id

2429 3848 2608 3913 ipsum
2640 3849 2840 3901 diserte
2886 3850 3327 3916 Abulpharagius
3359 3850 3490 3901 alibi
3540 3860 3795 3912 testatur,
3823 3866 4024 3918 nempe

2431 3955 2484 4007 p.
2514 3940 2611 3991 551
2685 3941 2844 4009 hujus
2882 3942 3054 4007 ipsius
3090 3941 3170 3992 sui
3202 3942 3481 3996 Chronici.

2505 4032 2593 4102 Vl.
2640 4031 2735 4086 llic
2778 4030 3271 4105 ‘ctetera'breviter
3327 4032 3554 4085 secundi
3614 4033 4021 4100 Mogulensium

2433 4126 2773 4195 imperatoris
2792 4135 2908 4177 acta
2929 4123 3014 4194 [P.
3037 4122 3164 4194 586]
3188 4125 3490 4185 reddemus,
3506 4140 3570 4176 eo
3590 4125 3850 4178 libentius
3870 4126 4015 4192 quod

2431 4238 2550 4303 qulte
2585 4224 2773 4273 horum
2826 4219 3070 4287 proxime
3114 4216 3445 4279 occurrunt,
3487 4216 3823 4271 illustrandae
3891 4220 4025 4271 huic

2434 4327 2631 4367 uostrm
2667 4312 3107 4381 Pachymeriante
3135 4309 3385 4381 llistorite
3436 4325 3541 4361 non
3586 4325 3771 4376 parum
3802 4323 4027 4362 accom-

2436 4413 2649 4461 mndata
2697 4396 3195 4467 deprehenduntur.
3243 4384 3543 4454 “eversum
3581 4416 3611 4452 e
3669 4400 3891 4452 Sinensi
3927 4416 4028 4452 ex-

2437 4501 2708 4567 peditione
2758 4497 2994 4550 Kiattettt
3062 4494 3497 4562 Abulpharagius
3546 4502 3807 4545 memorat
3881 4491 4028 4571 βαιιι

760 4594 870 4635 tres
902 4594 1027 4635 natu
1064 4585 1298 4648 majores
1320 4587 1686 4652 praeferendos
1719 4589 1820 4642 sibi
1855 4592 2080 4653 diceret,
2116 4599 2329 4650 tandem
2366 4618 2409 4671 ι)
2442 4594 2554 4645 sive
2610 4591 2799 4649 Batuo.
2837 4587 3006 4641 Tnsbi
3055 4586 3233 4639 fratris
3268 4587 3351 4637 sui
3404 4595 3534 4637 natu
3598 4585 3818 4661 maximi
3855 4600 4032 4650 nuper

761 4690 1026 4727 consensu
1058 4676 1253 4741 victus,
1291 4677 1357 4730 ab
1394 4675 1623 4732 litacina
1654 4680 1845 4747 patruo
1877 4670 1941 4736 et.
1963 4686 2129 4752 logtai
2165 4686 2333 4743 fratre

765 4767 967 4833 majore
1001 4769 1253 4821 collocari
1286 4786 1343 4822 se
1381 4771 1430 4822 itt
1466 4768 1663 4843 t-Itrono
1694 4788 1890 4839 passus
1921 4791 2218 4845 cognomen
2267 4784 2332 4833 ab

766 4861 952 4913 iisdem
992 4860 1298 4927 impositum
1327 4860 1483 4915 Koan
1510 4864 1742 4930 accepit.
1777 4866 1930 4923 Anno
1965 4868 2173 4935 ilcgirte
2202 4871 2327 4937 627,

766 4953 917 5020 cujus
964 4951 1213 5004 Kaletttlae
1248 4955 1578 5007 Mnharrami
1633 4969 1901 5023 occultant
1940 4961 2082 5014 diem
2145 4964 2335 5017 vicesi-

766 5061 910 5096 mum
957 5043 1277 5099 Novembris
1324 5044 1523 5097 Juliani
1576 5063 1721 5099 anno
1766 5064 1886 5103 tera:
1934 5050 2135 5107 Christi
2172 5055 2335 5118 1229,

769 5136 1171 5203 expeditionem
1207 5132 1443 5207 suscepit
1493 5143 2019 5211 novusitnperator
2057 5143 2339 5211 Mogulen-

767 5228 903 5278 sitim
936 5223 1085 5277 Kaan
1122 5213 1390 5294 in'regetn
1426 5227 1696 5282 Cathaite.
1746 5229 1970 5282 Cathaia
2010 5246 2173 5297 porro
2211 5233 2338 5299 qttid

769 5319 955 5382 fuerit,
1009 5321 1096 5386 qui
1148 5336 1211 5373 ex
1266 5322 1366 5373 hoc
1414 5319 1628 5375 discere
1678 5313 1903 5375 auctore
1939 5323 2131 5374 idoneo
2179 5326 2342 5377 malet

771 5425 933 5477 quam
965 5426 995 5464 e
1044 5411 1339 5479 nugambns
1395 5413 1607 5466 fabellis
1642 5415 1954 5468 institorum
1997 5416 2338 5473 illudentittut

772 5504 1076 5558 credulitati
1131 5504 1293 5572 vulgi,
1346 5521 1452 5558 non
1482 5506 1749 5559 dubitabit
1815 5508 2049 5576 amplius
2086 5510 2214 5577 quin
2261 5509 2346 5560 Si-

771 5612 939 5650 nense
977 5612 1218 5665 regnum.
1256 5596 1412 5651 hodie
1465 5598 1515 5650 in
1564 5597 1774 5666 Europa
1816 5600 2158 5653 notissinutm
2190 5600 2343 5652 navi-

770 5684 1078 5753 gationibus
1113 5682 1519 5751 Lusitanorum,
1582 5686 1633 5739 id
1668 5688 1842 5755 ipsum
1884 5705 2069 5741 revera
2108 5688 2183 5745 sit
2219 5706 2341 5742 cum

772 5794 836 5829 eo
870 5777 1013 5845 quod
1044 5776 1202 5828 Aiton
1243 5780 1535 5839 Armentis,
1562 5776 1758 5831 Paulus
1792 5777 2053 5844 Venetus,
2086 5787 2139 5833 et
2170 5781 2210 5834 si
2251 5781 2341 5849 qui

774 5869 861 5922 alii
894 5868 1186 5937 scriptorcs
1240 5885 1415 5922 rerum
1474 5869 1743 5924 interioris
1788 5883 1838 5925 ct
1880 5872 2108 5926 Intuitur:
2138 5874 2329 5927 Oricu-

2440 4686 2634 4737 mortui
2670 4684 2801 4746 ﬁlio,
2852 4694 3173 4734 numerosas
3217 4689 3271 4730 et
3299 4678 3505 4729 validas
3544 4677 3756 4728 dedisse
3805 4678 4027 4743 copias,

2438 4793 2561 4830 cum
2596 4778 2854 4829 mandato
2887 4775 3285 4841 expeditionem
3326 4770 3652 4835 suscipiendi
3716 4770 3768 4820 itt
3815 4780 4034 4823 tractus

2388 4904 2391 4907 -
2439 4868 2891 4933 septentrionales
2918 4876 2971 4918 et
3004 4865 3326 4929 subjugandi
3359 4860 3725 4921 Sclavmtiam,
3751 4860 4035 4918 Alaniam,

2442 4959 2712 5017 llussiam,
2750 4955 3075 5023 Ilulgariam.
3112 4951 3268 5005 litscc
3318 4953 3703 5017 obtemperans
3758 4951 4036 5002 tnandatis

2442 5050 2640 5100 Batuns
2668 5050 2910 5114 ingentes
2940 5045 3245 5097 mortalium
3284 5053 3493 5103 strages
3521 5041 3727 5092 edidit:
3768 5056 3920 5101 nam,
3979 5052 4039 5091 ιιι

2442 5144 2513 5196 ibi
2558 5144 2632 5195 ait
2678 5142 3130 5206 Abnhtharagins,
3170 5152 3291 5189 cum
3350 5133 3500 5186 Kaan
3560 5132 4039 5200 proﬁciscentibus

2445 5238 2509 5286 ad
2546 5236 2646 5287 hoc
2684 5232 2878 5287 ιιι-1111111
2906 5230 3170 5283 militibus
3197 5227 3458 5279 edixisset
3486 5235 3540 5276 ut
3578 5225 3859 5277 hominum
3896 5240 4040 5288 quos

2443 5327 2669 5395 quisque
2728 5324 2999 5375 occideret
3054 5335 3241 5376 aurem
3294 5320 3591 5381 devteram,
3654 5317 3720 5368 ad
3771 5316 4039 5368 indicium

2449 5417 2681 5477 numeri,
2747 5415 2974 5467 recisam
3015 5427 3045 5464 e
3103 5410 3366 5462 cadavere
3407 5424 3591 5462 secum
3641 5406 3907 5464 aufert-et.
3944 5408 4042 5472 qui

2448 5511 2602 5561 ferali
2637 5508 2760 5559 huic
2794 5505 2978 5558 censui
3018 5503 3273 5557 habendo
3313 5501 3547 5569 praefecti
3587 5508 3764 5558 erant,
3805 5498 4045 5551 ducenta

2448 5600 2787 5667 septuaginta
2848 5596 3124 5649 hominum
3186 5593 3349 5645 millia
3406 5591 3629 5643 totidem
3669 5588 4045 5641 exhibitamm

2449 5692 2764 5743 dextrarum
2831 5685 3199 5738 auricularum
3269 5692 3591 5750 argumento
3656 5692 4051 5746 compererunt

2453 5782 2569 5835 neci
2623 5779 2819 5833 tradita
2855 5778 3044 5830 luisse.
3123 5774 3288 5827 Addit
3337 5774 3511 5825 Arabs
3544 5770 3935 5838 chronologos,
3991 5784 4053 5824 re

2462 5877 2597 5929 bene
2624 5872 2676 5925 itt
2716 5870 3001 5924 Sclatouia
3032 5875 3204 5933 gesta,
3236 5864 3537 5921 decrevisse
3590 5863 3812 5916 Batuum
3844 5862 4053 5916 adoriri
