4194 6444
743 364 846 428 867

1705 360 1767 423 P.
1814 360 2107 423 l‘OSSlNI
2154 361 2792 422 OBSERVATIONUM
2847 364 2989 424 LIB.
3035 366 3142 424 [ΙΙ.

3916 370 4015 433 8‘58

745 486 838 528 aut
867 475 1391 543 negligentibusram
1424 490 1533 528 rem
1571 475 1700 538 illis,
1732 484 1826 526 aut
1855 488 1960 525 non
1990 471 2325 528 suﬂicieutes
2350 471 2399 528 Α
2428 470 2480 522 itt
2515 469 2652 523 solio
2702 471 3037 526 solemnibus
3077 473 3417 525 creremoniis
3465 473 3761 525 collocatus
3790 484 3894 527 est.
3936 476 4018 527 ln-

745 567 931 620 rehelli
968 568 1232 619 domando
1263 568 1450 635 cupias
1478 578 1665 619 contra
1704 564 1905 630 Nogam
1957 565 2327 627 mittentibus;

748 660 887 711 unde
924 659 1067 710 illum
1105 660 1156 710 in
1192 659 1495 728 principatu:
1529 658 1751 726 perfidia
1783 657 2012 727 qmesito
2069 657 2328 709 corrobo-

747 751 858 803 rari
899 750 1185 819 cou'igcrit
1213 749 1513 816 ﬂoremque
1546 751 1818 818 potentia;
1852 764 1959 817 qua
2005 758 2183 801 motus
2234 745 2328 800 Mi-

746 842 898 894 chael
934 842 1262 907 l‘alzrologus
1288 859 1361 895 rei
1385 855 1603 909 uperata
1628 840 2098 910 Constantinopoli
2158 851 2326 894 totum

745 932 1022 987 Orientale
1078 934 1360 1001 imperium
1418 934 1694 993 obtinens.
1753 933 1873 996 ejus
1930 933 2223 987 amicitiam
2277 943 2331 986 et

745 1023 1226 1078 aﬂinitateuinltro
1289 1027 1563 1087 ambierit,
1621 1025 1743 1078 data
1798 1024 1955 1087 Nogze
2008 1026 2061 1079 in
2106 1041 2326 1079 uxorem

745 1120 961 1187 propria
1005 1120 1110 1170 lilia
1149 1118 1520 1187 Euphrosyne,
1573 1130 1731 1186 prout
1761 1118 1877 1172 fuse
1909 1127 2094 1172 narrat
2148 1128 2330 1172 noster

744 1226 794 1261 c.
835 1210 888 1273 4,
923 1210 956 1262 l.
988 1223 1017 1257 v
1047 1209 1216 1275 partis
1253 1209 1467 1275 prioris.
1501 1208 1589 1260 tibi
1620 1208 1969 1274 possessione
1995 1207 2245 1260 diuturna
2273 1218 2329 1262 et

742 1304 931 1354 crebra
965 1304 1320 1367 prosperitate
1345 1315 1717 1364 snecessuum,
1757 1302 1952 1366 partim
2022 1300 2077 1353 in
2106 1302 2328 1353 eluden-

742 1390 825 1441 tlis
862 1402 977 1442 arte
1006 1405 1067 1442 ac
1103 1391 1245 1455 dolo,
1281 1390 1474 1455 partim
1508 1389 1561 1441 in
1598 1391 1644 1438 vi
1679 1388 2011 1457 repellendis
2041 1390 2327 1445 conatibus

741 1483 1085 1534 dominorum
1121 1496 1360 1534 veterutn
1415 1481 1700 1544 fugitivum
1752 1482 2139 1549 repetentium,
2199 1498 2326 1533 sen-

740 1575 841 1627 sim
881 1575 1047 1627 fuisse
1075 1577 1453 1628 cenlirmatant
1486 1573 1649 1641 Nogae
1683 1574 1985 1643 dynastiam
2021 1572 2324 1644 Pacbyme-

740 1681 830 1719 res
862 1668 1120 1719 insinuat.
1162 1665 1317 1719 Unde
1343 1683 1447 1719 non
1516 1668 1813 1733 incongrue
1865 1667 2129 1734 suspicari
2178 1666 2322 1728 licet,

741 1757 809 1809 ab
827 1773 966 1809 anno
1004 1758 1234 1810 maxime
1257 1759 1455 1810 Christi
1488 1757 1646 1823 1250,
1677 1773 1785 1825 quo
1820 1757 2047 1820 Batuus,
2083 1766 2141 1810 ut
2200 1772 2318 1810 mox

741 1852 1001 1915 tliremus,
1038 1852 1606 1925 negotiismajoribus
1636 1851 1943 1920 reipublicae
1977 1849 2251 1920 Mogulicze
2287 1867 2315 1903 a

740 1959 870 1998 cura
897 1945 1333 2009 septentrionalis
1352 1945 1541 1997 limitis
1578 1955 1836 1997 avni-atus
1862 1945 1911 1995 in
1938 1945 2152 2014 longum
2186 1955 2321 1997 tem-

740 2050 838 2103 pu»
868 2046 974 2097 est,
1014 2039 1241 2103 i-(episso
1267 2037 1463 2103 Nogam
1498 2051 1583 2088 res
1608 2035 1717 2087 illic
1751 2051 1875 2086 suas
1896 2050 2056 2103 agere
2086 2051 2102 2096 ς
2137 2048 2319 2100 perse-

738 2141 1066 2192 verasscque
1102 2129 1397 2180 crescendo
1420 2142 1657 2194 semper,
1696 2141 1977 2192 quousque
2029 2125 2314 2180 duodecim

737 2228 859 2285 post
905 2219 1084 2280 anuis,
1115 2235 1255 2269 anno
1278 2220 1483 2271 si-ilict-t
1506 2218 1710 2270 Christi
1734 2218 1955 2270 circiter
1987 2218 2144 2282 1252,
2192 2235 2314 2274 eum

739 2310 897 2362 talem
935 2311 1225 2377 imperator
1258 2310 1485 2362 Michael
1523 2309 1852 2375 judicaverit
1881 2309 2035 2378 cujus
2083 2312 2317 2365 aﬂinitas

740 2400 950 2459 intima,
983 2415 1087 2464 qua
1138 2409 1262 2451 tunc
1304 2413 1423 2449 eum
1457 2399 1557 2449 sibi
1594 2413 1849 2464 generum
1887 2398 2090 2453 faciens
2129 2402 2317 2455 admo-
2353 2422 2356 2427 ’

740 2493 834 2550 vit.
888 2503 942 2544 et
1005 2490 1196 2544 honori
1257 2502 1304 2542 et
1338 2490 1587 2557 praesidio
1616 2492 1776 2544 rebus
1829 2491 1942 2545 suis
1964 2492 2142 2547 futura
2167 2495 2317 2547 vide-

738 2596 910 2636 I'Cllll'.
1177 2594 1181 2599 ’
1374 2620 1375 2623 π
2162 2634 2163 2637 η
2193 2639 2196 2643 ,

809 2675 894 2748 [Ρ.
929 2674 1055 2746 588]
1073 2674 1207 2729 Vlll.
1230 2676 1386 2728 Anno
1405 2675 1612 2741 Hegira:
1635 2675 1761 2731 617.
1787 2675 1942 2739 cuius
1969 2676 2175 2741 primus
2200 2675 2316 2729 dies

741 2769 839 2823 fttit
857 2779 1041 2821 sextus
1065 2768 1309 2821 decimus
1330 2768 1527 2832 Aprilis
1547 2766 1745 2821 Juliaui
1773 2781 1917 2818 anno
1931 2766 2135 2820 Christi
2152 2767 2312 2831 lim.

739 2871 950 2913 mortua
977 2860 1209 2928 prinmm
1242 2858 1513 2911 anacina
1539 2869 1710 2911 matre
1730 2860 2084 2912 dilectissima
2104 2858 2317 2928 Cayue-

737 2952 959 3013 Clianis,
992 2952 1105 3019 ipse
1132 2966 1239 3017 pra:
1272 2951 1461 3005 dolore
1515 2950 1690 3003 locmn
1743 2959 1961 3002 mutans
2009 2950 2059 3001 in
2123 2950 2314 3003 itinere

737 3058 929 3097 versus
977 3052 1157 3111 partes
1187 3042 1497 3095 Orientales
1557 3041 1669 3093 fato
1737 3040 1955 3093 functus
2022 3049 2128 3101 est.
2172 3055 2312 3093 nono

2435 562 2576 624 cepit
2611 560 2654 615 is
2704 576 2878 613 annus
2925 564 3191 616 Arabicus
3246 579 3273 615 a
3316 565 3405 616 die
3428 564 3498 617 ‘26
3530 565 3704 617 Martii
3734 566 3939 619 Juliani
3968 570 4017 620 in

2434 668 2577 705 anno
2631 653 2830 706 Christi.
2888 655 3047 709 1231.
3082 655 3233 710 Unde
3267 657 3617 724 intelligimus
3643 661 3882 724 anSpicia
3920 662 4020 710 im-

2434 747 2566 813 perii
2630 745 2913 800 biuitkstkai
2947 748 3168 812 Kaanis,
3229 749 3333 803 diei
3376 766 3520 802 nono
3562 752 3744 804 liabiaa
3788 754 4017 818 prioris,
4098 790 4099 793 η

2434 850 2489 891 ιιι
2530 841 2727 894 diserte
2749 843 2945 895 asserit
2978 842 3437 909 Abulpbaragius,
3472 843 3871 904 alium-exacte
3891 860 4016 912 pro-

2432 928 2625 981 cedere
2671 947 2696 979 ει
2748 928 3003 982 Kalendis
3050 931 3195 985 Junii
3229 930 3426 984 Juliani
3467 949 3610 987 anno
3646 934 3848 986 Christi
3900 952 4018 987 me-

2434 1030 2642 1074 morato
2676 1020 2831 1073 1251.
2865 1019 3090 1075 Videtur
3117 1023 3204 1074 bic
3232 1022 3567 1076 Munkakaus
3600 1023 3748 1077 Kaan
3779 1026 4013 1093 aliquid,

2430 1112 2573 1179 quod
2606 1113 2900 1166 observare
2945 1126 3129 1165 nostra
3165 1114 3414 1178 interest,
3460 1118 3668 1182 primus
3718 1117 4017 1170 iunovasse

2430 1203 2483 1255 in
2527 1205 2791 1272 regimine
2833 1206 3065 1272 imperii.
3112 1207 3319 1260 Ascivit
3346 1208 3489 1261 enim
3521 1208 3624 1262 sibi
3654 1209 3817 1262 veluti
3848 1210 4015 1262 colli--

2430 1311 2523 1360 (με
2574 1311 2604 1349 e
2640 1300 2751 1349 suis
2791 1296 3050 1351 fratribus
3100 1306 3308 1366 septem
3363 1301 3497 1353 duos
3554 1312 3681 1352 natu
3740 1304 4015 1355 maximos

2432 1384 2599 1437 Kobla
2628 1400 2680 1438 et
2706 1386 2913 1439 Ilulacu
2935 1405 2951 1449 ;
2977 1401 3203 1454 quorum
3232 1389 3462 1453 priorem
3490 1389 3539 1440 iit
3566 1391 3780 1442 ultimos
3814 1389 4015 1444 Orien-

2431 1480 2497 1531 tis
2533 1482 2685 1541 tines,
2734 1479 3020 1532 Cattiaiam
3075 1481 3327 1535 videlicet
3366 1493 3420 1533 et
3476 1480 3735 1535 Sinenscs
3788 1484 4016 1550 provin-

2428 1570 2539 1620 cias
2566 1568 2712 1620 misit
2740 1569 2938 1621 tucnrlo
2960 1569 3065 1623 illic
3085 1569 3414 1638 Mogulensis
3441 1571 3649 1639 imperii
3673 1571 3858 1632 litniti,
3877 1576 4015 1625 alte-

2404 1676 2545 1716 rum
2584 1659 2792 1713 Hulacu
2830 1666 3173 1717 moderandis
3206 1663 3459 1719 Occitluis
3494 1667 3756 1719 tractibus
3792 1666 4012 1734 imperii

2426 1755 2688 1819 ejusdem,
2738 1754 2838 1806 hoc
2891 1765 2976 1808 est
3035 1757 3340 1822 regionibus
3394 1756 3651 1823 Persidis,
3699 1757 4014 1828 Babylonia:

2429 1856 2482 1899 et
2512 1846 2631 1898 aliis
2691 1848 2934 1899 Romano
2979 1848 3207 1916 imperio
3261 1849 3585 1910 confinibus,
3647 1850 3890 1917 pradecit
3921 1865 4015 1903 su-

2428 1954 2612 2006 prema
2647 1950 2936 2004 potesmte,
2994 1958 3154 2010 quam
3191 1944 3373 1997 multis
3402 1945 3559 1997 annis
3585 1943 3692 1995 illic
3722 1945 4009 2005 exercuit;

2429 2033 2567 2084 unde
2607 2048 2633 2083 a
2667 2032 3003 2102 Paebymere
3055 2037 3156 2088 vol.
3192 2035 3232 2101 Ι,
3274 2054 3324 2103 p.
3359 2038 3481 2100 ίτι,
3544 2037 3759 2090 Χὰλαοῦ
3794 2038 4010 2091 Clmlau

2427 2124 2572 2189 (nam
2594 2127 2660 2176 ita
2691 2125 2901 2178 Hulacu
2939 2129 3255 2180 vocabulum
3288 2127 3579 2197 deformat)
3614 2132 3799 2197 ἅρχων
3832 2128 4013 2196 Toxi-

2429 2230 2537 2282 ρων
2568 2217 2809 2283 princeps
2847 2217 3209 2270 Tac/imorum
3238 2220 3482 2273 absolute
3507 2222 3704 2273 dicitur
3731 2236 3745 2282 ;
3775 2232 3832 2272 et
3861 2219 4009 2288 apud

2426 2306 2905 2376 Abnlpharagitttn,
2927 2326 2979 2376 p.
3006 2309 3133 2374 537,
3157 2310 3449 2364 cousdiarii
3480 2313 3719 2380 Caliplne
3746 2312 4007 2379 Bagladi,

2424 2400 2492 2451 de
2528 2401 2686 2451 modo
2711 2403 2997 2455 resistendi
3026 2404 3198 2471 copiis
3251 2404 3558 2470 ingentibus
3606 2419 3740 2469 quas
3793 2404 4007 2456 Iluluru

2400 2483 2680 2537 'ductabat
2710 2488 3097 2553 deliberantes,
3137 2507 3256 2541 cum
3298 2506 3467 2559 regem
3498 2503 3872 2558 prwpotentcm
3909 2508 4008 2547 vo-

2423 2586 2568 2631 cant.
2604 2577 2829 2632 Videtur
2863 2583 2927 2632 ad
2960 2583 3009 2634 id
3035 2584 3320 2637 consilium
3354 2587 3618 2653 partiendi
3654 2602 3773 2639 cum
3811 2586 4004 2641 fratri-

2424 2670 2525 2723 bus
2580 2672 2789 2739 imperii
2848 2674 3193 2731 Motikakaus
3251 2681 3407 2731 Kaan
3454 2679 3824 2743 descendisse,
3903 2684 4005 2736 do-

2423 2781 2544 2825 ctus
2571 2771 2903 2838 experientia
2934 2785 3097 2837 quam
3126 2778 3273 2824 esset
3299 2769 3507 2824 difﬁcile
3538 2783 3612 2824 tot
3646 2783 3866 2841 tamque
3894 2777 4006 2829 late

2424 2872 2669 2931 patentes
2696 2862 3005 2929 provincias
3045 2878 3214 2915 unum
3255 2877 3459 2930 regere.
3484 2866 3639 2917 Anno
3679 2865 3881 2933 quippe
3916 2882 4005 2921 se-

2420 2958 2599 3008 cundo
2649 2956 2731 3009 sui
2786 2955 3022 3022 imperii,
3075 2956 3283 3023 llegirte
3342 2956 3466 3016 650,
3536 2958 3690 3025 rttjus
3741 2958 4000 3013 Kalendz

2420 3046 2750 3099 Muliarrami
2792 3056 3179 3115 processerunt
3211 3064 3240 3101 a
3267 3047 3356 3101 die
3392 3049 3452 3102 l4
3483 3048 3657 3102 Martii
3690 3048 3890 3105 Juliani
3940 3053 3996 3106 1.1

738 3135 822 3188 die
868 3135 1048 3187 “abite
1072 3135 1290 3203 prioris,
1324 3134 1464 3188 tertii
1503 3133 1709 3186 mensis
1762 3133 1813 3185 in
1864 3148 2008 3185 anno
2053 3133 2311 3193 Arabico.
2340 3163 2386 3225 ρ
2422 3154 2565 3192 anno
2586 3138 2789 3191 Christi
2825 3138 2988 3200 1252,
3015 3139 3061 3191 is
3101 3140 3185 3191 vix
3228 3140 3413 3193 salvus
3443 3140 3705 3210 effugerat
3734 3144 4000 3212 eonjura-
4049 3150 4056 3155 ‘

735 3229 837 3282 hoc
886 3236 969 3282 est
1027 3229 1111 3280 die
1164 3226 1615 3293 quinquagesimo
1690 3226 1919 3291 Septimo
1970 3239 1998 3275 a
2055 3224 2343 3278 Kalendis.

735 3317 1084 3382 Multarrami,
1141 3331 1261 3383 quae
1331 3325 1454 3367 uota
1512 3328 1719 3367 numeri
1749 3312 1889 3366 diem
1950 3310 2093 3365 Junii
2148 3310 2317 3364 unde-

729 3414 929 3465 cimum
965 3409 1229 3475 desrguat.
1263 3405 1517 3457 Turbatis
1566 3418 1632 3456 eo
1696 3403 1974 3470 inopinato
2023 3417 2147 3454 casu
2198 3402 2313 3457 M0-

732 3501 1032 3565 gnlensium
1079 3497 1238 3566 811
1288 3494 1482 3555 rebus,
1525 3500 1633 3546 tota
1686 3507 1817 3544 cura
1854 3492 2063 3559 imperii
2112 3492 2178 3543 ad
2210 3490 2314 3544 Ba-

734 3606 883 3645 tuum
914 3607 944 3645 e
969 3593 1137 3659 stirpe
1189 3586 1584 3654 Gingizcbanis
1620 3596 1748 3636 natu
1807 3584 2105 3636 maximum
2142 3584 2309 3636 devo-

732 3682 839 3735 luta
859 3691 963 3735 est.
995 3680 1046 3734 ls
1074 3695 1167 3748 per
1190 3679 1564 3743 interregnum
1586 3674 1851 3743 regimine
1881 3674 1935 3724 in
1962 3686 2155 3725 manus
2172 3688 2311 3725 sum.

730 3784 821 3840 pto
844 3773 1007 3825 dabat
1035 3784 1252 3838 operam
1271 3764 1670 3833 congregandis
1696 3764 1928 3816 tle-more
1950 3761 2127 3831 gentis
2145 3762 2313 3815 comi-

725 3866 854 3928 tiis;
881 3877 999 3930 quae
1033 3876 1122 3914 res
1143 3861 1212 3911 ob
1240 3859 1555 3911 distantiam
1610 3854 2311 3921 locorum,principumque

725 3952 1110 4017 occupationes
1126 3951 1179 4002 in
1203 3942 1522 4015 provinciis,
1554 3947 1827 4015 longiores
1846 3961 1991 3998 nunc
2010 3945 2171 3998 solito
2193 3961 2309 3997 mo-

729 4064 817 4101 ras
840 4047 1047 4100 habuit.
1070 4044 1123 4096 In
1144 4044 1287 4096 hunc
1315 4043 1568 4095 eumdem
1596 4055 1795 4093 annum
1817 4049 1966 4093 recte
1995 4054 2306 4091 acronsen.

729 4153 889 4193 tanee
910 4136 1247 4191 nostratibus
1265 4134 1623 4198 chrunologis
1644 4132 2305 4198 confertAlmlpbaragius

728 4230 1035 4297 prioremiu
1071 4226 1283 4297 Syriam
1324 4236 1377 4280 et
1403 4224 1690 4294 Aﬂgyptum
1736 4223 2134 4289 expeditionem
2177 4239 2305 4276 sau-

725 4323 797 4375 cti
825 4320 1107 4383 Ludovici,
1138 4334 1300 4387 quem
1335 4332 1469 4369 sono
1504 4319 1655 4369 vocis
1679 4314 1819 4367 fama
1848 4316 2053 4382 iaetata
2106 4318 2156 4367 in
2214 4317 2303 4368 liti-

727 4423 871 4465 ti-ras
899 4412 1160 4465 Arahicas
1186 4410 1438 4477 conjecto
1469 4407 1764 4477 Redefraus
1802 4409 2055 4475 appellat.
2086 4410 2168 4462 Ab
2200 4414 2302 4464 hoc

2423 3232 2621 3283 tionem
2651 3232 2938 3284 adversum
2972 3246 3029 3285 se
3059 3232 3290 3285 validam
3327 3234 3631 3302 principum
3658 3250 3770 3288 sua:
3794 3239 3997 3304 gentis.

2419 3332 2717 3392 postquam
2760 3339 3078 3392 oppressam
3122 3326 3305 3379 statim
3353 3328 3517 3379 refert
3558 3328 4001 3395 Abnlpharagius

2416 3412 2717 3467 destinatos
2753 3414 2820 3466 ab
2862 3428 2928 3467 eo
2964 3412 3195 3467 Koblam
3230 3415 3459 3469 fratrum
3498 3416 3661 3484 812
3693 3418 3999 3471 maximum

2420 3504 2473 3556 in
2512 3517 2693 3571 partes
2731 3503 2970 3558 Cathaire
3004 3516 3055 3558 et
3101 3504 3316 3558 Hulacu
3364 3508 3659 3560 secundum
3688 3508 3755 3560 ab
3784 3509 3911 3571 hoc,
3941 3524 3998 3562 tn

2414 3595 2712 3649 Occidunm
2746 3595 3076 3663 Mogulensis
3105 3598 3319 3666 imperii
3356 3600 3603 3654 limitem.

2487 3687 2577 3741 IX.
2613 3690 2770 3743 Anno
2798 3688 3006 3758 Hegiraa
3036 3689 3165 3750 651,
3198 3692 3355 3758 cujus
3382 3693 3587 3758 primus
3616 3692 3729 3746 dies
3757 3692 3814 3746 in
3844 3708 3994 3749 anno

2412 3778 2629 3833 Juliano
2652 3796 2775 3835 terte
2801 3782 3003 3835 Christi
3036 3781 3176 3836 1255
3205 3794 3286 3836 est
3332 3786 3523 3836 tertius
3551 3786 3750 3838 mensis
3784 3784 3991 3851 Martii,

2410 3874 2703 3942 capessivit
2734 3874 2942 3926 Hulacu
2974 3875 3087 3926 sive
3125 3875 3333 3926 Chalau
3375 3876 3719 3928 commissam
3753 3877 3858 3929 sibi
3888 3894 3991 3931 an-

2413 3982 2481 4016 no
2508 3966 2785 4034 superiore
2804 3964 3175 4032 praefecturam
3203 3967 3597 4033 provinciarum
3622 3967 3988 4021 Occiditarum

2411 4056 2735 4125 Moguleasis
2763 4058 2997 4125 imperii,
3046 4058 3110 4110 ad
3143 4073 3278 4125 quas
3326 4059 3601 4124 ptol’ecnts
3652 4070 3736 4113 est
3780 4061 3990 4114 ducens

2407 4148 2703 4201 exercitum
2734 4148 3235 4201 nuunerosissimum
3266 4159 3431 4218 atque
3456 4149 3835 4204 lectissimum:
3860 4168 3987 4205 nam

2407 4252 2437 4291 e
2467 4238 2696 4305 singulis
2728 4239 3023 4292 decadibus
3056 4239 3292 4292 militum
3323 4244 3457 4292 duos
3503 4241 3681 4309 elegit.
3714 4241 3987 4308 Suppedi-

2410 4330 2541 4381 tavit
2572 4329 2735 4381 ctiam
2767 4330 2816 4382 ei
2846 4328 3187 4385 Munltakans
3214 4330 3367 4384 Kaan
3419 4332 3689 4400 ingentem
3747 4348 3987 4399 appara-

2407 4430 2517 4473 tum
2546 4436 2822 4473 armorum
2855 4431 2908 4473 et
2956 4421 3326 4474 machinarum
3388 4436 3512 4475 cum
3560 4423 3725 4475 fabris
3762 4439 3983 4477 carum.

728 4505 894 4557 refert
923 4511 1130 4569 raptam
1158 4501 1494 4564 Damianum;
1529 4510 1638 4552 tttttt
1670 4510 1864 4550 uetera
1899 4502 1964 4553 de
1999 4501 2295 4555 illtieatlt‘m
2328 4506 2377 4562 Ι)
2406 4513 2565 4566 Duxit
2619 4528 2833 4581 quoque
2893 4527 3074 4566 secum
3133 4512 3343 4565 Hulacu
3403 4514 3572 4567 filium
3622 4529 3777 4567 suum
3854 4529 3983 4571 natu

726 4595 883 4659 plane
906 4592 1339 4659 pariqueordine
1376 4606 1440 4642 ac
1477 4590 1647 4643 nostri
1684 4590 2295 4656 exsequitnrbistorici.

715 4686 857 4749 Qua:
880 4685 1078 4743 obiter,
1105 4686 1169 4734 ad
1192 4682 1472 4748 specimen
1503 4682 1819 4735 verat-iratis
1839 4680 1998 4747 hujus
2015 4683 2295 4746 (lbroniei,

727 4776 859 4827 tanti
910 4775 1011 4826 fuit
1062 4775 1351 4829 indit-asse.
1408 4774 1567 4825 Anno
1628 4775 1822 4826 dehinc
1903 4772 2109 4841 ΙΙι-ςὶιηιδ
2159 4774 2291 4837 648,
2358 4784 2363 4788 ’

710 4868 881 4932 ~t'tijus
944 4866 1193 4921 Kalendae
1255 4865 1586 4917 Mnharrami
1622 4881 1653 4917 a
1706 4866 1793 4917 die
1847 4866 2046 4931 Aprilis
2107 4870 2294 4935 quinta

727 4962 1022 5026 procedunt
1058 4959 1109 5009 in
1152 4973 1294 5010 anno
1338 4972 1461 5009 ωιτη
1492 4958 1731 5024 vulgaris
1777 4958 2101 5011 Christiana:
2141 4960 2293 5021 1250,

700 5052 1065 5117 κοινυιιιιυῇειιιι
1094 5051 1311 5103 biennio
1345 5066 1372 5102 a
1407 5061 1581 5103 morte
1601 5049 2029 5120 Cayuc-Cliauis,
2066 5034 2295 5109 cernens

725 5144 928 5195 Batuus
968 5142 1167 5193 frustra
1224 5156 1282 5195 se
1316 5142 1583 5195 hactenus
1612 5141 1888 5195 laborasse
1924 5144 1978 5193 in
2011 5159 2297 5197 accersen-

721 5236 807 5287 Jis
835 5251 864 5288 e
916 5236 1213 5303 longinquo
1252 5238 1618 5304 cogendisqne
1652 5237 1704 5287 in
1768 5235 2005 5303 legitima
2072 5237 2290 5288 comitia

716 5324 1109 5393 "ﬁngulensium
1144 5327 1501 5395 principibus,
1541 5327 1610 5379 de
1649 5327 1879 5381 consilio
1925 5329 2292 5395 praesentium,

719 5426 773 5469 et
809 5431 1034 5468 assensu
1059 5418 1365 5470 absentium
1400 5434 1495 5488 per
1531 5419 1727 5473 missos
1761 5427 1814 5471 et
1865 5420 2075 5473 litteras
2112 5421 2296 5474 decla‘r

724 5519 861 5570 rato,
930 5507 1289 5561 Munkakaum
1356 5524 1386 5563 e
1423 5510 1813 5577 Gingizchauis
1868 5511 2037 5579 stirpe
2086 5512 2296 5580 magnis

714 5602 942 5655 dotibus
1012 5603 1278 5669 insignem
1335 5604 1435 5657 rite
1504 5605 1889 5671 imperatorem
1953 5605 2293 5670 declaravit,

712 5692 979 5762 adjuncto
1032 5695 1080 5746 ei
1134 5693 1336 5749 Kaanis
1368 5696 1541 5750 titulo.
1577 5695 1763 5765 Neque
1804 5697 1891 5752 hic
1918 5707 2097 5751 tamen
2144 5699 2293 5765 prius

717 5799 878 5853 quam
910 5799 1079 5843 verno
1127 5796 1372 5855 tempore
1407 5789 1533 5844 anui
1571 5791 1869 5858 sequentis,
1930 5788 2134 5859 Hcg’irae
2168 5791 2292 5854 (δάε),

2403 4605 2483 4675 [Ρ.
2517 4604 2641 4673 589]
2664 4607 2954 4658 maximum
2992 4604 3268 4674 (Abalmm,
3302 4605 3474 4673 inquit
3497 4607 3935 4675 Abulpbaragius
3970 4626 3981 4661 :

2400 4709 2479 4750 est
2509 4696 2555 4749 is
2591 4696 2709 4748 sine
2737 4697 2901 4749 dubio
2932 4712 3088 4764 quem
3122 4698 3482 4765 Pacbymeres
3530 4699 3766 4765 Apagam
3799 4700 3982 4768 vocat)

2401 4799 2454 4842 et
2477 4789 2790 4859 primariam
2818 4804 3042 4842 uxorem
3062 4789 3425 4842 Christianam
3448 4789 3713 4842 Dukusum
3734 4794 3979 4847 nomine.

2402 4882 2535 4945 Quae
2564 4891 2758 4933 cuncta
2787 4880 3299 4948 juvatmemorare,
3347 4882 3599 4949 quoniam
3652 4883 3719 4935 iis
3751 4899 3871 4951 qua:
3915 4887 3983 4940 de

2400 4973 2602 5024 Chalan
2654 4971 3013 5040 Pachymeres
3070 4973 3231 5025 tradit
3280 4974 3437 5026 fidem
3491 4984 3759 5028 astruunt.
3804 4978 3983 5034 Annis

2400 5065 2532 5136 lleg.
2561 5065 2664 5118 655
2706 5074 2758 5118 et
2808 5064 2914 5117 6:3"
2960 5072 3208 5118 recenset
3246 5064 3685 5134 Abulpliarag‘us
3728 5074 3981 5129 quaedam

2400 5168 2516 5209 acta
2556 5156 2765 5208 Hulacu
2795 5157 2927 5209 satis
2954 5158 3265 5224 censpieua,
3297 5156 3391 5210 sed
3416 5173 3604 5225 parum
3630 5160 3696 5210 ad
3727 5176 3822 5211 nos
3850 5175 3982 5227 per-

2401 5248 2649 5301 tinentia.
2699 5247 2853 5301 Unde
2902 5247 2969 5299 ad
3019 5260 3219 5299 annum
3265 5249 3392 5317 Heg.
3452 5250 3557 5303 655
3588 5266 3978 5316 promovemus
4032 5250 4059 5279 ⁴“

2399 5338 2624 5404 gradum
2658 5339 2750 5391 :in
2777 5351 2846 5391 eo
2891 5337 3089 5405 quippe
3122 5340 3288 5393 nimis
3328 5341 3490 5392 etiam
3528 5345 3695 5394 multa
3747 5346 3816 5397 ad
3876 5353 3980 5401 nos

2399 5428 2699 5493 Spretantia
2732 5428 3171 5495 Abulpharagius
3222 5443 3506 5486 memorat.
3550 5431 3755 5501 Incepit
3792 5437 3837 5487 is
3863 5452 3978 5487 an—

2400 5530 2500 5570 ntts
2530 5517 2793 5571 Arabicus
2828 5533 2856 5570 a
2886 5519 2973 5571 die
3006 5520 3072 5573 19
3120 5518 3363 5574 Januarii
3422 5528 3548 5574 annl
3615 5526 3747 5579 Chr.
3810 5526 3978 5591 1257,

2399 5611 2540 5663 unde
2569 5620 2714 5664 totus
2739 5610 2854 5665 fere
2885 5624 3006 5665 eum
3036 5614 3135 5664 hoc
3162 5626 3654 5669 commensuratur.
3682 5615 3758 5669 Eo
3781 5634 3861 5675 se:
3879 5621 3982 5676 ibit

2399 5702 2854 5773 Abulpbaragius,
2883 5719 2936 5772 p.
2970 5696 3072 5758 554
3096 5714 3149 5759 et
3179 5706 3461 5775 deinceps,
3495 5720 3783 5775 ingratus:
3807 5710 3985 5766 Theo-

2397 5797 2583 5849 dorum
2614 5798 2983 5864 imperatorem
3023 5795 3329 5855 Grecorum
3354 5802 3406 5854 in
3458 5804 3582 5856 urbe
3617 5801 3801 5867 Nicia;
3847 5806 3982 5857 inlt-
