4194 6444
757 362 859 429 871

1706 363 1768 420 Ρ.
1807 357 2099 418 l'US"'1Nl
2131 357 2784 416 OBSERVA'l'lO-NUM
2832 355 2976 415 LIB.
3027 353 3147 412 IIl.

3887 354 3998 416 872

757 489 918 541 quam
944 471 1156 540 accepit
1181 469 1482 523 ministerio
1510 471 1843 536 patriarcha:
1867 468 2082 520 Arsenii
2115 504 2129 528 ,
2164 474 2321 534 prout
2351 483 2394 526 Α
2427 481 2616 518 manus
2651 477 2780 517 nato
2808 463 3010 515 factum
3038 459 3351 527 AEthiopum
3407 457 3671 510 sultanem
3722 461 3999 528 expulisse

763 558 1019 616 narratur
1049 564 1246 615 ibidem
1295 578 1346 614 c.
1380 562 1446 627 εὶς
1473 563 1914 616 dentottstratnus
1947 569 2125 611 autem
2152 598 2166 622 ,
2195 559 2228 608 1.
2263 572 2322 609 ιιι

757 653 1218 705 Observationum
1247 664 1556 703 nostrarum
1593 653 1658 703 ad
1706 667 1826 704 eum
1882 661 2082 702 tomum
2118 663 2167 701 c.
2216 647 2248 699 4
2271 659 2326 700 et

761 747 874 806 10,
927 759 1044 797 eam
1098 743 1509 796 coronationem
1578 742 1900 794 celebratam
1964 740 2129 793 fuisse
2183 753 2325 791 anno

758 836 958 888 Christi
993 834 1152 896 1261,
1177 835 1278 888 hoc
1299 843 1380 887 est
1409 834 1502 886 illo
1536 834 1652 900 ipso
1688 835 1736 883 in
1774 848 1879 897 quo
1911 847 2052 882 nunc
2081 839 2324 883 versatur

757 926 1207 993 Ahulpharagins,
1245 940 1367 976 eum
1406 937 1694 976 numerans
1731 921 1938 988 lli-giras
1977 921 2099 975 6.39.
2127 921 2325 972 Scribit

764 1017 932 1081 igitur
962 1017 1081 1068 loco
1112 1016 1272 1066 modo
1330 1015 1565 1066 indicato
1631 1014 1991 1081 l'acltynieres
2031 1013 2325 1066 sollicitum

762 1105 1074 1159 Mieltaelem
1105 1107 1171 1157 de
1201 1105 1302 1156 sibi
1335 1104 1666 1157 stabilieudn
1699 1120 1885 1156 recens
1907 1103 2322 1170 parloimperio,

761 1214 896 1264 quos
930 1212 1164 1249 maxime
1189 1206 1435 1264 potentes
1480 1198 1624 1248 circa
1678 1211 1736 1247 se
1769 1196 2043 1262 principes
2068 1197 2278 1248 videbat
2307 1233 2322 1257 ,

759 1293 860 1343 sibi
896 1291 1186 1344 conciliare
1223 1291 1512 1342 studuisse.
1565 1290 1640 1339 Ae
1685 1290 1842 1340 facile
1877 1289 2139 1339 videntem
2189 1287 2326 1338 emi-

762 1392 892 1430 nere
926 1391 1049 1430 tunc
1077 1380 1271 1446 opibus
1317 1380 1454 1429 inter
1498 1378 1758 1430 finitimos
1812 1379 2066 1445 dynastas
2118 1377 2322 1430 Chalau

761 1469 1059 1535 principem
1087 1468 1457 1520 Tocharorum
1483 1506 1496 1527 ,
1525 1469 1624 1520 huc
1655 1478 1734 1519 est
1766 1470 1999 1530 llulacu,
2027 1469 2180 1536 cujus
2203 1483 2323 1520 cre-

763 1563 861 1611 bro
885 1560 1128 1611 meminit
1153 1561 1671 1625 Abutplzaragtusan
1694 1557 1960 1609 sultaneni
1984 1557 2320 1625 xEtbiopnm,

763 1648 1046 1714 utriusque
1100 1650 1326 1716 gratiam
1365 1650 1574 1701 ambire
1622 1649 1814 1700 olliciis
1857 1649 2326 1716 legationibusque

763 1740 1067 1793 ail'ectasse.
1103 1739 1175 1791 Ea
1201 1740 1488 1792 occasione
1523 1741 1587 1791 de
1613 1745 1822 1791 sultane
1851 1737 2164 1806 Aitbiopmu
2215 1757 2326 1790 tue-

768 1842 944 1883 tncrat
977 1873 989 1893 ,
1035 1833 1203 1884 fuisse
1238 1833 1382 1882 illuni
1423 1848 1620 1898 genere
1666 1833 1986 1892 Cumanum,
2017 1847 2134 1898 quae
2182 1836 2326 1900 regio

770 1932 852 1973 est
892 1937 1056 1989 prope
1096 1923 1326 1974 Pontum
1375 1921 1681 1988 Euxinum;
1720 1924 1846 1976 hinc
1894 1924 2023 1976 olim
2054 1927 2326 1978 venditum

766 2016 816 2062 in
847 2015 1165 2066 servitutem
1199 2013 1460 2081 [Egyptio
1489 2015 1745 2078 domino,
1779 2031 1874 2068 sua
1908 2015 2017 2068 illic
2064 2015 2327 2070 industria

765 2105 988 2157 serviles
1009 2115 1229 2157 catenas
1282 2106 1332 2156 in
1386 2105 1589 2171 regium
1640 2105 1885 2158 diadema
1937 2121 2324 2163 commutasse.

767 2196 1027 2246 ldntndem
1076 2197 1224 2248 addit
1252 2198 1300 2245 in
1345 2195 1531 2263 primis
1583 2197 1899 2263 prudentem
1951 2200 2232 2258 habitum;
2274 2212 2327 2255 et

763 2287 905 2348 quod
931 2286 982 2335 in
1013 2283 1246 2351 Algypto
1271 2298 1428 2338 natos
1483 2302 1670 2352 parum
1705 2288 1913 2340 habiles
1946 2289 2152 2344 bellicis
2182 2293 2332 2346 labu-

766 2382 920 2429 ribus
969 2381 1175 2430 vidi—ret
1210 2381 1452 2441 ,emisse
1509 2395 1705 2448 pueros
1769 2397 1961 2446 magno
2018 2399 2242 2437 numero
2298 2401 2330 2440 e

769 2471 988 2540 Scythia
1015 2482 1072 2524 et
1121 2471 1242 2524 aliis
1287 2471 1595 2538 regionibus
1628 2481 1777 2525 trans
1830 2471 2062 2526 Pontum
2094 2513 2110 2540 ,
2133 2478 2330 2544 quibus

761 2564 900 2628 apud
949 2577 1009 2615 se
1065 2563 1284 2615 nutritis
1343 2561 1575 2615 fortibus
1639 2564 1831 2616 deinde
1889 2566 2152 2620 militibus
2215 2578 2331 2620 ute-

768 2654 963 2714 initur,
1025 2652 1371 2716 permittente
1431 2653 1480 2703 id
1537 2656 1968 2718 commercium,
2003 2673 2199 2722 magno
2253 2660 2329 2712 rei

766 2746 1096 2796 Christianae
1180 2744 1552 2807 detrimento,
1624 2747 1949 2812 imperatore
2018 2748 2326 2803 Michaele:

770 2836 891 2885 hinc
929 2836 1072 2886 enim
1097 2845 1313 2886 auetutn
1340 2834 1534 2894 opibus
1561 2835 1780 2904 .‘Egypti
1809 2837 2080 2891 sultanent
2110 2839 2332 2896 Latinos

768 2925 1108 2975 Palaestinam
1137 2937 1474 2993 oecupantes
1528 2926 1673 2979 illinc
1712 2929 2001 2994 expulit-se.
2054 2929 2179 2984 Haec
2233 2931 2333 2984 Pa-

768 3016 1106 3084 i-hytncres;
1184 3033 1302 3084 qua:
1377 3021 1608 3071 multum
1649 3021 1989 3074 illustrantur
2049 3040 2330 3092 compara-

2431 556 2585 625 Syria
2613 554 2834 607 Latinos
2870 552 3210 605 Christianos
3251 549 3367 610 ait,
3428 548 3472 600 is
3502 549 3618 601 sine
3683 551 3848 602 dubio
3899 553 3996 603 fuit

2428 662 2590 717 quem
2619 650 2795 714 patrio
2823 644 3085 698 vocabulo
3131 642 3353 695 Βαίὺαη
3395 642 3597 694 dictqu
3635 681 3651 702 ,
3682 641 3995 697 dominicui

2428 745 2688 796 servierat
2718 743 2936 794 nomine
2986 738 3397 791 Bundokdarem
3433 749 3798 806 nuncupatum
3828 741 3998 792 Abul-

2429 835 2716 901 pharagius
2747 834 2921 884 docet.

2498 921 2610 976 XII.
2646 913 2970 975 “efferamus
2999 935 3100 973 nos
3123 919 3231 985 jam
3275 919 3342 971 ad
3372 935 3459 973 res
3488 919 3829 972 intermissas
3887 918 4001 970 "lt-

2429 1015 2546 1065 lacu
2581 1015 2696 1064 sive
2737 1011 2942 1065 Chalau
2987 1025 3040 1064 et
3076 1012 3440 1075 subjectorum
3473 1012 3570 1077 ipsi
3603 1009 3997 1076 Mugulensinm

2427 1121 2549 1156 cum
2585 1104 2834 1168 deinceps
2877 1105 3111 1154 narratis
3155 1119 3182 1152 a
3228 1101 3561 1168 Pat-bymere
3606 1103 3810 1153 utiliter
3845 1117 4000 1152 emn-

2429 1195 2722 1263 parandas.
2760 1195 2945 1246 Tradit
2997 1195 3427 1260 Abuipharagius
3461 1196 3653 1245 eodem
3696 1194 3797 1244 huc
3834 1193 3998 1243 modo

2430 1290 2664 1340 indicato
2710 1304 2848 1339 anno
2899 1287 3105 1354 [legirae
3138 1287 3261 1344 (iiii).
3289 1287 3446 1354 cujus
3489 1285 3590 1336 fuit
3629 1286 3840 1338 initium
3883 1285 4000 1336 dies

2429 1390 2615 1428 Sextus
2682 1379 2993 1431 Deccmbris
3044 1381 3167 1429 anui
3197 1379 3399 1429 Christi
3449 1376 3607 1438 12110,
3664 1377 3890 1427 missum
3946 1377 3998 1426 in

2427 1467 2637 1534 Syriam
2691 1471 2756 1521 ab
2811 1467 3015 1520 llulacu
3059 1467 3452 1536 Mngnlensium
3499 1466 3829 1528 exercitum,
3861 1467 4000 1518 duce

2431 1563 2704 1626 Samdagu
2761 1559 3085 1614 Christianis
3137 1562 3376 1621 favente,
3429 1557 3709 1609 Obsidione
3758 1557 4001 1608 cinxisse

2428 1649 2718 1704 lliusclam
2772 1650 2962 1702 urbem
3018 1650 3228 1702 incluso
3279 1650 3332 1701 in
3382 1666 3443 1701 ea
3489 1650 3551 1700 AI
3597 1649 3797 1700 Salelio
3827 1647 4001 1716 Syriae

2430 1743 2694 1807 principe.
2742 1751 2794 1793 et
2833 1741 3004 1806 cepiis
3051 1756 3082 1793 e
3125 1739 3279 1810 Syria
3326 1740 3562 1792 obsessis
3595 1740 3876 1805 suppetias
3915 1754 4002 1790 ve-

2429 1833 2700 1884 nientibus
2745 1848 2839 1899 per
2899 1831 3050 1899 longe
3105 1831 3207 1883 illis
3249 1842 3599 1884 occurrentes
3661 1828 4000 1894 Mugnlenses

2432 1924 2819 1976 circumventis
2847 1933 2899 1975 et
2925 1923 3208 1977 occidione
3233 1922 3420 1974 deletis
3445 1921 3733 1974 Mauseiam
3763 1921 3998 1984 cepisse,

2431 2014 2678 2082 plurimis
2727 2017 2778 2066 in
2831 2030 2892 2068 ea
2939 2017 3166 2083 repertis
3203 2017 3421 2074 occisis.
3453 2015 3573 2068 aliis
3605 2015 3872 2066 servitum
3907 2013 4000 2066 ab-

2430 2108 2627 2168 ductis,
2694 2109 2810 2175 ipso
2856 2110 3097 2177 principe
3153 2108 3218 2160 Al
3262 2107 3461 2161 Saleho
3510 2109 3574 2160 ad
3632 2106 3841 2160 llulacu
3882 2121 4002 2172 per-

2433 2206 2606 2249 tracto
2658 2199 2924 2266 hujusque
2963 2201 3115 2266 jussu
3173 2199 3482 2253 interfecto.
3523 2197 3611 2249 llze
3656 2207 3821 2250 tantae
3851 2195 4001 2250 Cha-

2433 2286 2522 2340 lau
2561 2287 2799 2340 victoria:
2833 2297 3120 2340 moverunt
3158 2287 3478 2341 Michaelem
3509 2287 3868 2354 Palma-Iugum
3892 2289 4002 2337 Au-

2430 2392 2645 2450 gustum
2677 2382 2740 2431 ad
2788 2384 2932 2433 omni
2982 2395 3082 2448 ope
3130 2388 3478 2451 satagendum
3528 2381 3581 2434 in
3623 2382 3862 2447 paranda
3897 2379 3999 2432 sibi

2432 2472 2810 2526 benevolentia
2861 2482 2966 2525 tam
3015 2479 3247 2540 potentis
3301 2485 3351 2526 et
3407 2487 3542 2540 pene
3596 2472 3810 2526 finitimi
3851 2473 4003 2538 ptin-

2432 2565 2594 2630 cipis.
2654 2564 2840 2630 Igitur,
2916 2569 3059 2632 quod
3131 2573 3315 2616 narrat
3384 2565 3750 2632 l’achymeres
3807 2565 3841 2616 Ι.
3914 2579 3998 2627 ιιι,

2430 2668 2481 2706 c.
2551 2655 2786 2723 5partis
2841 2657 3058 2722 prioris,
3119 2656 3322 2722 legatos
3392 2655 3458 2708 ad
3508 2671 3628 2710 eum
3685 2656 3853 2718 misit,
3907 2657 4000 2723 qui

2432 2751 2611 2817 ipsum
2640 2767 2666 2802 a
2701 2765 2758 2805 se
2789 2753 3095 2803 salutarent
3122 2762 3174 2804 et
3209 2753 3328 2819 ejus
3362 2751 3655 2804 amicitiam
3691 2760 4000 2818 poscerent,

2430 2840 2608 2892 oblata
2651 2841 2702 2892 in
2745 2855 2998 2908 sponsam
3052 2842 3268 2909 propria
3304 2844 3412 2894 ﬁlia
3442 2843 3626 2895 Maria.
3663 2842 3871 2896 Iudicat
3901 2839 4004 2895 Pa-

2433 2930 2716 2993 chvmeres
2763 2931 2975 2983 venisse
3010 2945 3037 2984 a
3068 2931 3272 2984 Chalau
3304 2931 3370 2983 ad
3410 2930 3723 2984 Michaelem
3761 2941 4002 2982 mutuam

2434 3017 2776 3084 legationem,
2812 3034 2917 3087 qua
2947 3019 2998 3076 is
3030 3021 3362 3084 signiﬁcaret
3398 3021 3613 3084 placere
3661 3020 3763 3073 sibi
3811 3021 4005 3072 condi-

768 3111 917 3163 tioue
953 3126 1073 3162 cum
1103 3110 1173 3163 iis
1204 3127 1322 3179 qttte
1353 3114 1781 3181 Abulpltaragins
1829 3118 1929 3169 hoc
1979 3117 2097 3169 loco
2119 3119 2329 3172 scribit.
2357 3119 2400 3177 C

2357 3119 2400 3177 ε
2435 3109 2634 3160 tionem
2676 3110 2934 3164 oblatam.
2980 3109 3123 3163 Idem
3167 3127 3292 3165 vero
3327 3112 3637 3165 distinctius
3678 3124 4000 3180 expressum

763 3203 851 3252 ait
875 3202 1041 3263 enim,
1083 3210 1363 3268 postquam
1393 3205 1630 3258 liutuzus
1661 3205 2070 3260 'l‘urcomannus
2107 3207 2329 3278 .Egypti

765 3293 1012 3344 dominus
1029 3292 1192 3360 815
1212 3295 1505 3362 Cetbugam
1535 3295 1924 3362 Megulensium
1946 3299 1995 3350 in
2019 3299 2176 3368 Syria
2195 3315 2331 3367 prae-

768 3391 967 3436 lectum
989 3385 1106 3437 acie
1151 3387 1346 3438 victum
1372 3387 1824 3456 occidisset,quod
1849 3394 1920 3443 ait
1942 3394 2226 3463 coatigisse
2247 3398 2332 3451 die

764 3474 832 3525 27
864 3477 1064 3527 mensis
1100 3474 1404 3530 Ramadaui
1451 3477 1546 3546 [Ρ.
1583 3480 1678 3533 591
1713 3480 1728 3549 ]
1765 3496 1904 3534 anno
1941 3482 2146 3549 llegirae
2177 3486 2280 3540 658
2315 3528 2330 3548 .

768 3566 869 3617 hoc
892 3575 979 3617 est
1007 3567 1092 3619 die
1115 3567 1147 3618 5
1172 3569 1508 3634 Septembris
1568 3572 1692 3623 anui
1726 3571 1929 3625 Christi
1959 3575 2098 3626 1260
2129 3614 2144 3638 ,
2198 3579 2330 3631 satis

766 3671 990 3721 gnarum
1026 3657 1175 3710 illum
1201 3660 1337 3712 haud
1367 3659 1646 3725 quieluros
1672 3661 2008 3727 Mogulenses
2033 3666 2096 3718 ab
2124 3666 2330 3720 ultione

766 3746 934 3798 cladis
963 3747 1118 3800 istius
1146 3752 1497 3815 reposcenda,
1529 3765 1849 3818 properasse
1904 3754 1955 3804 in
1989 3754 2276 3823 Aigyptum
2313 3793 2329 3818 ,

769 3849 825 3890 ut
851 3840 1034 3905 copias
1062 3840 1171 3892 illic
1199 3852 1438 3907 pararet,
1475 3843 1670 3910 quibus
1719 3843 1849 3910 ipsis
1878 3846 2165 3898 obsisteret
2201 3849 2332 3901 :sed

766 3943 833 3981 eo
885 3931 1076 3982 itinere
1134 3946 1297 3999 prope
1347 3933 1546 3984 Gazam
1602 3949 1951 4001 progressum
2018 3953 2045 3988 a
2097 3941 2326 4004 quodam

765 4019 1000 4074 Baibars
1044 4036 1233 4076 vocatu
1292 4024 1463 4077 fuisSe
1530 4025 1901 4080 interfectum.
1962 4029 2124 4080 Addit
2187 4031 2328 4083 hunc

763 4110 1010 4174 Baibars,
1041 4115 1343 4168 conciliatis
1397 4125 1452 4168 et
1515 4117 1785 4184 adjunctis
1844 4119 1942 4170 sibi
1989 4122 2161 4185 copiis
2213 4138 2331 4188 quae

771 4200 984 4256 h'utuzo
1022 4205 1410 4270 militaverant,
1444 4222 1566 4260 cum
1596 4208 1661 4261 iis
1701 4210 2001 4276 ingressum
2038 4208 2328 4280 Egyptum

765 4310 884 4348 eam
946 4309 1266 4362 ecettpasse.
1301 4295 1490 4350 Tradit
1523 4299 1718 4351 ibidem
1749 4298 1909 4351 istum
1957 4299 2181 4354 Baibars
2213 4318 2330 4356 ser-

765 4403 887 4439 vum
913 4397 1070 4439 antea
1098 4385 1266 4438 fuisse
1295 4388 1471 4452 magni
1504 4388 1784 4455 cujusdam
1815 4390 1867 4441 in
1897 4389 2132 4458 ἀλέη-ραι)
2154 4392 2324 4454 ducis,

763 4475 850 4528 cui
879 4472 1206 4525 Bundokdar
1261 4491 1456 4527 nomen
1515 4477 1731 4539 fuerat;
1791 4480 1934 4531 unde
1978 4482 2131 4533 initio
2177 4479 2328 4534 Bun-

763 4563 965 4615 dokdar
994 4565 1248 4616 minorem
1299 4566 1656 4620 nominatum.
1703 4568 1769 4618 At
1820 4581 2100 4636 postquam
2149 4572 2324 4624 sultan

758 4649 985 4717 Aigypti
1024 4649 1198 4704 factus
1237 4662 1323 4704 est
1352 4691 1368 4714 ,
1410 4654 1852 4717 cognominatum
1909 4671 1938 4707 a
1998 4657 2110 4709 suis
2160 4657 2330 4710 fuisse

768 4741 1139 4793 ltucnouinum
1176 4742 1242 4793 At
1266 4742 1435 4793 Mulec
1471 4736 1536 4794 Ᾰι
1570 4744 1800 4796 Dira/ter.
1837 4745 1968 4797 Eum
2001 4756 2178 4800 tamen
2211 4763 2333 4816 per-

764 4835 842 4898 git
875 4837 925 4884 in
963 4835 1316 4899 sequentibus
1349 4835 1784 4902 Abulpliaragius
1834 4853 2029 4890 vocare
2080 4839 2332 4894 Bundok-

767 4927 973 4985 darem,
1010 4938 1297 4976 SthCCSs‘US
1347 4926 1464 4991 ejus
1521 4929 1787 4978 maximos
1819 4943 2102 4982 recensens
2144 4942 2330 4983 contra

766 5013 1114 5066 Christianos
1140 5011 1363 5066 Latinos
1387 5017 1732 5070 Antiochiam
1777 5029 1829 5071 et
1863 5022 2030 5087 Syria:
2058 5023 2331 5074 maritima

767 5104 1099 5162 obtinentes,
1131 5119 1266 5169 quos
1303 5105 1450 5159 illinc
1472 5108 1675 5173 expulit
1709 5149 1724 5174 ,
1767 5121 1822 5160 ιιι
1864 5111 2028 5162 etiam
2089 5111 2332 5178 deplorat

771 5193 1130 5259 l’achymeres
1160 5205 1308 5248 tomo
1345 5196 1360 5247 1
1394 5236 1409 5258 ,
1449 5199 1484 5248 l.
1510 5214 1567 5250 ιιι
1601 5237 1616 5261 ,
1650 5214 1696 5252 c.
1739 5200 1772 5251 5
1801 5237 1816 5263 ,
1873 5202 2084 5270 culpam
2145 5219 2330 5255 earum

767 5280 1002 5332 cladium
1052 5273 1116 5336 εἶ
1163 5293 1318 5351 parte
1377 5287 1649 5353 imputans
1707 5292 2036 5357 imprudenti
2091 5295 2334 5347 avaritiae

771 5369 1048 5425 Michaelis
1069 5370 1377 5443 Palwologi,
1399 5376 1489 5444 qui
1519 5391 1739 5446 propter
1764 5392 2029 5447 qua-stum
2066 5385 2331 5436 modicmu

773 5465 1122 5528 permittebat
1143 5478 1173 5517 e
1199 5464 1366 5519 Ponto
1389 5471 1662 5535 erportari
1695 5470 1746 5522 in
1771 5470 2060 5541 {Egyptqu
2083 5473 2332 5544 Scythica

775 5554 1038 5621 ntancipia
1071 5564 1275 5610 tenerae
1309 5561 1509 5622 aetatis,
1531 5575 1647 5626 quae
1677 5562 1870 5616 deinde
1899 5564 2005 5618 illic
2032 5566 2082 5617 in
2142 5571 2334 5620 robus-

773 5653 855 5697 tos
874 5653 929 5698 et
954 5645 1281 5702 Christianis
1313 5649 1470 5702 rebus
1515 5652 1766 5708 exitiales
1808 5655 2100 5708 bellatores
2145 5662 2334 5710 attule-

769 5743 1002 5790 scercnt.
1033 5736 1199 5802 Quem
1228 5741 1391 5808 igitur
1421 5741 1786 5811 Pachvtuercs
1807 5759 1836 5799 c
1856 5761 2019 5801 servo
2044 5749 2180 5814 apud
2217 5749 2330 5802 Co-

2437 3198 2488 3249 in
2523 3197 2908 3266 Ahulpharagii
2940 3199 3217 3254 Chronico
3254 3201 3466 3267 legitur,
3503 3217 3555 3268 p.
3591 3201 3718 3262 355,
3755 3201 3843 3253 ubi
3881 3215 4008 3252 nar-

2436 3297 2548 3339 rata
2602 3288 2768 3357 816
2814 3288 3016 3342 Ilulaeu
3063 3301 3254 3354 morte,
3307 3293 3374 3343 de
3430 3307 3538 3358 qua
3596 3307 3719 3344 mox
3770 3293 4006 3359 dicetur,

2433 3379 2621 3432 scribit
2658 3397 2780 3432 eum
2843 3380 2950 3446 jam
2999 3393 3156 3434 antea
3213 3383 3422 3436 misisse
3477 3384 3679 3452 legatos
3731 3366 4004 3437 Constan-

2436 3470 2737 3536 tinopolim,
2790 3474 2880 3538 qui
2929 3473 3092 3524 filiam
3168 3473 3277 3526 illic
3315 3473 3632 3539 imperantis
3665 3476 3719 3526 in
3775 3489 4001 3526 uxorem

2435 3561 2533 3611 sibi
2607 3574 2914 3628 poscerent.
2955 3562 3062 3616 llas
3103 3574 3318 3616 mutuas
3373 3563 3653 3619 Michaelis
3696 3577 3750 3617 et
3791 3567 4001 3617 llulat-u

2437 3650 2732 3715 legationes
2801 3653 2978 3706 obitas
3053 3665 3277 3722 apparet
3347 3658 3413 3708 ab
3479 3671 3624 3709 anno
3694 3657 3788 3708 661
3862 3659 4000 3727 Heg.

2434 3744 2500 3794 ad
2528 3744 2652 3805 665,
2697 3758 2933 3810 quorum
2981 3759 3246 3797 annorum
3295 3747 3440 3812 prior
3485 3747 3673 3814 incipit
3725 3763 3754 3799 a
3799 3746 3889 3801 die
3937 3752 4002 3802 15

2435 3835 2757 3887 Novembris
2806 3838 2931 3887 anni
2979 3835 3185 3889 Christi
3236 3836 3396 3897 1262,
3454 3838 3722 3903 posterior
3751 3854 3779 3889 a
3812 3840 4003 3894 itaut

2432 3926 2502 3978 25
2535 3925 2788 3981 Octobris
2844 3927 2968 3979 anui
3023 3927 3227 3981 Christi
3289 3929 3446 3981 1‘264.
3498 3927 3782 3995 Pcrspecta
3838 3947 4002 3998 porro

2436 4017 2662 4069 Michael
2721 4017 2927 4070 llulacu
2983 4019 3283 4081 voluntate,
3343 4020 3506 4071 tiliam
3563 4036 3715 4073 suam
3766 4023 4000 4075 Mariam

2433 4113 2694 4178 a'pparatu
2751 4110 3034 4177 magnifico
3081 4110 3453 4163 deducendam
3507 4115 3571 4164 ad
3611 4128 3734 4164 emn
3777 4123 4004 4168 strenue

2432 4204 2647 4256 curavit
2696 4218 2792 4270 per
2823 4204 3308 4256 arcltimandritam
3357 4205 3671 4257 monasterii
3702 4203 4005 4259 Pautocra-

2433 4294 2568 4346 toris
2600 4294 2816 4345 nomine
2859 4293 3190 4359 Principem,
3244 4309 3307 4346 ex
3348 4293 3545 4346 illustri
3595 4295 3794 4347 familia
3829 4293 4002 4349 Pelu-

2437 4382 2878 4446 ponuesimsium
2926 4383 3304 4450 dynastarum,
3345 4397 3504 4448 quem
3553 4385 3625 4435 ait
3665 4384 3783 4437 loco
3816 4388 4004 4453 proxi-

2432 4485 2520 4524 me
2578 4471 2796 4524 laudato
2850 4471 3211 4538 Pachymcres
3273 4474 3324 4524 in
3386 4489 3450 4526 eo
3506 4475 3698 4527 itinere
3747 4482 4002 4532 nuntium

2433 4564 2710 4632 accepisse
2741 4565 2932 4617 mortis
2963 4564 3190 4624 Chalau,
3229 4579 3328 4616 nec
3371 4576 3550 4616 tamen
3589 4579 3644 4617 re
3675 4565 3874 4618 infecta
3909 4583 4003 4621 re-

2432 4657 2619 4715 diisse.
2667 4656 2760 4707 sed
2809 4658 3126 4723 perdurasse
3165 4670 3416 4722 sponsam
3463 4656 3538 4707 illi
3576 4659 3902 4709 destinatam
3935 4663 4004 4711 ad

2436 4747 2607 4797 filium
2643 4749 2760 4815 ejus
2792 4757 2846 4799 et
2881 4761 3257 4799 successiirem
3291 4745 3558 4815 Apagam,
3610 4749 3699 4811 qui
3742 4763 3865 4800 eam
3897 4751 4004 4801 sibi

2431 4837 2674 4905 junxerit
2731 4853 2974 4891 uxorem.
3034 4838 3158 4892 llaec
3215 4840 3403 4890 eadem
3464 4839 3781 4894 distinctius
3833 4842 4003 4894 etiam

2435 4931 2691 4995 exprimit
2726 4932 3184 5001 .f_\bu|plturagius,
3227 4945 3534 4982 memorans
3568 4931 3776 4998 legatos
3814 4934 4007 4999 impe-

2436 5019 2635 5072 ratoris
2681 5011 3290 5088 Constantinupulitani,
3337 5023 3428 5089 qui
3475 5022 3630 5087 huius
3679 5023 3845 5075 tiliam
3897 5023 4008 5076 Hu-

2437 5112 2554 5184 lacu
2587 5114 2913 5181 desponsam
2957 5116 3372 5177 comitarentur,
3407 5116 3496 5166 ubi
3530 5113 3833 5168 Ctesaream
3877 5131 4008 5183 per-

2436 5203 2732 5262 vianissent,
2782 5206 3060 5270 accepisse
3094 5209 3319 5258 nuntios
3359 5208 3426 5258 de
3460 5205 3663 5270 llulacu
3699 5207 3871 5267 obitu,
3907 5224 4008 5259 nec

2440 5301 2615 5344 tamen
2669 5295 2792 5346 ideo
2835 5295 3213 5348 retrucedendi
3267 5297 3554 5348 consilium
3607 5297 3852 5358 inhisse,
3909 5298 4006 5348 sed

2438 5385 2667 5450 puellam
2722 5386 3038 5452 perduxisse
3097 5387 3161 5438 ad
3215 5387 3446 5438 Abakam
3489 5389 3540 5438 in
3572 5388 3752 5456 patris
3791 5385 4009 5438 Hulacu

2434 5472 2544 5538 jam
2577 5472 2715 5526 Solio
2752 5475 2898 5540 regio
2941 5475 3199 5539 locatum,
3243 5476 3336 5543 qui
3371 5491 3490 5528 eam
3530 5475 3633 5528 sibi
3679 5475 3780 5529 rite
3809 5476 4010 5542 conju-

2440 5579 2558 5631 gctu
2593 5568 2841 5619 sociavit.
2892 5565 3003 5618 lloc
3049 5568 3167 5620 sine
3211 5568 3376 5620 dubio
3417 5569 3652 5635 pertinet
3698 5566 3766 5618 ad
3797 5565 4008 5619 annum

2441 5655 2655 5724 Ilegira:
2688 5658 2812 5719 (itit,
2863 5662 3016 5726 cujus
3060 5659 3313 5711 Kalendae
3357 5659 3688 5712 Multarrami
3741 5655 3827 5727 [P.
3880 5655 4012 5727 592)

2439 5751 2579 5803 diem
2618 5751 2934 5806 insederunt
2989 5753 3211 5806 tcttiutu
3261 5751 3531 5807 decimum
3582 5750 3834 5805 Octobris
3871 5751 4008 5802 anni
