4194 6444
702 365 802 424 8τῦ

1610 354 1677 414 Ρ.
1714 351 2013 413 POSSINI
2040 346 2686 413 OBSERVATIONUM
2730 346 2871 408 LIB.
2913 346 3025 406 11ῐ.

3870 346 3977 414 873

703 481 968 548 Deinceps
995 476 1110 547 pari
1136 471 1406 529 evidentia
1432 471 1753 525 demonstro
1776 472 2097 523 vicesimam
2129 467 2295 519 lihul.
2326 473 2369 524 Α
2401 465 2481 516 sic
2538 463 2914 517 verisimiliter
2969 460 3284 515 ordinanda!
3334 471 3483 524 sunt,
3540 472 3596 517 ut
3643 464 3791 533 prior
3838 469 3979 519 duce.

705 572 851 625 llaize
905 571 1044 624 diem
1103 568 1292 621 eodem
1342 566 1435 619 illo
1494 580 1634 618 anno
1693 563 1902 633 [legirte
1950 561 2045 617 081
2090 561 2277 613 feriam

704 672 950 730 quartam
988 673 1091 713 non
1143 658 1331 711 fuisse.
1369 656 1490 709 Fuit
1522 655 1611 708 ille
1654 668 1827 708 anuus
1868 653 2132 706 Arahicus
2166 666 2280 704 em-

708 755 985 806 holimaztts
1008 766 1069 805 ac
1094 759 1491 820 consequenter
1515 748 1621 802 533
1642 748 1876 810 dierum,
1906 755 1959 799 et
1977 743 2281 797 Dhul-llaia

708 846 912 899 mensis
943 844 1058 909 ejus
1078 843 1299 896 ultimus
1324 843 1376 894 in
1410 841 1571 895 annis
1596 839 1890 892 ordinariis
1914 851 2105 900 cavus,
2134 836 2187 887 in
2219 848 2282 885 co

707 939 901 1006 plenus
928 938 1047 999 fuit,
1081 936 1197 989 dies
1232 949 1530 989 numerans
1559 933 1803 1001 triginta.
1840 928 2129 983 Tollantur
2154 927 2279 989 555,

706 1032 800 1099 qui
837 1042 921 1084 est
963 1042 1224 1082 numerus
1261 1027 1474 1081 dierum
1511 1026 1637 1078 anni
1680 1024 1814 1093 Heg.
1851 1023 1977 1087 681,
2014 1024 2080 1076 de
2116 1021 2222 1074 505
2253 1035 2282 1073 a

706 1125 795 1177 die
846 1122 915 1175 22
958 1121 1167 1190 Aprilis
1224 1119 1347 1173 anni
1399 1116 1607 1171 Christi
1644 1116 1783 1170 1282
1835 1115 2219 1183 incipientibus
2268 1127 2281 1165 :

711 1216 934 1268 ultimus
973 1213 1313 1266 residuorum
1366 1211 1526 1265 cadet
1581 1210 1634 1263 in
1687 1208 2030 1261 undecimum
2086 1207 2287 1274 Aprilis

710 1306 834 1359 anui
872 1304 1075 1358 Christi
1114 1301 1266 1355 128’).
1322 1301 1420 1356 llic
1457 1310 1539 1355 est
1580 1298 1891 1353 tricesimus
1931 1295 2285 1361 Dhul-Ilaiaz;

624 1399 634 1407 ’
708 1414 737 1453 a
781 1413 887 1467 quo
918 1399 962 1450 si
1004 1407 1148 1449 retro
1188 1397 1374 1449 decem
1410 1394 1602 1447 diebus
1650 1406 1997 1461 promoveas,
2045 1390 2290 1443 invenies

710 1492 1029 1545 vicesimum
1061 1488 1305 1557 ejusdem
1342 1484 1668 1538 DhuI-llaim
1694 1484 1925 1553 primum
1962 1482 2160 1543 Martii,
2195 1479 2289 1549 qui

710 1583 829 1636 dies
872 1579 1024 1633 lovis
1058 1591 1109 1631 et
1140 1578 1329 1646 quinta
1369 1574 1523 1635 feria,
1555 1587 1619 1624 eo
1649 1586 1793 1624 anno
1842 1570 2081 1622 litteram
2114 1566 2289 1619 domi-

714 1674 941 1727 Iticalctn
973 1670 1012 1720 C
1065 1670 1315 1725 haheute,
1350 1666 1472 1725 fuit,
1516 1677 1622 1715 non
1668 1671 1873 1724 autem,
1910 1669 1967 1713 ut
2002 1662 2079 1712 ait
2130 1658 2293 1712 Altul-

715 1766 1032 1835 pharztgius,
1062 1762 1178 1815 dies
1209 1757 1459 1813 Mercurii
1491 1756 1605 1811 sive
1629 1765 1820 1826 quarta
1856 1753 2007 1806 feria.

786 1942 925 1995 XIV.
966 1940 1059 1993 ll':s
1088 1940 1254 1992 lector
1276 1938 1498 1990 adactus
1531 1936 1595 1988 ad
1630 1936 1908 1989 fatendum
1936 1933 2288 1985 characteres

715 2037 848 2088 istos
914 2036 1050 2084 duos
1113 2032 1549 2097 cltrnnoltigicns,
1615 2027 1837 2080 Pascha:
1885 2024 2173 2077 incidentis
2234 2023 2287 2076 in

718 2142 959 2182 Itt"tt“Ctlt
1000 2122 1355 2177 lihul-llaiam
1411 2131 1461 2173 cl
1500 2121 1646 2173 ferite
1696 2127 1905 2188 quartae
1947 2115 2292 2183 insignicntis

715 2223 1034 2273 Vicesimunt
1080 2215 1405 2269 Dhttl-llaia:
1443 2214 1604 2275 diem,
1646 2212 1868 2264 minime
1907 2209 2199 2262 convenire
2236 2208 2286 2261 in

717 2329 916 2365 annum
979 2308 1189 2377 llegirtc
1245 2307 1369 2369 081,
1432 2314 1635 2374 qureret
1670 2302 1807 2355 forte
1842 2318 1969 2354 nutu
2017 2302 2069 2353 in
2119 2301 2288 2353 alium

716 2403 1063 2456 cntiveniant.
1131 2398 1244 2451 Non
1302 2399 1460 2465 longe
1519 2396 1754 2449 ahEhitur
1800 2411 1815 2446 :
1873 2396 1959 2445 :eio
2014 2394 2292 2460 aptissime

720 2497 909 2548 amhos
943 2492 1217 2560 quadrare
1253 2491 1303 2542 in
1362 2504 1562 2542 annum
1596 2487 1815 2556 ἀμέσως
1869 2487 2288 2552 prrccdenletn.

720 2586 969 2638 videlicet
998 2582 1039 2635 ll
1060 2582 1207 2649 :girm
1240 2579 1362 2633 680.
1392 2580 1490 2632 llic
1514 2594 1690 2631 annus
1719 2578 1933 2630 initium
1966 2577 2119 2628 dum
2145 2591 2172 2628 a
2206 2577 2292 2630 die

718 2678 788 2730 9'2
820 2677 1019 2745 Aprilis
1054 2673 1255 2728 Juliaui
1288 2688 1435 2726 anno
1465 2670 1671 2726 Christi
1707 2669 1865 2732 i‘28l,
1909 2669 2070 2721 desiit
2109 2678 2290 2722 autent

721 2771 807 2823 die
838 2769 1045 2821 decima
1091 2766 1331 2833 ejusdem
1365 2761 1568 2829 Aprilis
1618 2774 1762 2813 anno
1804 2760 2002 2812 Christi
2044 2758 2292 2826 sequenti

722 2862 885 2916 1:282.
917 2860 1039 2913 Fuit
1061 2872 1235 2911 annus
1257 2856 1459 2908 Christi
1490 2853 1626 2907 1282
1651 2852 1853 2921 periodi
1880 2849 2107 2903 Julianaz
2131 2849 2290 2903 5992i.

719 2956 943 3025 (lycium
971 2952 1104 3006 soiis
1133 2950 1321 3003 haiiuit
1348 2948 1517 2999 Etcum
1549 2946 1728 2998 littera
1763 2943 2077 2996 Dominit-ali
2113 2943 2173 3006 1),
2204 2957 2294 3012 ry-

722 3046 863 3097 cium
898 3056 1025 3095 vero
1058 3040 1195 3091 luna:
1230 3036 1310 3089 10.
1357 3036 1433 3089 Ex
1480 3035 1565 3089 his
1600 3042 1747 3104 patet
1782 3034 1988 3087 Pascha
2020 3033 2136 3097 ejus
2168 3031 2293 3085 anni

722 3149 1021 3205 occupasse
1047 3134 1187 3187 diem
1219 3130 1289 3183 29
1317 3128 1519 3181 mensis
1552 3126 1752 3180 Juliani
1789 3126 1985 3178 Martii.
2028 3127 2151 3177 ll:ce
2182 3126 2296 3175 dies

723 3232 911 3283 tlecssc
940 3241 1043 3279 non
1070 3222 1393 3293 potnitquin
1425 3219 1631 3272 ambitu
1660 3218 1860 3271 mensis
1885 3218 2099 3269 Arabici
2133 3215 2297 3267 Dintl-
2326 3195 2367 3251 C-

729 3323 874 3376 llaire
902 3319 1070 3388 819
1109 3320 1161 3371 in
1191 3332 1332 3369 anno
1361 3313 1569 3383 llegirte
1599 3311 1703 3366 680
1747 3310 2120 3371 clauderetur,
2160 3324 2296 3376 quo-

729 3417 874 3470 niam
922 3415 967 3468 is
1013 3425 1186 3465 aattus
1236 3424 1263 3460 a
1320 3407 1392 3461 ‘22
1446 3404 1648 3473 Aprilis
1695 3404 1824 3456 anni
1876 3402 2007 3456 Chr.
2042 3401 2169 3453 1281
2219 3400 2299 3452 in-

728 3508 956 3560 cltoatns
987 3518 1159 3570 usque
1205 3501 1269 3551 ad
1332 3497 1397 3550 10
1449 3495 1650 3563 Aprilis
1696 3509 1786 3545 an.
1817 3492 1948 3547 Chr.
2008 3493 2139 3545 1228').
2180 3506 2303 3560 pro-

732 3597 967 3648 tenditur
1024 3612 1036 3646 :
1086 3589 1393 3646 Dhnl-llaia
1442 3601 1569 3640 vero
1627 3585 1851 3637 ultimus
1917 3583 2121 3635 mensis
2170 3582 2303 3635 anni

730 3696 943 3745 Araiuct
1005 3686 1194 3747 viginti
1256 3698 1445 3736 novent
1507 3688 1810 3748 postremos
1866 3676 1981 3743 «jus
2028 3675 2150 3725 anni
2188 3675 2303 3725 dies

732 3791 994 3835 ιιωίινρε.
1029 3782 1112 3847 ..αὶ
1152 3792 1275 3832 eum
1329 3785 1476 3829 retro
1515 3772 1783 3825 numerati
1819 3785 1846 3822 a
1904 3772 1969 3823 10
1998 3769 2202 3837 Aprils
2233 3767 2299 3821 ad

734 3876 805 3928 t5
858 3871 1034 3925 Martii
1099 3870 1455 3938 perveniant,
1515 3866 1587 3919 ihi
1665 3864 1906 3931 defigunt
1966 3863 2301 3915 neomcniam

731 3950 1077 4019 Ditnl-Haize.
1117 3962 1271 4015 Prior
1298 3961 1462 4029 igitur
1505 3959 1787 4013 character
1829 3955 2113 4009 manifeste
2152 3968 2305 4007 corn-

730 4061 863 4130 petit
893 4074 1035 4111 anno
1060 4055 1270 4123 llegiraa
1297 4055 1422 4109 080.
1466 4053 1576 4107 Nec
1599 4053 1776 4106 minus
1810 4051 2091 4104 evidenter
2122 4060 2305 4117 poste-

734 4153 843 4203 rior
880 4148 1056 4201 cidem
1090 4145 1401 4210 adaptatur.
1447 4141 1580 4195 Nam
1631 4141 1927 4193 vicesimus
1984 4154 2157 4192 nonus
2189 4138 2306 4191 dies

732 4240 935 4302 Martii,
968 4252 1127 4305 quem
1175 4235 1345 4289 fuisse
1406 4235 1547 4287 diem
1584 4230 1805 4286 Pascha:
1852 4232 2191 4284 ostendimus
2250 4230 2303 4282 in

734 4348 877 4387 anno
908 4330 1105 4385 Christi
1150 4327 1311 4389 1282,
1362 4325 1465 4379 fuit
1515 4324 1833 4378 necessario
1864 4323 2112 4375 decimus
2143 4321 2308 4389 septi-

734 4440 857 4478 tntts
891 4421 1205 4475 Dhul-llaia:
1242 4418 1448 4472 mensis
1495 4416 1710 4469 Arahici
1740 4454 1754 4479 ,
1785 4414 2054 4481 siquidem
2088 4412 2131 4465 is
2162 4413 2307 4464 ince-

735 4517 838 4585 pit,
874 4513 959 4584 lP.
990 4510 1119 4582 504]
1157 4521 1213 4564 ut
1245 4520 1327 4565 est
1369 4511 1590 4569 dictum,
1637 4523 1667 4560 a
1696 4506 1781 4559 die
1813 4507 1880 4558 15
1914 4504 2107 4558 Martii.
2144 4503 2308 4555 Porro
2337 4541 2387 4600 Β

736 4609 801 4662 ad
837 4609 975 4660 diem
1012 4604 1081 4659 29
1113 4604 1324 4668 Martii,
1379 4617 1497 4670 quzc
1547 4599 1769 4652 Pascha:
1801 4598 2077 4652 Dominica
2113 4595 2233 4657 fttit,
2264 4596 2306 4648 si

736 4711 848 4753 tres
868 4698 1034 4751 ferias
1060 4697 1342 4765 adjungas,
1362 4694 1680 4754 secundam,
1712 4692 1925 4745 tertiam
1958 4699 2009 4741 et
2038 4697 2309 4756 quartam,

738 4793 879 4846 hanc
931 4790 1174 4857 profecto
1225 4786 1470 4840 ultimam
1530 4784 1771 4837 residere
1822 4781 2197 4849 deprehendes
2255 4779 2308 4831 in

736 4884 991 4938 Kaleudts
1028 4879 1230 4949 Aprilis
1264 4877 1483 4939 Juliani,
1518 4878 1570 4930 in
1625 4889 1760 4943 quas
1797 4874 1985 4927 incidit
2018 4873 2309 4926 vicesimus

736 4978 855 5030 dies
906 4973 1123 5027 Arahiei
1184 4968 1520 5025 Dhul-llaite.
1580 4966 1721 5036 Ergo
1785 4966 2080 5019 vicesimus
2144 4962 2310 5015 Dhul-

742 5069 887 5121 lianc
940 5080 1084 5118 tumo
1137 5063 1351 5129 llegirtn
1403 5060 1508 5116 680
1569 5060 1668 5115 fuit
1722 5060 1836 5113 dies
1893 5057 2142 5110 Mercurii
2200 5056 2313 5107 sive

740 5169 930 5228 quarta
986 5160 1149 5221 feria;
1203 5157 1295 5224 qui
1373 5164 1493 5208 erat
1566 5153 1843 5208 secundus
1892 5147 2313 5215 chronologicus

741 5258 1025 5305 character
1073 5263 1310 5309 annum,
1346 5259 1453 5314 quo
1498 5254 1579 5297 est
1634 5241 1816 5295 Ahaka
1863 5251 2145 5303 mortuus,
2181 5238 2315 5290 insi-

743 5346 957 5412 gniens.
988 5342 1167 5405 Quare
1201 5340 1343 5391 hunc
1366 5339 1747 5403 imperatorem
1783 5330 2173 5397 Mogulensium
2209 5343 2313 5382 non

742 5449 887 5487 anno
922 5433 1127 5501 "Pgle
1186 5431 1324 5495 681,
1393 5439 1450 5482 ιιι
1496 5440 1778 5497 perperam
1826 5426 1878 5476 in
1928 5422 2314 5488 Ahulpharagzii

746 5527 1019 5580 Chronico
1071 5522 1369 5586 serihitur,
1418 5523 1512 5573 sed
1562 5514 1888 5587 praecedenti
1948 5512 2159 5581 lit-gica:
2215 5510 2318 5563 (180

744 5623 929 5673 vivere
958 5633 1021 5671 ac
1054 5631 1279 5685 regnare
1308 5613 1537 5668 desiisse
1564 5611 1855 5665 tenendum
1899 5622 1996 5676 pro
2023 5615 2176 5659 certo
2213 5612 2314 5655 est.

750 5714 901 5767 Unde
934 5727 1050 5779 qme
1082 5708 1328 5778 proxime
1358 5705 1717 5759 antecessisse
1765 5702 1873 5755 illic
1922 5700 2174 5751 dicuntur
2203 5696 2318 5763 ejus

744 5806 954 5859 ottilutn
986 5802 1356 5871 expeditiones
1409 5795 1803 5865 Mogulettsium
1838 5795 1888 5849 in
1925 5790 2137 5859 Syriam
2175 5789 2320 5854 date,

2386 555 2689 624 Kungortai
2728 564 2904 622 empta
2938 569 3108 607 verno
3166 562 3408 620 tempore
3454 556 3580 607 anni
3632 555 3845 623 llegiraz
3873 556 3979 611 679

2388 650 2564 702 hieme
2612 649 2739 700 anni
2776 647 3016 712 ejusdem
3064 650 3410 700 termiuetur.
3450 647 3639 700 Postea
3691 665 3814 703 vere
3851 650 3977 701 anni

2389 741 2668 809 sequentis
2714 740 2923 807 llegirac
2958 739 3085 801 080,
3128 739 3375 792 nuntiata
3408 756 3541 792 nova
3589 741 3850 810 Syrorum
3886 742 3984 792 de—

2391 834 2666 897 fectione,
2716 849 2782 887 eo
2862 833 3055 900 Munga
3128 833 3411 895 'l'inturus,
3460 834 3724 886 minimus
3778 832 3981 887 Ahalae

2389 922 2747 988 fratcr,cum
2823 925 3068 976 exercitu
3140 921 3531 991 MoguICttsiutn
3588 926 3979 993 quinquaginta

2391 1016 2621 1069 millium
2676 1015 2939 1080 moverit,
2990 1014 3195 1067 habens
3246 1026 3505 1083 praeterea
3540 1030 3721 1067 secum
3750 1016 3982 1070 sociatos

2391 1108 2752 1161 Armenorum
2817 1106 3027 1173 copias,
3073 1120 3198 1174 rege
3238 1106 3357 1174 ipso
3393 1108 3660 1158 Armenia!
3696 1108 3975 1161 ductante.

2393 1197 2454 1251 lli
2528 1198 2689 1252 simul
2740 1214 2931 1252 omnes
2993 1214 3113 1251 cum
3167 1198 3319 1270 Syris
3376 1208 3432 1252 et
3489 1199 3763 1270 Egyptiis
3814 1200 3981 1254 dubio

2392 1291 2564 1345 Marte
2592 1292 2730 1345 inter
2778 1290 3002 1344 llatnam
3037 1301 3087 1343 et
3116 1290 3402 1345 lientesam
3429 1293 3818 1347 conflixerunt.
3850 1294 3980 1346 lude

2392 1382 2587 1449 Mttnga
2639 1382 2896 1436 Timnrus
2946 1397 3007 1435 se
3057 1381 3123 1434 ad
3177 1381 3421 1435 Ahakatn
3465 1383 3733 1448 recipiens
3764 1398 3885 1433 cum
3924 1384 3976 1434 in

2393 1473 2836 1538 Mesopotamiam
2867 1474 3229 1540 pervenisset,
3258 1474 3330 1526 ihi
3358 1490 3421 1527 ex
3459 1489 3669 1526 veneno
3703 1490 3799 1542 per
3827 1474 3980 1528 frau-

2395 1564 2519 1616 dem
2548 1564 2844 1633 propinate
2898 1565 2949 1616 in
2981 1564 3177 1618 itinere
3212 1580 3406 1618 versus
3438 1566 3648 1619 Ntsihin
3676 1568 3979 1620 esstinctus

2393 1667 2500 1719 cst,
2556 1655 2897 1730 eerutndem'
2929 1656 3188 1710 videlicet
3233 1658 3444 1711 insidiis
3492 1661 3581 1726 qni
3647 1677 3751 1713 non
3808 1664 3981 1713 multo

2394 1760 2518 1817 post
2546 1749 2787 1803 Ahakatn
2820 1751 2996 1823 ipsum
3041 1752 3159 1819 pari
3214 1754 3419 1805 scelere
3478 1769 3541 1807 ac
3574 1756 3697 1808 doio
3729 1771 3981 1822 pereme-

2329 1840 2372 1895 B
2406 1854 2528 1896 runt
2563 1862 2574 1896 :
2617 1858 2741 1896 nam
2776 1842 3000 1897 effectus
3032 1853 3139 1896 tam
3170 1845 3369 1911 gemini
3413 1856 3558 1899 recte
3594 1849 3683 1898 uni
3715 1859 3767 1901 et
3801 1849 3977 1901 eidem

2397 1935 2737 2004 imputantur
2770 1950 2971 1997 causae,
3004 1935 3129 1989 odio
3171 1939 3530 2003 quorumdam
3565 1940 3977 2005 cenjuratorum

2398 2026 2452 2079 iu
2511 2026 2708 2081 Ahakae
2754 2027 2994 2082 domum.
3046 2027 3116 2081 At
3162 2029 3229 2084 de
3282 2029 3366 2083 his
3432 2046 3533 2099 pro
3578 2033 3823 2087 instituto
3858 2032 3981 2102 plus

2398 2120 2557 2174 Satis.

2492 2299 2608 2354 XV.
2670 2301 2868 2355 Abake
2937 2312 3154 2356 mortuo
3211 2307 3475 2360 successit
3530 2308 3647 2377 ejus
3693 2310 3982 2365 insidiator

2399 2393 2671 2448 Ahmedes
2703 2403 2757 2446 et
2802 2393 2918 2461 ipse
2960 2395 3102 2448 filius
3133 2395 3361 2461 llulacu,
3408 2398 3499 2450 sed
3532 2400 3634 2452 alia
3672 2411 3846 2453 matre
3878 2418 3981 2455 na-

2403 2496 2507 2549 tus,
2556 2501 2618 2539 ex
2657 2501 2762 2555 qua
2823 2497 3187 2555 prmterquam
3239 2491 3575 2543 novercalem
3641 2491 3693 2544 in
3739 2492 3981 2546 Ahakam

2400 2581 2637 2632 animum
2671 2580 2888 2632 trahere
2913 2578 3111 2646 potuit,
3145 2581 3308 2635 etiam
3343 2564 3631 2636 instinctus
3662 2585 3880 2638 viuetur
3914 2588 3982 2640 ad

2401 2672 2647 2723 etnndem
2689 2669 2928 2724 Ahaisant
2966 2672 3300 2739 perdendum
3361 2673 3485 2727 odio
3542 2676 3870 2733 ﬁtitistiana:
3898 2693 3985 2730 re-

2402 2762 2638 2829 ligionis,
2671 2762 2826 2829 cujus
2858 2763 3121 2815 cultorem
3165 2760 3619 2823 fuisse-,tAhakant
3653 2766 3801 2818 clare
3835 2768 3981 2820 aiiir-

2405 2863 2515 2905 mat
2572 2846 3029 2927 Ahulpharagius,
3066 2854 3189 2903 dum
3241 2868 3364 2906 eum
3420 2855 3728 2908 ceiehtasse
3780 2859 3985 2911 fessum

2406 2947 2621 3000 piht‘itr!
2659 2963 2762 2999 una
2799 2964 2921 3001 eam
2956 2945 3287 3000 Christianis
3321 2947 3535 3001 scriLit.
3583 2949 3753 3017 linjus
3780 2952 3985 3005 Alime-

2406 3041 2486 3090 dis
2544 3048 2662 3091 acta
2717 3039 3054 3106 principatus
3113 3039 3295 3092 omnia
3345 3042 3658 3108 rediguntur
3712 3043 3763 3093 in
3819 3058 3997 3109 unam

2405 3130 2672 3200 prolixam
2705 3130 2989 3195 epistulam
3038 3131 3092 3181 in
3136 3134 3660 3186 commendationem
3720 3136 3988 3189 Alcurani

2406 3232 2458 3273 ct
2503 3220 2909 3286 superstitionis
2952 3219 3323 3275 Malmmeticte
3356 3224 3420 3275 ad
3454 3227 3647 3276 Stlildlh
3673 3242 3722 3278 ιιι
3760 3226 3987 3297 Egypti

2406 3312 2701 3377 scriptam,
2766 3327 2929 3377 quam
2973 3311 3409 3382 Altulpharagius
3460 3317 3674 3377 recitat,
3721 3321 3992 3373 continuo

2408 3401 2656 3453 referens
2693 3400 3063 3466 indulgentem
3097 3402 3392 3456 Ahtnedem
3421 3404 3617 3457 dudum
3654 3407 3821 3475 820
3854 3424 3993 3462 eou-

2407 3505 2563 3561 eepto
2612 3494 2663 3547 in
2703 3492 2900 3546 Ahaltte
2962 3494 3221 3548 familiam
3282 3494 3478 3558 furori,
3537 3500 3660 3550 dum
3706 3500 3990 3568 A-gttnem

2409 3584 2609 3638 Ahaitzn
2660 3585 2825 3638 filunn
2864 3585 3050 3638 studet
3090 3588 3420 3654 opprimere,
3477 3592 3541 3639 ah
3577 3604 3641 3642 eo
3695 3600 3750 3644 et
3790 3594 3842 3645 ci
3875 3602 3995 3646 stu-

2412 3680 2659 3757 dentihus
2713 3678 2882 3732 fuisse
2921 3678 3378 3739 corrpreltensutn
3408 3691 3455 3730 et
3490 3682 3749 3733 cnsmdia:
3784 3686 3995 3737 manci-

2410 3760 2591 3838 patutn
2621 3771 2709 3822 die
2754 3769 3009 3822 Mercurii
3036 3768 3247 3822 Jomadi
3282 3772 3480 3838 prioris
3512 3774 3825 3836 undet-imo,
3856 3775 3992 3829 anni

2412 3863 2625 3930 llegirte
2679 3862 2809 3926 685,
2866 3863 2958 3931 qui
3015 3862 3223 3928 incepit
3279 3877 3309 3915 a
3369 3864 3455 3917 die
3497 3863 3567 3917 20
3623 3864 3800 3917 Martii
3844 3880 3994 3919 anno

2408 3954 2614 4007 Christi
2669 3953 2827 4007 tQSt.
2880 3954 2973 4006 Est
3050 3952 3259 4008 Jomadi
3319 3956 3467 4023 prior
3519 3956 3742 4023 qttintus
3791 3958 3993 4009 ordine

2413 4044 2612 4099 mensis
2647 4045 2698 4097 in
2728 4060 2866 4096 anno
2894 4044 3161 4109 Arabieov;
3196 4048 3349 4113 cujus
3384 4046 3640 4099 Kalendae
3669 4062 3695 4097 a
3739 4047 3809 4098 20
3843 4047 3991 4099 Mar-

2410 4140 2465 4189 tii
2505 4146 2800 4190 numeratae
2857 4136 3102 4189 incidunt
3170 4138 3221 4189 in
3285 4139 3551 4192 decimum
3596 4155 3806 4193 S‘Xttlltl
3858 4140 3990 4195 Julii

2411 4230 2529 4298 ejus
2588 4227 2789 4281 Chrisu
2846 4227 2970 4279 anni
3016 4227 3155 4281 1284
3207 4228 3499 4282 hissextilis
3532 4270 3545 4295 ,
3587 4230 3740 4296 cujus
3795 4233 3992 4301 cyelus

2411 4322 2544 4376 solis
2572 4318 2672 4372 fuit
2702 4319 2733 4371 5
2761 4329 2811 4371 et
2846 4319 3024 4372 littera
3082 4319 3438 4375 Dominiealis
3476 4321 3514 4373 li
3553 4325 3618 4386 Α,
3656 4326 3797 4377 unde
3842 4336 3995 4393 patet

2414 4413 2757 4465 undecinmm
2789 4409 2999 4464 Jomadi
3035 4412 3229 4479 prioris
3258 4426 3443 4464 revera
3478 4413 3642 4465 fuisse
3672 4418 3809 4465 diem
3846 4417 3994 4468 Mer-

2415 4505 2549 4556 curii
2583 4519 2598 4557 :
2633 4504 2754 4555 talis
2789 4502 2931 4555 enim
2981 4500 3083 4553 fuit
3116 4501 3249 4554 feria
3283 4501 3352 4554 26
3385 4504 3499 4555 dies
3543 4502 3690 4566 .lu!3i,
3727 4522 3849 4558 cum
3889 4522 3996 4559 un-

2414 4596 2625 4648 decimo
2665 4594 2750 4647 die
2781 4592 2994 4645 Jomadi
3033 4594 3231 4661 prioris
3275 4595 3607 4648 coincidens.
3642 4593 3759 4647 Jant
3810 4606 3927 4649 tum
3961 4614 3990 4649 a

2414 4685 2599 4738 clauso
2630 4688 2682 4737 in
2710 4698 2932 4736 carcere
2968 4683 3208 4735 Ahmede
3240 4692 3404 4750 cmptt
3427 4683 3822 4749 Mogulensiunt
3853 4702 3994 4740 con-

2413 4792 2575 4830 sensu
2651 4777 2921 4844 imperare
2973 4779 3152 4843 Argutt
3197 4775 3355 4828 titulo
3405 4775 3605 4829 Chattis
3667 4790 3993 4847 assumpto;

2416 4884 2539 4921 nam
2602 4868 2862 4934 dvinccps
2920 4864 3281 4933 Argtm-Chau
3346 4874 3429 4918 est
3481 4865 3675 4920 dictus.
3742 4867 3999 4923 Meminit

2418 4959 2577 5025 hujus
2612 4957 2983 5026 Paeltyutercs
3019 4973 3071 5024 p.
3120 4956 3223 5009 527
3266 4958 3517 5024 Argauen
3557 4956 3731 5011 Κςιιιὶιι
3768 4976 3993 5017 vocans.

2416 5053 2760 5101 Censuerunt
2818 5059 3000 5099 autem
3043 5048 3317 5116 principes
3357 5050 3679 5113 Ahtnedetu,
3735 5059 3789 5102 ιιι
3828 5056 3999 5106 cadis

2417 5139 2886 5192 Anticliae-Chattis
2925 5154 3095 5202 reum,
3146 5139 3267 5204 jure
3317 5153 3479 5206 pOSSe
3529 5142 3791 5205 interfici;
3831 5143 4000 5213 idque

2418 5246 2669 5290 auctores
2704 5236 2804 5303 ipsi
2855 5234 3077 5300 juhmtdi
3116 5245 3294 5288 erant.
3341 5236 3534 5289 Verum
3586 5238 3670 5291 ille
3702 5241 3997 5303 recusavit,

2420 5328 2549 5379 satis
2591 5328 2793 5378 hahens
2844 5324 3143 5377 Ahutedem
3178 5324 3361 5389 ,matri
3410 5324 3711 5393 liungortai
3745 5338 3799 5380 et
3834 5331 4002 5396 hujus

2423 5418 2548 5470 filiis
2581 5416 2801 5480 dedere,
2852 5417 2943 5484 qui
2980 5432 3101 5468 eum
3139 5417 3459 5470 occiderunt
3508 5418 3559 5469 in
3597 5418 3861 5470 ultionem
3899 5436 4002 5489 pa-

2423 5522 2589 5563 terna:
2621 5510 2784 5563 czedis
2814 5508 2900 5562 die
2925 5507 2961 5561 Ξ
3002 5506 3212 5561 Jomadi
3258 5509 3598 5575 posterioris,
3631 5526 3747 5575 quae
3779 5512 3899 5565 dies
3944 5514 4000 5566 in

2421 5602 2610 5655 feriam
2644 5601 2770 5653 item
2806 5610 3053 5669 quartam
3088 5602 3300 5662 incidtt,
3340 5609 3393 5651 ut
3431 5601 3507 5653 ait
3558 5602 4005 5673 Abulpharagins

2422 5703 2470 5747 et
2506 5710 2689 5747 verum
2748 5694 3023 5758 cernitur,
3060 5692 3327 5760 siquidem
3386 5691 3598 5747 Jomadi
3654 5696 4001 5764 posterioris,

2423 5790 2558 5843 sexti
2593 5788 2791 5843 mensis
2840 5786 3097 5851 Arabum,
3152 5787 3268 5843 dies
3317 5787 3587 5842 secundus
3623 5786 3674 5839 in
3729 5786 3877 5841 diem
3938 5808 4009 5843 ut
