4194 6444
757 339 866 404 833

1607 339 1672 399 P.
1708 336 2008 398 POSSlNl
2051 334 2704 396 OBSERVATIUNUM
2752 333 2898 392 LIB.
2936 332 3050 392 Ill.

3900 331 4006 395 884

760 468 866 524 qna
913 468 945 509 e
971 452 1188 525 p0pulo,
1222 452 1314 524 qui
1351 465 1518 508 novas
1553 449 1680 503 alibi
1713 462 1958 519 quaerere
2006 451 2159 503 sedes
2196 447 2329 503 mal-
2360 454 2408 508 Α
2436 452 2584 503 dere.
2620 447 2907 516 lnnuitque
2939 447 3003 500 ad
3039 445 3091 500 id
3119 445 3392 500 adhibitos
3421 460 3451 500 a
3485 444 3798 518 Byzantinis
3831 447 4020 518 Augu-

761 547 880 601 lent
929 561 1088 612 quam
1140 546 1193 599 in
1247 546 1420 615 patria
1471 541 1700 604 servire,
1756 541 1808 594 in
1838 541 2020 594 Asiam
2064 540 2327 594 minorem

769 636 874 690 iter
921 635 1176 690 intendit.
1207 634 1311 689 Sed
1346 635 1472 688 dum
1538 634 1748 686 incerto
1805 632 1945 685 vado
1998 629 2330 698 Euphratem

766 726 985 794 trajicit,
1015 729 1170 797 aquis
1201 728 1395 782 hausto
1422 727 1664 780 Solitnan
1699 725 1902 787 Shaho,
1949 738 1980 777 e
2025 722 2196 776 tribtts
2240 719 2332 788 qui

765 819 883 886 ejus
911 817 1089 887 fugam
1122 820 1517 873 comitabantur
1546 818 1669 871 ﬁliis
1699 819 1804 869 duo
1837 817 2066 882 priores,
2122 811 2335 866 Satiknr

766 907 933 976 Zengi
962 919 1014 962 et
1041 909 1154 961 (Iun
1188 909 1378 975 'l'ngdi,
1413 909 1692 961 redierunt
1723 908 1775 959 itt
1809 905 2107 964 Persidem,
2140 904 2334 955 tertius

766 998 1082 1066 Ortogrttles
1126 1000 1321 1052 ibidem
1377 999 1442 1052 ad
1471 1000 1612 1067 ripas
1669 997 1956 1065 Euphratis
2001 993 2333 1046 domicilium

768 1092 909 1155 fixit,
941 1092 1157 1159 illieque
1189 1092 1279 1144 diu
1315 1101 1551 1144 moratus
1582 1099 1693 1143 tres
1722 1088 1973 1142 educavit
2005 1087 2164 1150 filios,
2193 1086 2336 1138 Cun-

768 1184 984 1247 tlozum,
1013 1184 1355 1237 Sartthannm
1393 1193 1446 1235 et
1471 1182 1820 1235 Otbnienem.
1846 1180 2050 1233 Verum
2085 1193 2204 1229 cunt
2241 1192 2336 1228 an-

766 1284 922 1340 guste
955 1274 1400 1339 incommodeqtte
1429 1273 1765 1331 habitarent,
1815 1269 2098 1323 Sarubano
2130 1268 2239 1321 lilio
2268 1267 2336 1319 ad

766 1363 1055 1418 Aladinum
1090 1365 1254 1418 lconii
1281 1374 1554 1431 satrapam
1576 1365 1753 1430 legato
1791 1363 1954 1414 missu
1989 1361 2212 1428 supplex
2246 1373 2338 1426 pe-

769 1454 855 1507 tiit
895 1455 962 1508 ab
991 1471 1054 1506 eo
1085 1455 1349 1522 assignari
1384 1455 1484 1506 sibi
1513 1454 1692 1507 locum
1743 1453 1828 1505 ubi
1876 1465 1995 1505 cum
2029 1449 2211 1503 liberis
2239 1449 2336 1503 de-

767 1554 916 1613 geret
968 1546 1021 1598 itt
1053 1547 1210 1600 terris
1260 1546 1429 1614 ipsius
1476 1545 1716 1598 ditionis.
1753 1543 1956 1596 Annuit
1997 1553 2235 1609 satrapa,
2285 1548 2339 1594 et

769 1634 1043 1704 Ortogruli
1089 1637 1336 1704 permisit
1386 1646 1442 1688 ιιι
1475 1651 1597 1689 eum
1641 1636 1756 1688 suis
1789 1635 2043 1700 migraret
2076 1635 2128 1686 in
2165 1632 2338 1700 regio-

768 1740 890 1780 nem
923 1727 1083 1779 sitam
1134 1727 1270 1778 inter
1317 1737 1524 1779 montes
1595 1724 1900 1791 'f‘umalagii
1957 1731 2010 1776 et
2045 1723 2330 1775 Arms-nite.

771 1818 1095 1886 Karaiaptag
1129 1819 1177 1872 ei
1231 1819 1347 1872 loco
1390 1832 1585 1871 nomen
1615 1816 1739 1876 fuit,
1798 1832 1961 1883 quem
2006 1815 2201 1868 insedit
2237 1813 2336 1866 0r-

769 1911 1007 1978 logrulcs
1064 1919 1212 1961 tanto
1256 1923 1484 1962 nttntet'o
1554 1924 1774 1960 suorum
1821 1917 1877 1959 ut
1946 1905 2336 1974 quadringenta

771 2003 1003 2054 tentoria
1037 2002 1148 2055 illic
1180 2001 1282 2054 fixa
1315 2001 1620 2068 explerent.
1686 2000 1816 2052 lium
1847 1998 1916 2050 ibi
1947 2008 2167 2051 strenue
2201 1995 2337 2048 mul-

772 2095 840 2147 tis
891 2095 1070 2157 annis,
1110 2095 1336 2147 limitem
1375 2103 1555 2146 tutans
1596 2104 1647 2144 ct
1673 2091 1929 2158 auspiciis
1957 2089 2169 2144 Aladitti
2194 2091 2341 2156 prin-

768 2188 906 2254 cipis
951 2186 1246 2239 lumiensis
1276 2185 1504 2237 leniter
1550 2185 1808 2244 ttziiitans,
1865 2181 2180 2251 ()rtugrules
2218 2196 2341 2249 ges-

769 2277 861 2334 sit.
908 2277 1102 2345 magni-
1132 2275 1200 2326 ob
1244 2275 1343 2327 hoc
1400 2277 1466 2326 ah
1513 2275 1597 2326 illa
1645 2275 1860 2329 habitus
1915 2281 1967 2326 tt
2005 2273 2339 2326 desideratus

767 2369 931 2438 8,27
995 2383 1116 2421 cum
1175 2369 1280 2419 late
1336 2368 1550 2419 fractas
1593 2376 1696 2430 est,
1737 2366 1875 2431 quod
1937 2365 2164 2433 contigit
2196 2379 2340 2418 anno

768 2459 976 2528 llegirtv
1034 2461 1162 2523 {187,
1213 2461 1300 2529 qui
1357 2460 1513 2527 cirpit
1550 2477 1576 2509 ει
1644 2460 1728 2510 die
1783 2457 1813 2509 [ἶ
1862 2455 2136 2510 l-‘ebrttaiii
2193 2471 2341 2508 anno

769 2552 970 2608 Christi
1006 2553 1157 2604 Ιίέἓλὸ.
1203 2551 1384 2604 ihercs
1414 2549 1714 2618 ()rtugrulis
1779 2550 2013 2603 Othntan
2084 2549 2204 2611 fuit,
2253 2545 2338 2598 cui

772 2655 831 2699 ιιι
859 2646 912 2699 in
947 2645 1292 2713 ii;i.-.i':iptagi
1315 2644 1619 2710 principatu
1660 2643 1794 2711 patri
1827 2644 2034 2694 ειμι-νὼ
2058 2650 2136 2692 ret
2173 2653 2339 2706 prono

770 2739 956 2791 favore
987 2737 1250 2789 Aladittus
1291 2736 1536 2797 indulsit,
1575 2745 1624 2785 et
1662 2751 1802 2796 cum,
1840 2735 2013 2800 ιιιιςιιιι
2065 2732 2179 2798 ipse
2215 2747 2336 2796 pcr-

770 2831 909 2883 stitit
951 2834 1000 2882 in
1051 2830 1307 2897 petentia,
1353 2828 1629 2880 lteltclitiis
1685 2826 1837 2878 luxit.
1880 2827 1945 2877 ΧΑ(
1992 2841 2075 2873 ιζτιι
2111 2824 2168 2874 .⁴.ζ
2195 2841 2204 2870 ~.
2235 2825 2338 2873 iizzn

770 2932 826 2976 et
856 2921 1013 2974 annis
1065 2921 1174 2990 jam
1237 2918 1488 2972 ftaciue'.
1524 2919 1718 2986 opibus
1779 2918 2065 2977 tii.‘t:i.3'.2't‘.,
2129 2923 2185 2966 ιιι
2231 2914 2337 2975 iam

771 3015 1004 3083 amplius
1052 3013 1216 3067 armis
1251 3013 1635 3081 Μιιειςὲιιιιδὶιιςιι
1683 3010 1781 3060 se!)
1845 3011 1920 3059 (.‘.
1966 3011 2044 3059 ἰ.ιιι
2082 3009 2336 3074 etApnga

772 3109 826 3161 in
863 3107 980 3159 istis
1005 3106 1248 3172 partibus
1279 3104 1684 3172 praevaleatiutn
1733 3117 1792 3152 ac
1833 3113 2020 3151 c::s.::'t.t
2053 3100 2340 3166 ςυίιξιςυῖ-

770 3198 903 3252 tium
977 3213 1074 3262 per
1142 3197 1467 3249 ειιπιὶιξι-ιιιιίς
1508 3195 1646 3244 ιι,.ιῑι1
1713 3193 1866 3252 ἴτω-ε,
1923 3207 2006 3244 t'cs
2056 3191 2155 3242 sibi
2210 3206 2336 3240 snas

770 3302 931 3355 agere
958 3287 1251 3339 Ozlnnattcs
1281 3283 1463 3349 coepit,
1508 3291 1557 3331 et.
1597 3283 1824 3348 promis:
1855 3280 2114 3346 auspiciis
2151 3279 2204 3330 in
2237 3278 2340 3329 llo-

773 3380 918 3432 ntaui
952 3377 1163 3444 imperii
1196 3374 1498 3444 provincias
1530 3375 1782 3439 itrttatpe;
1814 3389 1847 3428 ·,
1878 3388 1980 3423 non
2015 3371 2208 3436 pne-dis
2242 3384 2334 3419 se-

769 3472 883 3525 lum
916 3470 1038 3522 inde
1089 3467 1366 3536 abigendis
1399 3467 1664 3526 intentus,
1708 3465 1799 3515 sed
1838 3475 1892 3515 et
1926 3463 2145 3516 arcibus
2175 3472 2336 3529 atque

773 3560 994 3615 urbibus
1022 3559 1213 3610 ibidem
1253 3557 1602 3625 occupandis.
1633 3555 1784 3619 Quod
1827 3561 2058 3621 emptum
2114 3567 2237 3603 eum
2286 3552 2336 3606 ei

769 3667 837 3705 ex
865 3661 991 3705 voto
1013 3649 1386 3710 SIICCCSSiSSt‘i,
1419 3647 1739 3715 Cthllgllali‘a'
1766 3655 1818 3698 et
1847 3645 2096 3712 przcsidiu
2117 3659 2337 3697 suorum

772 3743 997 3798 inseSsis
1029 3741 1218 3794 validis
1252 3739 1572 3808 quibusdam
1609 3737 2016 3800 munitionibus,
2072 3736 2211 3790 unde
2259 3751 2341 3788 re-

770 3837 986 3905 gionum
1057 3832 1163 3886 illis
1227 3830 1586 3898 adiacentium
1672 3826 1831 3879 facile
1884 3827 2177 3878 dominium
2237 3825 2339 3879 sibi

772 3914 1093 3998 perpetuum
1126 3932 1413 3985 assereret,
1447 3920 1671 3973 sultanis
1706 3928 1816 3971 tum
1847 3916 2339 3992 dcmanthtnan,

771 4023 874 4073 hoc
906 4029 985 4072 est
1027 4014 1263 4083 supremi
1292 4012 1550 4080 principis
1573 4049 1587 4072 ,
1624 4009 1836 4062 titulutn
1894 4008 2068 4077 palam
2106 4022 2341 4076 usurpa-

773 4116 868 4177 rit,
901 4127 1044 4167 anno
1092 4109 1301 4178 llegitae
1357 4105 1478 4163 699.
1516 4104 1672 4171 cujus
1703 4103 1958 4156 Kalendae
2010 4101 2340 4157 Multarrami

772 4208 1080 4262 inciderunt
1139 4204 1191 4256 itt
1240 4203 1382 4255 diem
1433 4198 1503 4253 28
1563 4195 1899 4266 Septembris
1959 4195 2087 4250 anni
2137 4195 2339 4249 Christi

772 4300 934 4355 19.99.

845 4393 935 4448 Ill.
979 4390 1253 4445 llactenus
1285 4388 1451 4442 relata
1482 4387 1550 4443 de
1580 4385 1866 4442 Othmanis
1895 4381 2207 4453 primordiis
2236 4387 2344 4434 tra-

770 4486 910 4540 dunt
955 4482 1162 4536 Arabes
1212 4480 1549 4548 scriptores;
1602 4493 1723 4531 cum
1778 4477 1974 4544 quibus
2024 4486 2342 4541 comparare
2376 4505 2416 4556 υ

770 4575 1002 4644 sparsim
1032 4574 1100 4627 de
1131 4572 1217 4626 his
1246 4579 1454 4625 asserta
1489 4586 1517 4623 a
1555 4571 1907 4639 Pachytnere.
1945 4582 2006 4619 ac
2036 4581 2197 4634 quam
2231 4567 2343 4618 hmc

771 4667 840 4720 iis
873 4676 996 4734 apte
1029 4671 1333 4733 congruant
1365 4662 1687 4724 ostendere,
1719 4660 1861 4714 labet
1900 4659 2157 4725 deinceps
2190 4671 2345 4710 meus

773 4759 864 4812 sit.
899 4754 1174 4823 Principio
1206 4760 1392 4820 repeto
1427 4765 1550 4819 quae
1584 4751 1639 4802 in
1673 4750 1790 4818 ipso
1821 4747 1904 4801 sui
1939 4746 2123 4816 operis
2156 4745 2345 4798 limine

775 4859 963 4902 nosmr
992 4844 1284 4898 historicus
1315 4841 1484 4910 partis
1513 4856 1550 4899 ι,
1583 4839 1624 4892 ι.
1658 4854 1693 4902 l,
1725 4853 1752 4890 a
1781 4853 1832 4891 c.
1863 4838 1896 4891 5
1924 4837 1990 4890 ad
2020 4837 2052 4890 6
2083 4836 2202 4889 fuse
2231 4835 2346 4889 dis-

777 4937 913 4992 serit
942 4937 1010 4989 de
1041 4934 1260 4988 arcibus
1293 4932 1480 4985 limitis
1513 4928 1803 4983 Orientalis
1839 4928 2092 4982 Romanae
2124 4926 2344 4980 ditionis

775 5039 966 5084 contra
1005 5027 1277 5080 Persidem
1316 5025 1491 5091 deque
1528 5022 1740 5075 illarum
1782 5029 2062 5074 momento
2101 5020 2166 5074 ad
2204 5029 2342 5074 tute-

775 5121 880 5173 lam
915 5117 1167 5186 imperii;
1202 5127 1313 5169 tum
1344 5117 1412 5168 de
1442 5107 1570 5167 cura
1593 5152 1608 5174 ,
1641 5126 1748 5179 qua
1778 5127 1870 5164 eas
1903 5111 2132 5178 amplexi
2166 5111 2341 5164 domi-

775 5218 974 5261 nantes
1007 5205 1200 5259 Nicaeae
1233 5213 1353 5272 post
1387 5205 1638 5256 amissam
1673 5201 2206 5269 Constantinopolim
2242 5201 2344 5254 int-

777 5307 1056 5368 peratores
1111 5295 1280 5350 Gtaeci
1338 5294 1542 5364 Optime
1599 5293 1977 5365 consuluerint
2034 5293 2344 5360 reipublic:e

775 5388 1086 5444 numerosis
1123 5389 1360 5441 virorum
1405 5385 1623 5439 fortium
1668 5385 1933 5454 praesidiis
1974 5385 2026 5437 in
2069 5401 2135 5438 eo
2175 5386 2344 5438 limite

774 5480 1153 5541 auctorandis,
1183 5494 1307 5531 cum
1337 5479 1608 5545 largorum
1638 5475 2032 5544 stipendiorum
2067 5476 2168 5529 tida
2201 5477 2346 5530 solu-

773 5573 924 5627 tione
955 5572 1019 5623 ad
1051 5571 1192 5624 dietn
1225 5569 1319 5640 [Ρ.
1352 5567 1488 5640 600]
1512 5608 1526 5630 ,
1557 5577 1670 5621 tum
1701 5567 2066 5634 assignatione
2094 5583 2342 5636 agrorum

772 5660 831 5716 in
861 5661 949 5714 illa
977 5659 1172 5715 vicinia
1197 5669 1253 5712 et
1280 5658 1632 5713 concessione
1660 5657 1854 5724 praeda:
1885 5658 2062 5710 omnis
2091 5673 2250 5726 quant
2280 5674 2344 5712 cx

775 5751 960 5810 hostili
1002 5767 1132 5822 agro
1179 5751 1393 5808 infestis
1439 5749 1844 5807 incursionibus
1890 5759 2111 5820 possent
2159 5765 2342 5806 corrao

2367 1785 2415 1843 B

2439 544 2534 596 stis
2561 553 2781 595 exteros
2811 539 3046 607 probatze
3079 539 3293 593 virtutis
3321 549 3377 593 et
3404 539 3758 608 experienti-.e
3787 540 4016 594 bellica-

2437 651 2555 688 rum
2603 650 2822 700 rerutn;
2866 649 3100 703 quorum
3145 633 3347 685 multos
3389 630 3519 694 illic,
3567 646 3675 700 qua
3718 632 3913 700 spoliis
3956 647 4022 686 ex

2436 728 2594 782 hoste
2626 726 2830 795 raptis,
2866 741 2969 793 qua
3001 722 3355 792 pensionibus
3385 737 3508 776 cum
3543 721 3646 776 fide
3679 724 3984 775 numeratis
4005 760 4020 779 .

2436 835 2542 888 qua
2573 820 2841 873 fructibus
2867 818 3120 872 datorum
3155 817 3290 886 ipsis
3322 831 3601 884 agrorum,
3623 831 3858 884 magnas
3887 815 4020 866 ade—

2436 923 2559 982 ptos
2598 912 2816 964 divitias
2853 911 2961 972 ait,
3001 910 3145 964 unde
3181 919 3335 962 tanto
3371 903 3727 960 terribiliores
3770 906 4021 958 hostibus

2437 1005 2664 1069 tierent,
2702 1020 2766 1057 ac
2804 1003 3003 1056 fortius
3039 1009 3450 1070 propugnarent
3484 999 3758 1052 Rmnanas
3793 998 4018 1065 prm‘in-

2437 1092 2568 1155 cias,
2606 1092 2854 1146 barbaris
2901 1091 3089 1158 procul
3126 1091 3264 1143 intra
3304 1090 3544 1158 ipsorum
3583 1097 3756 1142 terras
3787 1089 3872 1141 rel
3909 1097 4020 1140 ter-

2439 1199 2561 1236 rore
2592 1184 2961 1246 continendis,
2996 1183 3081 1236 rel
3113 1183 3162 1235 vi
3196 1183 3495 1247 armisque,
3528 1182 3570 1232 si
3602 1196 3895 1249 erumpere
3924 1195 4018 1231 co-

2438 1281 2726 1338 narentur,
2776 1273 3140 1328 retrudendis.
3189 1274 3308 1326 Non
3354 1273 3565 1325 videtur
3614 1273 3840 1326 dubium
3893 1272 4023 1339 quin

2440 1379 2537 1432 par
2573 1365 2627 1416 in
2665 1365 3001 1418 contrarium
3039 1379 3168 1417 cura
3211 1365 3374 1418 fuerit
3412 1365 3741 1417 infestorum
3780 1363 4025 1415 ltoinano

2441 1456 2649 1509 nomini
2684 1466 2739 1511 et
2771 1457 3093 1510 Christianae
3133 1455 3384 1526 religioni
3429 1457 3829 1510 Saracenorum
3870 1455 4026 1521 prin-

2439 1548 2622 1615 cipum
2647 1587 2661 1609 ,
2699 1558 2790 1600 aut
2825 1545 3108 1601 Persidem
3142 1555 3239 1600 aut
3272 1547 3482 1600 vicinas
3517 1549 3566 1600 ei
3605 1545 3759 1598 limiti
3799 1545 4021 1614 prmiu-

2440 1640 2554 1694 cias
2589 1639 2690 1693 sub
2726 1654 2822 1692 sua
2853 1640 3060 1693 ditione
3098 1639 3445 1703 habentium;
3487 1637 3629 1690 inter
3663 1652 3800 1704 quos
3836 1635 4028 1689 Ala-di-

2443 1747 2543 1783 nus
2575 1730 2674 1784 fuit
2707 1731 2929 1799 dynasta
2962 1730 3147 1802 sedem
3185 1729 3396 1797 imperii
3432 1729 3640 1781 habens
3670 1727 3836 1782 lconii
3861 1769 3874 1789 ,
3907 1743 4030 1795 qute

2442 1833 2526 1875 est
2558 1822 2687 1874 urbs
2721 1821 3001 1890 Lycaoniae
3033 1818 3312 1890 primaria.
3345 1819 3526 1883 Quare
3558 1834 3680 1870 cum
3713 1819 3858 1886 apud
3891 1820 4029 1870 Ara-

2441 1914 2538 1966 bas
2579 1913 2865 1966 historieos
2888 1914 3118 1980 legimus
3155 1921 3440 1965 evocatum
3477 1912 3542 1963 ab
3581 1912 3684 1962 hoc
3718 1924 3781 1961 es
3821 1907 4028 1960 Ttatts-

2442 2003 2788 2070 euphratensi
2841 2003 3063 2070 regione
3137 2000 3482 2066 Ortogrulem
3547 2015 3670 2052 cum
3724 2000 3927 2052 familia
3978 2010 4030 2050 rt

2442 2093 2588 2146 inter
2623 2103 2835 2146 mentes
2867 2092 3173 2162 Tutnulagii
3207 2102 3260 2144 et
3290 2091 3584 2152 Armeniae,
3619 2093 3671 2142 in
3709 2091 3829 2144 loco
3863 2091 4029 2157 cujus

2443 2187 2538 2254 ipsi
2577 2185 2909 2255 toparchiant
2945 2185 3304 2247 concesserit,
3336 2184 3685 2244 collocatum,
3718 2182 4030 2250 intelligete

2441 2280 2706 2331 debemus
2736 2276 2876 2328 illam
2913 2274 3358 2346 Karuiaptugnm,
3387 2275 3662 2344 regionem
3696 2275 4022 2328 attributam

2440 2373 2608 2442 εἶξε
2637 2372 2907 2441 Ortogruli
2940 2371 3008 2424 ah
3038 2372 3286 2435 Aladino,
3321 2371 3487 2424 fuisse
3517 2371 3789 2426 confinem
3826 2370 4028 2422 Benia-

2442 2469 2528 2520 nis
2571 2468 2673 2518 illis
2713 2466 2875 2518 modo
2915 2464 3229 2518 tnenmratis
3271 2464 3525 2528 arcibus;
3567 2476 3619 2517 et
3663 2465 3818 2518 milli
3844 2481 3870 2512 ι⁸
3916 2465 4027 2514 illic

2443 2560 2646 2616 dudum
2673 2563 2983 2614 constituta:
3009 2561 3223 2627 lateque
3252 2557 3608 2612 formidandis
3635 2558 4024 2625 διὲμυιιειῐιιτὶις‹

2445 2670 2561 2706 runt
2595 2664 2903 2706 emerat-um
2937 2651 3194 2704 Romanis
3225 2652 3482 2716 Augestis
3519 2651 3889 2712 militantium,
3925 2666 4027 2718 0p-

2444 2748 2673 2815 p0sitant
2709 2760 2737 2797 a
2769 2744 2981 2798 sultane
3010 2744 3237 2796 Aladino
3274 2743 3432 2796 istam
3468 2743 3748 2808 cuiiurlym
3786 2760 4028 2809 suspica-

2446 2842 2579 2892 tiinu
2602 2841 2671 2891 lin
2691 2849 2875 2890 tunam
2895 2835 3200 2906 Ortogrulis
3219 2850 3444 2904 peregre
3463 2835 3669 2904 appulsi
3693 2833 4024 2894 Tttrcornn',

2443 2932 2532 2999 qui
2547 2930 2940 2998 quadringenta
2955 2929 3060 2981 illic
3079 2927 3426 2980 tabernacula
3441 2927 3965 2995 cetttpleretit,t)ttml
3984 2928 4023 2978 si

2445 3036 2658 3092 tempus
2702 3025 3020 3090 indagemus
3066 3035 3173 3087 quo
3221 3021 3482 3085 migrasse
3529 3018 3889 3086 Haraiaptaga
3917 3037 3946 3065 ιι
3995 3034 4026 3069 e

2445 3114 2560 3181 ripa
2593 3111 2881 3182 Euphratis
2910 3111 3167 3164 ulteriore
3197 3108 3500 3177 Ortogrnlis
3528 3108 3786 3161 familiam
3816 3107 4026 3159 Ᾱικιὶπιι,

2441 3202 2582 3255 indic
2603 3214 2698 3259 :nt.
2731 3203 3060 3270 reperiemus
3096 3200 3210 3252 fere
3240 3199 3533 3252 convenire
3565 3199 3616 3250 in
3653 3198 3750 3264 pri:
3776 3197 4022 3262 cipatuz-i

2440 3292 2665 3346 Ioannis
2707 3295 2977 3353 Batatzae,
3019 3291 3109 3357 qni
3150 3290 3343 3344 Nonne
3384 3289 3587 3342 (inec-is
3630 3289 3917 3351 iisperavit
3959 3289 4027 3339 ait

2441 3401 2584 3438 anno
2627 3385 2756 3437 l223
2791 3385 2856 3437 ad
2898 3383 3056 3443 1255.
3091 3398 3198 3450 qtto
3235 3381 3470 3434 tzzoriens
3504 3396 3884 3432 δυυιρδδηιτιιι
3927 3380 4022 3430 lai-

2441 3474 2558 3528 buit
2588 3474 2936 3528 Theodorum
2966 3473 3156 3525 filium.
3186 3471 3290 3525 Per
3317 3472 3405 3524 illa
3437 3481 3678 3539 tempora
3708 3481 3764 3523 et
3791 3470 3926 3524 inde
3958 3474 4025 3524 ad

2442 3576 2714 3635 receptam
2749 3582 2779 3618 e
2813 3564 3019 3618 Latinis
3053 3562 3586 3631 Constantinopolim
3621 3562 3941 3630 rigentibus
3975 3573 4028 3614 et

2441 3673 2673 3712 numero
2702 3668 2864 3726 atque
2894 3656 3178 3710 alacritate
3211 3655 3632 3723 praevalentibus
3664 3654 4028 3722 prtesidiariis

2443 3749 2848 3803 limitanearum
2876 3749 3086 3801 arcium
3115 3745 3328 3815 imperii
3359 3744 3587 3799 Romani
3617 3755 3807 3798 contra
3839 3745 4023 3799 Persi-

2442 3838 2564 3893 dem
2586 3879 2602 3902 ,
2638 3838 2796 3892 facile
2831 3839 2899 3892 ab
2933 3837 3039 3890 illis
3081 3835 3459 3890 sustinebatur
3492 3837 3727 3904 impetus
3763 3835 4027 3889 barbaro-

2443 3947 2562 3986 rum
2603 3932 2658 3985 iu
2699 3930 3031 4001 quotidianis
3067 3929 3473 3982 velitationibus
3511 3929 3832 3995 plerumque
3873 3928 4018 3980 infe-

2444 4025 2646 4078 riorum
2665 4039 2679 4086 ;
2701 4021 2880 4092 quoad
2905 4020 3146 4090 pessimo
3165 4019 3394 4073 consilio
3414 4027 3666 4087 suggesta
3682 4033 3712 4070 a
3732 4017 4023 4079 (Iliadem,

2442 4116 2672 4171 Michael
2703 4114 3036 4181 Palatologus
3070 4123 3358 4181 postquam
3394 4110 3449 4164 in
3487 4110 3778 4178 imperium
3818 4111 4026 4164 invasit

2443 4206 2858 4276 circumscripto
2889 4205 3094 4274 pupillo
3119 4202 3333 4258 Joanne
3364 4202 3634 4256 Theodori
3668 4202 3925 4255 Lascaris
3961 4207 4026 4254 tio

2444 4293 2536 4358 lio,
2573 4295 2665 4348 ubi
2705 4309 2764 4348 se
2802 4294 3028 4362 potitum
3069 4291 3542 4360 Constantinopoli
3583 4290 3792 4345 Latinis
3834 4305 4025 4359 erepta

2444 4385 2616 4449 vidit,
2649 4385 2738 4438 isti
2772 4383 3087 4454 praesidiarii
3123 4383 3351 4436 Romani
3384 4383 3570 4446 limitis
3599 4384 3784 4436 vexari
3820 4384 4024 4437 tiscali-

2443 4477 2548 4531 bus
2576 4475 2860 4530 calumniis
2889 4483 2946 4528 et
2975 4474 3044 4529 ad
3078 4474 3312 4543 inepiam
3345 4473 3546 4543 redigi,
3577 4475 3864 4544 minuique
3897 4477 4024 4530 inde

2448 4584 2570 4622 eum
2610 4568 2810 4622 animis
2852 4576 2966 4621 tum
3004 4568 3212 4620 viribus
3248 4575 3306 4621 et
3346 4581 3575 4620 numero
3610 4581 3925 4636 coeperunt,
3967 4582 4024 4622 ut

2446 4660 2696 4715 observat
2734 4658 3098 4728 Pachymeres
3139 4657 3362 4711 ibidem.
3400 4656 3629 4722 Quando
3668 4659 4021 4726 potissimum

2445 4752 2739 4822 contigisse
2771 4750 3034 4805 credibile
3065 4758 3179 4814 est,
3213 4749 3357 4818 quod
3393 4748 3600 4802 Arabes
3637 4749 3926 4814 indtcant,
3963 4763 4022 4805 ut

2445 4841 2760 4911 Ortogrules
2780 4855 2903 4894 cum
2930 4840 3044 4893 suis
3065 4853 3323 4908 prospere
3345 4839 3397 4891 in
3420 4837 3696 4892 Romanos
3720 4843 4022 4908 pugnando

2445 4935 2658 4989 laudem
2691 4935 2758 4987 ab
2787 4933 3049 4996 Aladino.
3081 4932 3238 5000 cujus
3271 4932 3530 5001 auspiciis
3563 4931 3833 4986 mibtabat
3853 4973 3870 4997 ,
3905 4949 4022 4990 nte—

2446 5037 2674 5081 reretur.

2515 5116 2604 5172 IV.
2646 5117 2755 5171 Nec
2797 5130 2924 5169 vero
2967 5115 3126 5169 istam
3171 5113 3474 5184 Ortogrulis
3517 5122 3570 5167 et
3616 5113 3856 5170 ﬁliorum
3902 5119 4026 5186 ejus

2445 5209 2705 5262 adversus
2740 5207 3106 5276 praesidiarios
3141 5207 3505 5260 Romanarum
3543 5206 3751 5259 arcium
3786 5223 4022 5276 compa-

2446 5309 2616 5352 ratam
2649 5313 2890 5366 cperam,
2919 5312 2974 5352 et
3004 5299 3284 5366 qtues'ttam
3319 5298 3374 5350 in
3406 5298 3600 5351 vicinia
3632 5312 3698 5351 ex
3729 5311 3889 5366 parte
3919 5303 4020 5354 ad-

2446 5406 2614 5444 versae
2645 5389 2880 5445 Persidis
2905 5390 3191 5445 stationem
3221 5390 3580 5460 Pachymeres
3609 5392 3723 5458 ipse
3753 5390 4023 5446 dissimuo-

2446 5480 2538 5535 lat.
2579 5482 2657 5536 En
2703 5485 2822 5549 ejus
2860 5483 3022 5536 verba
3067 5481 3170 5534 vol.
3214 5481 3265 5542 Ι,
3311 5496 3365 5548 p.
3410 5480 3476 5534 18
3515 5499 3529 5533 ;
3576 5479 3700 5534 Post
3742 5484 3857 5535 hac
3898 5487 4026 5538 viris

2446 5572 2670 5641 [uitibus
2711 5575 2848 5627 inter
2882 5572 3074 5626 Persas
3099 5612 3114 5636 ,
3150 5573 3336 5641 quibus
3374 5573 3541 5626 omnis
3577 5575 3778 5626 uitandi
3813 5592 3936 5642 spes
3976 5590 4023 5629 et

2446 5664 2673 5716 conditio
2707 5663 2761 5716 in
2797 5663 2962 5716 armis
2995 5673 3105 5715 erat
3130 5701 3146 5725 ,
3178 5663 3378 5716 ceteris
3411 5662 3678 5717 inclinatis
3711 5665 3780 5717 ad
3820 5667 4025 5719 Tocha-

2447 5772 2564 5822 τοι,
2595 5757 2684 5824 qui
2718 5771 2881 5825 nuper
2912 5757 3182 5826 imperium
3219 5753 3508 5810 Persarum
3543 5771 3908 5829 occuparant,
3943 5778 4023 5816 re-
