4194 6444
210 418 319 486 885

1531 439 2150 499 CllllONULOGlL‘l‘.

3350 443 3457 503 886

204 539 523 593 bellantibus
562 542 729 594 uisum
762 554 1110 612 opportunum
1147 557 1221 602 est
1262 550 1495 620 refugere
1530 555 1598 605 ad
1636 554 1784 605 clau-
1816 574 1855 626 Α
1888 556 2028 623 quod
2060 572 2308 623 superius
2344 579 2371 608 υ
2413 560 2534 624 δωη
2559 562 2750 617 simus,
2800 558 3139 627 Ortogrulem
3170 557 3453 610 Otbmanis

201 644 317 682 θῖνα
350 633 673 702 castellaque
703 640 958 691 montium
981 680 994 703 ,
1028 649 1077 692 et
1110 641 1231 695 inde
1261 644 1433 696 vicina
1465 645 1782 698 incursando

202 730 360 789 rapto
394 739 455 776 ac
485 727 678 791 pretiis
708 728 901 781 uictum
929 746 1181 799 φατι-ενι.
1215 731 1334 787 Ηως
1364 734 1475 794 ille.
1505 751 1624 803 quae
1652 737 1783 805 quin

200 812 510 883 Ortogrulis
558 816 773 873 familiae
815 823 1148 876 conveniant
1194 824 1566 895 Karaiaptagze
1615 844 1779 897 prope

202 920 363 975 arcos
391 907 597 961 Roman
616 926 663 963 is
690 911 744 964 in
772 911 970 967 finibus
995 916 1233 970 Persidis
1258 918 1557 983 collocatae,
1585 935 1784 989 negare

201 1012 369 1050 nemo
398 1001 626 1067 poterit.
655 1003 744 1070 qui
776 1007 1077 1071 prmsertim
1108 1010 1405 1064 attenderit
1434 1011 1501 1064 ad
1529 1012 1617 1065 hic
1645 1012 1785 1065 indl-

199 1098 382 1143 catam
411 1093 530 1157 ejus
558 1096 900 1150 aversionem
934 1113 963 1151 a
990 1097 1253 1155 Tocharis
1282 1104 1624 1157 invasoribus
1654 1106 1786 1158 Per-

200 1182 340 1234 sidis
362 1221 377 1242 ,
411 1184 608 1250 quibus
640 1200 709 1238 ne
740 1202 933 1255 parere
968 1201 1254 1258 cogeretur
1283 1193 1785 1249 SolimannShahus

200 1270 512 1343 Ortogrulis
567 1286 740 1345 pater,
795 1280 923 1335 inde
977 1283 1163 1337 relicta
1223 1286 1497 1352 provincia
1553 1286 1781 1355 fugerat.

199 1365 369 1418 Addit
404 1371 583 1420 Statim
615 1367 978 1439 Pachymeres
1015 1375 1382 1442 praesidiarios
1418 1376 1784 1430 Romanarum

199 1458 441 1522 arcium,
466 1469 741 1529 utcunque
789 1465 935 1531 agris
982 1466 1239 1519 multatos
1286 1476 1342 1520 et
1392 1468 1583 1535 praedae
1632 1478 1785 1537 parte

200 1549 470 1618 spoliatos
499 1545 831 1619 imprudenti
863 1557 1087 1608 avaritia
1120 1555 1401 1611 Michaelis
1435 1559 1593 1625 primi
1624 1574 1654 1610 e
1688 1560 1785 1612 Pa-

200 1641 445 1711 laeologis
478 1643 821 1713 imperatoris
844 1687 858 1711 ,
891 1648 1221 1701 abstinuisse
1251 1649 1470 1716 quidem
1503 1651 1569 1703 ab
1605 1651 1787 1704 incur-

200 1734 377 1787 sando
406 1734 539 1789 lines
568 1737 823 1802 hostium,
847 1738 990 1806 quod
1018 1748 1176 1792 antea
1206 1739 1496 1794 utilissime
1522 1740 1783 1809 fecerant,

202 1836 389 1879 tamen
417 1842 570 1881 arces
594 1828 728 1895 ipsis
751 1830 1069 1884 commissas
1092 1829 1197 1883 fide
1220 1832 1489 1885 constanti
1521 1834 1781 1896 tenuisse,

1889 655 2092 714 patrem
2129 646 2329 699 obiisse
2370 660 2511 699 anno
2541 647 2749 717 llegirze
2775 648 2994 717 687,q-ii
3022 663 3089 701 ex
3122 660 3272 715 parte
3303 648 3449 700 coin-

1886 732 2016 785 cidit
2044 748 2164 785 eum
2190 748 2333 786 anno
2380 735 2543 788 Chris
2573 736 2583 785 i
2617 735 3036 805 1288,iucl_vtum
3061 736 3271 791 bellicis
3324 750 3444 788 sur-

1887 824 2154 886 cessibus,
2190 823 2256 877 de
2294 825 2537 878 Rtmzaua
2568 825 2823 881 videlicet
2855 827 3060 882 Persici
3091 826 3279 881 limitis
3308 827 3450 880 mili-

1888 916 1961 970 tia
1993 918 2197 982 relatis,
2226 918 2427 987 quippe
2453 935 2572 987 qua:
2596 922 2709 988 jam
2753 928 2866 973 tum
2899 936 2937 973 a
2964 927 3180 987 recepta
3202 918 3270 974 dc
3302 918 3451 973 Lati-

1884 1007 1969 1060 nis
1983 1006 2589 1078 Constantinopoli,hoc
2611 1018 2693 1064 est
2713 1010 2783 1064 ab
2808 1008 2964 1064 annis
2994 1017 3140 1061 retro
3153 1006 3453 1070 sexdecim,

1884 1097 2153 1151 debilitari
2180 1099 2334 1153 valde
2375 1108 2637 1168 cceperat.
2658 1102 2838 1165 Quare
2860 1098 3161 1154 succedens
3194 1097 3455 1168 Ortogruli

1886 1188 2120 1242 0thman
2143 1190 2284 1243 filius
2307 1191 2511 1260 aliquot
2531 1193 2639 1261 jam
2672 1201 2782 1245 tum
2804 1193 2990 1245 habuit
3014 1191 3129 1244 loca
3163 1192 3227 1245 de
3257 1190 3455 1244 Roma-

1886 1278 1974 1333 nis
2005 1295 2167 1333 mauu
2201 1285 2577 1352 parta,quibus
2603 1285 2753 1353 plura
2809 1285 3119 1351 majoraque
3170 1294 3455 1353 postquam

1886 1386 2148 1423 annorum
2202 1372 2431 1439 plurium
2458 1375 2712 1427 continua
2772 1375 3028 1428 felicitate
3056 1373 3122 1427 ad
3172 1388 3454 1442 paternam

1886 1460 2258 1531 Karaiaptagac
2306 1464 2594 1532 adjecisset
2637 1467 2923 1528 ditionem,
2951 1465 3174 1519 sultanis
3204 1466 3456 1535 denique,

1888 1553 1989 1605 hoc
2019 1566 2099 1607 est
2128 1556 2367 1623 supremi
2399 1558 2679 1626 principis,
2736 1574 2933 1613 nomen
2986 1556 3128 1611 haud
3188 1563 3460 1616 dubitavit

1888 1658 2170 1711 usurpare,
2207 1648 2339 1697 tueri
2374 1660 2432 1698 se
2464 1645 2595 1700 illud
2630 1664 2788 1718 posse
2818 1656 3251 1727 sperans.llujus
3274 1657 3458 1726 prima:

1887 1745 1950 1786 ac
1978 1733 2129 1799 quasi
2159 1732 2571 1788 fundamentalis
2596 1739 2820 1807 epochze
2873 1740 3200 1801 Ottomanici
3249 1746 3457 1815 itnpcr-i

1888 1822 2070 1875 sedem
2140 1838 2204 1876 ex
2269 1838 2396 1877 vero
2452 1824 2507 1877 in
2573 1827 2763 1882 ordine
2839 1839 3142 1902 temporum
3224 1845 3460 1889 statuere

200 1917 449 1984 quandiu
500 1932 695 1971 annuae
747 1921 1041 1988 pensiones
1091 1923 1158 1975 ad
1205 1923 1407 1976 victum
1463 1927 1785 1981 necessariae
1820 1924 1858 1977 B
1890 1922 2130 1968 "051mm
2182 1918 2452 1984 ο⁵¹οουοά
2502 1916 2711 1973 είῘῙεθτθ
2764 1922 3082 1977 conabimur
3135 1940 3292 1995 comp
3328 1927 3461 1979 “iis

203 2009 447 2077 praebita
479 2010 610 2078 ipsis
639 2025 670 2064 e
701 2012 832 2066 fisco
862 2023 988 2067 sunt
1019 2032 1033 2067 :
1069 2016 1166 2068 has
1193 2030 1324 2069 vero
1356 2015 1488 2085 ipsis
1521 2018 1781 2086 suppedi-

203 2101 311 2154 tari
346 2100 576 2155 desiisse
612 2111 734 2169 post
767 2114 1005 2159 mortem
1039 2106 1318 2161 Michaelis
1339 2147 1353 2169 ,
1386 2107 1502 2161 solo
1530 2108 1641 2177 jam
1673 2109 1784 2163 An-

203 2194 436 2247 dronico
472 2195 796 2263 imperante,
837 2196 919 2267 [P.
956 2198 1083 2269 6011
1126 2199 1330 2253 diserte
1366 2209 1555 2254 noster
1586 2200 1782 2254 asserit

205 2283 315 2337 vol.
347 2283 416 2347 ll,
447 2300 499 2353 p.
528 2285 655 2348 268,
688 2287 777 2341 ubi
810 2288 1037 2342 alterum
1067 2291 1235 2359 829
1264 2292 1459 2359 fontem
1490 2292 1782 2345 enervatio-

205 2376 287 2427 nis
324 2374 532 2441 imperii
565 2374 733 2430 fuisse
766 2378 959 2432 scribit
987 2382 1370 2446 parcimoniam
1405 2381 1553 2447 plene
1583 2382 1786 2434 solven—

203 2466 399 2516 darum
428 2478 495 2517 ex
525 2464 631 2534 ﬁde
664 2469 992 2533 pensionnm,
1032 2486 1149 2538 quce
1184 2472 1539 2539 prasidiariis
1578 2474 1784 2525 arcium

204 2556 260 2608 in
296 2556 467 2611 limite
496 2558 722 2611 sitarum
760 2561 885 2613 olim
923 2570 1137 2616 statutw
1171 2565 1374 2631 fuerant
1412 2566 1463 2616 in
1498 2567 1783 2617 mercedem

205 2662 378 2712 operte
420 2647 703 2713 militaris,
746 2651 876 2705 adeo
918 2654 1031 2704 illic
1078 2654 1146 2706 ad
1191 2670 1520 2708 communem
1565 2656 1786 2709 tutelam

206 2742 537 2793 necessariw.
578 2740 675 2795 lla:
708 2744 937 2811 maligne
970 2763 1105 2799 nunc
1136 2748 1630 2817 suppeditabantur,
1666 2767 1790 2803 ava-

205 2833 336 2885 ritia
370 2834 737 2900 prtefectorum
771 2840 1067 2905 erogationi
1101 2843 1335 2905 pecunia:
1371 2843 1629 2908 publicat,
1662 2860 1791 2911 quo-

206 2938 326 2974 rum
361 2925 726 2991 opponebatur
758 2927 915 2980 lucris
949 2931 1085 2994 quod
1121 2948 1213 2999 per
1245 2942 1450 2985 astulas
1486 2934 1790 3000 frustratio-

207 3028 335 3065 num
376 3024 517 3067 artes
555 3017 890 3084 diffundenda
934 3024 1268 3086 prcctextibus
1308 3024 1473 3088 vafris
1514 3027 1789 3080 solutionis

205 3104 292 3157 die
327 3106 532 3159 miseris
568 3108 823 3161 militibus
885 3111 1290 3166 subtrahebatur
1326 3117 1546 3181 {retium
1580 3118 1788 3191 sudoris

206 3206 255 3248 et
284 3198 583 3265 sanguinis.
611 3198 688 3253 lta
720 3200 807 3253 ille
840 3200 941 3266 ibi;
974 3204 1061 3270 qui
1097 3213 1151 3255 et
1181 3205 1364 3259 multis
1398 3206 1628 3261 inferius
1656 3209 1786 3261 locis

208 3284 483 3352 significat
512 3303 621 3341 non
650 3292 761 3358 jam
793 3292 969 3346 solum
1004 3310 1098 3363 per
1131 3296 1390 3350 fisealium
1422 3299 1790 3354 calumniosas

210 3376 462 3442 fraudes,
494 3381 588 3435 sed
619 3383 801 3437 edicto
830 3384 946 3454 ipso
976 3400 1040 3440 ac
1070 3388 1228 3454 jussu
1261 3390 1464 3444 diserto
1496 3392 1790 3444 Andronici

208 3468 438 3538 Augusti
467 3472 757 3538 pensiones
778 3482 832 3528 et
856 3486 1266 3533 auctoramenta
1294 3481 1599 3535 istiusmodi
1624 3481 1791 3535 fuisse

209 3562 538 3615 interversa.
576 3562 729 3617 Unde
762 3570 1073 3623 necessario
1102 3572 1330 3637 contigit
1362 3574 1569 3626 arcium
1603 3585 1790 3628 custo-

208 3652 356 3706 diam
400 3654 620 3724 negligi,
662 3670 723 3710 ac
766 3660 1022 3725 quasdam
1069 3660 1308 3730 ipsarum
1353 3664 1407 3716 in
1451 3665 1683 3717 militum
1726 3682 1788 3719 ex

211 3752 365 3814 parte
408 3743 644 3799 Persidis
688 3752 989 3804 contrarias
1035 3753 1281 3808 Romano
1325 3756 1480 3808 limiti
1529 3757 1791 3811 stationes

209 3836 574 3890 obtinentium
619 3840 805 3893 venire
849 3854 1199 3909 potestatem.
1247 3846 1517 3901 Sustinuit
1556 3848 1790 3915 quodam

213 3938 462 3996 tempore
491 3932 663 3985 labem
699 3935 838 3987 illan:
872 3952 933 3988 ac
968 3937 1177 3989 ruinam
1211 3939 1334 3990 felix
1369 3939 1539 3992 Alexii
1573 3938 1791 3991 Philan-

213 4020 470 4089 thropeui
521 4040 614 4091 per
659 4027 773 4079 illos
825 4038 1027 4081 tractus
1074 4030 1283 4093 militia,
1328 4030 1544 4084 circiter
1585 4046 1787 4084 annum

209 4113 413 4165 Christi
463 4113 616 4173 1295.
664 4118 953 4172 Andronici
1006 4121 1087 4181 15,
1138 4138 1201 4173 eo
1250 4124 1396 4175 missi
1445 4138 1566 4175 cum
1614 4123 1789 4176 valido

210 4204 477 4263 e\ercitu,
513 4218 669 4275 prout
704 4208 824 4264 fuse
860 4223 1040 4266 narrat
1078 4213 1459 4283 l’achymeres,
1494 4216 1529 4268 Ι.
1563 4233 1645 4279 tu,
1678 4217 1784 4269 vol.

212 4292 256 4347 ll
278 4330 294 4354 ,
328 4310 378 4346 c.
410 4295 474 4359 9,
507 4298 604 4350 sed
639 4310 923 4368 postquam
958 4305 1001 4357 is
1034 4306 1303 4360 rebellans
1332 4323 1360 4360 a
1394 4308 1677 4363 Libadario
1706 4319 1787 4364 est

210 4399 530 4453 Oppressus,
557 4398 611 4441 et
638 4388 835 4455 Persae,
866 4394 955 4461 qui
988 4396 1090 4448 sub
1120 4412 1185 4449 eo
1217 4398 1612 4462 militaverant,
1647 4402 1786 4454 male

210 4475 431 4528 multati
467 4479 664 4530 reversi
700 4481 951 4545 domum,
984 4493 1038 4536 et
1067 4500 1227 4537 causa
1261 4488 1429 4541 cladis
1462 4490 1784 4544 ulciscendae

1884 2005 2119 2059 Arabum
2147 2007 2597 2078 ehronologorum
2626 2020 2681 2065 et
2706 2015 2873 2065 nostri
2906 2013 3256 2086 Pachymeris
3307 2019 3450 2071 testi-

1884 2097 2098 2150 moniis.
2123 2097 2309 2152 Refert
2342 2100 2719 2170 Pachymeres,
2759 2119 2812 2172 p.
2837 2105 2960 2168 527,
2998 2108 3282 2162 Atmanem
3310 2109 3461 2161 inva-

1882 2184 2045 2238 luisse
2063 2185 2256 2255 opibus
2272 2186 2522 2256 adjuncta
2541 2189 2641 2242 sibi
2654 2207 2813 2245 manu
2835 2192 3155 2250 fortissimal
3176 2198 3461 2253 ellatorum

1886 2277 2269 2330 acerrimorum
2298 2278 2463 2347 830
2500 2294 2529 2333 e
2567 2278 2951 2352 Paplilagoiiia,
2978 2293 3035 2339 et
3063 2288 3247 2341 obsist.
3269 2304 3327 2342 re
3356 2289 3457 2342 sibi

1885 2379 2134 2418 conatum
2184 2366 2516 2421 Muzalonem
2542 2368 2841 2425 Ronmnum
2866 2373 3061 2429 ducem
3103 2379 3217 2431 acie
3264 2379 3460 2433 vicisse

1888 2471 2054 2526 prope
2096 2455 2467 2514 Nicomediam
2488 2462 3301 2540 Bithynia!metropolim,quam
3325 2472 3450 2525 inde

1888 2549 2074 2603 urbem
2096 2550 2242 2604 velut
2268 2552 2544 2607 obsessam
2570 2558 2743 2626 campi
2774 2557 3026 2616 dominus
3055 2565 3307 2617 tenuerit.
3334 2564 3457 2619 llaec

1890 2643 2330 2709 cont’gisseeirca
2348 2643 2623 2715 Bapheum
2648 2648 3193 2719 propeNieomediam
3207 2654 3294 2708 die
3314 2657 3457 2709 vice-

1888 2730 2023 2784 sima
2046 2733 2273 2800 septima
2297 2735 2497 2789 mensis
2514 2734 2640 2790 Julii
2669 2738 2868 2794 diserte
2888 2740 3245 2813 Pachymeres
3270 2746 3458 2801 tradit:

1892 2835 2095 2873 annum
2125 2837 2189 2875 ex
2248 2825 2389 2878 serie
2430 2840 2607 2879 rerum
2638 2829 2898 2884 verisimil
2926 2840 3007 2885 ter
3034 2831 3364 2887 alIirmamus
3398 2837 3448 2887 in

1892 2909 2119 2980 Synopsi
2157 2915 2294 2967 hunc
2324 2917 2376 2967 l'u
2404 2930 2491 2969 sse
2540 2916 2741 2972 Christi
2794 2919 2957 2986 1299;
3018 2924 3263 2992 sequenti
3325 2925 3460 2979 1500

1891 3006 2120 3071 putarim
2137 3009 2381 3061 evenisse
2399 3008 2537 3075 quod
2560 3019 2743 3064 noster
2769 3022 2971 3078 narrat,
2991 3030 3043 3083 p.
3069 3015 3195 3079 415,
3215 3015 3353 3071 videl
3378 3034 3460 3070 cm

1891 3097 2147 3164 quasdam
2178 3099 2449 3153 Ro:i.auas
2475 3102 2657 3170 copias
2695 3104 2831 3158 duce
2862 3106 3095 3174 quodam
3151 3108 3335 3172 Szuro,
3391 3114 3459 3163 al.

1895 3187 2219 3255 imperatore
2246 3190 2311 3243 ad
2336 3206 2453 3245 eam
2488 3193 2738 3247 tuendam
2772 3197 3100 3263 provinciam
3133 3200 3316 3265 misso,
3352 3204 3461 3255 col-

1896 3278 2060 3333 lectas
2114 3281 2181 3334 ab
2239 3284 2468 3336 Atmanc
2516 3285 2799 3341 occidione
2835 3289 3003 3341 fuisse
3050 3280 3274 3346 deletas:
3315 3291 3462 3347 Unde

1897 3372 2060 3423 victor
2108 3371 2302 3426 Atman
2357 3376 2695 3445 progrediens
2742 3377 3077 3433 Bclocomam
3118 3382 3299 3452 (verba
3333 3395 3464 3439 sunt

1894 3461 2269 3531 Pachymeris)
2308 3464 2544 3518 insiliens
2585 3468 2636 3519 vi
2663 3469 2827 3534 capit,
2861 3480 2907 3522 et
2943 3468 3014 3521 ibi
3039 3480 3269 3536 repertos
3297 3472 3463 3526 inter-

1894 3554 2035 3621 fecit.
2071 3552 2187 3620 Ipse
2214 3564 2389 3607 autem
2426 3557 2692 3611 immensis
2734 3559 2919 3625 opibus
2961 3576 3022 3614 ea
3046 3562 3245 3617 clausis
3283 3566 3462 3617 muni-

1896 3647 2033 3698 tione
2115 3648 2313 3713 potitus
2372 3650 2628 3713 pra'dives
2693 3652 2814 3705 inde
2875 3661 2950 3705 est
3026 3654 3257 3708 habitus.
3313 3658 3465 3711 Areis

1894 3738 2079 3804 quippe
2132 3738 2277 3791 illius
2330 3741 2663 3794 munimentis
2728 3743 2831 3795 situ
2866 3753 2918 3797 et
2974 3753 3090 3798 arte
3137 3744 3328 3799 ualidis
3395 3749 3463 3802 ad

1894 3833 2124 3898 qua'sita:
2169 3835 2401 3901 pecunia:
2435 3835 2728 3888 custodiam
2757 3853 2905 3903 usus,
2954 3854 3170 3907 magnos
3205 3840 3308 3893 sibi
3352 3841 3465 3894 the-

1895 3936 2103 3986 sauros,
2150 3922 2285 3976 unde
2313 3922 2433 3976 belli
2465 3941 2526 3977 ac
2557 3926 2885 3995 principatus
2917 3929 3180 3994 expediret
3204 3941 3461 3999 sumptus,

1894 4028 2073 4065 secure
2108 4014 2347 4067 conditos
2381 4016 2448 4066 ad
2489 4032 2704 4069 manum
2753 4016 2959 4074 habuit.
3016 4019 3222 4072 Harum
3274 4038 3465 4091 magna

1891 4121 2017 4172 pars
2040 4104 2413 4158 calamitatum
2436 4106 2489 4157 in
2515 4106 2742 4160 Prusam
2759 4108 3094 4174 redundavit,
3116 4112 3192 4164 sic
3211 4114 3465 4166 nudatam

1890 4194 2209 4262 possessione
2240 4199 2361 4263 agri
2383 4196 2466 4247 sui
2498 4197 2701 4250 etintra
2722 4213 2990 4252 murorum
3013 4201 3267 4253 ambitum
3308 4204 3467 4256 reda-

1890 4293 2051 4346 ctam,
2070 4294 2174 4337 etc.
2202 4282 2288 4354 [P.
2315 4283 2447 4355 602]
2466 4283 2590 4339 Haec
2608 4286 2966 4358 Pachymeres
2988 4306 3140 4358 ;qu:e
3167 4292 3299 4345 satis
3320 4294 3467 4346 c‘are

1889 4376 1996 4430 indi
2034 4384 2125 4429 aut
2148 4376 2499 4430 mutationem
2530 4378 2632 4432 hoc
2647 4388 2887 4447 tempore
2915 4380 2967 4433 in
2990 4381 3219 4435 Atmaue
3243 4383 3462 4446 factam,

1888 4470 2039 4537 quasi
2089 4484 2119 4521 e
2158 4469 2365 4537 privato
2413 4469 2465 4521 in
2498 4471 2852 4538 principalem
2885 4481 3103 4527 statum.
3170 4474 3468 4527 Audiamus

210 4574 267 4619 et
307 4566 505 4620 ﬁducia
545 4569 743 4623 nullius
783 4573 916 4625 satis
951 4574 1141 4629 validae
1179 4592 1484 4632 occursuras
1526 4579 1782 4635 Romana:
1818 4596 1859 4650 ι)
1883 4557 1993 4626 «iam
2018 4557 2553 4641 Arabas'mmagno
2575 4573 2842 4613 consensu
2862 4563 3462 4618 auirmamo'hmanem

212 4658 511 4724 potentia},
560 4658 1025 4730 Philanthropeuo
1069 4680 1228 4731 quem
1276 4683 1442 4720 unum
1492 4671 1787 4723 timuerant

210 4756 421 4806 amoto.
463 4748 681 4802 arcibus
722 4750 832 4820 jam
874 4753 1088 4807 cunctis
1132 4755 1287 4822 potiti
1331 4755 1685 4811 licentissime
1730 4758 1787 4810 in

211 4838 492 4906 subjectas
524 4839 746 4907 imperio
775 4842 1025 4911 regiones
1057 4846 1253 4911 passim
1287 4846 1639 4901 inundarunt.
1675 4848 1786 4902 Iloc

214 4940 481 4982 memorat
511 4927 869 5001 Pachymeres
891 4972 905 4994 ,
940 4933 976 4985 l.
1010 4950 1103 4995 Ill,
1136 4936 1241 4990 vol.
1274 4936 1317 4990 ll
1343 4977 1356 4999 .
1387 4952 1436 4992 c.
1469 4938 1535 4991 Η
1556 4979 1568 5000 ,
1599 4947 1651 4991 et
1679 4954 1787 4992 cu:-

212 5020 360 5088 pisse
390 5020 606 5073 videtur
632 5022 699 5074 ab
729 5037 873 5073 anno
901 5022 1032 5077 Chr.
1066 5024 1221 5089 1297,
1251 5027 1461 5095 imperii
1489 5028 1784 5081 Andronici

215 5112 315 5171 15;
346 5112 569 5164 durasso
600 5127 727 5164 vero
755 5113 871 5165 sine
902 5114 1327 5179 intermissione,
1358 5118 1466 5170 imo
1494 5136 1614 5172 cum
1646 5128 1788 5170 atro-

212 5202 457 5254 cioribus
488 5202 719 5255 subinde
754 5206 1019 5259 malorum
1053 5210 1361 5275 augmentis
1385 5249 1397 5272 ,
1432 5226 1601 5278 USqtle
1634 5210 1698 5261 ad
1734 5210 1790 5261 ﬁ—

214 5309 337 5345 nem
375 5293 536 5359 hujus
570 5294 849 5359 Historiae,
886 5296 1202 5366 intelligitur
1233 5314 1299 5351 ex
1332 5300 1790 5368 frequentissimis

212 5399 277 5437 ea
307 5384 373 5435 de
402 5400 457 5435 re
486 5385 657 5436 nostri
690 5386 930 5440 historici
958 5389 1197 5455 querelis
1223 5405 1283 5441 ac
1310 5389 1789 5443 lamentationibus

214 5490 313 5543 per
347 5486 578 5529 cunctos
617 5474 730 5531 fere
764 5488 1161 5548 consequentes
1201 5480 1362 5549 hujus
1403 5482 1582 5550 operis
1625 5481 1791 5535 libros

213 5563 443 5631 sparsis.

328 5732 389 5785 ν.
470 5735 545 5787 Ex
577 5733 662 5789 his
709 5747 855 5804 patet
883 5755 1040 5808 quam
1086 5756 1449 5797 consentanec
1478 5743 1545 5797 ad
1593 5752 1792 5799 nostra:

219 5824 383 5894 hujus
413 5824 650 5881 historiae
677 5832 991 5885 memoriam
1031 5833 1267 5889 Arabum
1299 5836 1522 5891 annales
1551 5836 1791 5892 referant

1887 4664 1915 4703 e
1945 4651 2201 4719 toparcha
2228 4638 2593 4721 Karaiaptagze
2614 4660 2668 4705 et
2725 4652 2951 4721 simplici
2975 4663 3187 4724 satrapa
3235 4655 3469 4711 sultanis

1887 4761 1985 4800 seu
2010 4744 2245 4813 supremi
2275 4744 2475 4797 domini
2511 4758 2707 4798 nomen
2758 4745 2902 4797 asciv
2928 4758 3015 4799 sse
3070 4761 3214 4799 anuo
3254 4745 3464 4815 Hegira:

1889 4832 2202 4903 099.ι1υ]ιιε
2226 4834 2349 4886 anni
2376 4848 2497 4886 eum
2527 4832 2779 4887 Kalendae
2808 4833 3134 4888 Muharrami
3165 4836 3467 4890 insederint

1888 4926 2030 4979 diem
2056 4926 2125 4978 28
2165 4924 2711 4993 Septembrisluliani
2760 4927 2811 4977 in
2860 4938 3001 4981 anno
3055 4927 3253 4981 Christi
3302 4928 3463 4985 ιξυυ.

1890 5029 1943 5072 et
1963 5032 2121 5086 quam
2147 5030 2564 5071 memoravimus
2592 5032 2621 5070 e
2644 5017 2891 5089 Pachyni:
2913 5034 2970 5072 re
3014 5017 3315 5073 Belmonne
3371 5035 3463 5071 ex-

1890 5108 2144 5176 pugnatio
2178 5106 2242 5159 ad
2288 5121 2502 5161 memes
2541 5107 2760 5161 aestivos
2813 5108 3138 5177 pertinuisse
3194 5106 3460 5171 vdeatur,

1892 5198 2299 5267 intelligendum
2342 5197 2665 5265 relinquitur
2696 5212 2927 5267 regnare
2981 5200 3295 5261 Atmancm,
3349 5198 3466 5252 sine

1894 5291 2002 5344 ulla
2026 5290 2133 5358 jam
2203 5289 2636 5343 dissimulatione
2664 5289 2984 5343 vocabulum
3038 5288 3249 5358 imperii
3290 5290 3465 5358 palam

1897 5380 2236 5447 usurpando,
2256 5380 2488 5448 coepisse
2515 5395 2661 5432 anno
2685 5380 2885 5433 Christi
2920 5378 3076 5438 1500.
3110 5380 3267 5448 idque
3299 5379 3351 5432 in
3384 5378 3469 5431 Βία

1894 5471 2073 5540 thynia
2105 5471 2172 5522 ad
2209 5470 2393 5523 urbem
2427 5468 2673 5534 Prusam,
2706 5484 2863 5538 quam
2894 5470 3056 5538 paulo
3082 5477 3201 5540 post
3231 5470 3279 5522 ei
3301 5470 3468 5524 fuisse

1894 5560 2189 5627 subjectam
2242 5557 2537 5610 tributaria:
2584 5557 2730 5626 pacis
2780 5558 3022 5623 nomine,
3064 5574 3251 5612 revera
3311 5559 3463 5612 ded;-

1898 5651 2039 5704 tionc
2063 5664 2125 5702 ac
2152 5649 2488 5709 subiectione
2517 5649 2696 5716 plena,
2722 5651 2897 5703 innuit
2928 5649 3306 5719 Pachymeres,
3338 5650 3466 5703 dum

1896 5746 1973 5799 sic
1995 5743 2139 5796 scrib
2164 5751 2204 5809 t,
2228 5760 2280 5811 p.
2302 5741 2400 5813 597
2430 5761 2443 5795 :
2480 5738 2653 5794 Prusa
2686 5743 2797 5810 ipsa
2830 5740 3221 5796 calamitatibus
3249 5742 3466 5795 subacta

1899 5834 2193 5905 ingentibus
2232 5849 2401 5888 cinere
2431 5850 2461 5886 a
2486 5833 2659 5887 Persis
2714 5843 2988 5887 numerato
3025 5834 3245 5888 immani
3300 5834 3443 5903 prctb
