4194 6444
744 395 847 459 887
1624 397 1689 458 P.
1735 394 2030 455 POSSINI
2074 395 2721 460 OBSERVATIONUM
2764 400 2907 461 LIB.
2959 398 3072 459 III.
3884 394 3992 459 888

749 513 989 563 umbraut
1014 510 1185 579 pacis,
1217 524 1311 577 pro
1348 523 1492 569 vera,
1526 522 1681 575 quam
1715 506 2047 558 mendacibus
2089 506 2315 572 promir-
2342 512 2389 567 Α
2419 509 2678 565 lectorem
2708 512 2986 567 mantis-sai
3007 512 3131 568 loco
3182 525 3457 581 apponere
3491 507 3990 565 considerationem

751 606 825 656 '5‘
868 612 1221 666 οδιεηιαναηι»
1268 616 1416 668 Ρατε-
1452 599 1527 653 ll“
1561 598 1671 652 ίηθ-
2420 603 2655 657 duorum
2703 615 2952 659 veterum
3002 604 3497 670 oraculorunt,quae
3523 617 3620 669 per
3658 602 3770 653 ba‘c
3814 597 3994 651 fuisse

852 693 936 747 Vl.
993 691 1117 745 lla-c
1147 701 1324 745 tamen
1349 706 1454 743 non
1482 704 1548 743 eo
1576 689 1734 741 traho
1759 697 1817 741 ut
1841 686 2147 742 existimem
2187 686 2323 739 Pru-
2424 706 2630 764 pan-au
2658 697 2872 752 ενεηιίε
2899 712 3006 750 non
3044 697 3323 751 immemo
3342 693 3487 748 "edi
3524 699 3723 762 poles“
3751 689 3805 743 id
3847 686 3997 755 qum]

751 796 862 837 eum
891 782 1101 837 Atmani
1140 783 1249 850 jam
1296 791 1406 834 tum
1440 781 1586 849 regni
1620 779 1885 850 principio
1922 779 2081 847 plene
2107 791 2323 847 posses-

2466 803 2490 842 ο
2522 788 2703 843 minus
2731 788 2971 843 alienum
2999 789 3067 843 ab
3106 789 3210 842 hoc
3268 792 3384 842 loco
3420 786 3559 842 forte
3624 784 3809 843 fuerit,
3853 779 4003 851 quod

748 892 887 971 νην·
915 892 1039 971 ιιιη
1064 890 1180 927 (³³³1⁸
1211 873 1433 971 Ψξίξίπιη
1465 874 1697 971 Ᾱτδδξιίξι
1726 867 1830 925 sub
1887 868 2051 971 θξιθηι
2094 877 2323 971 fimum
2424 896 2614 937 eorum
2639 882 2868 936 alterum
2887 892 2970 936 est
2994 881 3330 951 implicatum
3355 895 3477 932 cum
3504 878 3810 932 rationibus
3834 878 4003 928 chro-

749 966 873 1021 vitm
900 966 1165 1027 Atman's,
1196 964 1411 1033 quidam
1457 961 1678 1017 nonnisi
1712 970 1836 1031 post
1884 960 2004 1030 ejus
2057 960 2265 1014 obitum
2294 972 2325 1011 a

2467 974 2693 1045 oIogicis
2719 974 3069 1045 quibusdam,
3102 988 3364 1027 numeros
3396 989 3425 1024 a
3455 972 3615 1025 nobis
3647 970 3732 1023 hic
3753 968 4002 1024 subdue-

754 1064 785 1111 Ii
815 1062 865 1110 io
895 1060 1013 1123 ejus
1043 1066 1097 1110 et
1121 1071 1437 1111 successore
1459 1053 1709 1109 Urchaue
1740 1053 1958 1122 penitus
1985 1052 2326 1121 subjugatam

2466 1081 2513 1121 )S
2574 1076 2724 1121 recto
2784 1066 2994 1135 positos
3049 1065 3259 1120 calculo
3290 1064 3722 1119 adstruentibus.
3787 1060 4009 1113 Recitat

756 1162 769 1203 ι
807 1152 989 1204 adaut.
1027 1148 1227 1201 Verum
1256 1164 1376 1201 cum
1413 1162 1530 1199 eam
1561 1147 1747 1200 urbem
1777 1146 1992 1199 arcibus
2044 1144 2331 1196 undecun-

753 1258 857 1309 que
893 1258 921 1294 a
951 1257 1009 1296 se
1046 1242 1310 1308 posseSsis
1330 1239 1561 1291 cinctam
1592 1244 1646 1291 et
1679 1235 2082 1306 veetigalemazl
2118 1232 2330 1286 libitum

757 1335 999 1396 haberet,
1036 1346 1189 1397 :equo
1222 1332 1436 1383 interim
1467 1328 1651 1381 animo
1679 1326 2021 1394 ferebatejus
2050 1323 2337 1392 seingres-

756 1442 817 1477 su
848 1425 1155 1485 exclusum,
1184 1437 1342 1489 quem
1386 1419 1494 1473 sibi
1524 1432 1589 1472 ac
1631 1419 1744 1471 suis
1798 1415 2115 1486 aliquando,
2146 1421 2205 1466 ut
2248 1426 2336 1466 res

759 1530 872 1569 tum
901 1530 958 1566 se
993 1501 1298 1571 'habi-bant,
1330 1510 1500 1563 libere
1526 1506 1872 1577 pandendum
1935 1514 2082 1560 certa
2134 1518 2338 1573 praesu-

760 1607 942 1660 mebat
993 1619 1109 1671 spe.
1148 1602 1203 1654 In
1239 1603 1341 1654 hoc
1385 1601 1547 1668 igitur
1577 1598 1947 1658 ineumbebat,
1988 1607 2047 1649 ut
2100 1595 2212 1665 agri
2276 1609 2339 1649 ac

759 1698 1053 1767 provincia:
1083 1694 1248 1759 illius,
1275 1706 1471 1759 nempe
1494 1689 1757 1759 Bithynia:
1787 1689 2074 1747 universte,
2107 1684 2207 1739 sibi
2238 1685 2337 1739 do-

763 1788 989 1843 minium
1013 1791 1303 1841 assereret.
1335 1780 1480 1850 quod
1510 1778 1948 1847 consequebatur
1995 1776 2211 1829 arcibus
2234 1772 2339 1841 pri-

763 1881 972 1946 mariis,
998 1886 1055 1932 et
1084 1875 1226 1930 unde
1251 1875 1466 1929 urbium
1494 1884 1805 1940 magnarum
1836 1868 1980 1920 salus
2002 1876 2057 1921 et
2081 1867 2342 1920 securitas
2372 1872 2415 1927 Β

763 1972 929 2042 83].
968 1968 1254 2039 Ρεηάθτεῑ,
1284 1964 1620 2034 occupandis
1647 1971 1699 2013 et
1724 1958 2062 2013 validissimo
2093 1954 2342 2024 praesidio

767 2063 1037 2125 tenendis,
1067 2060 1208 2114 sicut
1248 2058 1411 2111 modo
1434 2070 1558 2109 eum
1615 2053 1850 2106 vidimus
1881 2051 1933 2105 in
1959 2048 2241 2102 Belocoma
2269 2045 2343 2098 fe-

765 2162 927 2222 cisse,
960 2155 1017 2208 in
1052 2169 1155 2222 qua
1184 2151 1367 2205 claves
1399 2147 1585 2201 Prusae
1616 2145 1840 2215 reperit;
1874 2144 1951 2197 uti
2007 2152 2062 2196 et
2108 2139 2342 2195 Nicaeam

767 2250 867 2301 i-ibi
896 2247 1217 2314 subiugasse
1280 2242 1432 2294 visus
1460 2246 1545 2292 est
1591 2246 1745 2305 capta
1775 2244 1830 2289 et
1882 2235 1997 2288 suis
2028 2229 2346 2287 ﬁriiiissimis

766 2339 938 2408 copiis
965 2338 1170 2412 insessa
1201 2331 1501 2387 Tricoccia.
1533 2330 1649 2394 Qua
1673 2327 1742 2383 de
1793 2342 1852 2380 re
1895 2328 2049 2395 juvat
2099 2332 2344 2377 nostrum

772 2429 859 2483 hic
887 2427 1270 2495 Pacby‘merem
1300 2421 1511 2485 audire,
1541 2436 1596 2488 p.
1630 2419 1757 2483 657,
1777 2417 2105 2471 scribentem
2130 2415 2182 2467 in
2204 2414 2350 2466 hunc

773 2520 994 2574 modum
1032 2538 1043 2573 :
1080 2518 1237 2571 Circa
1270 2515 1509 2567 Mea-ant
1554 2512 1693 2562 mala
1728 2524 1856 2563 sane
1906 2507 2019 2561 loco
2063 2522 2142 2559 res
2173 2514 2347 2571 erant,

772 2621 996 2665 Atmane
1038 2617 1226 2661 rum-ta
1276 2606 1383 2657 illic
1446 2611 1631 2672 agente
1695 2601 2012 2668 ferenteque.
2077 2599 2156 2650 Ac
2189 2596 2352 2666 paulo

771 2713 890 2773 post
934 2722 945 2756 :
987 2702 1173 2767 Itaque
1232 2696 1485 2764 infestum
1531 2694 1821 2746 exercitum
1883 2717 1953 2731 —-
2010 2690 2353 2751 venientibus,

773 2796 968 2847 Atman
1030 2790 1277 2843 credidit.
1322 2786 1596 2840 Hactenus
1652 2780 2038 2851 Pachymeres,
2088 2795 2155 2833 ex
2200 2778 2357 2847 cujus

775 2884 979 2955 triplici
1012 2881 1173 2935 modo
1195 2888 1495 2933 memorata
1528 2873 1844 2928 narratione
1868 2887 2050 2927 rerum
2082 2871 2150 2924 ab
2176 2871 2359 2922 Alma-

778 2995 868 3041 ne,
898 2976 963 3029 ad
985 2971 1353 3027 Nicomediam
1381 2970 1524 3023 victo
1550 2966 1850 3030 Muzalonc,
1878 2964 1942 3019 ad
1998 2964 2221 3018 Prusam
2265 2979 2358 3018 ca-

779 3080 870 3140 pta
907 3067 1216 3127 Belocoma,
1249 3063 1316 3118 ad
1337 3063 1565 3117 Nicaeam
1592 3067 1896 3129 expugnata
1918 3056 2195 3111 Tricoccia
2264 3072 2360 3126 ge.

782 3173 1013 3226 starum,
1040 3156 1389 3212 manifestum
1428 3163 1511 3207 est
1536 3152 1791 3207 habuisse
1818 3150 1969 3203 illum
2007 3151 2059 3202 in
2095 3157 2362 3217 potestate

781 3253 1090 3308 universam
1115 3245 1439 3318 Bithyniam,
1463 3244 1640 3296 tribus
1659 3240 1767 3295 illis
1791 3239 2066 3309 primariis
2088 3238 2136 3307 ej
2147 3253 2208 3292 us
2238 3252 2362 3305 pro-

778 3345 977 3400 vinciae
1007 3341 1256 3403 urbibus,
1284 3338 1387 3392 etsi
1433 3350 1538 3390 non
1589 3335 1749 3402 plene
1804 3330 2092 3399 possessis,
2151 3329 2347 3383 saltem

781 3437 1021 3506 undique
1046 3448 1080 3487 c
1104 3430 1420 3492 reumdatis,
1458 3436 1512 3482 et
1541 3428 1682 3481 lenta
1707 3426 1786 3477 sic
1808 3423 2097 3477 obsidione
2119 3436 2243 3473 cum
2277 3420 2365 3472 in-

781 3527 940 3582 terim
969 3539 1068 3595 pro
1111 3523 1261 3576 libito
1308 3519 1600 3573 macerand
1627 3533 1651 3569 s
1679 3524 1733 3569 et
1760 3530 1932 3583 pecun
1958 3529 1988 3567 a
2040 3511 2359 3575 multandis,

785 3631 898 3675 tum
929 3616 1162 3682 denique
1206 3612 1514 3667 certiss‘me
1572 3606 1856 3663 trahendis
1916 3605 2019 3657 sub
2059 3603 2363 3656 absolutum

784 3713 1167 3779 integrumque
1212 3703 1534 3757 dominium.
1582 3701 1634 3753 Id
1652 3699 1792 3767 quod
1856 3711 1965 3750 non
1995 3694 2094 3762 ipsi
2149 3693 2362 3761 quide'u

784 3803 981 3871 οωεεῖ
1022 3795 1259 3850 Atmani.
1294 3793 1494 3847 Verum
1521 3790 1663 3844 illius
1689 3789 1862 3842 haeres
1884 3796 1940 3840 et
1980 3786 2126 3839 ﬁlius
2154 3784 2367 3839 Urcha-

786 3910 906 3956 ncs.
936 3904 1094 3960 quem
1125 3886 1560 3945 Cantacuzenus,
1594 3882 1635 3936 l.
1658 3894 1805 3943 m,c.
1839 3880 1893 3939 9,
1916 3886 2118 3930 statum
2180 3876 2232 3927 in
2262 3888 2370 3941 quo

788 3999 912 4038 eum
949 3989 1100 4050 pater
1126 3976 1366 4030 moriens
1392 3973 1712 4041 reliquerat.
1742 3969 2054 4038 exprimens
2095 3976 2370 4033 satrapam

789 4075 1088 4132 Orientalis
1110 4066 1168 4125 lii
1202 4067 1376 4136 liyuite
1392 4063 1646 4132 appellat.
1672 4061 1825 4114 brevi
1842 4073 1901 4113 se
1924 4057 2191 4127 Bithyniae
2211 4056 2374 4109 totius

793 4160 1367 4235 princips'm'ostendit.
1395 4155 1588 4218 Prusa,
1608 4151 1918 4207 Nicomedia
1941 4158 1993 4202 et
2018 4149 2193 4201 Nicaea
2213 4147 2374 4216 plane

794 4256 1041 4319 domitis,
1069 4265 1353 4323 postquam
1424 4248 1552 4303 huic
1604 4245 1806 4298 ultima:
1867 4238 2197 4309 periclitanti
2246 4252 2375 4305 sup-

799 4344 1344 4415 petiasAndronieus
1398 4340 1582 4409 junior
1645 4346 1939 4389 accurreus
2006 4331 2254 4398 repulsus
2321 4337 2375 4381 et

800 4439 1118 4491 vulneratus
1150 4437 1202 4488 in
1238 4434 1443 4487 femore
1482 4428 1729 4485 recessit.
1752 4427 1920 4491 Cujus
1950 4439 2142 4492 pugnae
2175 4438 2238 4474 ar.
2259 4421 2377 4473 vul-

2432 1158 2687 1226 antiquus
2720 1159 2953 1225 scriptor
2994 1159 3264 1218 Zosimus.
3288 1157 3638 1209 historiarum
3694 1153 3730 1206 I.
3764 1169 3825 1207 ιι.
3873 1148 4003 1218 Ery-

2433 1252 2618 1307 thraea:
2659 1252 2744 1306 vel
2788 1250 3077 1321 Epirotica
3111 1250 3331 1320 Sibylla:
3360 1250 3465 1302 hoc
3494 1247 3816 1304 vaticinium
3847 1263 3861 1300 :

2505 1366 2581 1435 Δὴ
2609 1368 2730 1419 τότε
2767 1365 3011 1419 Βιθυνῶν
3039 1367 3202 1432 γαῖαν
3235 1365 3398 1435 λύκοιῄ
3420 1363 3708 1435 οξκήςᾳυσι

2510 1432 2677 1502 Ζήνὸς
2709 1435 3135 1503 ἰπιφροσὺναισι
3170 1450 3184 1464 ο
3216 1435 3355 1500 ταχὺ
3379 1433 3425 1485 δ’
3459 1432 3786 1503 ὲπιὸήαετᾳι
3822 1432 3970 1502 ἁρχὴ

2507 1501 2827 1574 Ἀνδράσινέ
2863 1505 2914 1557 οἳ
2950 1504 3224 1568 Βύζαντος
3262 1503 3380 1565 ἔδος
3409 1501 3879 1556 καταναιετάωσιέ

2613 1596 2663 1676 2
2696 1595 2837 1649 Tum:
2866 1595 3238 1676 lpithyn-ornm
3287 1605 3481 1676 terram
3541 1594 3652 1659 lupi
3701 1593 4021 1676 habitabant

2565 1664 2703 1719 {vino
2731 1667 2954 1720 consilio
2977 1667 3252 1731 ;celeriter
3277 1675 3451 1719 autem
3483 1664 3805 1731 superueniet
3827 1664 4023 1714 horum

2577 1806 2638 1815 ..
2767 1802 2852 1815 ,,,
3029 1806 3041 1815 _
3166 1806 3177 1815 _
3313 1805 3325 1815 _
3437 1804 3447 1815 .
3518 1733 3877 1805 [principatus

2525 1802 2664 1859 Viris
2688 1805 2777 1873 qui
2811 1802 3067 1875 Byzantia
3096 1806 3267 1859 solum
3308 1802 3565 1859 incolunt.

2449 1920 2621 1991 llnjus
2651 1928 2909 1975 eventum
2930 1921 3229 1991 prophetiae
3248 1929 3479 1975 conatur
3495 1919 3746 1973 Zosimus
3764 1919 4028 1986 adaptare

2443 2020 2584 2071 artati
2616 2018 2958 2071 Constantini
2989 2024 3045 2071 et
3082 2015 3469 2070 restaurationi
3500 2024 3665 2083 atque
3716 2013 4028 2080 ampliﬁca-

2448 2108 2581 2162 tioni
2609 2122 2705 2175 per
2740 2122 2865 2161 eum
2903 2107 3060 2162 facta:
3082 2106 3852 2177 Byzantii.Quamrecte.ipse
3879 2104 4029 2155 ιίιίιξ-

2447 2202 2555 2265 rit;
2590 2215 2696 2252 non
2742 2199 2887 2253 enim
2915 2200 3045 2253 satis
3073 2207 3296 2267 apparet
3320 2198 3450 2267 quid
3483 2197 3583 2251 ista
3619 2196 3828 2247 mentio
3870 2192 4031 2256 ιηηο-

2450 2310 2565 2346 rum
2589 2292 2889 2359 Bithyniam
2915 2292 3263 2344 habitantium
3291 2305 3413 2345 eum
3444 2285 3795 2342 exornatione
3822 2283 4035 2353 Byzan-

2452 2386 2579 2439 tiuze
2617 2386 2767 2438 urbis
2808 2397 3098 2438 commune
3141 2382 3356 2437 habent.
3383 2381 3633 2433 Dicamus
3670 2392 3769 2430 nos
3787 2374 3920 2427 licet
3948 2390 4039 2424 ac-

2455 2477 2854 2532 commodatius
2891 2477 2956 2530 ad
2982 2475 3223 2545 speciem
3256 2473 3405 2535 veri,
3427 2486 3524 2540 per
3565 2467 3820 2537 Sibyllam
3847 2464 4041 2518 divino

2453 2570 2683 2625 amatam
2714 2570 2930 2639 spiritu,
2961 2578 3111 2621 tanto
3148 2575 3273 2621 ante
3302 2566 3386 2619 his
3416 2564 3583 2618 fuisse
3611 2558 4037 2631 pra-nuntiatum

2456 2661 2640 2715 verbis
2679 2672 2928 2714 exortum
2963 2657 3297 2712 Ottomanici
3330 2655 3542 2724 imperii
3598 2668 3627 2704 a
3686 2650 3911 2719 prtr'don
3940 2650 4041 2698 lius

2456 2759 2628 2811 avidis
2649 2766 2705 2809 et
2732 2755 2919 2824 lupina
2944 2754 3244 2809 voracitate
3266 2767 3329 2807 ac
3371 2748 3696 2805 crudelitate
3722 2745 3969 2816 praeditis
3988 2748 4039 2794 in

2460 2850 2708 2920 Bithynia
2742 2848 2971 2911 fiuiilati,
3017 2848 3103 2901 cui
3133 2861 3238 2900 non
3263 2845 3436 2900 multo
3464 2850 3586 2911 post
3613 2850 3860 2906 tempore
3916 2852 4046 2888 sne-

2459 2942 2715 2996 cuutbere
2738 2940 2959 2993 deberet
2999 2937 3306 3007 Byzantina:
3340 2931 3491 2986 urbis
3514 2929 4047 2999 imperantispotcn-

2464 3036 2534 3088 tia
2556 3044 2608 3087 et
2628 3034 2906 3102 splendor.
2934 3032 3230 3086 barbaricae
3258 3029 3518 3096 deinceps
3545 3023 3822 3079 servitutis
3855 3021 4043 3088 iugum

2464 3125 2845 3193 gravissimum
2865 3132 2915 3177 et
2935 3121 3408 3191 probrosissimum
3425 3111 3809 3195 laturarﬁrzeci
3833 3109 4046 3178 Byzano

2385 3198 2431 3261 Ο
2468 3216 2563 3268 tini
2595 3216 2647 3267 in
2688 3231 2901 3283 pinnam
2938 3213 3087 3281 impii
3117 3219 3171 3264 et
3216 3194 3511 3279 pertinacis
3541 3207 3609 3259 ab
3643 3204 3880 3256 Ecclesia
3935 3194 4046 3252 Ho-

2466 3320 2625 3359 mana
2654 3306 2896 3357 omnium
2928 3314 3100 3356 matre
3162 3302 3289 3354 inde
3318 3312 3488 3365 usque
3519 3311 3547 3348 a
3571 3293 3748 3347 Pbotii
3777 3293 4049 3358 tempori-

2466 3399 2567 3452 bus
2589 3397 2895 3451 continuati
2922 3396 3253 3455 schismatis,
3281 3393 3471 3444 duram
3501 3386 3760 3453 aLatinis
3775 3384 4052 3438 (Συηςιειιι-

2470 3492 2752 3559 tinpolim
2790 3506 2885 3558 per
2912 3502 3087 3543 annos
3110 3495 3234 3539 mlo
3262 3500 3425 3553 supra
3462 3482 3862 3550 quinquaginta
3893 3475 4049 3528 oliti-

2469 3584 2729 3635 nen'ibus
2756 3582 3077 3633 servitutem
3104 3579 3247 3647 passi
3282 3576 3521 3637 fuerant;
3546 3588 3609 3626 ex
3649 3587 3754 3639 qua
3783 3571 4053 3637 prolcc's-

2470 3693 2529 3730 se
2573 3675 2671 3728 visi
2694 3680 2840 3734 sunt,
2861 3673 2989 3725 dum
3010 3686 3073 3723 ea
3098 3668 3308 3721 liberati
3336 3664 3562 3718 Romani
3584 3678 3729 3732 papa:
3754 3661 4052 3730 primatum

2470 3774 2824 3837 agnoverunt.
2862 3765 2929 3816 At
2960 3762 3048 3816 ubi
3083 3758 3339 3815 M'cbaele
3368 3758 3526 3810 istius
3568 3753 3876 3809 concordiae
3925 3766 4055 3804 auc-

2476 3870 2591 3913 tore
2612 3867 2846 3917 mortuo.
2874 3856 3014 3909 Iilius
3030 3853 3147 3921 eius
3169 3850 3513 3905 Andronicus
3531 3847 3771 3916 pessimo
3788 3843 4053 3903 consilio.

2473 3968 2590 4021 qua:
2619 3961 2768 4019 pater
2793 3946 3149 4003 saluberrime
3167 3950 3432 3998 statuerat
3448 3939 3787 3997 rescinilens,
3810 3951 3874 3990 se
3899 3951 4062 3990 suos-

2474 4057 2579 4111 que
2608 4042 2801 4095 iterum
2833 4055 2862 4092 a
2897 4039 3026 4092 sede
3053 4036 3200 4089 Petri
3246 4034 3646 4088 contumaciter
3676 4030 3917 4097 abrupit,
3944 4039 4058 4080 sia-

2478 4134 2573 4185 tim
2629 4132 2720 4186 Dei
2781 4131 2971 4183 ultoris
3022 4128 3363 4197 providentia
3420 4122 3722 4193 praeparari
3775 4130 3949 4187 cmpt
4007 4130 4060 4173 et

2475 4224 2676 4278 sensim
2713 4225 2763 4276 in
2797 4221 3043 4291 Bithynia
3070 4228 3429 4273 concrescere
3482 4211 3826 4268 Ottomanica
3866 4220 4056 4279 tyran-

2479 4316 2585 4376 nis.
2615 4330 2644 4371 a
2667 4329 2770 4381 qua
2824 4313 2957 4366 diris
2978 4311 3325 4364 continenter
3352 4306 3598 4362 cladibus
3646 4303 3749 4373 ﬂag
3769 4303 3900 4355 -llati
3962 4302 4057 4369 Ity-

2482 4405 2704 4461 zniititti.
2729 4421 2851 4456 cum
2880 4404 3099 4456 minime
3119 4397 3519 4467 resipiscerent,
3550 4396 3642 4450 sed
3665 4394 3832 4462 magis
3858 4410 3984 4461 mag
4012 4416 4059 4439 μ-

799 4531 944 4584 neris
972 4528 1644 4582 mcminitCantacuzenus
1668 4518 1750 4591 IP.
1783 4516 1931 4587 605.]
1954 4518 1987 4569 I.
2026 4484 2085 4575 it.
2107 4530 2156 4568 c.
2180 4515 2233 4577 7,
2256 4513 2380 4567 inde
2413 4529 2457 4584 ο
2485 4513 2589 4566 que
2630 4512 2680 4548 in
2732 4494 2922 4549 haeresi
2947 4510 3010 4546 ac
3036 4493 3331 4547 schismate
3360 4489 3802 4543 oblirmarentur.
3852 4484 3901 4533 vi
3940 4495 4059 4534 tan-

798 4631 1041 4676 sccutam
1081 4633 1262 4674 tamen
1294 4618 1488 4670 Nicaea:
1517 4612 1846 4667 deditionem
1899 4624 2086 4679 parum
2145 4605 2377 4661 candide

798 4713 1174 4773 dissimulans,
1203 4725 1366 4780 quam
1390 4706 1627 4777 ingenue
1662 4702 1900 4757 fatentur
1922 4700 2212 4769 Gregoras,
2235 4702 2273 4753 1.
2301 4717 2373 4762 ix.

798 4817 853 4861 rt
878 4808 1179 4860 Phrantzes
1201 4818 1253 4857 c.
1276 4800 1332 4864 2,
1353 4800 1389 4852 l.
1419 4815 1457 4863 ι,
1489 4806 1551 4851 ιιι
1565 4796 1813 4850 omittam
1837 4793 1979 4848 idem
2005 4792 2209 4846 diserte
2236 4791 2379 4844 allir-

799 4907 1014 4954 mantcs
1047 4894 1253 4949 Arabas
1284 4887 1752 4959 scriptores.inter
1779 4898 1918 4950 quos
1944 4897 2138 4935 omnes
2177 4896 2376 4933 conve-

799 4992 885 5044 nit
936 4985 1195 5041 Imicmid
1227 4994 1281 5037 et
1311 4978 1463 5034 Izaik
1495 4978 1597 5048 (sic
1626 4976 1699 5029 illi
1753 4973 2124 5029 Nicomediam
2180 4982 2237 5026 et
2282 4970 2378 5025 Ni-

801 5095 968 5135 caeam
982 5077 1292 5131 nominant)
1313 5070 1383 5125 ab
1407 5067 1665 5123 Urchaue
1683 5062 1976 5117 Otbmanis
1996 5060 2105 5113 lilio
2126 5068 2249 5127 post
2267 5073 2378 5127 pa-

804 5172 907 5225 tris
925 5181 1152 5223 mortem
1178 5174 1367 5234 raptas
1390 5161 1577 5216 fuisse.
1604 5156 1849 5210 Brusiam
1878 5170 2008 5207 vero
2032 5154 2126 5220 (ita
2153 5151 2377 5205 Prusam

801 5260 1102 5332 appellant)
1146 5257 1365 5324 quidam
1395 5253 1609 5306 illorum
1653 5247 1909 5303 Othmani
1943 5246 2122 5298 adhuc
2154 5244 2377 5303 viventi,

804 5354 891 5407 alii
925 5369 992 5405 eo
1020 5360 1235 5403 mortuo
1268 5344 1502 5409 Urchaui
1560 5342 1799 5397 deditam
1855 5338 2028 5391 aiunt.
2088 5338 2219 5389 Fato
2252 5351 2380 5388 vero

807 5447 1057 5499 l'uuctum
1090 5440 1420 5495 Othmanem
1444 5451 1635 5489 omnes
1670 5434 1705 5485 ii
1750 5446 1945 5500 magno
1972 5444 2242 5483 corisensu
2273 5440 2383 5482 tra-

807 5536 944 5587 dunt
986 5546 1133 5586 anno
1192 5529 1402 5597 Ilegirte
1462 5525 1586 5587 7‘26,
1648 5524 1803 5591 cujus
1830 5520 1933 5575 fuit
1963 5520 2179 5573 initium
2210 5519 2327 5572 dies
2350 5517 2383 5569 8

810 5624 1123 5679 Decembris
1166 5621 1293 5676 anni
1324 5619 1526 5672 Christi
1572 5615 1731 5675 IRS,
1759 5613 1895 5667 adeo
1926 5621 1984 5665 ut
2034 5625 2179 5662 mors
2240 5607 2378 5661 Oth-

806 5717 985 5774 tnanis
1013 5716 1067 5769 in
1097 5730 1298 5769 annum
1345 5710 1547 5765 Christi
1581 5706 1717 5763 1526
1754 5707 2003 5759 videatur
2054 5702 2379 5759 diﬂ'creuda.

920 5807 1031 5862 γη.
1093 5806 1366 5863 Hactenus
1396 5801 1554 5860 dictis
1578 5798 1739 5855 liccat
1774 5796 1905 5853 mihi
1938 5811 2032 5866 per
2078 5795 2373 5868 benignum

2484 4592 2608 4645 dem
2642 4606 2782 4643 sa‘va
2811 4588 3016 4643 subacti
3045 4586 3113 4639 ab
3146 4600 3252 4638 uno
3274 4597 3337 4637 ex
3373 4579 3621 4634 Attuanis
3649 4577 4064 4632 successoribus

2478 4681 2781 4734 Mahomete
2824 4678 3085 4740 secundo,
3130 4691 3273 4729 anno
3307 4672 3441 4728 Chr.
3485 4670 3646 4731 1153,
3687 4666 4065 4736 ςενείγίιθιινηι

2481 4775 2801 4842 Babylonica
2859 4771 3264 4825 Judteorumeo
3310 4766 3629 4821 tristiorem.
3677 4761 3823 4829 quod
3863 4760 4066 4829 Cyrum

2481 4867 2685 4921 nullum
2712 4865 2802 4935 qui
2827 4879 2946 4920 eam
2987 4863 3165 4917 solvat
3208 4865 3550 4927 exspectant.
3586 4854 3836 4909 ducentis
3870 4852 3986 4919 jam
4017 4862 4066 4905 et

2478 4958 2622 5029 quod
2675 4958 2916 5010 εινιητίι
2977 4953 3135 5006 anuis
3164 4949 3520 5004 infelicissimi
3578 4944 3805 4997 tolerant
3836 4980 3853 5002 ,
3902 4940 4067 4993 tidem

2482 5053 2687 5119 ingenti
2734 5063 2836 5102 suo
2873 5048 3017 5100 luctu
3067 5043 3378 5097 sancientes
3411 5035 3680 5108 Sibylani,
3726 5034 3873 5103 quod
3918 5044 4070 5084 tetu-

2482 5143 2665 5204 limus.
2699 5137 2929 5194 oraculi.

2553 5235 2664 5289 VII.
2719 5232 2872 5286 Aliud
2923 5234 2991 5283 de
3037 5229 3124 5282 bis
3164 5226 3431 5279 habemus
3480 5219 3780 5289 suspicioni
3831 5217 4069 5271 ﬁctionis

2482 5331 2705 5387 minime
2730 5326 3025 5379 obuoviuni
3053 5320 3394 5378 vaticinium,
3421 5316 3623 5386 quippe
3646 5312 3785 5381 quod
3815 5312 3868 5365 in
3909 5328 4071 5365 Sacro

2483 5436 2535 5480 et
2573 5421 2840 5477 canonico
2901 5420 3036 5471 libro
3096 5414 3397 5467 clarissime
3446 5410 3683 5478 legatur,
3739 5406 4068 5474 Apocalypsi

2484 5518 2541 5569 δ.
2573 5514 2816 5569 Joannis.
2840 5510 2895 5563 In
2920 5527 2979 5561 ca
3007 5507 3135 5560 Novi
3171 5502 3504 5560 Testatnenti
3532 5498 3839 5569 proiilictia,
3876 5508 4071 5550 eventa

2484 5606 2885 5671 cnmplcrtente
2923 5602 3192 5669 pracipua
3227 5612 3403 5651 rerum
3433 5609 3552 5664 quae
3585 5608 3613 5645 a
3654 5590 3857 5642 Christi
3887 5603 4069 5642 resur-

2485 5698 2730 5753 rectione
2781 5705 2834 5747 el
2883 5695 3058 5762 prima
3120 5687 3436 5742 Iiitidatione
3495 5680 3748 5735 Ecclesiae
3800 5679 3869 5731 a1
3932 5677 4073 5731 hanc

2487 5806 2655 5860 usque
2711 5788 2854 5843 diem
2921 5786 3012 5840 Dei
3074 5796 3295 5853 regnum
3346 5778 3643 5833 attinentcs
3699 5773 4068 5841 contigerunt,
