4198 6448
1328 430 1784 493 DESCRIPTIO
1824 434 2247 496 AUGUSTEO:
2304 454 2312 489 ι

3355 445 3463 507 ‘Jl8

2090 597 2299 609 ια’-ρ...
2332 598 2375 609 ο»
2955 602 2970 609 ιν
3013 600 3117 609 aut“
3148 600 3345 611 ὀ--νι

700 755 1549 891 ΓΕΩΡΓΙΟΥ
1632 757 1977 890 ΤΟΥ
2059 751 3001 891 ΠΑΧΥΜΕΡΗ

1582 998 2117 1086 ΕΚΦΡΑΣΙΣ

525 1188 962 1363 ΤΟΥ
1097 1188 2903 1368 ΑΥΓΟΥΣΤΕΩΝΟΣ
3009 1183 3088 1253 ⁴¹³

554 1635 1524 1795 GEORGII
1702 1642 3167 1805 PACHYMEIUE

861 1926 1710 2043 DESCRIPTIO
1798 1928 2841 2049 AUGUSTEONIS.

1218 2147 1472 2211 (Banduri,
1495 2146 1765 2213 Imperium
1793 2146 2044 2211 orientale,
2076 2158 2193 2201 tom.
2215 2150 2255 2211 Ι,
2285 2164 2336 2213 p.
2370 2151 2504 2214 tu.)

304 2451 379 2509 Τδ
413 2455 507 2506 τοῦ
549 2452 684 2506 Θεοῦ
730 2454 1035 2523 τὲμινος,ἡ
1082 2452 1273 2521 Σοφία,
1307 2454 1529 2517 πολλαῖς
1575 2454 1677 2523 μὶν
1707 2454 1802 2506 καὶ

1977 2452 2268 2521 Templum
2326 2450 2444 2517 Dei,
2479 2450 2689 2523 Sophia
2735 2453 2969 2521 dictum,
3009 2457 3180 2513 multa
3221 2460 3483 2531 variaque

223 2546 601 2605 παντοδαπαῖς
626 2548 746 2607 ταῖς
798 2546 947 2611 turb;
983 2546 1253 2616 ὠράῐσται
1307 2548 1533 2617 χάρισι*
1581 2546 1806 2608 πολλαῖς

222 2639 286 2692 δέ
316 2656 379 2707 γε
412 2640 507 2693 καὶ
545 2642 663 2698 ταῖς
694 2640 847 2701 ἐκτὸς
875 2640 1321 2693 κεκαλλώπισται
1344 2657 1357 2671 ·
1386 2639 1710 2693 καὶτούτων
1746 2640 1807 2691 τὸ

224 2731 448 2801 θαῦμα,
481 2735 732 2802 κρεῖττον
759 2731 791 2801 ἢ
822 2731 1002 2799 λέγειν
1024 2748 1037 2762 ·
1065 2732 1148 2784 ὅτι
1168 2734 1262 2785 καὶ
1294 2734 1420 2802 σιγῇ
1464 2731 1666 2799 μᾶλλόν
1690 2732 1805 2784 ἔστι

225 2825 347 2884 τοῖς
404 2824 569 2892 ὁρῶσι
624 2826 731 2875 τῶν
783 2822 1074 2891 θεαμάτων
1123 2823 1504 2893 κατατρυφᾷν,
1547 2821 1579 2890 ἢ
1628 2822 1807 2889 λόγοις

228 2913 496 2979 διεξιέναι
525 2916 591 2965 τὰ
634 2915 726 2966 καὶ
757 2914 947 2982 λόγους
977 2914 1174 2977 αὐτοὺς
1226 2914 1643 2981 ὑπερϐαίνοντα.
1674 2912 1808 2967 Οὐδὲ

226 3007 343 3075 γὰρ
388 3007 539 3071 ἆπαξ
572 3008 731 3075 μόνον
768 3008 801 3077 ἢ
833 3007 1083 3076 δεύτερον
1112 3007 1144 3076 ἢ
1179 3007 1273 3058 καὶ
1314 3008 1630 3068 πλειστάκις
1658 3006 1807 3059 ἐστιν

232 3099 419 3151 ἰδόντα
449 3098 621 3150 ταῦτα
651 3098 744 3149 καὶ
778 3099 893 3167 μεθ’
928 3099 1233 3167 ὑπερϐολῆς
1274 3098 1646 3167 θαυμάσαντα,
1675 3100 1808 3165 ἀγα-

228 3192 346 3259 πᾷν
378 3206 390 3216 ⁸
427 3190 541 3241 ἀλλ’
574 3192 695 3242 ὅσον
726 3191 791 3242 ἄν
820 3207 902 3251 τις
925 3192 1017 3242 καὶ
1039 3190 1250 3259 βλέποι,
1280 3192 1479 3260 μᾶλλον
1503 3191 1807 3259 θαυμάζει·

228 3286 327 3336 καὶ
377 3282 505 3335 τότε
537 3285 753 3350 πρῶτον
802 3285 933 3353 ὀρᾷν
983 3285 1219 3352 ἡγεῖται,
1265 3285 1352 3336 ὅτε
1381 3284 1474 3335 καὶ
1524 3283 1808 3354 παραστὰς

228 3377 480 3445 ἐντρυφᾷ
512 3378 621 3438 τοῖς
648 3375 936 3445 θεάμασιν,
970 3379 1018 3429 sl
1046 3379 1142 3431 καὶ⁵
1183 3377 1445 3439 πολλάκις
1473 3371 1579 3429 εἶδέ
1621 3394 1681 3429 τε
1714 3378 1810 3429 καὶ

229 3467 576 3537 τεθαύμακε.
623 3469 757 3537 Περὶ
786 3468 917 3537 γοῦν
965 3470 1155 3521 τούτου
1187 3469 1341 3521 τόσον
1379 3470 1568 3539 ἀπέχω
1608 3470 1806 3536 λέγειν,

228 3560 361 3610 ὅσον
396 3561 491 3611 καὶ
538 3558 847 3626 ἄφθεγκτον
872 3560 1066 3622 κάλλος
1100 3560 1341 3629 ἡγοῦμαι
1390 3564 1547 3613 τοῦτο
1578 3563 1670 3614 καὶ
1705 3579 1809 3630 μυ-

232 3651 457 3703 στικόν·
496 3651 647 3703 καὶὸ
696 3652 814 3720 Θεῷ
869 3652 1015 3722 μόνῳ
1059 3654 1278 3723 πρέπει,
1335 3652 1493 3706 τοῦτο
1542 3654 1811 3722 δευτέρως

229 3741 358 3793 κατ’
384 3743 623 3811 ἐμαυτὸν
646 3743 790 3811 ἔχειν
821 3743 1080 3806 πιστεύω,
1106 3744 1167 3795 τὸ
1192 3744 1334 3796 θεῖον
1360 3744 1516 3796 τοῦτο
1544 3745 1635 3796 καὶ
1669 3744 1811 3814 ἱερὸν

232 3836 508 3904 σκήνωμα
531 3851 546 3866 ⁶
573 3835 648 3898 ὼς
677 3836 836 3906 εῐπερ
866 3837 1012 3888 ἐστὶν
1036 3838 1093 3888 ὲν
1118 3838 1514 3906 ίειροποιήτοις
1542 3839 1687 3900 ναοῖς
1717 3855 1815 3890 κα-

235 3929 443 3981 τοικεῖν
492 3928 583 3978 τὸν
635 3927 789 3987 Θεὸν,
842 3928 1029 3981 τοῦτον
1082 3923 1226 3981 εἶναι
1277 3930 1375 3982 καὶ
1436 3928 1599 3996 μόνον
1650 3928 1814 3981 αὑτὸν

235 4020 500 4072 ἁπάντων
528 4018 634 4070 τῶν
684 4013 789 4069 ὑπᾌ
837 4018 1007 4086 ἥλιον.
1052 4020 1148 4070 Ὃν
1193 4018 1238 4071 δ’
1291 4017 1407 4070 ἐστι
1465 4016 1680 4087 βλέπειν
1729 4016 1815 4069 ἐπ’

234 4111 509 4181 ἀριστερᾷ
539 4110 631 4161 τὸν
655 4109 789 4162 νεὼν
818 4108 1079 4162 εἰσιοῦσιν
1108 4109 1169 4173 ἐξ
1200 4109 1456 4179 ἁρμογῆς
1476 4110 1641 4164 λίθων
1667 4110 1817 4165 ἱστά-

238 4220 405 4272 μενον
439 4202 616 4264 κίονα,
641 4204 733 4254 καὶ
756 4201 847 4251 τὸν
875 4201 961 4252 ἐπ’
983 4199 1149 4253 αὐτοῦ
1176 4200 1485 4270 ἀνδριάντα,
1517 4201 1817 4270 τολμητέον

232 4295 423 4348 δοῦναι
457 4297 569 4355 τοῖς
612 4293 812 4360 λόγοις,
860 4295 954 4347 καὶ
1001 4292 1173 4346 ταῦτα
1225 4291 1692 4363 παραστῆσαι,τῷ
1729 4293 1805 4362 μὴ

234 4389 422 4451 ἰδόντι,
456 4386 686 4439 καθόσον
715 4382 825 4438 οἶόν
850 4403 929 4438 τε.
962 4386 1115 4453 Ἔχει
1146 4386 1253 4456 γὰρ
1281 4379 1384 4439 ὧδέ
1425 4404 1525 4456 πη,
1557 4386 1632 4447 ὼς
1660 4388 1688 4439 ὁ
1718 4385 1806 4437 λό-

233 4497 332 4549 γος
362 4478 642 4541 διέξεισιν.

310 4660 532 4717 Αὐλεὼν
560 4660 620 4725 ἐξ
654 4662 879 4729 ἀρχαίου
916 4660 994 4731 τῷ
1034 4661 1163 4731 θείῳ
1189 4661 1362 4731 τούτῳ
1392 4662 1495 4730 νεῷ
1526 4662 1809 4733 οἰκοδομή-

239 4772 376 4823 μασι
405 4753 685 4821 δημοσίοις
712 4752 1170 4821 περιτετείχισται
1192 4769 1209 4785 ο
1245 4746 1306 4805 οὗ
1344 4752 1506 4820 μέσον
1537 4754 1565 4803 ὁ
1596 4753 1809 4818 Αὐγου-

236 4846 411 4899 στεὼν
457 4844 708 4897 ἵσταται·
739 4846 835 4897 καὶ
888 4845 1034 4898 ἐστιν
1076 4838 1248 4909 οὗτος,
1277 4844 1592 4910 Αὐγούστου
1639 4846 1811 4913 στήλη

246 4939 653 5001 Ἰουστινιανοῦ,
684 4939 763 5001 εἰς
798 4938 961 5007 τιμὴν
1005 4938 1195 5007 ἐκείνῳ
1230 4939 1506 5003 σταθεῖσα,
1542 4939 1670 5009 ἄρτι
1698 4940 1808 4992 τῶν

233 5031 379 5083 κατὰ
412 5030 639 5098 Περσῶν
673 5032 850 5083 πόνων
896 5030 1332 5098 ὑπανακύψαντι.
1373 5033 1583 5101 Βάθρον
1610 5034 1672 5083 ὲκ
1703 5032 1807 5100 γῆς

309 5165 388 5230 (Il
420 5166 755 5231 Ἐκςορασις
792 5165 898 5219 τοῦ
931 5164 1415 5234 Αὐγουστεῶνος.
1471 5168 1801 5233 Augustenm

231 5233 627 5301 amplissimum
683 5235 875 5287 atrium
915 5233 1035 5299 fuit,
1058 5237 1351 5303 porticibus
1385 5237 1801 5296 circumdatum,

232 5322 296 5359 ac
328 5303 577 5355 vestibuli
601 5305 769 5355 vicem
800 5306 1045 5370 praestitit
1068 5306 1270 5369 Magum
1296 5306 1563 5359 ΕστρΙυςιςρ.
1601 5304 1671 5355 De
1694 5307 1805 5357 An-

233 5383 501 5443 gusteone
546 5387 637 5425 seu
664 5376 730 5424 de
772 5375 1020 5427 columna
1067 5384 1121 5427 et
1160 5385 1336 5428 statua
1366 5377 1600 5443 equestri
1634 5373 1799 5426 Justi-

234 5442 385 5495 niani
442 5442 734 5515 [omittatur
783 5447 1094 5515 Anonymus
1135 5454 1333 5515 noster
1376 5442 1452 5515 [in
1501 5443 1804 5509 Patrologia

236 5524 375 5585 Laur.
429 5510 618 5585 CXIIII
652 5552 665 5571 ,
724 5524 865 5585 post,
897 5510 1195 5585 Psallam];
1240 5510 1475 5585 Zona-ras
1524 5531 1643 5585 pag.
1689 5515 1758 5568 52
1788 5555 1800 5575 ,

235 5580 492 5651 Zozinms
522 5582 614 5634 lib.
651 5597 711 5642 ll,
747 5594 800 5633 cl
830 5584 1107 5637 Cettrenus
1134 5580 1248 5651 ἰιιιὶ
1294 5586 1495 5646 subdit,
1526 5580 1677 5636 hanc
1723 5599 1816 5637 co-

236 5649 477 5701 lumnam
525 5666 589 5703 ex
618 5652 811 5715 tegnlis
836 5655 992 5707 aereis
1014 5649 1262 5717 Chulr'es,
1294 5669 1417 5707 cum
1460 5654 1512 5706 in
1547 5652 1813 5708 seditione

242 5720 662 5791 Victoriatorum
680 5722 1086 5791 conﬂagrasset,
1114 5722 1413 5776 confectam
1442 5737 1562 5777 esse
1587 5741 1613 5791 :_
1627 5722 1686 5776 '0
1716 5740 1815 5776 πε-

240 5790 295 5857 ρὶ
340 5789 507 5840 αὐτὸν
542 5789 820 5861 τὺνίκίονα
868 5789 1073 5860 χαλκὸς
1114 5792 1279 5855 ἄπας,
1313 5792 1557 5861 κέραμος
1596 5789 1662 5860 ἦν
1692 5794 1807 5846 διά-

239 5874 442 5927 χρυσος
473 5860 571 5929 τὴν
608 5860 814 5912 εἴσοδον
851 5863 941 5913 τοῦ
964 5862 1231 5914 παλατξου
1265 5863 1680 5915 Κωνσταντίνου
1708 5864 1797 5915 τοῧ

1910 2544 2059 2599 intus
2082 2554 2313 2599 ornatur
2351 2544 2803 2613 pulchritudine;
2835 2548 3026 2604 multis
3052 2549 3185 2605 item
3206 2554 3482 2608 extrinse-

1909 2653 2008 2691 cus
2056 2637 2224 2706 fulget
2279 2640 2675 2693 ornamentis:
2722 2654 2845 2708 quae
2898 2640 2971 2694 ita
3025 2642 3300 2698 mirabilia
3351 2654 3483 2699 sun:

1910 2738 1969 2782 ut
2012 2744 2238 2797 prorsus
2267 2729 2516 2783 enarrari
2560 2740 2860 2799 nequeant.
2919 2731 3112 2788 Tantis
3156 2735 3303 2788 enim
3355 2751 3481 2805 spe-

1910 2818 2296 2887 ctaculislicet
2330 2820 2514 2887 potius
2549 2835 2674 2874 cum
2703 2822 2926 2876 silentio
2975 2823 3103 2887 frui,
3144 2840 3309 2894 quam
3359 2841 3484 2882 ver-

1910 2910 1996 2965 bis
2021 2925 2083 2963 ea
2106 2926 2409 2975 recensere,
2426 2927 2545 2981 qua;
2561 2927 2778 2968 omnem
2797 2929 3109 2968 sermonem
3124 2931 3480 2985 exsuperant.

1910 3003 2099 3074 Neque
2144 3006 2291 3060 enim
2328 3008 2523 3067 semel.
2561 3017 2657 3062 aut
2704 3009 2808 3071 bis,
2848 3019 2943 3062 aut
2996 3010 3205 3078 pluries
3239 3010 3357 3065 haec
3393 3012 3481 3064 vi-

1911 3098 2129 3152 dentem
2159 3109 2351 3167 stupor
2378 3114 2501 3152 cum
2530 3099 2809 3167 voluptate
2846 3102 3180 3169 conjunctus
3206 3111 3441 3168 occupat
3466 3119 3480 3165 ;

1914 3190 2009 3244 sed
2052 3200 2261 3259 quanto
2298 3192 2472 3260 magis
2508 3191 2779 3256 intuetur,
2813 3200 2968 3244 tanto
3013 3192 3208 3261 majori
3241 3193 3484 3246 admira-

1917 3281 2067 3335 tione
2109 3282 2324 3350 capitur
2361 3297 2375 3333 :
2414 3296 2478 3335 ac
2506 3280 2639 3335 licet
2689 3281 3014 3351 plerumque
3047 3282 3247 3337 viderit
3276 3292 3334 3336 et
3369 3284 3484 3336 mi-

1912 3383 2065 3427 ratus
2097 3373 2191 3435 sit,
2222 3385 2355 3426 tunc
2384 3388 2441 3426 se
2473 3372 2710 3441 primum
2743 3372 2929 3426 videre
2960 3381 3115 3441 putat
3145 3388 3270 3428 cum
3302 3374 3486 3428 denuo

1913 3469 2181 3523 accedens
2211 3476 2290 3521 tot
2318 3468 2663 3521 mirabilibus
2692 3468 3023 3523 delectatur.
3061 3469 3135 3523 De
3166 3470 3262 3524 illo
3293 3480 3483 3539 itaque

1913 3562 2183 3617 disserere
2230 3577 2298 3616 eo
2352 3561 2525 3628 magis
2559 3561 2830 3625 abstineo,
2865 3561 3009 3631 quod
3045 3562 3478 3616 inenarrabilem

1914 3664 2046 3725 puto
2097 3654 2353 3707 decorem
2389 3653 2542 3706 illum
2578 3654 2892 3724 mysticum,
2938 3653 3032 3720 qui
3067 3654 3162 3707 uni
3199 3654 3309 3707 Deo
3336 3668 3487 3707 com-

1916 3745 2054 3813 petit
2110 3763 2121 3797 :
2177 3759 2300 3797 nam
2351 3745 2599 3797 divinum
2635 3754 2691 3798 et
2723 3759 2937 3798 sacrum
2970 3744 3105 3798 illud
3158 3745 3485 3799 tabernacu-

1914 3837 2051 3901 lum,
2105 3838 2378 3891 secundas
2429 3837 2532 3891 hac
2584 3837 2639 3890 in
2692 3846 2847 3905 parte
2902 3836 3154 3891 obtinere
3206 3837 3482 3891 existimo.

1917 3928 2071 3994 Quod
2113 3928 2157 3982 si
2196 3927 2314 3982 fieri
2364 3938 2549 3997 posset
2584 3939 2642 3981 ut
2701 3928 2846 3982 Deus
2876 3928 2932 3981 in
2974 3929 3304 3983 manulactis
3347 3939 3485 3982 tem-

1918 4017 2025 4087 plis
2080 4016 2377 4080 habitaret,
2428 4018 2531 4070 hoc
2562 4018 2677 4070 fore
2731 4029 2863 4086 puto
2915 4019 3019 4072 sub
3067 4020 3183 4073 sole
3228 4036 3395 4073 unum
3432 4021 3485 4072 iu

1920 4124 2033 4179 quo
2079 4120 2417 4164 versaretur.
2462 4111 2742 4164 Audacius
2776 4119 2959 4164 tamen
2992 4111 3303 4165 columnam
3338 4112 3488 4167 illam

1925 4218 2051 4257 cum
2101 4202 2351 4270 imposita
2383 4211 2563 4255 statua
2595 4202 2913 4257 describere
2945 4206 3251 4273 aggrediar,
3280 4221 3402 4274 quae
3428 4205 3483 4259 in

1916 4294 2182 4363 templum
2246 4294 2583 4348 intrantibus
2637 4295 2704 4347 ad
2758 4295 2946 4346 laevam
3001 4296 3224 4357 visitur,
3289 4296 3491 4365 lapillis

1915 4387 2055 4441 mira
2099 4394 2217 4440 arte
2260 4386 2562 4454 compactis
2596 4385 2813 4447 vestita.
2864 4394 2925 4439 ut
2959 4386 3023 4439 iis
3064 4388 3157 4455 qui
3191 4402 3301 4440 non
3341 4388 3492 4442 vide-

1920 4481 2033 4533 rint
2080 4495 2178 4547 pro
2223 4478 2479 4532 facultate
2506 4477 2817 4547 depingam.
2852 4478 2928 4531 Ita
2971 4494 3103 4533 vero
3146 4494 3203 4532 se
3237 4480 3403 4533 habet
3433 4490 3491 4533 ut

1920 4572 2008 4626 hic
2038 4580 2342 4625 enarratur.

1992 4662 2204 4716 Atrium
2256 4660 2419 4729 hujus
2447 4659 2624 4713 divini
2678 4661 2865 4729 templi
2901 4661 2969 4714 ab
2997 4662 3226 4730 antiquo
3258 4661 3493 4730 publicis

1921 4753 2173 4808 aediﬁciis
2197 4753 2672 4823 circumcingitur,
2700 4753 2754 4806 in
2782 4755 2938 4823 cujus
2966 4754 3145 4809 medio
3171 4757 3491 4825 Augusteon

1921 4847 2177 4914 erigitur,
2242 4844 2345 4898 hoc
2393 4853 2499 4909 est,
2553 4853 2733 4899 statua
2787 4845 3087 4900 Justiniani
3147 4846 3379 4916 Augusti
3435 4848 3527 4901 in'

1918 4940 2036 5006 ejus
2083 4938 2345 4992 honorem
2385 4946 2516 4990 tunc
2554 4946 2761 5001 erecta,
2812 4952 2937 4991 cum
2986 4938 3191 4993 Persici
3230 4938 3354 4993 belli
3408 4939 3492 4993 la—

1918 5030 2154 5085 boribus
2189 5028 2515 5099 perfunctus
2544 5043 2799 5083 reversus
2831 5037 2916 5083 est
2948 5047 2961 5082 ι
2998 5029 3152 5084 Basis
3182 5039 3363 5093 autem
3395 5045 3490 5083 co-

1918 5168 2152 5233 μεγὰλου
2193 5165 2457 5231 βασιλέως
2484 5165 2894 5236 ἐπικαλύπτων,
2925 5166 3047 5236 ἥτις
3087 5165 3180 5218 καὶ
3208 5166 3370 5234 μέχρι
3393 5168 3487 5218 τοῦ

1914 5238 2007 5288 νῦν
2038 5238 2228 5304 Χαλκῆ
2266 5235 2759 5304 προσαγορεύεται.
2786 5235 2883 5288 κΕιι
2918 5235 3093 5287 autem
3137 5252 3307 5295 omne,
3348 5238 3485 5300 quod

1912 5308 2053 5357 circa
2081 5306 2379 5357 columnam
2412 5315 2507 5360 est.
2543 5306 2719 5370 tegula
2752 5307 2853 5369 fuit
2889 5307 3158 5361 inaurata.
3195 5305 3488 5372 ingressum

1912 5376 2097 5439 palatii
2124 5374 2458 5428 Constantini
2488 5373 2668 5438 Magni
2703 5376 3034 5436 iniperatmis
3072 5385 3367 5437 contegens,
3398 5376 3490 5443 qui

1912 5461 2073 5513 usque
2095 5462 2228 5497 nunc
2253 5444 2443 5513 Cltalce
2466 5445 2781 5508 appellatur.
2802 5444 3066 5499 Caeterum
3098 5445 3233 5495 hanc
3257 5452 3490 5495 statuam

1910 5512 2217 5581 equestrem
2269 5512 2560 5568 Iustiniani
2623 5516 2878 5581 graphice
2933 5515 3155 5566 omnino
3200 5513 3490 5581 descripsit

1926 5583 2331 5652 Procopius-lib.
2368 5599 2380 5635 ι
2416 5582 2488 5635 De
2522 5584 2695 5649 (edi/1,
2728 5599 2851 5653 cap.
2889 5584 2974 5642 Η.
3012 5598 3074 5635 ex
3106 5597 3301 5653 eoque,
3328 5582 3492 5648 quiti-

1922 5655 2049 5721 quid
2095 5655 2147 5707 in
2176 5656 2312 5706 hanc
2345 5669 2454 5705 rem
2505 5653 2706 5706 habent
2746 5652 2926 5707 caeteri
2954 5654 3265 5718 scriptores.
3293 5652 3492 5703 hause-

1920 5734 2069 5778 runt.
2097 5727 2228 5789 Qum
2260 5722 2503 5789 Procopii
2554 5723 2845 5789 descriptio
2881 5740 3001 5777 curn
3033 5724 3103 5776 sit
3132 5721 3462 5785 longiuscui'u

1916 5803 1968 5846 et
1991 5794 2231 5857 ejusdem
2254 5792 2371 5847 libri
2407 5792 2580 5845 facilis
2603 5794 2794 5859 cuique
2822 5795 3000 5862 copia,
3021 5794 3269 5847 consulto
3292 5806 3317 5844 a
3340 5790 3492 5843 nolis

1914 5863 2205 5918 omittitur.
