4198 6448
206 396 318 460 9ὶῦ

1072 406 1169 467 DE
1215 408 1735 467 PROCESSIUNE
1817 414 2180 473 Sl'llii'i‘US
2223 416 2515 478 SANCTL

3372 421 3479 482 926

194 519 257 572 δὲ
305 517 505 587 ἔθεμεν
544 518 835 587 πρότερον.
880 518 939 570 Εἰ
980 516 1072 573 οὖν
1124 536 1209 585 τις
1269 522 1402 591 φαίη
1438 523 1523 576 διὰ
1559 525 1613 577 τί
1648 543 1777 578 καυ-

1907 527 2037 579 )ι·ἰιιε
2096 531 2469 597 supponimus.
2546 529 2601 582 Si
2664 529 2788 598 quis
2881 529 3065 599 itaque
3132 531 3473 600 interrOget.

203 610 398 663 στικόν
426 610 545 663 ἐστι
573 611 635 662 τὸ
667 609 777 679 πῦρ
810 612 1158 676 καυπικῶς;
1195 615 1256 667 οὐ
1303 615 1466 667 καλὸν
1492 617 1793 683 ἀπολογεῖ-

202 705 363 767 σθαι,
404 701 539 755 διότι
590 701 735 754 καίει
775 702 835 755 τὸ
874 703 1053 769 ξύλον.
1107 705 1412 775 Ἐνδέχεται
1444 710 1553 779 γὰρ
1588 710 1683 762 καὶ
1716 710 1792 780 μὴ

198 794 383 845 καίειν
428 794 490 845 τὸ
522 793 677 858 ξύλον
707 796 767 847 τὸ
810 795 942 865 πῦρ,
981 798 1105 865 μηδ’
1140 799 1386 868 ἐνεργεῖν
1410 799 1533 871 ἔχον
1560 802 1660 872 τὴν
1692 819 1795 870 φυ-

201 886 367 951 σικὴν
397 885 649 955 δύναμιν.
682 887 885 951 Διττῶς
922 888 1053 956 γοῦν
1088 890 1399 960 ἁμαρτάνει
1449 895 1478 949 δ
1528 894 1790 964 τοιαύτην

199 980 392 1030 αἰτίαν
426 978 619 1041 τιθεὶς,
648 978 726 1048 τῷ
759 997 818 1033 τε
861 980 972 1051 γὰρ
1006 981 1234 1051 ὕστερον
1270 985 1453 1064 λέγειν
1488 988 1659 1039 αἴτιον
1695 987 1789 1064 τθῦ

204 1070 509 1140 προτέρου,
542 1072 635 1123 καὶ
675 1071 755 1141 τῷ
780 1072 841 1125 τδ
868 1074 1221 1144 ἐνδεχόμενον
1256 1076 1329 1144 μὴ
1373 1053 1539 1139 εἷναιξ
1567 1076 1659 1128 τοῦ
1678 1053 1793 1145 ,δυ-

203 1159 383 1222 σικῶς
416 1162 511 1214 καὶ
547 1161 605 1228 ἐξ
659 1162 910 1233 ἀνάγκης
946 1163 1132 1224 δντοςι
1186 1165 1247 1218 Εἰ
1281 1165 1336 1218 δέ
1365 1182 1447 1228 τις
1494 1167 1794 1236 ἐρωτήσειε

199 1254 293 1306 διὰ
317 1251 373 1306 τί
400 1255 546 1307 καίει
578 1254 641 1308 τὸ
669 1255 781 1324 πῦρ
811 1255 879 1309 τα
912 1256 1080 1323 ξύλας
1112 1256 1333 1325 εὔλογον
1358 1258 1667 1313 ἀποδιδόναι
1697 1261 1796 1329 τὴν

198 1343 413 1405 αἰτίαν,
446 1344 529 1396 ὅτι
564 1346 858 1398 καυστικόν
888 1346 1003 1399 ἔστι
1037 1347 1200 1413 φύσει
1240 1348 1300 1401 τὸ
1328 1348 1463 1418 πῦρ.
1510 1350 1715 1403 Τούτου
1739 1351 1797 1404 δὲ

197 1436 251 1486 εἰ
282 1434 481 1503 ζητοίη
517 1436 681 1490 πάλιν
702 1438 761 1489 τὸ
791 1438 987 1502 αἴτιον,
1010 1438 1093 1490 ὅτι
1119 1440 1238 1502 πῶς
1267 1441 1564 1493 καυστικὸν
1592 1442 1653 1493 τὸ
1682 1440 1795 1512 πῦρ

199 1527 406 1592 ιέύσεις
443 1528 574 1582 ἄλλο
608 1545 690 1593 τις
722 1532 989 1600 πρότερον
1018 1533 1315 1598 ὲννοήσειε,
1350 1535 1442 1586 καὶ
1486 1533 1547 1586 οὐ
1584 1533 1665 1599 τὸ,
1714 1536 1797 1588 δτι

201 1619 359 1673 καίει
394 1621 466 1674 τὰ
504 1621 660 1685 ξύλα.
704 1622 876 1677 Τοῦτο
920 1624 1029 1694 γὰρ
1060 1625 1271 1696 ἐδείχθη
1303 1626 1397 1678 καὶ
1426 1626 1671 1697 ὕστερον,
1704 1629 1799 1680 καὶ

203 1712 572 1784 ἐνδεχόμενον
605 1716 681 1785 μὴ
713 1716 982 1784 γίνεσθαι.
1031 1718 1156 1782 Πῶς
1186 1715 1279 1772 οὖν
1332 1719 1395 1772 τὸ
1430 1721 1506 1791 μὴ
1550 1722 1798 1789 γίνεσθαι

198 1805 602 1875 ἐνδεχόμενον,
638 1810 731 1861 καὶ
767 1809 827 1861 τὸ
864 1808 1089 1881 ὕστερον
1130 1810 1226 1864 τοῦ
1263 1812 1444 1880 φύσει,
1477 1816 1571 1866 καὶ
1610 1816 1801 1885 προτέ-

202 1914 309 1966 ρου
344 1897 524 1953 αῖτιον
554 1900 622 1954 ἂν
672 1902 783 1970 sit);
832 1901 997 1955 Ἀλλὰ
1034 1903 1198 1973 τυχὸν
1248 1906 1541 1958 αἰτιάσαιτ’
1591 1906 1680 1969 ἂν,
1714 1909 1796 1961 ὅτι

198 1991 550 2064 λεπτομερὲς
582 1994 642 2047 τὸ
676 1997 939 2064 στοιχεῖον
980 2000 1076 2051 καὶ
1123 1997 1407 2067 εὐκίνητον
1457 2001 1639 2070 φύσει.
1691 2002 1830 2054 Καὶ-

196 2087 291 2138 Et:
342 2086 681 2157 διεγερτικδν
728 2088 942 2141 ἔνδοθεν
990 2090 1129 2159 πρὸς
1180 2091 1370 2158 ἔξαψιν
1414 2094 1660 2159 φυσικῶς
1700 2096 1797 2162 τῆς

200 2178 410 2251 ῥώμης
441 2180 707 2251 ὠκύτητι,
752 2182 848 2233 καὶ
876 2181 956 2251 τῷ
1004 2182 1353 2254 λεπτομερεῖ,
1394 2185 1487 2237 καὶ
1521 2185 1798 2256 δραστικῷ

197 2270 312 2339 τῆς
345 2270 591 2338 φύσεως,
643 2272 739 2324 καὶ⁵
775 2271 984 2325 τοιαῦθ’
1010 2273 1198 2344 ἔτερα.
1238 2274 1398 2327 Οὕτω
1432 2276 1525 2329 καὶ
1572 2277 1667 2329 ἐπὶ
1703 2276 1797 2330 τοῦ

199 2363 580 2431 προκειμένου
637 2363 956 2434 ζητήματος
1025 2366 1300 2435 ἐννοήσειέ
1364 2384 1450 2431 τις
1516 2370 1798 2439 τολμήσας

200 2454 401 2524 μικρῷ
431 2455 575 2523 λόγῳ
605 2455 674 2508 τὰ
718 2458 1337 2529 μεγάλαβταῢμᾶτθαι.
1372 2461 1437 2515 Εἰ
1481 2464 1590 2530 γὰρ
1623 2462 1796 2532 ὑπερ-

197 2548 424 2619 χρόνως
462 2549 559 2618 μὲν
590 2548 813 2617 Πνεῦμα
844 2550 975 2603 Υίοῦ
1022 2550 1082 2604 τὸ
1132 2552 1359 2620 Πνεῦμα
1390 2554 1448 2605 τὲ
1497 2554 1675 2622 ἅγιον,
1704 2557 1799 2607 καὶ

198 2641 327 2693 ἐστι
349 2657 434 2703 τε,
471 2641 565 2694 καὶ
590 2642 845 2707 λέγεται,
873 2641 1076 2695 δίδοται
1103 2642 1158 2695 δὲ
1183 2645 1459 2713 ὲγχρόνως
1482 2648 1597 2709 τοῖς
1626 2645 1798 2710 ἀξίοις

200 2731 366 2800 παρὰ
388 2731 486 2784 τοῦ
517 2732 647 2785 Υίοῦ
680 2734 772 2785 καὶ
801 2737 1123 2803 χορηγεῖται
1146 2737 1208 2789 τὸ
1238 2736 1485 2806 Πνεῦμα,
1514 2741 1802 2808 ὁμολογού-

205 2842 380 2892 μενον
415 2824 806 2894 ἀναμφιϐόλως
865 2825 1050 2892 παντὶ,
1101 2828 1178 2889 ὼς
1224 2828 1285 2881 τὸ
1315 2829 1659 2900 ὑπέρχρονον
1703 2833 1799 2886 τοῦ

202 2918 479 2987 ἑγχρόνου
513 2919 803 2987 πρότερον,
846 2920 939 2972 καί
972 2921 1030 2971 τὸ
1072 2919 1235 2989 φύσει
1267 2921 1367 2990 τῆς
1399 2925 1703 2993 ἐνεργείας.
1736 2927 1799 2981 Εἰ

200 3013 344 3079 γοῦν
396 3028 483 3072 τις
533 3011 765 3080 ζητοίηἰ
790 3011 875 3065 διὰ
929 3012 982 3066 τί
1016 3017 1335 3083 χορηγεῖται
1370 3022 1482 3081 τοῖς
1520 3018 1691 3084 ἀξίοις
1740 3021 1801 3073 τὸ

204 3107 447 3173 Πνεῦμα
482 3107 637 3177 παρὰ
659 3106 753 3159 τοῦ
786 3106 949 3171 Υίοῦ;
982 3107 1204 3176 εὔλογος
1233 3112 1263 3180 ἡ
1293 3112 1621 3179 ἀπάντησις,
1653 3114 1798 3166 Διότι

1896 632 2064 687 quare
2099 618 2237 687 igttis
2278 621 2531 675 facultate
2566 621 2666 674 sibi
2700 622 2881 675 innata
2923 622 3155 676 adurat?
3198 638 3304 677 non
3338 640 3482 680 recte

1897 711 2019 777 quis
2070 712 2445 776 responderet.
2492 713 2637 780 quod
2691 713 2890 783 lignum
2937 713 3155 768 adurit:
3189 714 3305 771 ﬂeri
3338 717 3482 771 enim

1900 810 2101 869 potest,
2139 811 2197 854 ut
2232 802 2373 869 ignis
2412 803 2615 871 lignum
2650 820 2755 857 tton
2790 806 3001 869 adurat,
3041 822 3140 860 nec
3170 817 3317 878 agat,
3358 809 3482 862 licet

1901 893 2209 947 facultatem
2248 896 2541 956 naturalem
2576 896 2627 949 itl
2660 896 2859 949 habeat
2891 898 3104 965 agendi.
3162 898 3228 953 Et
3256 899 3485 967 duplici-

1901 996 1981 1040 ter
2010 997 2219 1052 peccat,
2245 988 2335 1055 qtti
2365 990 2673 1057 ptmtliclattt
2699 1004 2922 1041 causam
2951 990 3199 1055 assignat
3226 1006 3241 1043 :
3270 975 3323 1043 ἃ
3344 992 3485 1059 quod

1898 1080 2169 1147 posterius
2195 1094 2416 1132 causam
2440 1080 2646 1134 diceret
2670 1081 2988 1143 anterioris.
3013 1092 3089 1143 et,
3118 1082 3258 1150 quod
3286 1096 3392 1136 non
3417 1084 3488 1136 sit

1899 1170 1953 1225 id
1983 1155 2142 1239 ’quod
2180 1170 2298 1225 ﬁeri
2347 1152 2551 1241 potest,
2585 1173 2729 1227 illius
2764 1174 2909 1242 quod
2948 1175 3269 1227 naturaliter
3295 1183 3350 1227 et
3382 1188 3484 1227 ne-

1899 1262 2139 1317 cessario
2172 1272 2274 1316 est.
2310 1263 2367 1316 Si
2394 1263 2517 1330 quis
2571 1275 2701 1317 vero
2740 1262 3068 1332 postularit,
3120 1278 3291 1332 quare
3348 1264 3490 1333 ignis

1901 1354 2098 1409 adurat
2134 1354 2320 1425 ligna?
2368 1357 2651 1423 responsio
2697 1371 2794 1410 nec
2848 1357 3051 1411 absona
3086 1356 3269 1411 'l‘ucrit
3291 1398 3308 1425 ,
3341 1358 3489 1427 quod

1901 1462 2095 1502 natura
2127 1463 2223 1501 sua
2254 1448 2395 1517 ignis
2424 1450 2622 1502 adurit.
2656 1448 2887 1517 Hujusce
2915 1457 3122 1511 autem,
3151 1448 3196 1501 si
3224 1449 3347 1517 quis
3374 1463 3491 1500 rur-

1901 1557 2019 1595 sum
2052 1556 2271 1594 causam
2306 1542 2613 1595 sciscitatus
2641 1540 2827 1605 fuerit,
2858 1542 3134 1609 quomodo
3163 1541 3302 1610 ignis
3334 1552 3492 1593 uatu-

1901 1649 1960 1687 ra
1996 1648 2089 1686 sua
2124 1634 2362 1687 adurat?
2388 1633 2532 1686 aliud
2561 1632 2837 1700 quidpiam
2865 1634 3043 1697 potius
3070 1633 3193 1701 quis
3214 1632 3492 1700 excogita-

1903 1726 2065 1791 verit,
2094 1734 2147 1779 et
2174 1740 2281 1780 non
2313 1725 2440 1787 hoc,
2469 1728 2610 1794 quod
2646 1726 2788 1791 ligna
2820 1728 3033 1778 adurat.
3069 1724 3185 1778 Hoc
3220 1724 3392 1787 enim,
3431 1734 3492 1778 ut

1902 1814 2260 1878 ostendimus,
2288 1814 2559 1884 posterius
2579 1826 2659 1868 est
2683 1824 2735 1869 et
2758 1824 2934 1881 potest
2966 1814 3105 1878 ﬁeri,
3127 1824 3182 1866 ttt
3211 1830 3316 1868 non
3342 1822 3487 1884 agat.

1904 1906 2154 1975 Quanam
2210 1909 2395 1975 itaque
2442 1908 2674 1970 ratione,
2708 1907 2850 1974 quod
2890 1906 3003 1961 ﬁeri
3039 1915 3240 1976 potest,
3288 1915 3348 1961 ut
3380 1922 3489 1961 non

1907 2000 2022 2060 liat.
2064 2007 2117 2053 et
2140 1999 2282 2066 quod
2311 1997 2582 2067 posterius
2603 2006 2688 2052 est
2710 1997 2877 2063 illius,
2903 2000 3048 2067 quod
3074 2008 3265 2051 natura
3290 2014 3384 2053 sua
3408 2008 3493 2053 est

1903 2100 1957 2145 et
1988 2092 2135 2157 prius
2167 2106 2330 2145 causa
2356 2090 2561 2143 fuerit?
2610 2088 2672 2143 Et
2700 2088 2840 2144 forte
2870 2090 3035 2143 etiam
3069 2088 3193 2143 illud
3228 2089 3489 2157 adducet,

1903 2181 2046 2253 qudd
2078 2184 2408 2237 elementum
2439 2183 2669 2251 partium
2704 2182 2971 2236 tenuitate
3002 2181 3220 2251 polleat,
3254 2191 3309 2237 et
3340 2182 3488 2238 facili

1903 2285 2050 2332 motu
2075 2286 2264 2329 natura
2292 2291 2388 2330 sua
2416 2275 2657 2339 cientur;
2685 2284 2739 2329 et
2765 2275 2910 2342 quod
2935 2275 3151 2329 interna
3171 2276 3493 2331 naturaliter

1902 2370 2114 2422 roboris
2141 2368 2447 2431 velocitate,
2480 2376 2535 2420 et
2560 2365 2949 2435 particularum
2987 2367 3274 2435 tenuitate,
3310 2376 3365 2421 et
3395 2382 3494 2421 na-

1903 2467 2040 2513 tura:
2068 2456 2408 2520 etlicacitate,
2427 2457 2492 2509 ad
2514 2455 2914 2535 incendendum
2946 2469 3036 2510 res
3065 2454 3323 2522 concitet,
3340 2463 3394 2511 et
3411 2456 3490 2510 si—

1902 2548 2073 2604 milia.
2108 2548 2231 2603 Pari
2264 2550 2473 2602 ratione
2502 2560 2556 2600 et
2585 2548 2637 2601 in
2674 2549 2953 2617 proposita
2982 2549 3287 2617 quaestione
3328 2563 3494 2618 argu-

1901 2642 2238 2697 mentabitur
2258 2641 2549 2710 quispiam,
2573 2640 2780 2695 audens
2804 2640 3004 2708 pusillo
3028 2641 3276 2695 discursu
3306 2640 3493 2708 ingen-

1903 2735 1978 2787 tia
2019 2733 2223 2789 metiri.
2260 2730 2531 2801 Namque,
2564 2732 2608 2785 si
2644 2739 2772 2785 ante
2813 2743 3057 2799 tempora
3096 2731 3334 2799 Spiritus
3371 2730 3490 2785 Filii

1904 2827 2135 2895 Spiritus
2159 2834 2382 2881 sanctus
2410 2833 2463 2877 et
2488 2832 2570 2878 est
2591 2834 2645 2878 et
2670 2824 2894 2887 dicitur,
2914 2824 3078 2876 datur
3109 2838 3239 2877 vero
3269 2823 3322 2877 in
3354 2833 3492 2877 tem-

1902 2937 2033 2992 pore
2067 2920 2245 2991 dignis
2269 2936 2296 2973 a
2322 2918 2479 2983 Filio,
2512 2929 2567 2971 et
2590 2916 2972 2985 suppeditatur
2992 2915 3251 2984 Spiritus.
3275 2917 3328 2969 in
3356 2930 3490 2970 con-

1909 3019 2055 3071 fesso
2106 3029 2225 3069 esse
2260 3014 2442 3074 debet.
2486 3012 2605 3065 sine
2640 3010 2747 3064 ullo
2787 3010 2955 3064 dubio
2985 3012 3127 3079 apud
3162 3025 3377 3072 omnes,
3416 3010 3491 3072 id,

1904 3109 2042 3176 quod
2074 3118 2201 3160 ante
2231 3116 2477 3173 tempora
2506 3112 2609 3167 est,
2640 3119 2725 3167 eo,
2763 3103 2907 3170 quod
2941 3102 2993 3155 in
3024 3111 3266 3169 tempore
3296 3111 3401 3165 est,
3433 3109 3492 3155 et

204 3201 330 3253 ἔστι
363 3216 445 3263 τε,
482 3201 577 3251 καὶ
631 3200 850 3264 λέγεται
903 3203 1127 3272 Πνεῦμα
1164 3204 1312 3257 Υἱοῦ.
1363 3205 1569 3257 Ἐκεῖνο
1608 3209 1715 3275 γὰρ
1744 3207 1802 3259 τὸ

1907 3200 2046 3268 quod
2073 3208 2267 3252 natura
2298 3209 2401 3258 est,
2432 3195 2581 3261 prius
2605 3209 2727 3247 esse
2758 3195 2874 3262 ἱρέα
2897 3193 3133 3246 actione.
3163 3192 3219 3245 Si
3248 3192 3369 3259 quis
3390 3191 3492 3244 ita-

204 3294 410 3359 αἴτιον,
436 3293 594 3345 τοῦτο
628 3293 683 3345 δὲ
728 3295 785 3345 τὺ
812 3296 1076 3349 αἰτιατόν.
1108 3297 1169 3347 Εἰ
1195 3295 1252 3347 δὲ
1286 3296 1449 3350 πάλιν
1473 3296 1679 3367 ζητοίη,
1713 3299 1799 3350 διὰ

205 3388 261 3441 τί
287 3390 410 3440 ἐστι
441 3387 532 3437 καὶ
563 3386 783 3452 λέγεται
818 3386 1041 3456 Πνεῦμα
1075 3387 1207 3439 Υἰοῦ
1242 3389 1270 3439 ὁ
1300 3389 1678 3459 Παράκλητος,
1702 3392 1800 3444 οῦκ

208 3478 335 3530 ἔστι
358 3477 544 3544 λέγειν
577 3479 706 3539 τινὶ,
734 3480 814 3530 ὅτι
843 3478 975 3530 διότι
1013 3483 1126 3542 τοῖς
1155 3478 1327 3543 ἀξίοις
1363 3483 1514 3551 παρὰ
1546 3485 1639 3535 τοῦ
1670 3484 1800 3537 Υἰοῦ

208 3572 271 3623 τὸ
300 3571 532 3635 Πνεῦμα
568 3573 909 3639 χορηγεῖται.
942 3570 1115 3623 Τοῦτο
1147 3573 1254 3643 γὰρ
1291 3572 1534 3639 ὕστερον,
1572 3579 1666 3628 καὶ
1712 3576 1801 3643 ἔγ-

206 3680 431 3734 χρονον,
472 3666 566 3715 καὶ
613 3664 700 3715 διὰ
739 3662 898 3715 τοῦτο
942 3664 1205 3717 αἰτιατόν.
1262 3652 1506 3735 ’Δμυίθὴς
1547 3668 1729 3719 τοίνυν
1767 3670 1800 3738 ή

208 3758 535 3824 ἀπόκρισις,
561 3755 622 3805 τὸ
648 3754 691 3805 δ’
718 3756 980 3823 ἐρώτημα
1019 3754 1265 3819 εὔλογον.
1297 3756 1407 3809 Καὶ
1435 3759 1495 3808 οὐ
1541 3760 1671 3828 περὶ
1704 3759 1800 3812 τοῦ

210 3850 298 3901 ὅτι
335 3846 400 3897 τὸ
434 3844 660 3915 Πνεῦμα
691 3847 794 3914 μέν
821 3846 940 3897 ἐστι
978 3844 1073 3898 τοῦ
1133 3845 1266 3899 Υἰοῦ
1311 3847 1686 3916 ῦπερχρόνως,
1720 3849 1802 3901 δί-

207 3937 367 3989 δοται
397 3934 456 3984 δὲ
488 3934 786 4002 ὲγχρόνως,
819 3933 1339 4004 ἀμφισόητήσομεν,
1378 3937 1517 3989 ἀλλὰ
1546 3939 1677 4007 περὶ
1706 3938 1802 3990 τοῦ

208 4028 295 4080 ὅτι
329 4025 390 4079 τὸ
423 4024 652 4095 ὕστερον
693 4025 787 4077 τοῦ
822 4026 1113 4095 προτέρου,
1159 4026 1256 4079 καὶ
1302 4026 1362 4080 τὸ
1411 4028 1668 4098 ἓγχρονον
1709 4029 1802 4083 τοῦ

212 4119 562 4189 ὑπερχρὸνου
610 4117 941 4187 αἰτιώμεθα.
989 4120 1168 4191 Ὅπερ
1223 4119 1506 4175 ἀδύνατον.
1537 4122 1702 4175 Ὥστε
1755 4126 1803 4177 εἰ

214 4214 292 4281 μή
327 4214 481 4263 ἐστιν
506 4211 683 4264 αἴτιον
710 4211 771 4263 τὸ
796 4212 1153 4282 χορηγεῖσθαι
1178 4215 1241 4263 τὸ
1269 4214 1494 4283 Πνεῦμα
1525 4217 1676 4286 παρὰ
1706 4215 1801 4268 τοῦ

212 4304 353 4357 Υίοῦ
403 4307 519 4365 τοῖς
571 4303 764 4366 ἀξίοις.
809 4304 916 4357 Τοῦ
951 4299 1093 4357 εἶναι
1131 4309 1225 4361 καὶ
1271 4305 1528 4374 λέγεσθαι
1578 4309 1805 4377 Πνεῦμα

214 4396 373 4455 Υἱοῦ,
406 4395 657 4464 καθάπερ
690 4395 881 4463 ἀμέλει
913 4397 1007 4447 καὶ
1049 4397 1142 4449 τοῦ
1178 4398 1407 4466 πατρὸς.
1440 4398 1568 4451 ἄλλο
1610 4418 1661 4451 τι
1709 4401 1807 4471 ζη-

212 4488 419 4556 τητέον
453 4487 645 4539 τούτου
674 4488 734 4539 τὸ
760 4488 933 4540 αἴτιον
961 4490 1076 4551 τοῖς
1119 4489 1314 4555 ἀξίοις,
1351 4490 1520 4555 ὅντως
1561 4494 1660 4560 τῆς
1689 4510 1803 4545 τοι·

1904 3309 2009 3362 que
2043 3290 2419 3357 interrogabit,
2458 3297 2682 3355 propter
2714 3288 2842 3353 quid
2876 3284 3054 3355 dignis
3092 3283 3328 3351 Spiritus
3362 3298 3495 3351 sup-

1907 3385 2175 3453 peditetur
2208 3398 2236 3434 a
2270 3381 2448 3434 Filio?
2485 3396 2587 3433 non
2623 3381 2741 3431 sine
2780 3380 2989 3431 ratione
3023 3377 3444 3445 respondebitur
3476 3392 3491 3428 :

1909 3475 2049 3541 Quia
2078 3483 2180 3536 est,
2212 3481 2265 3526 et
2297 3473 2495 3525 dicitur
2528 3470 2763 3537 Spiritus
2793 3467 2953 3530 Filii;
2986 3462 3118 3519 illud
3156 3466 3299 3518 enim
3332 3479 3493 3518 causa

1905 3579 2009 3632 est,
2040 3568 2143 3620 ltoc
2174 3565 2423 3620 eﬁectus.
2456 3564 2610 3631 Quod
2637 3565 2679 3615 si
2704 3564 2899 3616 iterum
2923 3569 3131 3629 quaeret
3156 3578 3170 3614 :
3194 3561 3371 3624 Quare
3391 3558 3495 3612 Pa-

1910 3660 2145 3713 racletus
2174 3658 2374 3710 dicitur
2397 3667 2556 3710 etest
2590 3654 2825 3720 Spiritus
2852 3652 3009 3706 Filii?
3037 3655 3243 3705 absone
3269 3666 3492 3718 respon-

1906 3751 2077 3815 debit,
2112 3749 2154 3800 si
2180 3749 2303 3816 quis
2324 3747 2562 3801 dixerit:
2598 3745 2750 3812 Quod
2823 3743 3000 3810 dignis
3034 3758 3061 3795 a
3093 3742 3232 3796 Filio
3259 3741 3495 3809 Spiritus

1906 3841 2287 3911 suppeditatur
2318 3855 2332 3893 :
2368 3839 2474 3891 hoc
2499 3839 2646 3891 enim
2680 3836 2950 3903 posterius
2980 3845 3085 3895 est.
3112 3833 3338 3901 tempori
3366 3832 3495 3886 sult-

1904 3930 2112 3998 jacens,
2141 3930 2373 3996 ideoque
2400 3926 2647 3980 t-l‘l‘ectus.
2693 3925 2899 3979 insulsa
2930 3926 3118 3992 itaque
3135 3924 3239 3975 erit
3266 3938 3495 3989 respon-

1907 4024 2009 4089 sio,
2048 4023 2177 4077 lice’t
2207 4020 2563 4087 interrogatio
2589 4035 2711 4072 cum
2744 4018 2954 4070 ratione
2986 4016 3127 4069 facta
3171 4016 3263 4069 sit.
3303 4014 3367 4067 Et
3396 4030 3492 4069 nos

1909 4130 2017 4169 non
2054 4112 2442 4176 dubitabimus,
2477 4110 2742 4180 Spiritum
2775 4124 2897 4163 esse
2925 4106 3046 4161 Filii
3069 4118 3195 4162 ante
3224 4116 3488 4175 tempora,

1909 4204 2358 4275 suppeditarique
2388 4204 2455 4255 ab
2488 4202 2679 4256 eodem
2714 4202 2765 4254 in
2800 4212 3064 4268 tempore,
3099 4200 3191 4252 sed
3224 4198 3366 4265 quod
3397 4214 3490 4250 an-

1909 4301 2125 4355 terioris
2176 4297 2471 4367 posterius,
2526 4304 2579 4348 et
2632 4293 2773 4362 quod
2805 4294 2857 4344 itt
2884 4303 3148 4358 tempore,
3179 4290 3321 4344 illius
3346 4289 3490 4357 quod

1909 4402 2036 4445 ante
2064 4401 2309 4489 tempora
2339 4396 2445 4451 est,
2503 4401 2726 4440 causam
2766 4385 3063 4441 faciamus;
3100 4384 3239 4451 quod
3271 4383 3492 4486 omnino

1916 4484 2033 4537 fieri
2080 4470 2292 4551 neq'uit.
2324 4479 2516 4545 'Quare
2546 4479 2590 4531 si
2626 4477 3002 4545 suppeditandi
3039 4473 3278 4540 Spiritus
3300 4488 3329 4524 ιι
3358 4470 3494 4525 Filio

215 4582 395 4649 αύτης
451 4577 754 4648 ζητήσεως.
781 4579 842 4633 Εἰ
871 4578 928 4633 δὲ
970 4580 1051 4632 δεῖ
1099 4599 1151 4633 τι
1193 4581 1421 4651 τολμᾷν,
1460 4583 1541 4635 ὅτι
1572 4584 1659 4636 διὰ
1705 4584 1799 4637 τοῦ

1907 4575 2104 4643 dignis,
2144 4589 2249 4627 non
2292 4583 2377 4626 est
2404 4586 2592 4636 causa,
2617 4569 2758 4638 quod
2789 4569 2882 4625 sit.
2909 4577 2961 4620 et
2997 4567 3213 4619 dicatur
3259 4563 3495 4632 Spiritus

217 4671 357 4725 Υῐοῦ
381 4672 447 4722 ὲκ
477 4670 571 4722 τοῦ
600 4669 812 4738 llas-pb;
837 4672 1144 4741 προοδικῶς
1175 4674 1292 4725 ἐστι
1324 4672 1385 4725 τὸ
1418 4673 1644 4741 Πνεῦμα
1671 4715 1685 4737 ,
1718 4679 1810 4729 καὶ

216 4765 310 4816 διὰ
363 4762 466 4831 τὴν
515 4762 754 4831 φυσικὴν
799 4763 1081 4828 μεσιτείαν
1111 4763 1206 4816 τοῦ
1252 4763 1404 4826 Υἰοῦ,
1446 4765 1511 4816 δι’
1544 4760 1611 4835 ἧς
1650 4766 1711 4818 τό
1752 4784 1811 4819 τε

222 4852 517 4922 μονογενὲς
549 4851 881 4919 φυλάττεται
921 4854 1011 4917 οἰ,
1039 4854 1129 4905 καὶ
1161 4854 1222 4905 τὸ
1253 4854 1481 4922 Πνεῦμα
1510 4854 1604 4907 τοῦ
1649 4854 1707 4918 ἐξ
1733 4857 1813 4906 αῖ-

218 4947 340 4999 τίου
371 4944 466 4997 τοῦ
500 4945 713 5012 Πατρδς
738 4939 877 4998 εἶναι
908 4947 1007 4996 οὐκ
1031 4946 1378 5015 ἀπείργεται.
1416 4948 1480 4999 Ἠ
1509 4948 1617 5017 γὰρ
1644 4948 1731 5000 διὰ
1754 4949 1812 4999 τὸ

221 5036 283 5103 ἐξ
315 5029 380 5090 οὗ
411 5037 588 5089 αἰτίου
618 5038 737 5089 ἐστὶ
758 5076 774 5099 ,
802 5037 897 5090 καὶ
928 5039 989 5089 οῦ
1018 5037 1142 5090 καθ’
1183 5040 1353 5106 αὐτὴν
1386 5037 1623 5092 ἵστατᾶι.
1666 5040 1730 5092 Ἢ
1758 5041 1813 5091 δὲ

222 5132 295 5195 ἐξ
320 5132 485 5198 ἱκανή
520 5131 637 5181 ἐστι
675 5130 809 5199 πρὸς
839 5130 900 5182 τὸ
930 5130 1053 5182 ὅθεν
1085 5132 1179 5183 καὶ
1227 5131 1387 5200 μόνον
1430 5132 1649 5202 δηλοῦν,
1679 5135 1813 5203 πρὸς

220 5224 276 5277 δὲ
306 5222 407 5291 τὴν
439 5221 699 5291 δευτέραν
720 5224 1049 5292 ἀπάντησιν,
1078 5224 1198 5293 τὴν,
1236 5225 1317 5276 ὃτι
1342 5224 1414 5286 ὼς
1438 5224 1727 5293 ὀμοούσιον
1752 5224 1812 5276 τὸ

223 5314 457 5383 Πνεῦμα
503 5311 579 5382 τῷ
623 5313 731 5380 Υἱῴ
765 5314 984 5380 λέγεται
1033 5315 1254 5383 Πνεῦμα
1298 5314 1391 5366 τοῦ
1439 5314 1590 5368 Υἰοῦ.
1630 5314 1816 5377 Οῦτως

223 5406 363 5475 ἡμῖν
388 5404 612 5471 ῥητέον.
643 5402 705 5455 Εἰ
734 5402 1022 5471 ὁμοούσιον
1056 5404 1117 5456 τὸ
1153 5403 1267 5472 φῶς
1289 5408 1355 5474 τῇ
1381 5406 1580 5458 ἀκτῖνι.
1616 5406 1816 5475 Ἀμφω

224 5498 337 5567 γὰρ
370 5495 490 5563 ἁμα
523 5498 588 5547 ὲκ
616 5494 711 5547 τοῦ
757 5497 935 5565 ἡλίου,
984 5497 1076 5548 καὶ
1116 5498 1231 5565 φῶς
1269 5497 1368 5564 μὲν
1415 5498 1630 5559 ἀκτῖνος
1667 5498 1817 5565 λέγε-

224 5605 341 5653 ται,
367 5587 625 5657 καθάπερ
656 5588 850 5656 ἀμέλει
886 5588 979 5641 καὶ
1023 5587 1195 5658 ἡλίου.
1257 5589 1430 5649 Ἁκτίς
1461 5588 1517 5640 δὲ
1550 5587 1727 5654 φωτὸς
1756 5589 1814 5639 οῦ

225 5678 470 5747 λέγεται,
540 5681 590 5729 εἰ
655 5677 731 5749 μὴ
783 5680 1219 5748 διεσταλμένως,
1259 5680 1436 5749 φωτὸς
1484 5680 1812 5747 παρεκτική.

229 5773 507 5843 Ζητητέον
553 5772 652 5841 τὴν
703 5772 888 5825 αἰτίαν
932 5771 1028 5824 τοῦ
1082 5771 1255 5829 οὕτως
1303 5774 1447 5841 ἔχειν
1494 5770 1689 5838 ταῦτα,
1721 5772 1816 5823 καὶ

234 5863 512 5933 λέγεσθαι.
548 5864 818 5934 Ζητητέον
849 5864 1025 5917 τοίνυν
1072 5864 1161 5916 ἐπὶ
1195 5865 1301 5917 τῶν
1332 5865 1585 5917 τοιούτων
1614 5863 1671 5916 τὸ
1700 5865 1813 5917 ἐπι-

1915 4670 2059 4731 Filii,
2099 4668 2550 4737 quemadmodum
2579 4668 2846 4719 duntaxat
2864 4673 2918 4715 et
2941 4662 3150 4726 Patris,
3185 4661 3283 4715 alia
3316 4658 3498 4726 hujus-

1916 4774 1976 4813 ce
2006 4774 2172 4813 causa
2203 4759 2289 4822 iis,
2319 4757 2412 4824 qui
2444 4771 2569 4810 vere
2599 4755 2747 4824 digni
2777 4765 2902 4807 sunt
2930 4754 3033 4806 ltac
3059 4753 3381 4819 quaestione,
3415 4750 3495 4802 in-

1915 4853 2177 4917 quirenda
2211 4861 2314 4902 est.
2345 4848 2413 4901 Et
2436 4847 2483 4902 si
2516 4848 2722 4915 aliquid
2757 4846 3063 4899 audendum
3096 4855 3201 4905 est,
3224 4843 3370 4909 quod
3404 4834 3497 4909 per

1918 4941 2111 4994 Filium
2151 4957 2213 4993 ex
2255 4939 2417 4992 Patre
2475 4936 2858 5007 progrediatur
2907 4934 3163 5002 Spiritus,
3198 4943 3253 4986 et
3282 4940 3497 5001 propter

1918 5032 2215 5086 naturalem
2251 5030 2374 5084 Filii
2408 5032 2795 5091 interventum,
2825 5043 2918 5095 per
2949 5042 3110 5096 quem
3139 5024 3498 5091 illLttttigeni-

1918 5133 2027 5177 tum
2054 5132 2424 5187 conservatur,
2490 5121 2729 5189 Spiritus
2764 5118 2926 5173 Patre
2961 5134 3102 5183 esse,
3176 5126 3432 5183 tanquam
3464 5131 3494 5167 a

1918 5232 2076 5269 causa
2101 5231 2207 5268 non
2239 5214 2551 5283 impeditur.
2582 5212 2708 5275 Per,
2737 5212 2882 5265 enim
2905 5226 2967 5264 ex
2996 5210 3176 5279 aliqua
3197 5222 3360 5261 causa
3391 5215 3495 5270 est,

1920 5323 2017 5361 nec
2053 5323 2148 5375 per
2180 5323 2238 5361 se
2270 5306 2540 5360 subsistit.
2580 5303 3094 5369 Vernmtamen,ex,
3125 5302 3258 5356 satis
3291 5316 3350 5355 se
3385 5303 3497 5369 ipsa

1919 5401 2205 5468 solumque
2239 5400 2601 5461 demonstrat,
2649 5398 2796 5451 unde
2828 5396 3031 5462 aliquid
3062 5397 3152 5449 sit.
3194 5397 3271 5447 Ad
3307 5409 3500 5448 secun-

1921 5492 2043 5544 dam
2078 5499 2259 5543 autem
2288 5490 2720 5558 responsionem,
2750 5504 2868 5557 qua:
2897 5497 3034 5553 erat,
3066 5486 3348 5557 Spiritum.
3380 5498 3502 5539 tan-

1923 5598 2082 5651 quam
2118 5582 2363 5653 ejusdem
2401 5593 2608 5635 naturaa
2655 5597 2774 5635 cum
2808 5580 2968 5645 Filio,
3002 5580 3108 5633 dici
3156 5578 3278 5633 Filii
3327 5577 3503 5645 Spiri-

1922 5685 2055 5738 tum,
2085 5677 2157 5727 ita
2209 5678 2606 5731 occurrendum
2661 5683 2765 5730 est.
2803 5675 2860 5728 Si
2888 5674 3130 5743 ejusdem
3165 5683 3372 5726 natura
3415 5681 3501 5723 cst

1920 5773 2102 5825 lumen
2132 5788 2253 5825 cum
2284 5771 2456 5837 radio,
2477 5784 2776 5841 utrumque
2799 5770 2942 5824 enim
2977 5768 3139 5825 simul
3165 5783 3231 5822 ex
3253 5766 3368 5821 sole
3391 5774 3496 5827 est,

1923 5876 1969 5916 et
2003 5864 2187 5920 lumen
2222 5865 2438 5933 quidem
2469 5864 2606 5920 radii
2639 5863 2855 5930 dicitur,
2900 5859 3357 5933 quemadmodum
3389 5855 3502 5911 sci-
