4198 6448
223 409 333 473 937

1669 403 1981 465 NOTlTlA

3348 404 3455 468 938

222 524 331 593 πρὸ
355 520 535 576 αὐτῶν
566 520 884 591 ἐχρήσαντο,
917 520 974 572 ὲν
998 511 1042 586 ᾧ
1084 521 1177 571 καὶ
1211 519 1339 588 περὶ
1374 517 1662 581 Πλάτωνος
1689 519 1783 570 καὶ
1814 523 1860 581 Α

1814 523 1860 581 Α
1890 519 2199 575 ctoritatem
2237 517 2481 586 priorum
2519 511 2877 583 neglexerint,
2913 513 3004 568 ubi
3039 521 3094 566 et
3128 513 3196 567 de
3233 514 3454 568 Platone

235 616 292 668 ‘A
304 614 668 684 ριστοτέλους.

296 704 382 758 ια’.
423 705 556 772 Περὶ
605 704 1030 772 ’Δριστοτελους,
1073 703 1171 756 καὶ
1216 701 1316 770 τῆς
1362 702 1443 762 είς
1471 701 1531 761 τὸ
1561 699 1788 769 φυσικὸν

223 799 316 848 καὶ
353 795 572 860 λογικὸν
603 794 1019 862 εὐδοκιμήσεως
1044 793 1137 846 τοῦ
1168 793 1382 863 ἀνδρός.

295 884 382 952 ιβ’.
417 887 536 937 Ἔτι
590 885 716 953 περὶ
769 884 862 936 τοῦ
905 884 1316 951 ⁹Αριστοτέλους
1370 884 1465 936 καὶ
1517 881 1647 950 mp!
1693 882 1787 933 τοῦ

221 977 458 1043 φυσικοῦ
494 977 616 1030 κατ’
643 976 805 1028 αὐτὸν
837 977 928 1029 καὶ
956 976 1200 1029 λογικοῦ.
1234 975 1370 1046 [Τίι.
1401 975 1461 1028 Η
1493 983 1547 1030 et
1577 974 1643 1027 l2
1696 988 1783 1040 ap.

221 1066 304 1120 BI.
336 1083 444 1118 non
480 1067 780 1138 leguntur.]

294 1164 386 1219 ιγ’.
435 1159 568 1228 Περὶ
599 1160 880 1221 Πλάτωνος
905 1159 1000 1212 καὶ
1028 1158 1122 1210 τοῦ
1152 1156 1536 1225 μαθηματικοῦ
1567 1158 1664 1225 τῆς
1696 1175 1782 1212 σο-

217 1248 372 1314 φίας,
404 1249 498 1299 καὶ
531 1249 766 1317 μάλιστα
793 1251 922 1320 περὶ
947 1249 1040 1302 τοῦ
1070 1249 1399 1317 ἁρμονικοῦ.

293 1339 375 1390 ιδ’.
417 1339 541 1394 Ὀτι
574 1341 673 1391 οὐκ
719 1340 778 1404 ἐξ
827 1340 1003 1410 ἀρχῆς
1055 1338 1264 1390 τέλειον
1315 1338 1553 1406 κατέστη
1591 1338 1651 1392 τὸ
1687 1338 1785 1408 τῆς

218 1428 618 1498 μαθηματικῆς
649 1432 987 1500 ἐπιστήμης.

291 1519 374 1575 ιε’.
415 1523 546 1588 Περὶ
582 1524 868 1591 Ἰωσήπου.

291 1611 394 1674 ις’.
432 1613 500 1663 lla
512 1614 564 1679 ρὶ
591 1613 846 1676 Φίλωνος.

290 1699 381 1763 ιζ’.
417 1701 543 1754 Ὀτι
573 1702 798 1764 πάντες,
831 1703 946 1755 ὅσοι
984 1704 1041 1755 ἐν
1073 1701 1332 1770 Αἰγύπτῳ
1361 1699 1780 1766 ὲπαιδεύθησαν,

212 1792 558 1862 τραχύτερον
587 1795 665 1862 τῷ
715 1795 893 1858 λέγειν
937 1793 1198 1862 χρῶνται.
1246 1792 1465 1862 [Omisit
1501 1791 1644 1842 hunc
1693 1788 1777 1842 tit.

219 1886 338 1957 BI.)

293 1979 389 2043 ιη’.
437 1980 568 2046 Περὶ
602 1976 880 2028 Συνεσίου.

290 2070 380 2123 LO‘.
422 2071 555 2138 Περὶ
585 2068 807 2126 Δίωνος.

286 2169 357 2213 κ’.
403 2162 537 2228 Περὶ
565 2158 936 2226 Ξενοφῶντος.

286 2250 396 2302 κέ.
436 2250 568 2316 Περὶ
611 2247 720 2299 τῶν
767 2244 1212 2314 Ἀριστοτελικῶν
1248 2242 1468 2312 βιϐλίων
1504 2243 1614 2293 τῶν
1645 2257 1786 2309 μετα

211 2341 284 2394 τὰ
312 2341 540 2407 φυσικὰ,
579 2342 670 2390 καὶ
701 2338 840 2408 [haec
870 2337 1051 2404 priora
1080 2336 1243 2388 verba
1279 2335 1354 2389 BI.
1389 2331 1613 2403 desunt]
1659 2333 1784 2400 περὶ

209 2433 310 2485 τοῦ
347 2432 554 2500 βιϐλίου
608 2429 973 2498 Ἑρμογένους
1001 2428 1096 2479 τοῦ
1121 2428 1251 2496 περὶ
1289 2423 1514 2494 μεθόδου
1542 2423 1783 2490 δεινότη-

209 2543 327 2587 τος.

286 2615 390 2684 xs'.
429 2616 562 2685 Περὶ
588 2613 683 2666 τοῦ
715 2615 773 2667 ὲν
801 2615 870 2685 τῇ
918 2610 1272 2681 μαθηματικῇ
1309 2608 1589 2678 ἑπιστήμῃ
1617 2609 1779 2659 ἀστα-

212 2709 461 2762 σιάστου.

287 2806 397 2865 κγ’.
441 2799 573 2865 Περὶ
599 2796 693 2848 τοῦ
726 2797 784 2848 ιν
815 2797 882 2865 τῇ
911 2796 1115 2863 φυσικῇ
1149 2793 1353 2862 θεωρίᾳ
1385 2790 1662 2844 ἁσεδαίου.

281 2891 385 2942 κδ’.
447 2890 569 2940 Ὀτι
617 2887 705 2961 διᾲ
752 2888 844 2938 τὸν
886 2887 1024 2956 πρὸς
1060 2883 1356 2956 ῥητορικὴν
1407 2883 1643 2952 πόλεμον
1695 2885 1782 2935 ἀεὶ

207 2983 486 3048 διαλόγοις
519 2982 545 3030 6
582 2978 806 3030 Πλάτων
837 2978 1058 3047 χρῆται.

282 3071 385 3122 κε’.
412 3071 534 3121 Ὀτι
559 3069 644 3120 διὰ
670 3068 771 3134 τὴν
799 3067 933 3135 πρὸς
957 3068 1218 3122 Πλάτωνα
1249 3070 1431 3137 μάχην
1457 3066 1780 3130 σπουδάζειν

1813 1869 1862 1928 Β

1888 622 2052 680 atque
2078 609 2390 664 Aristotele.

1959 703 2048 755 11.
2088 703 2163 755 De
2191 700 2502 762 Aristotele,
2531 707 2587 754 et
2617 695 2778 751 laude
2804 695 2906 748 viri
2936 698 2993 748 in
3024 696 3256 749 naturali
3294 704 3457 765 atque

1889 793 2138 847 rationali
2169 791 2454 861 disciplina

1961 885 2046 938 12.
2084 882 2278 936 Adhuc
2309 883 2376 936 de
2405 880 2698 935 Aristotele
2730 881 2960 950 ejusque
3011 877 3232 949 physica
3282 895 3347 934 ac
3379 879 3460 934 lo-

1886 991 2025 1044 gica.

1960 1159 2048 1212 t3.
2089 1159 2164 1212 De
2187 1158 2412 1213 Platone
2433 1159 2490 1211 et
2512 1153 2898 1212 mathematica
2923 1153 3282 1228 philosophia
3303 1162 3460 1226 parte

1886 1261 1942 1303 et
1969 1249 2202 1302 maxime
2232 1248 2300 1302 de
2331 1245 2671 1304 harmonica.

1957 1340 2044 1392 lt.
2086 1339 2243 1405 Quod
2278 1354 2386 1394 non
2419 1337 2491 1392 ab
2521 1337 2680 1394 lhitio
2713 1338 2895 1394 statim
2931 1338 3172 1409 perfecta
3203 1338 3307 1392 fuit
3340 1353 3457 1391 ma-

1889 1431 2179 1485 thematica
2211 1431 2440 1485 scientia

1956 1523 2043 1576 15.
2086 1521 2160 1575 De
2192 1521 2452 1590 Josepho.

1959 1611 2048 1664 16.
2091 1611 2165 1664 De
2199 1611 2448 1666 Philone.

1958 1701 2044 1754 17.
2086 1702 2241 1765 Quod
2278 1717 2468 1758 omnes
2499 1707 2591 1774 qui
2641 1708 2694 1760 in
2728 1707 2961 1778 Egypto
2997 1705 3231 1762 instituti
3268 1705 3447 1768 fuere.

1885 1793 2163 1860 asperiore
2195 1793 2411 1847 dicendi
2443 1811 2643 1863 genere
2679 1799 2759 1852 usi
2792 1809 2936 1853 sunt.

1958 1979 2042 2032 18.
2089 1980 2161 2032 De
2190 1977 2436 2049 Synesio.

1956 2070 2045 2126 19.
2087 2071 2160 2124 De
2193 2065 2382 2123 Dione.

1951 2161 2038 2215 20.
2082 2160 2155 2215 De
2187 2161 2568 2230 Xenophonte.

1950 2251 2042 2306 21.
2083 2252 2158 2306 De
2182 2252 2340 2306 libris
2363 2255 2857 2325 mctaphysicorum
2882 2257 3213 2322 Aristotelis,
3236 2268 3292 2312 et
3317 2257 3450 2314 ller-

1884 2340 2130 2412 mogenis
2154 2342 2298 2396 libro
2327 2344 2394 2398 de
2422 2345 2473 2398 vi
2502 2345 2718 2400 dicendi
2747 2349 3128 2416 comparanda.

1951 2615 2040 2668 22.
2082 2615 2158 2670 De
2192 2626 2344 2670 certo
2377 2624 2432 2669 et
2467 2614 2648 2668 stabili
2686 2615 2740 2666 in
2777 2613 3005 2668 scientia
3041 2613 3449 2668 mathematica.

1951 2798 2041 2851 25.
2083 2797 2158 2850 De
2185 2797 2398 2851 incerto
2431 2797 2485 2849 in
2521 2795 2742 2866 physica
2775 2793 3170 2862 speculatione.

1950 2888 2042 2941 24.
2083 2887 2236 2952 Quod
2283 2887 2435 2941 Plato
2479 2885 2709 2956 dialogis
2749 2900 2967 2954 semper
3013 2885 3183 2937 utitur
3229 2895 3453 2954 pmpter

1884 2977 2084 3033 bellum
2118 2979 2260 3048 quod
2295 2978 2581 3032 rhetorica
2611 2977 2828 3031 indixit.

1952 3070 2042 3123 25.
2081 3069 2238 3135 Quod
2265 3071 2585 3124 Aristoteles
2609 3069 2883 3137 singulare
2908 3067 3153 3122 studium
3181 3066 3451 3136 impendit

207 3164 448 3229 ἠξίωσεν
481 3157 793 3230 [σπουδάζει
821 3156 928 3229 Βι.]
973 3157 1353 3227 Ἀριστοτέλης
1387 3159 1514 3224 περὶ
1554 3159 1654 3226 τὴν
1684 3158 1779 3225 ρη-
1808 3205 1852 3263 C

1302 3174 1353 3226 πις
1387 3159 1514 3224 περὶ
1554 3159 1654 3226 τὴν
1684 3158 1779 3225 ρη-
1808 3205 1852 3263 C
1884 3160 2194 3223 rhetoricae,
2224 3169 2285 3212 nt
2314 3159 2524 3214 Platoni
2554 3161 2960 3215 adversaretur.

207 3271 464 3323 τορικην.

281 3344 401 3408 κς’.
436 3346 559 3398 Ὀτι
588 3345 662 3413 τῷ
687 3343 841 3414 ἁπλῷ
875 3342 970 3394 καὶ
993 3335 1320 3409 ἀττῖμελήτῳ
1352 3341 1453 3408 τῆς
1487 3340 1669 3406 φωνῆς
1698 3358 1782 3408 φι-

206 3439 436 3505 λοσοφία
464 3437 679 3497 οἰκείως
711 3437 846 3505 ἔχει.
883 3435 1071 3504 [Deest
1093 3431 1196 3502 BL]

281 3529 388 3592 κζ’.
425 3529 625 3596 Θρῆνοι
651 3532 742 3581 ἐπὶ
779 3528 858 3598 τῷ
887 3527 995 3579 τῶν
1027 3524 1333 3594 ἀνθρώπων
1363 3523 1483 3592 βίῳ.

279 3627 392 3688 κη’.
423 3621 558 3688 Περὶ
601 3619 698 3671 τοῦ
746 3617 911 3686 ῥητοῦ
958 3615 1056 3667 τοῦ
1104 3616 1392 3681 λέγοντος⁹
1443 3616 1565 3668 Οὐκ
1608 3615 1782 3668 ἔστιν

205 3712 412 3779 εὑρεῖν
432 3712 579 3774 ,ϐίον
602 3710 841 3762 ἄλυπον
867 3709 937 3759 ἐν
965 3706 1196 3768 οὐδενὶ,
1231 3707 1328 3757 καὶ
1355 3707 1608 3775 περὶτῶν
1638 3707 1781 3758 κατὰ

208 3805 326 3873 βίον
364 3798 704 3866 μεταϐολῶν,
735 3800 826 3849 καὶ
862 3797 996 3863 περὶ
1032 3794 1140 3847 τῶν
1177 3795 1302 3846 κατ’
1330 3794 1490 3846 αὑτὸν
1523 3795 1613 3849 τὶν
1646 3811 1778 3860 συγ-

205 3897 514 3965 γράφοντα.
539 3892 845 3964 [Postrema
879 3890 1046 3946 verba
1081 3889 1197 3942 sola
1232 3889 1400 3942 habet
1433 3886 1544 3956 Bl.|

277 4010 382 4061 κθ⁹.
415 4008 549 4075 Περὶ
579 4004 673 4057 τοῦ
708 4002 1112 4073 εὖμεταὸλήτου
1146 4001 1365 4053 πάντων
1399 4000 1508 4052 τῶν
1534 4001 1652 4052 κατ’
1686 4001 1779 4051 άν-

205 4097 487 4166 θρώπους.
531 4093 778 4164 [Πάντων
813 4092 968 4144 deest
995 4087 1101 4159 BL]

278 4207 343 4262 λ’.
374 4209 511 4276 Περὶ
557 4207 655 4275 τῆς
688 4207 811 4258 κατ’
854 4203 1179 4275 ἀνθρώπους
1214 4202 1456 4273 ἀμαθίας
1507 4199 1607 4254 τῶν
1659 4199 1780 4270 βελ-

205 4319 428 4353 ﬂatum.

277 4416 382 4466 λα’.
408 4415 534 4466 Ὀτι
565 4415 662 4465 οὐκ
688 4413 803 4463 ἔστι
827 4413 938 4470 τοῖς
964 4409 1025 4458 ἐν
1045 4408 1123 4475 τῷ
1156 4407 1372 4475 σώματι
1401 4405 1585 4458 τελεία
1616 4406 1780 4458 κατά-

1947 3339 2038 3393 26.
2080 3340 2233 3418 Quod
2263 3341 2964 3416 philosophie,congruens
2992 3347 3077 3401 vel
3108 3351 3341 3406 maxime
3367 3362 3451 3406 ca'.

1883 3433 2054 3486 dictio
2083 3435 2308 3498 simplex
2337 3443 2392 3488 et
2421 3435 2718 3492 incuriosa.

1948 3522 2039 3575 27.
2083 3523 2495 3592 Deplorationes
2526 3525 2650 3580 vitae
2679 3527 2948 3582 humanm.

1950 3613 2041 3668 28.
2083 3615 2158 3668 De
2201 3615 2349 3669 dicto
2388 3616 2534 3684 quod
2576 3617 2654 3672 ait
2696 3637 2710 3672 :
2774 3619 2941 3673 Vitam
2981 3619 3147 3674 luctus
3189 3633 3451 3692 expertem

1883 3721 2138 3775 nusquam
2165 3709 2420 3775 reperias.
2444 3708 2513 3762 Et
2539 3707 2608 3762 de
2633 3710 2758 3763 vitae
2783 3711 3200 3776 mutationibus,
3260 3723 3314 3767 et
3343 3715 3448 3767 illis

1881 3811 2000 3864 qua:
2031 3797 2285 3866 scriptori
2323 3799 2424 3866 ipsi
2459 3799 2798 3854 acciderunt.

1951 3995 2040 4049 29.
2079 3994 2232 4059 Quod
2277 3997 2458 4050 omnia
2503 3996 2738 4051 humana
2783 3998 2943 4053 facile
2989 4000 3302 4056 alterationi
3346 4001 3447 4056 ob-

1883 4088 2044 4139 noxia
2081 4088 2208 4141 sint.

1951 4201 2039 4255 50.
2080 4201 2155 4254 De
2181 4202 2518 4269 ignoratione
2547 4218 2727 4257 rerum
2756 4204 3108 4272 optimarum,
3133 4221 3256 4274 qua:
3279 4215 3361 4260 est
3393 4213 3445 4260 in

1883 4292 2216 4345 hominibus.

1951 4404 2039 4458 5|.
2077 4403 2230 4476 Quo-l
2269 4391 2484 4468 animae,
2517 4405 2647 4458 dum
2685 4405 2738 4459 in
2775 4406 3101 4474 corporibus
3131 4416 3444 4470 versantur,

205 4507 371 4575 ληψις
416 4509 544 4574 περὶ
593 4505 700 4555 τῶν
747 4502 913 4554 ὄντων
939 4517 952 4531 ο
985 4501 1080 4552 καὶ
1124 4499 1429 4565 ὑπόδειγμα
1466 4499 1600 4567 πρὸς
1623 4498 1781 4550 τοῦτο
1806 4531 1858 4588 D

1806 4531 1858 4588 Β
1883 4511 1992 4550 ηοη
2024 4479 2264 4564 perfecte
2297 4507 2525 4588 possunt
2557 4512 2643 4551 res
2673 4497 2980 4566 percipere.
3010 4497 3173 4566 idque
3201 4498 3446 4552 declara-

206 4598 314 4647 ἀπὸ
355 4596 463 4646 τῶν
504 4596 568 4661 τῇ
609 4592 744 4660 μέθῃ
803 4592 876 4659 μὴ
930 4588 1150 4648 τελείως
1199 4584 1772 4638 καταϐαπτισθὲντων.

209 4689 344 4763 [Καὶ
375 4689 627 4740 ὑπυκατ.
666 4687 870 4738 desunt
904 4678 1009 4750 BL]

278 4805 382 4873 λβ’.
417 4804 539 4854 Ὀτι
575 4800 671 4866 ἡδὺ
707 4796 827 4848 κατ’
879 4794 1202 4854 ἀνθρώπους
1253 4784 1298 4858 ᾧ
1321 4808 1404 4854 τις
1457 4791 1524 4844 ἂν
1567 4792 1777 4862 χρόνιος

209 4893 575 4961 ωνεθισθεὶη.

275 5012 382 5076 λγ’.
416 5010 536 5058 Ὀτι
574 5002 755 5055 πολλοὶ
782 5002 889 5054 τῶν
916 5001 1222 5070 ἀνθρώπων
1252 4999 1433 5069 ἀηδῶς
1467 4999 1670 5051 σύνεισι
1697 5001 1774 5067 τῷ

208 5103 324 5156 κατ’
355 5101 476 5160 ἔθος
510 5096 718 5164 μικρὸν
754 5093 957 5162 ὁτῳοῦν
988 5094 1105 5162 βίῳ.

274 5217 366 5268 λε’.
404 5218 526 5266 ’Ὁτι
559 5214 697 5273 τινὲς
738 5211 845 5263 τῶν
874 5209 1090 5280 φαύλων
1133 5210 1228 5260 καῖ
1261 5209 1502 5276 ἀνοήτων
1527 5205 1644 5257 οὐδὲ
1673 5198 1773 5274 ἦτ-

204 5328 294 5361 τον
343 5310 376 5373 ἦ
425 5309 566 5357 κατὰ
618 5305 742 5365 τοὺς
797 5301 1261 5370 πεπαιδευμένους
1316 5299 1509 5367 ἣδιστα
1560 5296 1772 5364 βιοῦσι,

209 5399 422 5466 μεγάλα
459 5396 586 5465 περὶ
615 5393 823 5446 ἑαυτῶν
852 5393 1106 5462 οἰόμενοι.

272 5510 372 5564 λε’,
405 5510 528 5560 Ὀτι
577 5506 760 5558 πολλοὶ
797 5503 887 5558 διὰ
936 5491 1227 5570 φιλαυτίαν
1281 5500 1372 5551 ἐπὶ
1431 5500 1644 5568 μικροῖς
1691 5491 1769 5559 οἷς

205 5605 444 5670 ἔχουσιν,
478 5597 852 5666 ἀπειροκάλως
881 5595 1304 5648 ἐπιδείκνυνται.

277 5719 386 5777 λς’.
421 5715 540 5763 “Ott
581 5715 671 5763 xz".
723 5714 778 5763 ἐν
819 5712 1031 5780 μικροῖς
1064 5723 1208 5767 τινες
1241 5706 1463 5772 ἀγαθοῖς
1493 5703 1767 5772 εὐγνώμ⁰’

208 5810 290 5870 vi;
315 5810 441 5867 εἱσι,
480 5808 574 5854 καὶ.
605 5803 732 5870 περὶ
761 5803 1021 5869 βασιλέως
1057 5797 1312 5852 ἐνταῦθα.

493 5900 750 5957 ramos.
802 5898 914 5956 Gn.
962 5892 1213 5954 CXLIV.

1883 4598 1996 4641 tum
2028 4602 2057 4640 a
2086 4587 2442 4641 similitddine
2469 4587 2747 4640 hominum
2771 4587 3036 4654 ebrietate
3062 4603 3170 4641 non
3201 4589 3445 4644 funditus

1879 4681 2255 4734 demersorum
2267 4720 2278 4732 .

1947 4793 2035 4847 32.
2077 4793 2231 4859 Quod
2278 4808 2442 4846 suave
2492 4793 2562 4846 sit
2606 4792 2944 4855 hominibus,
2974 4760 3303 4863 cuicunque
3346 4796 3444 4854 ali-

1877 4886 2001 4953 quis
2031 4901 2128 4954 per
2155 4883 2371 4953 aliquod
2405 4893 2621 4952 tempus
2651 4884 2976 4938 assueverit.

1944 4999 2031 5053 55.
2071 4997 2223 5061 Quod
2263 4998 2464 5051 multos
2504 4997 2754 5051 homines
2795 4997 3015 5051 tmdium
3058 4999 3182 5052 vita:
3225 4999 3442 5069 generis

1877 5090 2248 5155 cujuscunque
2276 5096 2392 5156 post
2429 5088 2645 5152 longum
2681 5100 2836 5138 usum
2867 5089 3033 5155 capit.

1943 5197 2028 5251 54.
2070 5197 2223 5263 Quod
2268 5198 2516 5250 nonnulli
2553 5198 2862 5264 ineptorum
2898 5207 2953 5251 et
2986 5200 3279 5253 stultorum
3329 5217 3436 5255 non

1874 5290 2071 5350 minus,
2104 5303 2265 5357 quam
2300 5291 2570 5356 sapientes
2597 5291 2784 5341 vivunt
2817 5291 3077 5354 suaviter.
3110 5309 3300 5364 magna
3331 5295 3436 5348 sibi

1871 5381 1938 5433 de
1969 5396 2025 5432 se
2056 5379 2187 5448 ipsis
2217 5380 2593 5446 itnaginantes.

1941 5493 2029 5546 '55.
2071 5492 2222 5558 Quod
2253 5493 2405 5546 multi
2432 5509 2498 5547 ex
2525 5494 2660 5550 falso
2686 5499 2768 5552 sui
2795 5515 2980 5554 amore
3007 5499 3062 5552 in
3089 5498 3292 5567 parvis,
3317 5513 3436 5567 qua:

1872 5586 2093 5643 habent.
2128 5585 2307 5653 inepte
2337 5600 2395 5639 se
2423 5586 2651 5654 jactant.

1940 5697 2029 5750 56.
2072 5696 2226 5762 Quod
2261 5697 2312 5750 in
2348 5697 2529 5765 parvis
2561 5700 2725 5752 etiam
2758 5700 2916 5754 bonis
2944 5702 3166 5770 quidam
3197 5711 3345 5756 recte
3376 5714 3436 5755 se

1869 5798 2086 5858 gerunt,
2114 5796 2170 5843 et
2196 5787 2264 5842 de
2290 5783 2543 5857 praesenti
2575 5791 2921 5860 imperatore.

2970 5885 3040 5944 30
