4198 6448
284 401 389 465 941

1724 397 2061 458 ΝΟἸῚΤΙΛ.

3427 396 3536 462 912

356 518 460 571 νη’.
495 513 733 584 Πότερον
766 513 992 583 ἄμεινον
1027 510 1306 584 ἀνθρώπῳ
1335 511 1398 564 τὸ
1443 508 1699 579 γενέσθαι
1731 508 1763 578 ἢ
1795 509 1854 561 τὸ

2161 508 2425 565 Meliusne
2452 508 2525 565 sit
2556 507 2764 565 homini
2793 523 2936 576 esse,
2964 523 3130 580 quam
3159 524 3269 564 non
3297 510 3459 565 esse?
3482 523 3540 567 et

285 608 365 678 μὴ
392 606 674 674 γενέσθαι,
708 607 801 660 καὶ
831 606 915 660 ὅτι
941 606 1167 677 ἄμεινον
1188 606 1251 660 τὸ
1292 603 1571 672 γενέσθαι.

354 699 453 755 νθθ.
488 700 612 753 Ὅτι
662 699 800 753 πολὺ
855 700 992 771 παρ’
1041 698 1357 770 ἀνθρώποις
1390 695 1452 749 τὸ
1503 693 1858 766 περιαυτολο-

277 795 423 861 γεῐν.

352 885 419 951 ξ’·
454 886 580 939 Ὅτι
607 887 836 957 ἄπορον,
871 888 921 940 εί
942 884 1082 950 ,ἐστι
1128 902 1213 949 τις
1259 884 1570 954 ἀνθρώποις
1601 879 1859 943 καθάπαξ

283 980 494 1049 γαλήνη
529 980 672 1032 κατὰ
703 982 833 1041 τοὺς
863 979 1181 1048 λογισμούς.

354 1070 458 1136 εσυ.
489 1074 612 1126 Ὀτι
656 1072 757 1126 οὐκ
806 1072 914 1138 ἔξω
963 1072 1125 1140 λόγου
1177 1070 1495 1123 παντάπασι
1554 1066 1759 1129 δόξειεν
1793 1066 1859 1118 ἂν

278 1158 424 1216 εἶναι
462 1164 530 1215 τὰ
562 1162 671 1216 τῶν
715 1163 1053 1232 Ἐφεκτικῶν
1102 1162 1537 1227 ἐναντιουμένων
1572 1159 1707 1226 πρὸς
1757 1160 1860 1209 πᾶ-

282 1272 388 1308 σαν
412 1254 741 1324 κατάληψιν,
772 1257 867 1308 καὶ
893 1257 978 1309 ὅτι
1023 1253 1121 1307 καὶ
1168 1253 1396 1307 Πλάτων
1424 1251 1517 1303 καὶ
1560 1248 1857 1320 Σωκράτης

279 1348 457 1419 ἀρχὰς
480 1350 560 1410 είς
587 1348 733 1401 τοῦτ’
756 1348 987 1402 ἔδωκαν.

358 1439 453 1509 ξβ’.
487 1441 625 1509 Περὶ
661 1440 774 1493 τῶν
823 1440 1217 1507 ἐμπιπτόντων
1247 1439 1556 1509 πράγμασι,
1590 1438 1701 1490 τῶν
1760 1435 1857 1504 μὲν

280 1533 371 1585 διὰ
404 1533 788 1601 φιλόπραγμον
834 1528 968 1601 ἦθος
1001 1530 1227 1599 φαῦλον,
1266 1530 1376 1584 τῶν
1402 1530 1459 1584 δὲ
1498 1530 1587 1583 διὰ
1617 1527 1858 1600 ἀμαθίαν

281 1627 382 1679 καὶ
409 1626 751 1697 ἀπρονόητον
779 1624 882 1694 τὴν
913 1622 1107 1694 τύχην.

346 1786 454 1868 ’ξγε
488 1800 621 1870 Περὶ
659 1800 767 1853 τῶν
797 1800 1052 1868 ἐλπίδων,
1084 1801 1180 1855 καὶ
1226 1800 1310 1853 ὄτι
1354 1798 1559 1866 τρόπον
1598 1797 1701 1867 μέν
1735 1811 1858 1849 τινα

1960 600 2107 671 quod
2139 609 2361 670 prastet
2381 616 2527 657 esse.

2033 694 2122 748 59.
2163 693 2318 759 Quod
2351 693 2610 764 frequens
2638 695 2708 750 sit
2737 695 2882 765 apud
2913 695 3186 763 homines,
3212 704 3271 749 ut
3300 695 3539 751 libenter

1960 784 2029 841 de
2054 800 2112 840 se
2140 797 2196 841 et
2223 786 2390 842 rebus
2416 786 2532 841 suis
2560 786 2877 857 loquantur.

2032 877 2122 932 60.
2166 879 2402 934 Dubium
2445 895 2589 945 esse.
2631 896 2700 934 an
2746 896 2986 952 unquam
3030 882 3303 938 serenitas
3333 883 3537 937 mentis

1960 968 2121 1038 plena
2152 969 2469 1027 hominibus
2497 971 2764 1043 obtingat.

2032 1061 2121 1113 6t.
2160 1060 2315 1126 Quod
2366 1077 2476 1116 non
2519 1078 2919 1135 usquequaque
2958 1064 3213 1121 videatur
3250 1080 3280 1119 a
3327 1065 3540 1119 ratione

1959 1150 2199 1204 alienum
2225 1152 2593 1211 admittendas
2613 1156 2993 1227 Scepticorum
3018 1159 3381 1228 obiectiones,
3406 1174 3544 1227 quas

1961 1241 2111 1293 omni
2152 1245 2490 1311 perceptioni
2526 1257 2845 1316 opponunt,
2879 1258 2936 1303 et
2971 1250 3118 1319 quod
3152 1248 3308 1304 Plato
3341 1264 3406 1303 ac
3440 1250 3541 1303 So-

1961 1344 2140 1386 crates
2168 1335 2437 1405 principia
2465 1337 2533 1391 ad
2568 1338 2676 1392 hoc
2703 1342 3220 1410 suppeditaverunt.

2034 1424 2128 1479 62.
2171 1425 2248 1481 De
2278 1426 2346 1479 iis
2371 1428 2469 1497 qui
2497 1430 2736 1500 negotiis
2763 1446 2823 1485 se
2869 1432 3143 1501 objiciunt
3169 1433 3283 1487 sive
3311 1442 3539 1502 propter

1959 1517 2221 1573 vitiosum
2248 1535 2454 1575 morem
2483 1522 2766 1575 hominum
2792 1524 2988 1577 alienis
3012 1538 3071 1578 se
3097 1524 3543 1591 admiscentium,

1960 1610 2077 1665 sive
2125 1611 2197 1666 ob
2247 1612 2468 1667 illorum
2516 1614 2831 1679 inscitiam,
2875 1615 2994 1670 sive
3038 1616 3377 1685 inopinatam
3428 1618 3543 1673 fur-

1965 1709 2173 1757 tunam.
3056 1712 3059 1715 ’

2039 1800 2128 1857 63.
2167 1799 2243 1853 De
2278 1816 2410 1868 spe,
2442 1812 2499 1856 et
2529 1801 2676 1871 quod
2708 1803 2820 1874 jam
2856 1803 2929 1857 sit
2963 1820 3050 1860 res
3083 1804 3403 1863 hominibus
3438 1808 3548 1861 uti-

280 1890 722 1961 βιωφελέστατον
769 1889 1083 1960 ἀνθρώποις
1126 1890 1188 1944 τὸ
1243 1890 1367 1944 κατ’
1419 1888 1592 1951 αὑτὰς
1643 1886 1858 1957 χρῆμα,

1964 1894 2170 1949 lissima
2244 1908 2330 1948 am
2363 1894 2565 1949 iterum
2598 1898 2763 1949 noxia
2793 1905 2850 1951 et
2878 1897 3203 1967 rejicienda.

278 1985 485 2051 τρόπον
528 1984 587 2038 δέ
611 1982 715 2037 τιν’
741 1978 902 2048 αὖθις
935 1982 1198 2047 καθάπαξ
1242 1981 1541 2053 νεμεσητὸν
1589 1983 1685 2033 καὶ
1731 1994 1862 2033 κατ-

276 2077 653 2148 εγνωσμένον.
1265 2118 1273 2123 .

353 2170 449 2236 ξδ’.
482 2172 606 2223 Ὅτι
650 2169 869 2239 ἥδιστον
913 2167 1230 2239 ἀνθρώποις
1271 2168 1330 2221 εν
1358 2168 1475 2228 τοῖς
1512 2165 1737 2227 οἰκείοις
1769 2164 1863 2217 καὶ

281 2261 789 2333 συνήθειιδιατρισῇ
823 2259 1003 2314 ὁτιοῦν
1030 2260 1296 2331 πράττειν
1336 2257 1399 2312 εὖ
1431 2259 1528 2311 καὶ
1566 2255 1859 2326 τιμᾶσθαι.

355 2443 451 2509 ξε.
484 2443 607 2496 Ὀτι
638 2439 903 2505 πολλάκις
926 2439 1060 2494 ῑνιοι
1094 2440 1473 2509 συμπίπτουσι
1506 2438 1618 2500 τοῖς
1649 2436 1862 2490 ἑαυτῶν

278 2535 522 2605 διὶγμασι
557 2534 655 2588 καὶ
695 2535 939 2604 κρίσεσι,
966 2533 1063 2585 καὶ
1107 2531 1361 2584 ὃλλυνται
1405 2530 1564 2601 δίκης
1597 2530 1861 2600 σφέτερα.

355 2725 467 2789 Eg’.
500 2722 625 2776 Ὀτι
658 2720 806 2785 τινες
839 2720 949 2773 εισι
976 2717 1164 2788 ταχεῖς
1194 2715 1472 2770 πιστεύειν
1512 2716 1581 2786 τῇ
1618 2713 1857 2785 Προνοία

282 2816 375 2869 διὰ
415 2817 487 2869 τὰ
530 2813 836 2883 φαινόμενα
874 2810 1019 2865 κατὰ
1067 2811 1225 2877 λόγον
1267 2809 1519 2878 ἁπαντᾷν
1565 2809 1679 2869 τοῖς
1724 2822 1863 2876 χρη-

283 2909 432 2966 στοίς
460 2922 523 2959 τε
572 2907 669 2959 καὶ
693 2907 954 2975 πονηροῖς
982 2905 1049 2957 εκ
1090 2902 1187 2956 τοῦ
1214 2901 1535 2972 προχείρου,
1578 2900 1671 2953 καὶ
1706 2895 1865 2962 αὖθις

280 3000 543 3053 ἀπιστεῖν
569 3001 636 3067 τῇ
667 2997 904 3068 Προνοία
932 2996 1021 3050 διὰ
1042 2993 1302 3049 τάναντία
1342 2992 1576 3056 τούτοις.

355 3088 455 3157 ξς.
489 3090 614 3143 Ὀτι
665 3088 987 3157 θαυμασίως
1016 3086 1281 3148 πολλάκις
1328 3084 1489 3137 είωθε
1533 3086 1654 3146 ταῖς
1706 3082 1865 3149 μεγί-

282 3200 443 3245 σταις
496 3180 729 3250 πράξεσι
779 3181 873 3231 καὶ
924 3178 1208 3248 εὐτυχίαις
1260 3178 1493 3245 τάχιστα
1543 3174 1865 3227 ἀκολουθεῖν

2037 2159 2130 2213 64.
2172 2157 2329 2225 Quod
2356 2159 2825 2229 jucundissimum
2858 2160 2930 2216 sit
2966 2161 3174 2217 homini
3213 2162 3265 2215 in
3300 2164 3417 2217 suis
3451 2179 3548 2218 nc-

1962 2250 2127 2320 gotiis
2162 2261 2220 2306 et
2250 2260 2516 2307 consueto
2550 2254 2672 2307 vita:
2708 2268 2929 2324 genere,
2960 2256 3343 2325 qualecunque
3378 2256 3546 2311 etiam

1965 2341 2099 2396 illud
2132 2342 2226 2406 sit,
2260 2345 2398 2399 bene
2428 2352 2485 2398 et
2513 2361 2637 2399 cum
2670 2347 2879 2401 honore
2909 2362 3024 2401 rem
3056 2361 3268 2417 gerere.

2037 2434 2127 2489 65.
2168 2433 2559 2504 Saepenumero
2590 2437 2807 2507 aliquos
2838 2438 3123 2493 adversari
3155 2440 3271 2493 suis
3301 2440 3545 2508 ipsorum

1965 2527 2322 2596 opinionibus
2366 2543 2430 2583 ac
2468 2530 2713 2600 iudiciis,
2751 2541 2808 2585 et
2850 2532 3073 2602 propria
3108 2532 3233 2603 jura
3277 2533 3547 2589 interver-

1969 2625 2105 2672 tere.

2040 2710 2130 2766 66.
2171 2709 2329 2776 Quod
2384 2711 2555 2781 aliqui
2619 2712 2776 2767 facile
2828 2713 3059 2769 credant
3104 2712 3550 2783 Providentiam,

1966 2816 2093 2857 cum
2122 2802 2313 2858 vident
2345 2804 2402 2857 in
2437 2804 2690 2873 presenti
2724 2805 2882 2859 bonis
2916 2814 2971 2860 et
3003 2807 3161 2861 malis
3192 2808 3267 2861 ita
3303 2808 3458 2875 fieri,
3493 2821 3554 2865 ut

1968 2904 2255 2949 merentur
2285 2913 2300 2949 :
2329 2896 2422 2950 alii
2458 2896 2697 2952 vicissim
2728 2913 2840 2952 non
2872 2898 3103 2954 credant
3130 2900 3202 2954 ob
3238 2901 3388 2955 hisce
3420 2916 3552 2956 con-

1968 2989 2157 3043 traria.

2036 3080 2125 3135 67.
2167 3079 2322 3147 Quod
2354 3083 2557 3152 saepius
2586 3084 2765 3138 solent
2799 3094 2923 3154 post
2953 3085 3222 3140 maximas
3253 3101 3343 3141 rcs
3371 3097 3551 3156 gestas

1966 3180 2023 3226 et
2055 3172 2330 3228 fortunam
2370 3175 2801 3244 pulcherrimam
2838 3178 2976 3231 mira
3011 3179 3320 3233 mutatione
3355 3180 3555 3233 celeri-

280 3273 732 3345 δυσπραγήματα
785 3270 1001 3340 χαλεπὰ
1058 3270 1155 3323 καὶ
1215 3269 1386 3338 μηδὲν
1439 3262 1605 3338 ἦττον
1657 3268 1859 3319 ἀνυπο-

1967 3271 2051 3317 ter
2073 3265 2229 3334 sequi
2257 3265 2564 3320 infortunia
2589 3267 2912 3328 gravissima
2934 3278 2992 3323 et
3016 3284 3124 3323 non
3156 3271 3340 3325 minus
3367 3270 3550 3341 inspe-

279 3385 473 3422 νοσγτα.

318 3384 609 3530 gica“
653 3458 754 3511 οὐκ
787 3456 937 3509 ἐστιν
981 3455 1119 3517 ὅλως
1162 3454 1221 3507 ὲν
1275 3452 1587 3524 ἀνθρώποις
1617 3451 1861 3521 6W?”-

281 3566 441 3606 συνη.

355 3568 455 3706 Eg".
488 3640 615 3693 Ὅτι
645 3638 784 3692 πολὺ
823 3634 1042 3689 νοσοῦσι
1065 3635 1187 3695 ταῖς
1219 3632 1620 3704 προσπαθείαις
1646 3631 1860 3701 ἄνθρω-

280 3749 401 3799 ποι,
432 3734 529 3786 καὶ
561 3731 663 3784 οὐκ
692 3729 869 3800 ὀρθῶς
899 3727 1123 3797 ὁρῶσιν.

212 3878 217 3881 .
355 3832 420 3879 0'.
455 3826 578 3877 Ὀτι
628 3827 877 3893 χρήσιμα
932 3820 1003 3873 τὰ
1060 3823 1124 3872 ὲκ
1167 3819 1263 3872 τοῦ
1324 3818 1716 3889 μαθηματικοῦ
1768 3822 1860 3870 καὶ

214 3910 219 3913 ’
279 3915 663 3988 γεωμετρικοῦ
696 3917 797 3985 τῆς
845 3911 1163 3979 φιλοσοφίας
1194 3912 1370 3975 εἴδους
1400 3912 1488 3965 διὰ
1521 3912 1592 3965 τά
1639 3929 1699 3964 τε
1726 3912 1860 3963 ἄλλα

283 4012 516 4064 πλεῖστα
544 4008 620 4077 τῷ
649 4006 750 4076 βίῳ
772 4010 861 4058 καὶ
888 4005 977 4057 διὰ
1007 4004 1073 4057 τὰ
1106 4005 1212 4056 τῶν
1246 4005 1568 4073 μηχανικῶν
1593 4003 1750 4073 ἔργα.

355 4192 459 4246 oa'.
493 4193 567 4244 Πε
577 4192 629 4260 pl.
660 4191 1029 4259 Πλουτάρχου.

355 4285 460 4353 οβ’.
495 4283 707 4355 Θεωρία
737 4284 816 4343 είς
844 4282 903 4333 τὸ
930 4281 1082 4343 ἔπος,
1120 4280 1202 4341 τὸ,
1252 4279 1410 4334 Adde
1438 4280 1696 4343 βιώσας.

354 4471 459 4531 of.
495 4463 557 4516 Ei
593 4462 958 4529 προσίσταται
989 4459 1068 4528 τῷ
1093 4460 1494 4527 Χριστιανικῶς
1525 4460 1625 4529 ζῇν
1669 4458 1731 4510 τὸ
1766 4475 1864 4527 με-

1964 3368 2102 3411 rata.

2033 3446 2122 3501 68.
2164 3448 2322 3515 Quod
2354 3451 2582 3506 omnino
2614 3464 2725 3505 non
2758 3463 2842 3507 est
2874 3452 3019 3507 inter
3049 3452 3303 3509 homines
3337 3456 3548 3512 animo-

1965 3556 2088 3594 rum
2119 3552 2175 3595 et
2205 3543 2532 3610 opinionum
2561 3544 2879 3599 concordia.

2038 3634 2127 3688 69.
2168 3634 2324 3699 Quod
2352 3636 2653 3704 plurimum
2680 3637 2936 3692 laborant
2963 3637 3213 3693 homines
3237 3639 3547 3707 affectibus,

1966 3741 2066 3780 nec
2092 3728 2225 3781 satis
2256 3738 2404 3783 recte
2431 3727 2639 3784 vident.

2036 3818 2124 3872 70.
2164 3817 2320 3883 Quod
2370 3836 2433 3875 ex
2486 3822 2867 3878 mathematica
2916 3835 2968 3878 et
3017 3828 3348 3895 geometrica
3396 3836 3549 3898 parte

1965 3910 2330 3981 philosophiae
2363 3914 2632 3969 utilitates
2662 3916 2912 3985 plurima:
2947 3918 3261 3975 redundent
3295 3920 3347 3974 in
3381 3921 3548 3974 vitam

1966 4003 2262 4058 humanam
2287 4046 2301 4069 ,
2335 4014 2451 4059 tum
2484 4008 2624 4071 aliae,
2654 4017 2771 4061 tum
2802 4024 2923 4079 qua:
2953 4010 3008 4063 in
3043 4012 3307 4080 cperibus
3335 4014 3552 4067 mecha-

1966 4098 2106 4153 nicis
2132 4099 2573 4168 conspiciuntur.

2038 4190 2126 4245 71.
2168 4192 2243 4246 De
2278 4192 2589 4249 Plutarcho.

2038 4285 2127 4339 72.
2170 4284 2477 4354 Disputatio
2516 4285 2585 4341 de
2628 4286 2777 4343 dicto
2822 4307 2836 4343 :
2882 4290 2986 4356 Qui
3029 4293 3156 4347 bene
3200 4292 3380 4358 latuit,
3424 4293 3553 4347 bene

1964 4378 2113 4434 vixit.

2038 4470 2126 4525 75.
2166 4470 2310 4525 Num
2349 4470 2681 4529 Christiana:
2716 4475 2841 4530 vita:
2880 4486 3145 4546 repugnet
3182 4480 3369 4534 vivere
3407 4480 3553 4535 inter

283 4559 357 4609 τὰ
383 4554 592 4608 πολλῶν
622 4554 719 4623 ζῇν
758 4554 851 4606 καὶ
883 4555 942 4604 ὲν
993 4552 1211 4613 πολλοῖς
1247 4552 1538 4620 πράγμασι
1591 4552 1712 4621 ζῇν.
1740 4550 1861 4622 [75-

1972 4565 2175 4618 multos
2205 4573 2264 4620 et
2289 4567 2479 4622 multis
2511 4567 2851 4638 implicatum
2881 4584 3003 4625 esse
3031 4571 3288 4641 negotiis.

285 4652 349 4706 81
395 4649 581 4703 omisit
622 4646 731 4718 BL]
1078 4670 1087 4673 ι
1338 4695 1345 4705 .

355 4742 447 4793 οδ¹.
485 4741 607 4793 Ὀτι
629 4740 689 4791 τὸ
719 4739 795 4809 μὴ
828 4738 965 4805 μετὰ
986 4737 1197 4789 πολλῶν
1225 4736 1373 4804 βιοῦν
1403 4736 1746 4805 πραγμάτων
1776 4738 1863 4788 εὐ-

284 4836 477 4888 κολίαν
507 4833 664 4902 φέρει
693 4834 772 4894 είς
799 4834 900 4899 τὴν
933 4847 1165 4899 τηςρησιν
1195 4829 1303 4885 τῶν
1335 4829 1434 4896 τῆς
1464 4831 1862 4897 Χριστιανικῆς

283 4930 571 4991 εὐσεὸείας
603 4927 871 4996 νομίμων.

356 5021 449 5075 οε’.
482 5022 605 5073 Ὅτι
650 5021 744 5073 καὶ
796 5022 908 5083 τοῖς
965 5019 1650 5089 ὲγκοινοπολιτευομένοις⁶
1684 5018 1863 5082 ἔξεστι

285 5116 473 5176 καλῶς
510 5114 660 5184 βιοῦν
683 5117 750 5182 τῇ
775 5115 941 5183 ἁρετῇ
970 5115 1066 5167 καὶ
1093 5115 1205 5174 τοῖς
1231 5112 1332 5180 τῆς
1369 5111 1678 5173 θεοσεϐείας
1710 5110 1864 5179 νομί-

288 5223 435 5276 μοις.

356 5296 465 5360 ος-’.
506 5296 568 5347 ΕΞ
619 5297 894 5364 γαμητέον
942 5295 1110 5352 ἐστὶν.
1151 5295 1184 5364 ἢ
1235 5295 1331 5365 μὴ,
1382 5296 1491 5355 τοῖς
1545 5294 1863 5363 ἐπιμέλειαν

283 5387 475 5457 ἔχουσι
503 5389 595 5437 καὶ
626 5387 886 5455 φροντίδα
911 5386 1008 5453 τῆς
1037 5382 1156 5437 κατ’
1194 5386 1394 5453 ἀρετὴν
1428 5383 1593 5453 ζωῆς.

352 5566 455 5632 οξ.
490 5567 614 5620 Ὅτι
650 5568 812 5619 παντὶ
838 5569 1026 5637 τρόπῳ
1060 5565 1139 5635 τῷ
1170 5563 1432 5633 πολιτικῷ
1478 5565 1861 5633 ἁντιποιητέον

280 5658 383 5725 τῆς
416 5657 665 5725 εἰρήνης.

353 5764 457 5813 οη.
489 5747 613 5798 Ὀτι
652 5749 746 5800 καὶ
792 5749 931 5816 πρὸς
963 5749 1023 5801 τὸ
1074 5748 1331 5817 πολεμεῖν
1378 5748 1861 5816 παρασκευαστέον

284 5842 357 5890 τιτι
390 5840 651 5892 πολιτικῶ

2040 4742 2130 4796 74.
2173 4742 2331 4809 Quod
2363 4758 2472 4795 non
2506 4743 2694 4797 multis
2723 4742 3045 4812 impeditum
3074 4743 3261 4801 vivere
3292 4748 3553 4819 negotiis,

1968 4836 2272 4889 faciliorem
2308 4836 2503 4891 reddat
2530 4836 2860 4893 Christianae
2891 4839 3113 4907 pietatis
3144 4854 3551 4910 praeceptorum

1969 4928 2435 4982 observationem.

2037 5023 2132 5077 .75.
2172 5023 2325 5088 Quod
2366 5020 2536 5076 etiam
2578 5023 2973 5092 rempublicam
3010 5027 3330 5093 gerentibus
3365 5040 3423 5095 et
3461 5043 3556 5080 ne.

1967 5116 2111 5183 gotia
2145 5115 2268 5169 vita:
2301 5116 2626 5169 curantibus
2661 5117 2934 5186 integrum
2968 5132 3088 5183 est,
3122 5118 3349 5188 probam
3382 5121 3553 5175 vitam

1967 5206 2172 5259 ducere
2200 5207 2571 5276 virtutemque
2604 5222 2666 5261 ac
2698 5209 2914 5277 pietatis
2942 5210 3125 5264 colere
3158 5224 3447 5281 praecepta.

2042 5299 2126 5351 76.
2185 5298 2326 5352 Num
2395 5299 2709 5369 coniugium
2754 5299 3054 5353 ineundum
3096 5302 3187 5365 sit,
3234 5318 3447 5367 necne,
3486 5305 3553 5359 iis

1967 5391 2169 5463 quibus
2204 5405 2349 5444 cura:
2387 5390 2649 5459 cordique
2688 5401 2773 5445 est
2810 5392 3114 5446 secundum
3152 5391 3373 5446 virtutis
3414 5409 3557 5463 prae-

1969 5486 2234 5553 scriptum
2267 5484 2475 5537 vivere.

2041 5576 2130 5631 77.
2169 5576 2324 5641 Quod
2358 5575 2506 5629 omni
2542 5576 2708 5629 modo
2742 5591 2843 5644 pax
2879 5577 3135 5630 sectanda
3166 5576 3239 5631 sit
3267 5579 3385 5632 viro
3410 5594 3553 5633 rem-

1971 5669 2245 5738 puhlicarn
2277 5669 2509 5737 gerenti.

2045 5758 2131 5807 78.
2174 5756 2329 5820 Quod
2369 5757 2511 5809 idem
2549 5759 2715 5813 etiam
2752 5762 2815 5812 ad
2855 5761 3059 5815 bellum
3096 5763 3400 5819 instructus
3432 5778 3556 5816 csse

1990 5846 2183 5897 hbeat.
