4198 6448
746 376 843 441 94⁸7
1902 375 2301 436 THEODURI
2346 375 2397 433 M

2350 370 2811 433 METOCHI'I‘AZ
3897 371 4008 433 948

752 489 935 543 :tionis
977 490 1221 556 epitome,
1257 490 1309 544 in
1338 492 1457 547 cod.
1486 488 1680 543 Bavar.
1721 487 1843 545 I69.
1886 488 2097 560 (ιτηιι.)
2137 488 2231 544 Vel
2264 490 2444 565 potius
2488 492 2635 548 illius
2701 493 2970 561 Epitomes
3002 493 3134 548 liber
3160 508 3199 554 ι,
3239 492 3332 561 qui
3364 499 3580 545 constat
3612 490 3673 545 9i
3708 490 4006 558 capitibus.

749 582 842 638 tlle
871 585 990 640 coll.
1024 599 1166 641 nunc
1216 596 1528 641 numeratur
1572 584 1801 673 100..V.
1842 586 1996 656 plura
2032 588 2101 642 de
2147 602 2213 643 eo
2248 601 2338 657 sp.
2388 588 2491 644 cel.
2539 590 2729 644 Hardt.
2787 591 2841 646 in
2886 590 3095 648 Aretini
3141 589 3439 660 Beytragen
3490 596 3599 643 etc.
3642 588 3803 653 1804,
3863 597 4006 657 part.

752 694 823 745 νι,
855 696 909 751 p.
944 681 1015 737 55
1050 698 1135 752 sq.
1180 682 1400 753 illam.)

823 777 910 834 Vl.
944 779 1135 836 Inediti
1164 783 1329 837 etiam
1377 783 1650 839 ducuntur
1690 792 1911 840 exstare
1940 782 2209 839 Theodori
2248 784 2522 841 Metocltit.
2562 786 2937 843 Mathematica
2968 793 3023 841 et
3055 784 3148 840 VII
3194 783 3571 840 commentarii
3633 784 3686 838 in
3723 780 4005 838 Ptolemaei

750 884 998 943 magnam
1036 877 1342 949 Syntasitn,
1393 895 1515 951 qua;
1564 880 1832 935 asservari
1869 881 1920 934 in
1964 879 2223 949 Hispania
2249 895 2750 937 commemorantur
2780 884 2871 955 (t).

820 971 955 1025 Vlll.
1009 972 1366 1045 Paraphrasis
1408 977 1461 1031 in
1492 978 1797 1033 Aristotelis
1851 976 2019 1033 libros
2044 978 2121 1031 De
2150 977 2386 1047 partibus
2420 980 2756 1044 animalium,
2806 996 2909 1036 ms.
2963 980 3020 1037 in
3065 978 3235 1037 Italia:
3260 979 3633 1045 bibliothecis,
3668 987 3727 1032 ut
3760 992 3828 1032 ex
3862 974 4005 1031 Ges-

753 1081 887 1121 nero
915 1071 1124 1125 notavit
1164 1071 1459 1128 Meursius.

819 1209 972 1295 (tuti
1035 1216 1157 1269 cod.
1193 1216 1461 1295 Escorial.
1513 1228 1657 1295 teste
1715 1218 1914 1295 Pluero
1975 1221 2028 1275 in
2062 1219 2319 1295 Itinerar.
2423 1225 2842 1280 thematicarnm
2894 1226 3420 1281 demonstrationnm
3456 1231 3779 1295 argumenta
3820 1221 4013 1295 exclu-

749 1296 845 1364 lff"
882 1281 1139 1364 ιῆἱδραρρ
1186 1304 1249 1364 ,βο
1310 1287 1432 1364 191,
1495 1290 1585 1364 ub_i
1642 1291 1716 1347 ita
1762 1281 2057 1364 citantur:
2123 1290 2318 1348 Tlteod.
2422 1296 2520 1364 dit.
2575 1326 2642 1337 —
2686 1297 2820 1350 Ibid.
2895 1297 3143 1363 ejusdem
3225 1281 3631 1364 Expositiovin
3695 1293 4013 1346 Aristotelis

751 1350 968 1435 elatam.
1020 1350 1460 1435 .Jlatliematica.
1536 1360 1917 1435 Qommentarii
1959 1363 2013 1415 in
2072 1378 2321 1435 magnam
2421 1363 2706 1435 Physicam
2751 1376 2799 1419 et
2832 1366 2888 1418 in
2926 1350 3706 1427 'Parvainatu’r'alia.—lbid.
3766 1365 4013 1435 ejusdem

755 1420 1030 1504 Ptolemaei
1073 1430 1521 1504 compositionem.
1553 1430 1738 1495 Qualis
1791 1433 1864 1486 sit
1900 1446 2044 1504 usus
2080 1420 2325 1504 explica-
2422 1420 2773 1489 Sententiosa:
2810 1420 3230 1504 signiﬁcationes
3274 1447 3330 1491 et
3368 1422 3631 1502 opuscula
3670 1420 3820 1504 varia
3867 1447 4011 1504 sna-

750 1500 913 1569 llOIILS
945 1502 1306 1569 quorunulam
1356 1501 1616 1568 capitum,
1672 1502 2025 1569 perquiritur,
2069 1500 2325 1569 {reatten-
2422 1506 2743 1566 thematica,
2800 1500 2974 1561 Paris.
3024 1517 3081 1557 et
3112 1506 3303 1560 Venet.
3351 1500 3647 1560 secundum
3694 1501 4005 1557 lloutl'auc.

751 1570 834 1613 ter
866 1560 1193 1621 Ptolemqu
1240 1560 1636 1627 astronomicas
1668 1560 2081 1626 enuntiationes
2106 1560 2322 1627 et'ma-
2419 1577 2475 1630 in
2507 1574 2648 1630 Bibl.
2680 1560 2807 1630 bibl.
2844 1560 2971 1630 mss.
3034 1576 3094 1631 γ.
3131 1577 3385 1631 indicem.
3415 1574 3637 1647 ("Ale

3824 1743 3994 1774 ετ...

2007 1899 2308 2014 MON
2325 1901 2467 2015 IT
2483 1902 2683 2015 UM
2697 1983 2728 2016 .

1826 2122 1961 2195 (Mai,
1985 2122 2217 2174 Bibliolh.
2261 2138 2382 2175 nova
2408 2126 2505 2177 PP.
2550 2132 2588 2176 t.
2616 2125 2679 2187 Il,
2719 2141 2767 2189 p.
2799 2126 2932 2187 684.)

830 2430 1129 2485 Elaborata
1165 2430 1231 2483 ab
1260 2426 1533 2498 Afgyptiis
1560 2428 1861 2481 [caminibus
1889 2429 2099 2496 opiﬁcia
2130 2430 2463 2494 tabularum,
2498 2430 2774 2498 signorum
2802 2439 2962 2495 atque
2994 2428 3346 2498 aediﬁciorum
3370 2430 3715 2484 severioribus
3734 2430 3930 2499 [armis
3957 2448 4023 2491 ac

753 2525 1096 2594 rigidioribus
1132 2532 1379 2577 constare
1410 2523 1646 2575 videmus
1678 2538 1695 2584 ;
1725 2522 1880 2590 idque
1913 2532 2092 2589 aperte
2137 2523 2517 2592 propemodum
2550 2524 2634 2576 illi
2689 2532 2989 2590 queruntur
3037 2524 3129 2593 qui
3160 2520 3473 2577 ercorum
3500 2525 3775 2592 artiﬁcum
3806 2526 4027 2595 elegan-

753 2620 886 2674 tiam
910 2618 1241 2687 leporemque
1274 2617 1425 2669 unice
1459 2617 1819 2669 admirantur.
1844 2616 2002 2671 Nunc
2030 2634 2093 2671 en
2130 2616 2434 2671 Theodorus
2455 2616 2749 2670 Metochita
2773 2617 3013 2686 linguam
3035 2633 3239 2686 quoque
3262 2614 3503 2670 Graecam
3549 2619 3691 2684 apud
3728 2617 4025 2687 Aigyptios

752 2710 995 2777 asperius
1014 2711 1258 2764 sonuisse
1287 2711 1452 2775 dicit;
1490 2726 1651 2775 quam
1676 2728 1782 2763 rem
1816 2728 1937 2764 cum
1982 2711 2091 2763 alia
2138 2719 2481 2765 monumenta
2510 2711 2629 2778 jam
2677 2712 3181 2763 demonstraveram
3217 2750 3232 2775 ,
3278 2722 3388 2764 tum
3438 2712 3603 2764 etiam
3657 2711 4027 2777 diplomatij

750 2805 944 2873 papyri
1004 2805 1203 2857 nostris
1252 2804 1578 2871 temporibus
1627 2804 1916 2873 divulgattv
1964 2806 2306 2872 conﬁrmant.
2342 2804 2409 2858 Id
2448 2804 2635 2857 vitium
2675 2813 2851 2856 utrum
2914 2819 2947 2856 a
3011 2802 3361 2857 Macedonica
3430 2804 3741 2857 barbariore
3791 2804 4027 2857 dialecto

752 2898 1135 2952 Alexandriam
1171 2897 1457 2960 translata,
1481 2914 1548 2949 an
1585 2897 1650 2950 ab
1678 2896 2126 2967 Afgyptiacarum
2154 2897 2447 2951 dictionum
2478 2899 2702 2951 colluvie
2733 2908 2780 2951 et
2812 2898 2998 2959 cinna,
3029 2896 3111 2950 vel
3142 2897 3205 2948 ab
3238 2907 3465 2966 utraque
3492 2898 3652 2950 simul
3686 2912 3856 2949 causa
3901 2900 4031 2962 plu-

754 2992 961 3051 ribusve
992 2993 1285 3045 manaverit
1323 3032 1339 3056 ,
1368 2990 1622 3047 Sturzius
1669 2993 1868 3060 aliique
1930 2994 2271 3061 grammatici
2318 2993 2689 3063 disputabunt.
2742 2991 2879 3045 Milli
2912 2992 3129 3044 interim
3160 2992 3329 3059 placet
3364 3032 3379 3054 ,
3413 2992 3474 3044 ob
3501 2992 3701 3059 fervens
3735 2995 3880 3058 apud
3928 3007 4030 3044 nos

751 3085 1191 3154 Aigyptiacarum
1220 3102 1399 3139 rerum
1419 3088 1677 3146 studium.
1708 3087 2227 3143 lucubratiunculam
2263 3086 2525 3141 Theodori
2549 3086 2817 3156 proferre,
2841 3102 2999 3149 quam
3026 3102 3092 3139 ea:
3117 3086 3235 3152 ejus
3263 3087 3523 3154 capitibus
3554 3086 3827 3138 historicis
3852 3086 4032 3150 phila-

755 3180 1045 3248 logicisque
1082 3179 1319 3242 detraxi,
1359 3180 1595 3233 nondum
1625 3180 1781 3233 editis
1812 3181 1895 3250 (l)
1917 3219 1933 3243 .
1963 3183 2058 3236 sed
2092 3182 2289 3249 partim
2332 3193 2468 3235 certe
2512 3198 2544 3234 a
2572 3197 2652 3233 me
2702 3179 2898 3232 deinde
2932 3178 3226 3247 vulgandis
3256 3194 3272 3231 :
3309 3180 3602 3243 prmertim
3641 3178 3770 3246 quia
3801 3178 4031 3244 politica

754 3273 914 3324 etiam
940 3274 1117 3340 capita
1144 3272 1348 3335 insunt,
1389 3290 1506 3341 qua:
1532 3274 1766 3327 scientia:
1806 3274 1964 3343 hujus
2018 3276 2275 3329 studiosis
2304 3275 2550 3328 exhibere
2573 3317 2586 3335 .
2623 3274 2731 3327 vita
2768 3273 2989 3335 comite,
3014 3273 3223 3324 decrevi
3267 3288 3383 3324 cum
3416 3272 3671 3324 Tltemluli
3694 3271 3946 3339 magistri
3966 3269 4034 3321 dc

758 3366 959 3418 mutuis
984 3366 1120 3435 regis
1155 3377 1202 3419 et
1242 3366 1424 3433 populi
1458 3367 1638 3436 ofﬁciis
1670 3367 1875 3435 duplici
1896 3369 2160 3431 oratione,
2212 3386 2329 3420 cum
2382 3366 2596 3437 Georgii
2651 3364 2874 3425 Gemisti
2919 3364 3186 3433 capitulis
3249 3365 3454 3433 aliquot
3507 3365 3774 3431 politicis,
3808 3374 3857 3416 et
3910 3380 4032 3417 cum

758 3460 1010 3528 ammymi
1044 3460 1268 3530 denique
1287 3460 1615 3513 orationibus
1647 3463 1772 3515 item
1806 3462 2002 3516 Graecis
2020 3462 2084 3514 dc
2123 3478 2297 3515 rerum
2332 3462 2668 3530 publicarum
2720 3458 3184 3513 conversionibus.
3227 3456 3384 3511 Nunc
3424 3458 3679 3511 Theodori
3726 3457 4032 3526 capitulum

758 3550 1027 3608 latinitate
1052 3570 1083 3607 a
1107 3571 1186 3608 me
1216 3554 1535 3622 festinanter
1564 3556 1821 3609 donatum
1862 3557 2095 3611 recitabo

821 3719 893 3779 (l)
920 3718 1205 3770 Editionem
1238 3719 1549 3782 Lipsiensem
1585 3722 1697 3767 anni
1723 3719 1833 3768 1821
1866 3722 2109 3783 ignoravit
2130 3721 2226 3769 cel.
2252 3720 2531 3777 cardinalis.
2570 3721 2655 3781 qui
2694 3724 2858 3767 tamen
2895 3730 3030 3767 anno
3056 3717 3175 3765 1827
3198 3718 3306 3767 haec
3328 3716 3591 3767 scribebat.

1302 3989 2113 4107 ΘΕΟΔΩΡΟΥ
2184 3991 2486 4106 ΤΟΥ
2572 3988 3497 4108 ΜΕΤΟΧΙΤΟΥ

2347 4203 2452 4255 ΟΤΙ

1000 4361 1274 4422 “ANTE!
1320 4359 1477 4417 ΟΣΟΙ
1515 4362 1605 4415 ΕΝ
1636 4360 1934 4430 ΑΙΓΥΠΤῼ
1968 4355 2497 4410 ΕΠΑΙΔΕΥΘΗΣΔΝ
2549 4352 3019 4408 ΤΡΑΧΥΤΕΡΟΝ
3050 4356 3140 4426 Τῼ
3170 4352 3417 4409 ΛΕΓΕΙΝ
3464 4352 3765 4412 ΧΡΩΝΤΑΙ

1541 4683 2273 4856 ΤΗΕΟΒΟΒΙ
2355 4688 3250 4804 ΜΕΤΟΟΗΙΤΑΞ

2306 4928 2475 4981 QUOD

967 5082 1239 5145 OMNES
1297 5080 1435 5156 QUI
1476 5081 1558 5142 IN
1617 5080 1968 5142 JEGYPTO
2028 5079 2434 5142 INSTITUTI
2487 5080 2863 5142 FUERUNT
2892 5081 3348 5144 ASPERIORE
3387 5080 3829 5143 ORATIONIS

1924 5210 2245 5280 GENERE
2301 5210 2437 5273 UTI
2490 5208 2881 5271 SOLEANT.

853 5530 1123 5599 COgitanti
1151 5530 1282 5584 mihi
1310 5544 1689 5600 saepenumero
1722 5532 1741 5601 (
1773 5531 2071 5585 veritatene
2096 5528 2237 5584 duce
2284 5542 2351 5584 an
2382 5534 2435 5595 Α

2382 5534 2435 5595 Α
2533 5528 2757 5582 Ἔννοιὰ
2786 5527 2877 5599 μοι
2916 5543 3004 5589 τις
3046 5525 3187 5596 αὕτη
3244 5524 3508 5588 πολλάκις
3569 5524 3664 5579 καὶ
3692 5525 3709 5555 ⁸
3766 5522 4038 5595 λογισμὸς

771 5637 931 5677 secus
958 5660 973 5686 ,
1009 5636 1117 5673 non
1142 5618 1341 5674 definio
1369 5620 1389 5690 )
1421 5634 1484 5674 ac
1522 5622 1783 5675 tncmoria
1817 5630 2035 5678 veteres
2051 5633 2334 5691 novosque

2448 5617 2685 5686 ἔπεισιν,
2719 5618 2853 5681 ἴσως
2897 5617 3000 5689 μὲν
3027 5616 3296 5688 τάληθοῦς
3323 5615 3632 5687 τυγχάνων,
3670 5616 3799 5680 ἴσως
3825 5617 3885 5671 δι
3922 5620 4031 5687 μή·

846 5815 859 5843 ¹
895 5814 1055 5871 Deest
1090 5813 1142 5869 in
1166 5812 1285 5868 cod.
1314 5813 1423 5867 καί.
