4198 6448
227 396 337 460 Ωἰθ

1321 394 1418 454 DE
1457 393 1750 455 LINGUA
1787 393 2059 454 GRAECA
2092 393 2407 455 EGYP’I‘I.

3361 393 3492 456 930'

224 512 520 582 λογίζομαι
548 511 594 565 δ’
624 505 737 571 οὖν.
782 511 863 563 ὅτι
896 511 962 580 δὴ
1010 512 1204 574 πάντες
1231 512 1346 565 ὅσοι
1373 511 1493 565 κατ’
1530 511 1807 577 Αίγυπτον

1934 512 2165 565 tomines
2194 514 2465 582 repetenti
2497 551 2512 577 ,
2541 512 2639 581 qui
2665 512 2719 565 in
2750 510 2989 582 Egypto
3013 512 3479 568 litteris-instituti

228 604 653 671 ἐπαιδεύθησαν,
710 602 934 656 παλαιοί
978 619 1037 655 τι
1080 604 1345 673 πρότερον
1399 604 1489 656 καὶ
1524 601 1802 671 νεώτεροι,

228 700 327 751 καὶ
374 698 784 766 συνεγράψαντο
834 697 972 749 ἅττα
1000 695 1066 764 δὴ
1118 694 1493 765 παραπλήσιοι
1543 712 1661 757 πως
1709 693 1808 762 τὴν

230 793 419 860 φωνήν
449 793 554 842 εισι
607 790 944 860 τραχύτερον
983 790 1054 842 τά
1106 805 1165 842 τι
1198 788 1335 842 ἄλλα
1388 791 1479 841 καὶ
1530 791 1643 851 τοῖς
1694 787 1811 840 δνό-

236 897 373 949 μκσι
397 880 474 947 (2)
515 881 760 949 μάλιστα.
778 881 1055 951 χρώμενοι
1082 897 1095 913 ·
1131 882 1228 936 καὶ
1254 880 1398 935 τοῦτ’
1424 876 1564 935 εῖναι
1593 882 1812 945 πάντως

235 973 356 1025 κατ’
391 972 512 1034 ἔθος
540 972 718 1025 ἔοικεν
748 972 1036 1042 κρατῆσαν
1069 975 1247 1026 ἐκεῖσε
1280 973 1387 1026 τῶν
1439 972 1813 1043 ἐκδεξαμένων

232 1064 411 1117 ἄλλων
436 1065 521 1116 ἐπ’
549 1066 727 1127 ἄλλοις
755 1065 865 1117 τῶν
888 1065 1069 1118 αὐτῶν
1092 1066 1368 1135 ἐχομένων
1397 1066 1495 1134 τῆς
1522 1064 1770 1134 γλώττης
1795 1082 1810 1099 ο

234 1156 335 1208 καὶ
363 1155 571 1218 πάντας
611 1154 718 1222 γὰρ
778 1155 1247 1224 ἐπισκοπούμενος
1279 1155 1390 1222 ἐγώ
1434 1173 1519 1223 γε,
1562 1157 1676 1210 ὅσοι
1717 1157 1815 1210 τὸν

236 1248 480 1300 τοιοῦτον
510 1252 832 1325 χαρακτῆρα
876 1251 968 1301 καὶ
1006 1248 1178 1302 τύπον
1219 1249 1316 1316 τῆς
1351 1250 1648 1319 ἑρμηνείας
1696 1252 1815 1304 ἐνό-

241 1357 407 1408 μισαν
439 1342 533 1393 καὶ
580 1343 984 1411 καθιστόρηταν
1021 1341 1119 1410 (3),
1157 1342 1300 1393 οὕτω
1338 1341 1401 1410 δὴ
1436 1342 1529 1395 καὶ
1577 1341 1816 1394 διέθεντο

237 1432 309 1483 τὰ
346 1432 583 1503 σφέτερα
631 1432 813 1485 αὐτῶν
851 1433 1227 1500 συντάγματα,
1256 1432 1303 1483 εξ
1343 1433 1436 1484 καὶ
1468 1431 1626 1493 ἄλλος
1656 1430 1816 1485 ἄλλου

241 1526 454 1595 βέλτιον
485 1529 577 1579 καὶ
608 1527 921 1581 τούναντίον
952 1528 1274 1595 ἐχρήσαντο,
1306 1526 1399 1578 καὶ
1427 1527 1540 1578 ὅσοι
1570 1526 1668 1593 τῆς
1694 1524 1817 1578 καθ’

238 1621 394 1687 ἡμᾶς
426 1619 731 1680 θεοσεϐείας
777 1622 868 1674 καὶ
914 1622 1173 1681 πίστεως,
1204 1621 1299 1672 καὶ
1335 1619 1448 1672 ὅσοι
1486 1619 1582 1687 μὴ,
1613 1617 1819 1678 πάντας

238 1710 288 1764 δ’
316 1711 467 1779 ὅμως
506 1709 633 1771 τούς
666 1727 727 1776 γε
774 1709 1046 1771 τοιούτους
1078 1712 1134 1761 ἐν
1164 1710 1239 1779 τῷ
1286 1709 1464 1777 λέγειν
1509 1707 1628 1760 κατ’
1654 1709 1821 1773 Δίγυ-

241 1820 378 1855 πτον
416 1804 576 1872 μόνον
614 1807 678 1874 τῇ
720 1804 938 1873 παιδείᾳ
976 1804 1437 1873 διασχολάσαντας
1473 1803 1682 1872 ξυνορῶ
1726 1804 1821 1855 καὶ

244 1896 683 1959 συνεθισθέντας,
714 1898 807 1950 καὶ
837 1897 1152 1951 δευσοποιὸν
1184 1897 1258 1961 ώς
1291 1899 1464 1950 εἰπεῖν
1508 1897 1607 1966 τῆς
1637 1899 1821 1966 φωνῆς

246 1991 430 2060 βαφήν
460 2008 517 2043 τε
555 1993 648 2043 καὶ
694 1992 925 2061 ἄσκησιν
968 1994 1146 2043 ἐκεῖσε
1198 1992 1261 2060 δὴ
1297 1992 1694 2061 κεχρημένους.
1730 1993 1822 2043 καὶ

245 2084 437 2136 οὐκέτι
470 2102 556 2137 πω
586 2084 681 2136 καὶ
710 2084 847 2154 ἄλλῃ
879 2084 1374 2152 πολιτευσαμένους
1402 2083 1472 2136 τὰ
1504 2084 1604 2152 τῆς
1635 2080 1825 2147 σοφίας

244 2180 345 2232 καὶ
405 2179 861 2247 κοινωνήσαντας,
890 2178 1068 2231 ἄλλων
1118 2177 1182 2246 δή
1239 2194 1402 2231 τινων
1448 2176 1696 2245 νομίμων
1732 2176 1827 2229 καὶ

246 2272 391 2324 ἐθῶν
440 2274 506 2341 τῇ
540 2272 761 2343 παιδείας
799 2273 891 2325 καί⁸
946 2272 1234 2342 χρήσεων·
1293 2265 1407 2323 οἷον
1453 2270 1517 2340 δὴ
1575 2270 1747 2324 Φίλων
1799 2269 1827 2320 ὁ

261 2362 515 2431 Ἐϐραῖος
553 2364 759 2424 ἐκεῖνος
786 2362 1060 2430 Αἴγυπτον
1088 2363 1250 2431 μόνον
1276 2357 1405 2424 εἶδε,
1436 2361 1531 2415 καὶ
1558 2360 1728 2431 ταύτῃ
1763 2377 1828 2427 γε

248 2456 345 2507 τὸν
392 2454 605 2507 ἅπαντα
635 2454 734 2522 τῆς
780 2454 927 2524 ζωῆς
973 2456 1164 2526 χρόνον
1204 2454 1390 2523 τροφῷ
1428 2453 1525 2521 τῆς
1579 2453 1827 2515 παιδείας

250 2546 565 2617 ὲΧίνθεηνιπν
608 2548 777 2611 πολὺς
804 2549 903 2620 τὴν
942 2548 1138 2618 σοφίαν
1172 2549 1335 2619 ἀνὴρ,
1384 2549 1477 2600 καὶ
1510 2550 1608 2616 τῆς
1650 2545 1830 2613 γλώτ-

247 2657 355 2708 της
400 2641 660 2709 πρόνοιαν
692 2642 971 2712 ἐπιμελῶς
1012 2643 1337 2712 ποιούμενος
1371 2642 1472 2711 (4),
1501 2642 1600 2711 ούχ
1648 2640 1831 2709 ἱλαρὸς

248 2733 510 2797 καθάπαξ
541 2734 806 2803 ἐμπίπτει
841 2737 955 2798 τοῖς
979 2735 1134 2799 ὠσὶν,
1162 2736 1286 2789 ούδέ
1319 2735 1479 2797 λείως
1511 2736 1621 2794 τοῖς
1655 2735 1830 2802 ῥήμα-

249 2844 339 2879 σιν
374 2822 457 2889 οἷς
506 2828 828 2897 ἑρμηνεύων
878 2828 1130 2882 ἑκάστοτ’
1161 2828 1386 2898 ἐκφέρει
1439 2828 1531 2878 τὸν
1581 2825 1705 2878 νοῦν
1739 2826 1833 2878 καὶ

247 2916 575 2972 διαπλάττει
638 2920 732 2971 καὶ
791 2918 1164 2988 προδείκνυσι.
1227 2918 1337 2971 Καὶ
1404 2916 1742 2986 Πτολεμαῖος
1802 2918 1831 2967 ὁ

247 3008 523 3071 Κλαύδιος
558 3009 893 3079 μεθύστερον
913 3010 1007 3063 τὸν
1030 3010 1193 3062 αὐτὸν
1219 3010 1421 3080 τρόπον
1450 3011 1738 3063 συντάττει
1763 3008 1831 3061 τὰ

248 3098 520 3153 κάλλιστα
581 3103 676 3154 καὶ
749 3100 1183 3171 θαυμασιώτατα
1237 3103 1653 3171 σπουδάσματα.
1722 3104 1830 3154 Καὶ

1909 603 1973 655 ad
1998 603 2348 657 scribendum
2379 603 2587 673 aliquid
2621 604 2864 657 animum
2890 604 3225 674 appulerunt
3251 644 3267 671 ,
3295 603 3479 659 σει-πετὲ

1910 695 2302 762 propemodum
2344 696 2622 763 asperiore
2655 694 2866 766 praediti
2894 703 3008 749 tum
3037 697 3219 770 lingua
3248 705 3361 751 tum
3384 710 3483 765 ge-

1910 800 2041 841 nere
2073 786 2464 840 vocabulorum
2508 786 2683 841 videri
2708 787 2887 842 solent
2913 803 2927 840 :
2960 799 3123 857 atque
3150 789 3299 842 hanc
3330 801 3487 857 pror-

1911 892 2009 932 sus
2032 885 2258 948 apparet
2287 878 2542 947 loquendi
2580 880 3036 935 consuetudinem
3072 881 3125 935 in
3155 895 3218 935 ea
3264 864 3494 949 regione

1914 969 2155 1038 viguisse
2180 1009 2195 1032 ,
2224 984 2388 1037 quam
2414 968 2662 1039 ejusdem
2703 969 2903 1040 lingua:
2939 968 3232 1040 participes
3258 983 3277 1033 ς
3306 969 3398 1024 alii
3422 972 3491 1025 ab

1916 1062 2038 1117 aliis
2102 1063 2378 1129 traditam,
2420 1064 2796 1119 retinuerunt.
2854 1063 3068 1133 Reapse
3125 1064 3493 1118 considerans

1915 1165 2188 1224 quotquot
2224 1155 2365 1209 hanc
2394 1157 2503 1210 stili
2535 1156 2766 1210 formam
2807 1172 3089 1225 genusque
3111 1156 3398 1224 praeceptis
3428 1172 3489 1209 e-

1916 1249 2299 1303 disseruerunt
2336 1286 2352 1311 ,
2383 1255 2439 1302 et
2468 1247 2954 1303 lucubrationibus
2994 1263 3217 1318 quoque
3244 1248 3363 1303 suis
3399 1262 3494 1301 ex-

1919 1351 2239 1409 presserunt
2300 1343 2664 1408 (quanquam
2716 1340 2859 1395 alius
2903 1341 3010 1394 alio
3060 1340 3258 1394 me'ius
3287 1378 3303 1404 ,
3342 1338 3493 1394 alius

1922 1434 2162 1487 vicissim
2188 1433 2430 1487 deterius
2462 1434 2568 1486 alio
2603 1434 2819 1488 locutus
2850 1432 2979 1501 est),
3005 1434 3131 1488 talis
3154 1432 3373 1502 inquam
3394 1432 3493 1485 sti-

1922 1526 1957 1577 li
1986 1526 2251 1586 asseclas,
2300 1526 2413 1579 sive
2439 1526 2721 1594 religionis
2752 1541 2951 1580 nostra:
2978 1527 3212 1595 lideique
3242 1525 3495 1580 homines

1922 1616 2125 1671 fuerint
2147 1618 2263 1671 sive
2297 1631 2478 1678 secus,
2516 1619 2568 1670 iu
2598 1616 2833 1688 {Egypto
2875 1633 3069 1673 omnes
3096 1627 3343 1673 versatos
3377 1632 3496 1671 cer-

1925 1726 1995 1764 no
2020 1720 2187 1779 atque
2223 1711 2487 1766 educatos
2522 1727 2535 1775 ;
2564 1711 2748 1778 ibique
2773 1710 3080 1777 fulloniam,
3102 1722 3164 1765 ut
3191 1710 3264 1764 ita
3289 1710 3494 1774 dicam,

1926 1803 2201 1857 sermonis
2236 1804 2528 1856 tiucturam
2558 1817 2825 1872 usumque
2876 1805 3222 1859 contraxisse
3259 1820 3275 1869 ;
3320 1818 3499 1872 neque

1929 1896 2064 1950 alibi
2105 1896 2316 1964 uspiam
2383 1896 2667 1950 doctrinas
2709 1895 3109 1963 condidicisse,
3149 1911 3324 1965 neque
3362 1896 3500 1950 alios

1929 2004 2108 2043 mores
2132 1987 2378 2041 instituta
2419 1995 2583 2055 atque
2632 2002 2762 2039 usus
2792 1988 3139 2056 cognovisse.
3171 1986 3353 2042 Veluti
3399 1985 3503 2041 He-

1928 2082 2107 2136 brams
2134 2081 2224 2135 ille
2248 2079 2399 2133 Philo
2423 2095 2588 2133 unam
2616 2079 2910 2149 Egyptum
2949 2081 3123 2145 novit,
3160 2094 3503 2149 eamqueper

1927 2189 2089 2229 oiune
2118 2174 2242 2227 vita:
2265 2183 2476 2242 tempus
2520 2173 2789 2226 doctrinae
2820 2186 2933 2227 sua:
2962 2173 3210 2228 altricem
3249 2172 3444 2226 habuit
3480 2189 3495 2224 :

1930 2286 2125 2342 magna
2171 2272 2415 2338 profecto
2442 2269 2710 2340 sapientia
2746 2270 2851 2333 vir,
2876 2278 2931 2325 et
2958 2270 3270 2340 expoliendi
3291 2284 3503 2324 sermo-

1932 2365 2016 2417 nis
2051 2378 2157 2416 non
2190 2362 2482 2433 indiligens
2512 2377 2528 2423 ;
2564 2375 2740 2429 neque
2768 2368 2952 2415 tamen
2976 2361 3376 2429 iucunditatem
3410 2376 3506 2414 au—

1934 2456 2084 2510 ribus
2119 2455 2374 2519 aﬂerens,
2428 2471 2607 2527 neque
2639 2458 2872 2510 molliter
2898 2456 3081 2510 verbis
3105 2454 3287 2510 fluens
3326 2497 3341 2521 ,
3373 2455 3504 2509 dum

1932 2564 2133 2604 sensus
2157 2564 2287 2603 suos
2319 2550 2374 2603 iu
2410 2549 2513 2605 hac
2544 2560 2599 2604 et
2627 2552 2714 2604 illa
2735 2550 3125 2604 lucubratione
3156 2548 3508 2603 demonstrat

1931 2650 2181 2695 ctoruat.
2222 2641 2546 2698 Ptolemaeus
2600 2659 2821 2713 quoque
2853 2642 3119 2697 Claudius
3149 2683 3163 2707 ,
3198 2641 3289 2711 qui
3317 2650 3511 2711 postea

1933 2731 2121 2787 ﬂoruit
2145 2774 2161 2799 ,
2190 2734 2591 2802 pulcherrimos
2616 2750 2748 2790 suos
2775 2734 3185 2803 stupcudosque
3220 2733 3388 2785 libros
3419 2746 3511 2785 eo-

1932 2825 2055 2879 dem
2094 2826 2256 2879 modo
2291 2827 2613 2881 conscribit.
2683 2825 2821 2879 Tum
2886 2824 3079 2893 junior
3132 2825 3226 2878 illo
3267 2821 3454 2878 Theon
3494 2840 3506 2885 ;

1933 2928 1986 2971 et
2038 2930 2241 2973 nostrae
2299 2930 2462 2973 secta:
2500 2918 2832 2973 ChrisUana:
2882 2919 3159 2981 homines,
3201 2914 3505 2984 Origenes,

1934 3011 2229 3075 Panaetius,
2273 3023 2437 3084 atque
2486 3012 2742 3069 Clemens
2775 3014 3115 3068 Stromatum
3166 3024 3403 3076 auctor;
3457 3020 3510 3065 et

1937 3107 2111 3161 mirus
2143 3122 2271 3161 vere
2297 3107 2785 3177 prodigiorutnque
2840 3108 2963 3161 fons
2990 3107 3289 3173 Gregorius
3339 3145 3357 3172 ,
3416 3105 3507 3173 qui

246 3192 405 3243 Θέων
438 3192 558 3261 μετ’
580 3192 745 3246 αὐτόν
771 3209 787 3226 ·
821 3193 917 3247 καὶ
944 3195 1054 3247 τῶν
1083 3196 1182 3263 τῆς
1212 3197 1487 3265 ἡμετέρας
1517 3197 1830 3265 Χριστιανι-

1936 3200 2097 3251 domo
2149 3201 2271 3253 licet
2326 3201 2613 3263 Ponticus,
2669 3202 2724 3254 iu
2783 3199 3021 3270 [Egypto
3069 3211 3246 3252 tamen
3279 3213 3336 3253 se
3367 3200 3509 3265 apud

248 3287 358 3353 κῆς
394 3284 565 3354 αὐλῆς
591 3285 874 3355 Ὠριγένης
898 3304 957 3338 τε
987 3288 1078 3340 καὶ
1121 3288 1411 3351 Παναίτιος
1445 3289 1521 3358 (5)
1559 3291 1650 3341 καὶ
1686 3289 1831 3355 KH}-

253 3394 368 3446 μης
417 3376 446 3427 δ
476 3380 602 3439 τοὺς
633 3377 987 3447 Στρωματεῖς
1020 3380 1347 3446 συνθέμενος
1372 3397 1388 3413 ο
1430 3381 1523 3432 καὶ
1548 3382 1576 3432 ὁ
1615 3382 1833 3447 θαυμαο

252 3467 385 3528 στδς
421 3466 595 3528 ὄντως
636 3467 730 3520 καὶ
782 3466 1238 3537 θαυματοὸρύτης
1273 3469 1607 3539 Γρηγόριοςο
1653 3471 1701 3521 εί
1740 3470 1835 3521 καὶ

252 3559 521 3620 Ποντικὸς
553 3560 661 3629 γὰρ
704 3551 883 3622 οὗτος,
930 3560 1046 3612 ἀλλ’
1079 3562 1163 3612 ἐπί
1208 3561 1484 3626 Αἴγυπτον
1540 3560 1833 3629 ἐπαιδεύθη

254 3650 394 3719 παρ’
428 3651 720 3718 Ὠριγένει,
759 3654 854 3704 καὶ
885 3652 1031 3706 τοῦτ’
1065 3654 1229 3715 αύτός
1282 3670 1415 3722 φησι
1466 3656 1595 3724 περὶ
1628 3653 1793 3706 αὐτοῦ
1823 3673 1825 3675 ί

252 3746 354 3796 καὶ
383 3745 412 3795 ὸ
436 3743 531 3796 τοῦ
561 3744 847 3813 Παμφίλου
876 3745 1149 3807 Εύσέὸιος
1166 3746 1227 3797 ἐκ
1256 3745 1619 3815 Παλαιστίνης
1650 3746 1746 3815 μὲν
1776 3746 1838 3797 τὸ

256 3853 445 3900 πολ-ος,
478 3836 595 3888 ἀλλ’
628 3836 702 3898 ὡς
737 3837 898 3900 αὐτὸς
924 3854 1090 3906 φησιν
1121 3840 1235 3900 τοῖς
1266 3840 1354 3891 ἐπ’
1381 3840 1658 3906 Δίγύπτου
1692 3839 1835 3891 πάνυ

255 3946 339 3979 τοι
378 3928 609 3995 χρονίως
640 3928 995 3996 συνεφοίτησε
1019 3946 1032 3959 ³
1072 3927 1396 3997 πολυμαθὴς
1437 3932 1578 3999 ἀνὴρ
1612 3932 1706 3981 καὶ
1745 3931 1838 3997 δῆ-

474 4021 677 4081 πολλᾶις
720 4023 963 4084 ἐκδόσεις
999 4021 1373 4093 προενεγκὼν,
1410 4024 1505 4074 καὶ
1554 4024 1838 4093 χρώμενος

256 4112 406 4167 οὕτω
435 4118 500 4182 τῇ
534 4115 751 4185 γλώττῃ
771 4132 783 4145 ·
813 4118 909 4168 καὶ
949 4117 978 4166 ὁ
1008 4115 1176 4177 πολὺς
1203 4115 1302 4184 τὴν
1339 4115 1493 4169 θείαν
1537 4116 1680 4168 κατὰ
1706 4117 1840 4183 Χρι-

259 4211 389 4262 στὸν
426 4210 620 4275 σοφίαν
655 4210 751 4261 καὶ
780 4210 879 4277 τὴν
930 4209 1165 4280 θύραθεν
1192 4212 1221 4264 ὁ
1248 4211 1393 4281 ίερδς
1447 4212 1719 4281 Κύριλλος
1754 4211 1842 4263 διὰ

265 4306 493 4355 πάντων
536 4302 643 4354 τῶν
685 4303 852 4356 αὐτοῦ
884 4305 1282 4372 παμπλείστων
1314 4306 1409 4358 καὶ
1454 4306 1842 4372 πολυτιμήτων

261 4402 330 4466 τῇ
379 4396 679 4464 Ἐκκλησία
707 4396 943 4464 Χριστοῦ
964 4412 981 4428 ο
1011 4399 1106 4450 καὶ
1129 4397 1291 4460 αὐτός
1320 4414 1382 4465 γε
1420 4397 1526 4467 μὴν
1545 4397 1686 4449 οὕτω
1712 4399 1845 4467 χρῆ-

266 4508 361 4543 ται
392 4489 489 4541 καὶ
524 4488 841 4555 συνυφαίνει
875 4489 1000 4549 τοὺς
1027 4488 1219 4555 λόγους
1248 4489 1414 4542 αὐτοῦ
1445 4488 1699 4557 χρώματι
1736 4507 1847 4555 φωρ

269 4585 367 4652 νῆς
400 4584 657 4649 φεύγοντι
698 4583 757 4633 τὸ
785 4582 930 4633 λεῖον
955 4582 1208 4650 ἐπίτηδες
1254 4582 1352 4633 καὶ
1381 4583 1481 4648 τῆς
1532 4582 1701 4649 ἀκοῆς
1740 4582 1843 4633 Em.

270 4694 397 4746 μον.
434 4676 686 4737 Συνέσιός
702 4691 762 4726 τε
794 4674 954 4734 αὐτὸς
985 4674 1118 4725 πολὺ
1159 4674 1464 4742 θαυμάσιος
1495 4675 1637 4744 ἀνὴρ
1669 4676 1847 4727 πᾶσαν

270 4768 472 4834 σοφίαν
532 4766 602 4817 δι’
651 4765 902 4817 εὐκολίαν
953 4766 1048 4817 καὶ
1097 4763 1233 4832 πρὸς
1287 4765 1505 4817 πάντων
1562 4767 1849 4834 χωροῦσαν

268 4861 603 4927 ἑτοιμότητα
657 4857 903 4925 φύσεως·
940 4858 1035 4911 καὶ
1069 4856 1197 4909 νοῦν
1241 4873 1299 4908 τε
1333 4858 1427 4908 καὶ
1478 4858 1727 4924 γλῶτταν
1760 4858 1848 4909 εὖ-

269 4967 507 5018 στροφος
552 4950 645 5001 καὶ
676 4949 871 5017 ταχὺς.
904 4949 954 4999 εί
1003 4948 1192 5018 δή’τις
1223 4948 1317 4999 καὶ
1344 4949 1527 5011 ἄλλος,
1563 4952 1658 5004 καὶ
1706 4950 1844 5018 ῥέων

267 5048 327 5097 ἐν
355 5043 433 5112 τῷ
467 5044 650 5105 λέγειν
681 5042 944 5110 ἀμογητὶ,
975 5042 1069 5092 καὶ⁷
1109 5041 1290 5092 πᾶσαν
1324 5040 1425 5108 τὴν
1454 5041 1648 5105 σοφίαν
1678 5043 1843 5094 αὑτοῦ

269 5138 381 5190 τῶν
412 5134 537 5188 κατ’
579 5134 854 5200 Αἴγυπτον
884 5133 986 5201 τῆς
1019 5132 1272 5194 παιδείας
1300 5133 1682 5202 ἐργαστηρίων
1714 5135 1847 5185 ἀπο-

267 5230 453 5283 λαόὼν
512 5227 610 5279 καὶ
662 5225 989 5294 πριάμενος,
1024 5225 1119 5277 καὶ
1168 5224 1341 5294 βραχύ
1394 5242 1446 5277 τι
1498 5225 1697 5294 κομιδῆ
1730 5229 1847 5294 (καὶ

267 5320 419 5373 τοῦτ’
459 5319 623 5380 αὐτός
673 5316 863 5388 φησιν)
898 5315 1157 5385 Ἕλλησιν
1193 5319 1256 5367 ἐκ
1294 5315 1499 5384 Λιϐύης
1541 5321 1634 5371 καὶ
1678 5320 1852 5387 πέραν

258 4023 351 4082 id;
377 4039 438 4083 γε

339 5543 423 5609 (‘2)
454 5538 725 5593 Permulta
755 5537 1062 5609 hujusmodi
1097 5536 1359 5609 vocabula
1412 5535 1626 5609 collegit
1691 5537 1846 5592 Stur-

272 5605 483 5668 ziusin
512 5608 650 5663 libro
679 5623 839 5676 quem
876 5608 1046 5662 edidit
1072 5608 1140 5661 de
1165 5605 1397 5660 dialecto
1422 5607 1770 5661 Macedonica
1793 5618 1847 5662 et

275 5683 672 5737 Alexandrina.

344 5753 426 5819 (5)
461 5750 687 5820 Veteres
709 5748 1092 5820 grammaticos
1120 5746 1211 5815 qui
1240 5745 1541 5820 peculiares
1576 5762 1849 5801 commen-

276 5818 448 5875 tarios
488 5822 552 5870 ale
580 5818 941 5871 Alcvaudrina
982 5819 1219 5870 dialecto
1251 5818 1609 5885 scripserunt,
1650 5833 1848 5869 meum-

282 5909 363 5948 iat
417 5892 663 5945 Stutzius
716 5906 767 5958 ιι.
813 5889 904 5956 ει,
941 5899 1049 5944 ιιοι.
1110 5891 1371 5945 lt‘cntt'um
1410 5897 1460 5941 rt
1518 5888 1847 5942 Demetrium

1879 4536 1925 4592 ο

1936 3293 2223 3353 (trigonem
2272 3293 2545 3346 eruditum
2583 3294 2815 3360 ipsemet
2857 3293 3014 3346 dicit.
3057 3291 3187 3345 Item
3239 3289 3514 3349 Eusebius

1939 3383 2216 3455 Pamphyli
2246 3425 2262 3446 ,
2305 3387 2526 3437 natione
2556 3385 2777 3453 quidem
2816 3384 3144 3439 Palzcstinus
3181 3423 3196 3448 ,
3237 3392 3512 3435 verumta‘

1940 3494 2083 3543 men,
2120 3492 2175 3533 ut
2200 3480 2316 3548 ipse
2353 3489 2604 3544 testatur,
2630 3495 2753 3532 cum
2778 3478 3050 3549 Egyptiis
3081 3477 3396 3530 hominibus
3422 3478 3510 3529 diu

1940 3581 2221 3633 versatus;
2259 3571 2338 3623 vir
2368 3572 2800 3639 eruditissimus,
2824 3579 3007 3637 atque,
3028 3580 3085 3622 ut
3114 3570 3337 3633 scimus,
3374 3570 3514 3621 Inui-

1941 3662 2009 3716 tis
2040 3662 2201 3715 editis
2231 3663 2598 3716 voluminibus
2623 3664 2827 3728 clarus,
2895 3677 3070 3731 neque
3120 3671 3299 3714 tamen
3359 3661 3515 3712 aliter

1939 3754 2252 3806 elocutione
2278 3763 2436 3807 utens
2469 3791 2483 3805 .
2522 3752 2789 3807 Przcterea
2818 3765 2929 3805 tum
2959 3755 3141 3807 divina
3166 3751 3370 3807 Christi
3400 3763 3514 3805 tum

1940 3848 2104 3898 etiam
2131 3856 2359 3898 externa
2379 3847 2649 3914 sapientia
2678 3847 2966 3899 abundans
2987 3854 3212 3899 sanctus
3230 3845 3471 3916 Cyrillus
3501 3886 3514 3906 ,

1943 3940 2101 3991 talem
2149 3952 2207 3992 se
2247 3951 2568 4007 scrptoiem
2620 3941 2672 3993 in
2727 3940 2971 4008 plurimis
3030 3940 3146 3994 suis
3203 3939 3519 4009 Christique

1943 4032 2205 4085 Ecclesia:
2229 4033 2408 4099 magni
2442 4031 2709 4085 faciendis
2741 4032 2893 4085 libris
2917 4033 3280 4084 demonstrat:
3304 4048 3425 4083 nam
3465 4042 3519 4085 ct

1945 4125 2061 4193 ipse
2092 4126 2207 4193 pari
2264 4126 2594 4179 elocutionis
2653 4125 2840 4179 colore
2894 4127 3098 4192 scripta
3146 4141 3244 4179 sua
3301 4126 3516 4189 inlicit,

1948 4232 2186 4286 voeeque
2222 4218 2396 4271 utitur
2435 4219 2579 4271 haud
2628 4217 2871 4285 jucunda
2903 4230 2957 4270 et
3009 4233 3129 4285 qua:
3181 4217 3249 4270 ab
3304 4220 3519 4270 aurium

1946 4312 2264 4366 Graecarum
2305 4310 2709 4365 consuetudine
2741 4308 3029 4363 abhorret.
3063 4311 3184 4377 Ipse
3209 4307 3475 4377 Syuesius
3505 4348 3521 4369 .

1950 4402 2031 4454 vir
2079 4399 2150 4454 ob
2189 4400 2546 4468 multiplicem
2590 4398 2914 4467 sapientiam
2945 4406 3111 4465 atque
3143 4397 3212 4451 ob
3272 4401 3525 4452 versatile

1952 4503 2007 4548 et
2054 4508 2147 4561 per
2196 4506 2358 4544 omne
2382 4489 2647 4543 doctrinae
2672 4501 2845 4556 genus
2866 4485 3199 4540 discurrens
3240 4488 3521 4556 ingenium

1954 4585 2333 4644 admirabilis,
2392 4584 2591 4635 mentis
2675 4579 2983 4649 linguaque
3047 4578 3394 4632 volubilitate
3458 4594 3523 4633 ac

1948 4679 2234 4732 celeritate
2261 4691 2425 4744 quam
2451 4675 2542 4743 qui
2570 4674 2807 4727 maxime
2832 4673 3095 4742 prmditus
3132 4714 3146 4732 ,
3185 4682 3523 4740 spontanee-

1949 4784 2053 4833 que
2073 4766 2233 4820 veluti
2254 4766 2562 4819 elocutione
2580 4763 2756 4818 ﬂuens
2774 4782 2787 4826 ;
2808 4766 2876 4827 is,
2905 4766 3153 4832 inquam,
3179 4765 3231 4816 in
3254 4762 3526 4836 Egyptiis

1949 4858 2152 4913 scholis
2179 4856 2460 4911 doctrinas
2486 4871 2677 4910 omnes
2706 4857 2958 4917 edoctus,
2981 4864 3175 4908 etcum
3203 4854 3412 4910 Graecis
3434 4872 3519 4925 per

1954 4951 2181 5020 Libyam
2213 4958 2379 5018 atque
2412 4948 2686 5017 Europam
2736 4951 2826 5000 vix
2890 4948 3220 5001 brevissimo
3281 4958 3530 5013 tempore

1956 5055 2233 5105 versatus,
2270 5052 2451 5096 tamen
2485 5043 2539 5094 in
2584 5041 2843 5095 omnibus
2870 5040 3091 5109 scriptis
3107 5042 3227 5095 suis
3252 5044 3531 5111 syntaxim

1958 5149 2204 5188 severam
2242 5136 2514 5200 sequitur,
2547 5139 2604 5183 et
2638 5131 2895 5199 pleraque
2928 5132 3178 5185 abstrusa
3227 5143 3395 5199 atque
3434 5147 3532 5184 au-

1969 5242 2107 5278 rium
2162 5226 2557 5278 consuetudini
2625 5239 2823 5293 parum
2889 5224 3201 5277 eoul‘ormia
3263 5225 3525 5292 loquitur.

1965 5321 2263 5385 (Namque
2307 5319 2378 5370 ita
2407 5315 2628 5370 demum
2688 5326 2875 5371 rectus
2931 5316 3105 5384 judex
3169 5319 3529 5384 COiilpl‘Uilitc;

1951 5540 2213 5593 Ixionem.

2020 5612 2097 5681 (4)
2170 5607 2435 5681 Conferre
2469 5606 2678 5681 juvabit
2735 5622 2867 5681 quae
2918 5605 3051 5681 dicit
3089 5602 3338 5681 Sttirzius
3373 5618 3424 5669 p.
3464 5604 3529 5651 in.

1948 5674 2160 5750 Sqqftle
2186 5678 2797 5750 Philonis,_(2lemeulis,
2823 5677 3209 5750 Ptoleimeique
3239 5674 3384 5750 stilo.

2020 5741 2096 5820 ('5)
2151 5750 2409 5816 Quisnam
2459 5748 2546 5801 hic
2596 5749 2943 5803 Christianos
3007 5745 3319 5799 l’anatius.’
3389 5741 3525 5797 Nam

1952 5825 2205 5877 mendum
2245 5834 2323 5876 est
2357 5834 2451 5888 pro
2508 5820 2839 5873 l’amwnus?
