4198 6448
186 399 287 463 957
1651 406 1973 465 NOTITIA.
3320 397 3424 457 958

187 531 239 567 ν.
270 509 429 582 u0t.].
473 511 683 567 Titulus
720 522 804 568 est
851 529 865 565 :
914 515 1206 583 Σύνταγμα
1255 513 1394 566 κατὰ
1429 514 1692 581 στοιχεῖον
1728 515 1839 564 τῶν
1878 515 2438 582 ἐμπεριειλημμένα»)
2478 509 2704 563 ἀπασῶν
2747 509 3058 561 ὑποθέσεων
3105 511 3215 571 τοῖς
3263 511 3425 577 ίεροῖς

187 605 282 656 καὶ
342 603 506 666 Θείοις
570 607 786 668 κανόσι,
853 607 1087 675 πονηθέν
1142 623 1200 658 τε
1249 605 1366 673 ἅμα
1415 606 1508 657 καὶ
1567 604 1827 656 συντεθὲν
1883 605 1959 672 τῷ
2015 607 2071 657 ὲν
2131 605 2506 673 ίερομονάχοις
2560 603 2828 669 ἐλαχίστῳ
2871 600 3135 670 Ματθαίῳ
3189 601 3265 670 τῷ
3297 602 3430 652 Βλα-

185 696 360 764 στάρῃ
383 712 396 725 ·
431 695 724 764 Syntagma
756 697 1162 764 alphabeticum,
1197 714 1298 764 quo
1331 697 1425 748 sub
1466 696 1657 760 titulis,
1689 697 1989 748 litterarum
2014 697 2196 749 ordine
2238 695 2475 763 digestis,
2515 712 2593 747 res
2628 709 2828 756 oomcs,
2870 710 2984 762 quw
3014 695 3067 745 in
3097 693 3263 745 sacris
3299 692 3418 743 divi-

193 789 380 855 nisque
411 788 1263 857 canonibuslcomprehenduntur,
1287 790 1500 842 collatis
1528 789 1690 840 etiam
1724 788 1921 856 legibus
1953 789 2207 850 civilibus,
2231 788 2310 854 (ut
2329 785 2500 840 Alexii
2521 786 2801 846 Lutnncui,
2823 801 2874 851 p.
2908 786 3009 838 125
3035 787 3134 853 (‘);
3161 784 3430 836 Constan—

187 877 286 929 tini
326 877 833 949 Porphyrogeueue,
861 898 912 949 p.
946 881 1074 944 952,
1104 881 1245 946 258;
1284 879 1522 943 Novella,
1565 895 1619 948 p.
1649 879 1756 945 98;
1796 891 1850 933 et
1876 889 2022 933 tomo
2054 879 2287 939 unionis,
2331 893 2383 946 p.
2418 876 2521 942 6t;
2557 876 2752 931 Leonis
2791 878 2941 946 Sap.,
2989 893 3041 945 p.
3090 878 3180 937 51,
3221 876 3308 938 5‘2,
3340 875 3430 938 61,

184 967 277 1029 62,
309 969 396 1032 61,
431 969 516 1035 66,
551 970 640 1035 75,
667 949 803 1037 1οί1;
839 971 1092 1038 lleraclii,
1118 974 1296 1041 p.98;
1329 972 1590 1028 Manuelis
1617 971 1901 1036 Comneni,
1926 971 2076 1039 p.49,
2108 972 2201 1026 101
2231 989 2245 1037 ;
2279 971 2598 1033 Andronici,
2628 985 2678 1038 p.
2713 970 2859 1036 258;
2897 970 3090 1032 Alcsii,
3119 985 3171 1036 p.
3203 969 3287 1031 76,
3319 966 3428 1029 98;

187 1060 377 1112 lsaacii
413 1061 624 1130 Angeli,
656 1078 708 1132 p.
744 1062 806 1117 81
833 1081 847 1130 ;
887 1075 940 1118 et
966 1063 1258 1120 Justiuiaui
1299 1063 1549 1132 passim),
1577 1064 1832 1126 exposita:
1874 1073 2020 1126 sunt,
2049 1078 2102 1131 p.
2142 1063 2326 1118 1-272.
2362 1062 2420 1116 ln
2450 1060 2772 1115 Prmfatione
2800 1062 3046 1131 pluribus
3071 1062 3286 1115 disserit
3317 1059 3432 1113 Bla-

186 1162 367 1226 stares
396 1153 461 1206 de
495 1153 713 1222 scriptis
743 1155 876 1224 ipsis
903 1165 957 1210 et
988 1157 1359 1224 scriptoribus,
1393 1171 1456 1210 ex
1489 1155 1683 1224 quibus
1712 1153 2005 1224 Syntagma
2033 1168 2190 1208 suum
2217 1155 2561 1209 concinnavit
2589 1172 2600 1206 :
2628 1154 2693 1206 de
2718 1155 3016 1207 canonibns
3044 1154 3432 1221 apostolorum,

192 1243 259 1295 de
295 1244 500 1311 synodo
530 1243 966 1314 Carthaginiensi
996 1249 1096 1302 sub
1126 1248 1184 1302 S.
1220 1249 1510 1319 Cypriano,
1535 1249 1601 1302 de
1635 1247 1892 1317 Dionysio
1912 1248 2071 1301 Alex.
2104 1247 2258 1314 cujus
2289 1248 2571 1316 epistolam
2613 1247 2677 1299 ad
2716 1244 2983 1299 Novatum
3013 1246 3195 1314 presb.
3234 1245 3436 1298 Roma-

196 1349 326 1386 num
389 1335 582 1401 all'crt;
645 1338 711 1391 de
788 1341 995 1409 synodo
1033 1341 1395 1406 Antiocheua,
1451 1341 1518 1394 de
1579 1340 1725 1394 Petri
1765 1339 1920 1392 Alex.
1963 1339 2298 1404 canonibus;
2373 1339 2440 1392 de
2512 1341 2734 1406 synodis
2779 1338 3088 1408 Ancyram,
3156 1337 3440 1391 Neoczesa-

187 1427 381 1488 riensi,
411 1427 646 1495 Nicena,
671 1433 1010 1488 Antiochena
1053 1437 1322 1500 secunda,
1350 1437 1682 1500 Sardicensi,
1720 1435 2050 1500 Laodicena;
2084 1435 2152 1490 de
2188 1437 2486 1490 canonibns
2527 1436 2624 1489 SS.
2669 1437 2976 1498 Athanasii,
3016 1437 3197 1488 Basilii
3235 1437 3434 1502 Magni,

185 1516 436 1587 Gregorii
468 1520 728 1590 Nysseni;
767 1525 832 1578 de
865 1529 1067 1596 synodo
1101 1527 1402 1597 Gangrensi
1441 1537 1491 1582 et
1519 1527 1626 1582 (ΞΡ.
1654 1529 1768 1582 sive
1809 1529 2039 1581 secunda
2076 1529 2446 1592 mcumenica;
2494 1531 2558 1581 de
2605 1529 2905 1581 canonibus
2949 1530 3045 1582 SS.
3082 1527 3347 1580 Timothei
3384 1542 3438 1580 t‘l.

187 1612 377 1678 L'yrilli
403 1614 931 1685 Alexandrinorum;
964 1620 1031 1674 de
1060 1621 1268 1690 synodo
1297 1620 1562 1689 Ephesina
1595 1623 1712 1674 sive
1742 1620 2077 1674 tecumenica
2108 1620 2284 1684 tertia,
2316 1636 2526 1674 necnon
2558 1620 3018 1689 Carthaginiensi,
3055 1631 3110 1674 et
3136 1619 3426 1674 Chalcedo-

190 1705 347 1756 nensi
380 1706 492 1759 sive
531 1710 865 1763 (ecumenica
895 1721 1129 1778 quarta;
1179 1715 1245 1765 de
1285 1713 1343 1768 S.
1382 1711 1660 1766 Geunadio
1694 1712 1823 1775 t1P.,
1861 1713 1926 1766 de
1963 1712 2172 1781 synodo
2212 1713 2547 1767 oecumenica
2585 1715 2794 1781 quinta,
2843 1723 3126 1782 sextaque,
3176 1729 3274 1766 nec
3328 1726 3434 1765 non

188 1797 499 1861 Quiuisexta
535 1799 588 1852 in
625 1799 847 1866 Trullo;
880 1804 944 1856 de
973 1803 1176 1868 synodo
1209 1804 1436 1872 septima
1473 1805 1808 1857 mcumenica
1830 1806 1945 1860 sive
1975 1803 2188 1857 Niczena
2214 1806 2452 1858 secunda
2479 1823 2492 1869 ;
2525 1806 2592 1858 de
2625 1807 2681 1857 S.
2713 1807 2938 1858 Tarasio
2973 1805 3103 1868 Cl’.,
3137 1805 3203 1858 de
3232 1803 3435 1874 synodo

192 1889 610 1953 primosecunda
646 1890 787 1957 CP.;
830 1894 896 1946 de
954 1895 1162 1964 synodo
1197 1897 1297 1949 sub
1327 1896 1551 1960 Photio;
1583 1907 1639 1949 et
1672 1898 1737 1949 de
1759 1895 2012 1950 civilibus
2054 1895 2261 1963 legibus
2293 1911 2588 1964 eorumque
2616 1898 2824 1965 origine
2855 1906 2907 1950 et
2934 1898 3339 1951 constitutione.
3383 1895 3439 1948 ln

191 1990 357 2038 opere
394 1979 508 2048 ipso
551 1983 691 2036 inter
730 1984 832 2037 alia
866 1985 932 2038 de
961 1986 1229 2042 haereticis
1267 2003 1318 2057 p.
1362 1989 1392 2062 7
1427 1988 1510 2055 17,
1547 1989 1853 2041 disseritur.
1887 1985 2153 2041 Prmterea
2192 1988 2426 2042 citantur
2457 1993 2778 2057 quandoque
2813 1992 2980 2042 etiam
3030 1990 3326 2056 Scriptores
3353 1988 3440 2042 alii

196 2081 396 2136 praeter
425 2073 535 2135 jam
566 2077 898 2142 nominatos,
933 2087 990 2131 ut
1021 2078 1309 2144 Homerus,
1347 2097 1399 2148 p.
1427 2081 1493 2134 47
1518 2099 1533 2145 ;
1563 2079 1832 2149 Iosephus
1856 2089 1907 2134 et
1935 2078 2109 2142 Philo,
2146 2096 2198 2148 ιι.
2233 2079 2329 2133 201
2365 2099 2379 2146 ;
2411 2080 2640 2135 Isidorus
2671 2083 2873 2143 Pclus.,
2900 2097 2951 2149 p.
2984 2081 3090 2135 9.35
3119 2098 3133 2147 ;
3185 2080 3438 2144 Pltotius,

197 2164 513 2227 patriarcha
539 2177 592 2220 et
626 2167 943 2225 Theodorus
970 2171 1202 2237 Studita,
1230 2189 1280 2240 p.
1313 2174 1448 2237 109;
1476 2172 1795 2227 Theodorus
1819 2172 1968 2236 Tiro,
1999 2174 2065 2226 de
2089 2173 2350 2227 miraculo
2373 2173 2667 2235 κολλύϐων,
2701 2191 2751 2242 p.
2779 2173 2915 2237 9.40;
2950 2173 3208 2237 Zonaras,
3235 2189 3287 2242 p.
3317 2175 3439 2238 114,

189 2254 338 2318 954;
368 2255 674 2325 Balsamon,
709 2277 762 2330 p.
797 2262 887 2329 56,
923 2264 1010 2326 76,
1054 2265 1148 2331 77;
1189 2264 1390 2318 Eccles.
1435 2264 1606 2330 Hist.,
1642 2281 1691 2332 p.
1729 2266 1872 2332 1'58;
1911 2266 2354 2334 Chrysostomus,
2398 2282 2450 2333 ῃ.
2481 2265 2621 2329 252;
2675 2265 2711 2316 Il
2758 2268 2822 2318 ad
2867 2265 3208 2319 Theodorum
3255 2266 3438 2332 epist.,

192 2363 248 2414 ιι.
286 2348 420 2413 195;
455 2351 508 2403 in
536 2351 867 2419 Matthzeum,
902 2372 953 2425 p.
993 2357 1115 2418 152,
1142 2358 1287 2421 2l8;
1326 2359 1541 2412 homilia
1574 2358 1664 2417 2|.
1701 2359 1834 2427 Περὶ

1783 2359 1834 2427 pl
1862 2357 2220 2425 ἀνδριάντων,
2250 2368 2303 2412 et
2335 2359 2366 2413 6
2401 2358 2604 2412 Contra
2633 2358 2870 2421 Judrcos,
2904 2375 2955 2425 p.
2989 2359 3126 2421 175,
3161 2357 3203 2411 ll
3234 2358 3302 2411 de
3354 2373 3435 2410 sa-

190 2440 440 2496 cerdotio
476 2459 528 2510 p.
562 2445 685 2508 179,
717 2446 768 2500 in
800 2448 930 2501 Acta
961 2465 1012 2518 p.
1043 2451 1133 2515 95,
1165 2453 1215 2502 in
1249 2450 1420 2518 Epist.
1458 2453 1522 2505 ad
1560 2451 1806 2504 Thessal.
1843 2467 1895 2519 p.
1946 2451 2067 2516 111,
2113 2450 2408 2519 Gregorius
2454 2449 2612 2516 Naz.,
2663 2466 2713 2518 p.
2756 2451 2846 2515 65,
2891 2451 2976 2517 Ἠ,
3022 2449 3160 2513 106;
3207 2449 3443 2520 Cyrillus

194 2530 356 2584 Alex.
395 2533 446 2586 in
500 2536 717 2603 Isaiam,
762 2554 813 2605 p.
850 2540 990 2606 “2;
1024 2541 1383 2608 Paphnutius,
1438 2544 1491 2595 in
1533 2544 1764 2597 concilio
1806 2541 1848 2595 N

1806 2541 1946 2605 Nic.,
1997 2559 2048 2610 p.
2090 2543 2192 2609 60;
2246 2553 2416 2612 poetae
2468 2543 2670 2597 dictum
2721 2543 2937 2610 γυναιξὶ
2987 2543 3190 2612 κόσμον
3237 2543 3270 2612 ἡ
3315 2542 3442 2609 σιγὴ

195 2624 383 2693 φέρει,
421 2640 474 2694 p.
507 2628 604 2692 85;
628 2629 910 2686 Chunmus
945 2635 1465 2699 Thessalonicensis,
1493 2653 1544 2704 p.
1578 2637 1668 2696 48,
1706 2637 1803 2700 31;
1829 2634 1912 2690 Jo.
1947 2634 2251 2699 Nesteutes,
2281 2651 2336 2706 p.
2367 2636 2458 2700 55,
2494 2635 2627 2698 164;
2660 2636 2985 2704 patriarchae
3017 2635 3124 2689 ΟΡ.
3159 2635 3356 2697 Lucas,
3388 2648 3438 2700 ρ.

199 2716 295 2780 46,
346 2717 434 2783 99,
470 2721 593 2786 166,
623 2723 757 2788 178;
791 2724 1070 2790 Nicolaus,
1119 2745 1169 2795 p.
1214 2729 1304 2792 49,
1331 2727 1470 2792 269;
1505 2729 1856 2790 tililiarenus,
1901 2743 1951 2796 p.
1997 2727 2132 2792 {72;
2168 2727 2275 2781 Leo
2305 2727 2492 2796 Slypa,
2545 2744 2597 2796 p.
2642 2727 2711 2781 50
2734 2768 2747 2791 ,
2791 2727 2890 2790 51;
2941 2725 3181 2789 Alexius,
3213 2739 3265 2793 p.
3294 2723 3440 2789 232;

197 2812 553 2882 Athanasius,
576 2832 628 2885 p.
659 2819 801 2883 258;
837 2820 1086 2885 Michael,
1116 2839 1165 2890 p.
1197 2822 1324 2887 264,
1351 2823 1490 2889 269;
1518 2822 1851 2888 Theodotus,
1875 2838 1929 2891 p.
1960 2823 2046 2878 73.
2069 2823 2184 2877 Non
2216 2823 2331 2878 sine
2363 2824 2520 2876 laude
2551 2825 2736 2887 etiam,
2763 2837 2813 2891 p.
2841 2823 2929 2886 57,
2959 2819 3197 2876 meminit
3222 2817 3445 2888 Symeo-

197 2905 289 2958 nis
322 2905 700 2975 Metaphrastae
734 2913 817 2966 his
862 2915 1041 2968 verbis
1074 2933 1088 2970 :
1121 2916 1294 2968 Πόσον
1325 2916 1506 2968 τοίνυν
1535 2917 1684 2981 ἄξιον
1715 2915 1781 2968 ἂν
1818 2917 1855 2968 sl

1818 2916 1904 2985 είη
1939 2915 2293 2986 μακαρισμοῦ
2331 2917 2358 2966 δ
2385 2915 2688 2984 θαυμάσιος
2731 2913 2956 2983 Συμεὼν
3004 2915 3030 2965 ὁ
3068 2912 3128 2964 τὸ
3162 2910 3443 2964 καλεῖσθαι

194 3000 606 3074 Μεταφραστὴς
644 3007 1009 3077 διαφερόντως
1057 3009 1166 3063 τῶν
1206 3012 1382 3065 ἀλλων
1423 3013 1895 3080 ἀπενεγκάμενος,
1927 3011 1956 3062 ὁ
1990 3014 2054 3082 τῇ
2099 3011 2318 3080 ιπινοίᾳ
2354 3010 2450 3063 τοῦ
2490 3011 2648 3078 ἁγίου
2683 3012 3009 3078 Πνεῦματος
3038 3008 3108 3060 τὰ
3137 3006 3247 3060 τῶν
3275 3005 3445 3073 ἁγίων

200 3093 508 3163 μαρτύρων
537 3097 676 3166 ὑπὲρ
698 3101 958 3172 ἀληθείας
985 3104 1287 3173 σκάμματα
1321 3105 1537 3160 πολλοῖς
1560 3104 1745 3174 ίδρῶσι
1773 3105 1868 3157 καὶ
1896 3103 2082 3164 πόνοις
2105 3103 2585 3172 συγγραψάμενος,
2612 3105 2703 3156 καὶ
2726 3104 2954 3172 δυνάμει
2981 3101 3140 3164 λόγου
3164 3099 3261 3152 καὶ
3282 3098 3446 3167 σοφία

199 3185 477 3250 καλλύνας
503 3191 584 3251 είς
613 3189 784 3260 ὕμνον
812 3193 905 3244 τοῦ
937 3195 1143 3266 Κυρίου
1168 3195 1325 3265 ἡμῶν
1366 3195 1544 3264 Ἰησοῦ
1575 3196 1836 3265 Χριστοῦ,
1866 3197 1958 3250 καὶ
1984 3194 2144 3260 δόξαν
2174 3196 2586 3259 διαιωνίζουσαν
2617 3196 2723 3247 τῶν
2749 3194 2888 3264 ὑπὲρ
2914 3193 3082 3245 αὑτοῦ
3118 3187 3445 3260 ὴγωνισμέ-

202 3293 314 3330 ’.ων
352 3279 522 3345 ἁγίων
554 3285 864 3351 μαρτύρων,
888 3286 979 3336 καὶ
1014 3287 1122 3337 πᾶν
1150 3287 1407 3349 δυσσεϐὲς
1457 3288 1781 3358 ἀπορράψας
1830 3289 2025 3357 στόμα,
2061 3288 2153 3339 καὶ
2195 3287 2318 3357 μηδ’
2350 3287 2630 3356 ἡντιναοῦν
2670 3289 2943 3354 πρόφασιν
2980 3282 3305 3353 ἀμφιϐολίας
3335 3281 3447 3340 τοῖς

199 3369 458 3422 εὐσεϐέσι
484 3374 794 3425 καταλιπών
820 3391 833 3406 ·
870 3377 1093 3439 Quanta:
1127 3379 1288 3446 igitur
1317 3378 1583 3433 beatitatis
1611 3380 1988 3447 prwdicatione
2021 3381 2207 3448 dignus
2241 3388 2315 3432 est
2351 3378 2700 3431 admirandus
2733 3379 2820 3431 ille
2857 3376 3102 3446 Symeon,
3137 3376 3229 3444 qui
3272 3370 3446 3424 Meta-

202 3461 448 3526 phrastes
478 3464 586 3517 dici
621 3471 822 3535 egregie
865 3485 974 3534 pra:
1008 3471 1127 3522 aliis
1155 3473 1366 3534 meruit,
1403 3473 1493 3540 qui
1523 3475 1693 3526 sancti
1728 3472 1958 3541 Spiritus
2002 3473 2369 3541 inspiratione,
2401 3485 2702 3527 sanctorum
2753 3481 3048 3540 martyrum
3096 3483 3189 3536 pro
3228 3467 3447 3521 veritate

197 3555 498 3605 certamina
527 3573 630 3608 non
663 3559 776 3610 sine
802 3560 981 3612 multis
1008 3561 1286 3615 sudoribus
1316 3572 1365 3616 et
1387 3565 1657 3617 laboribus
1687 3567 2016 3635 conscripsit,
2055 3577 2103 3620 et
2140 3582 2375 3629 nervose,
2405 3569 2725 3635 eloquenter,
2755 3565 3117 3632 sapienterque
3148 3557 3446 3621 exornavit,

204 3645 278 3694 ad
321 3645 529 3700 laudem
581 3649 790 3703 Domini
833 3656 1000 3706 nostri
1047 3654 1174 3708 Jesu
1217 3656 1437 3721 Christi,
1469 3667 1516 3710 et
1547 3669 1849 3712 sanctorum
1877 3672 2191 3729 martyrum,
2223 3661 2308 3728 qui
2335 3677 2429 3728 pro
2461 3677 2519 3712 eo
2546 3660 2832 3712 certamina
2874 3657 3136 3714 obierunt,
3171 3667 3448 3720 perennem

203 3736 436 3801 gloriam
467 3755 483 3791 :
513 3743 702 3807 quique
727 3760 876 3798 onme
905 3760 961 3798 os
987 3746 1205 3813 impium
1231 3750 1517 3816 obturavit,
1545 3760 1593 3802 et
1621 3751 1720 3816 piis
1748 3750 1948 3803 nullum
1971 3752 2182 3804 omnino
2200 3751 2475 3804 dubitandi
2505 3760 2816 3818 prwtextum
2839 3748 3073 3816 reliquit.
3101 3747 3335 3799 Secutus
3365 3753 3449 3796 est

206 3829 483 3883 Blastares
515 3832 916 3902 Balsamonem,
949 3838 1102 3905 cujus
1130 3840 1242 3895 haec
1269 3852 1394 3895 sunt
1419 3843 1482 3894 ad
1517 3858 1635 3896 can.
1676 3844 1745 3897 65
1775 3841 1864 3896 Trt

1791 3841 2046 3896 l'rullan.:
2084 3845 2261 3913 Χάρις
2293 3842 2371 3912 τῷ
2401 3841 2679 3912 μακαρίτῃ
2714 3840 3084 3907 Μεταφραστῇ
3103 3838 3182 3907 τῷ
3208 3836 3276 3888 τὰ
3310 3852 3449 3905 μαρ-

199 3921 410 3985 τυρικὰ
437 3922 576 3992 ὑπὲρ
607 3926 706 3999 τῆς
737 3929 996 3997 ἀληθείας
1025 3932 1331 4002 σκάμματα
1360 3934 1573 3996 πολλοῖς
1607 3934 1791 3996 πόνοις
1823 3935 1919 3986 καὶ
1954 3935 2141 4005 ἱδρῶσι
2173 3934 2646 3989 κατακαλλύναντι
2677 3934 2758 3991 είς
2788 3933 2956 4002 ῦμνον
2991 3930 3126 3983 Θεοῦ
3165 3931 3261 3981 καὶ
3290 3927 3448 3991 δόξαν

206 4010 580 4073 αίωνίζουσαν
608 4018 717 4070 τῶν
749 4021 943 4087 ἀγίων.
970 4021 1229 4080 Addenda
1253 4027 1365 4080 haec
1389 4027 1512 4080 aliis
1529 4027 1759 4082 aliorum
1790 4028 1857 4083 de

206 4111 266 4156 ct
297 4104 404 4159 νοι.
442 4105 510 4159 Χ.
540 4125 590 4159 ι).
629 4112 732 4159 180
767 4130 881 4159 seu-

1790 4028 1857 4083 de
1881 4027 2248 4098 Metaphraste
2271 4029 2619 4092 testimoniis,
2646 4043 2766 4095 qua:
2789 4028 2943 4080 attuli
2977 4025 3083 4081 vol.
3108 4021 3244 4090 VIII,
3269 4038 3321 4093 p.
3347 4022 3444 4082 29;

205 4111 266 4156 ct
297 4111 404 4160 vol.
445 4111 510 4172 Χ,
539 4125 590 4178 p.
629 4112 732 4166 180
767 4130 881 4185 seq.

271 4309 338 4371 (⁸)
367 4315 571 4372 t'agtnas
604 4311 827 4376 intelligo
860 4313 1093 4364 editionis
1117 4315 1375 4373 Beverenli
1404 4331 1524 4378 quas
1557 4317 1774 4369 numeris
1805 4317 2144 4381 grandioribUs
2169 4319 2214 4366 in
2245 4324 2384 4367 textu
2410 4319 2582 4368 Latino
2605 4318 2942 4379 expressimus
