4198 6448
185 394 295 459 961

1604 406 2023 471 ΡΠΑΞΡᾹΤῙΟ.

3341 418 3448 482 952

183 510 258 560 τά
295 510 601 577 φθάσαντα.
637 511 796 566 Ἀλλά
828 514 992 577 λύκος
1022 514 1204 585 ὤφθη,
1230 515 1291 569 τὸ
1328 516 1423 570 τοῦ
1458 520 1641 586 λόγου.
1677 523 1748 589 μά

1844 561 1849 584 ι
1882 523 2251 589 dogmatibus,
2300 526 2584 581 veritatem
2620 541 2807 581 rursus
2841 541 3100 596 superare
3125 530 3448 596 enitebatnr,

180 619 291 670 την
326 605 506 671 χανών
529 621 543 636 ·
588 605 796 660 σύνοδοι
828 609 934 677 γὰρ
962 609 1035 670 ὡς
1077 610 1307 678 τάχιστα
1347 612 1624 681 θεοφόρων
1662 615 1771 666 Πα-

178 694 392 763 τάρων,
424 700 813 765 οίκουμενικαί
864 718 923 753 τε
962 702 1079 770 ἅμα
1131 702 1224 754 καὶ
1269 706 1511 766 τοπικαὶ,
1556 709 1769 773 καιροῖς

181 785 348 847 ίέίοις
384 789 722 856 ἠθροίζοντο,
749 793 841 843 κα)⁸
881 792 977 860 τῆς
1008 793 1200 845 τούτου
1233 792 1434 863 λύσσης
1463 795 1561 864 τὴν
1587 795 1769 866 λώϐην

175 878 560 931 ἁπεωθοῦντο.
593 882 657 933 Ai
693 882 793 950 μὲν
823 884 934 951 γὰρ
971 884 1179 951 ταύτην
1209 887 1471 954 εἰλήφασι
1497 886 1597 956 τὴν
1618 892 1766 941 ἐπω-

172 970 407 1033 νυμίαν,
459 971 535 1037 τῷ
584 972 831 1025 κελεύσει
881 973 1000 1025 τῶν·
1043 974 1165 1027 κατ’
1212 977 1389 1028 ἐκεῖνο
1432 976 1525 1028 τοῦ
1564 975 1762 1045 καιροῦ

178 1058 476 1125 βασιλέων,
506 1064 836 1133 οἰκειότερον
861 1066 905 1116 δ’
946 1069 1143 1129 εἰπεῖν,
1182 1068 1276 1120 τοῦ
1310 1069 1470 1135 άγίου
1506 1068 1764 1137 11νεύμα-

173 1167 298 1214 τος,
335 1152 833 1222 συνδεδραμηκέναι
867 1159 944 1219 είς
974 1175 1094 1209 τινα
1122 1161 1280 1211 πόλιν
1303 1160 1428 1221 τοὺς
1455 1160 1558 1212 ἀνά
1580 1162 1763 1212 πᾶσαν

172 1242 285 1310 τὴν
311 1242 422 1295 ὑπὸ
466 1244 762 1314 Ῥωμαίοις
810 1250 984 1317 ἀρχὴν
1035 1253 1274 1319 ποίμνης
1308 1252 1719 1319 προεστηκότας
1743 1266 1756 1280 ·

170 1330 261 1394 οἷς
296 1335 354 1386 δέ
386 1352 451 1401 γε
493 1336 568 1407 μὴ
599 1340 777 1409 παρὸν
820 1342 921 1409 τὴν
969 1343 1241 1410 ἐκδημίαν
1287 1343 1602 1395 στείλασθαι
1630 1343 1760 1396 ταύ-

172 1441 302 1493 την,
338 1426 660 1487 ἀποστόλοις
694 1432 1078 1497 χρησαμένους
1124 1432 1370 1493 οίκείοις,
1406 1434 1491 1500 ἐφ’
1518 1425 1562 1497 ᾧ
1592 1434 1758 1501 δημο-

168 1518 329 1569 τελεῖ
365 1523 429 1586 τῇ
475 1521 782 1590 χειροτονία
828 1522 948 1590 ἢτοι
993 1522 1252 1593 ψήφισμα
1290 1526 1420 1594 περὶ
1466 1524 1567 1593 τῆς
1599 1528 1757 1578 εὐσε-

171 1610 313 1672 ϐοῦς
346 1612 580 1675 πίστεως
614 1615 878 1682 τροπαίου
907 1618 1155 1684 κρεῖττον
1186 1617 1515 1685 ἐξενεγκεῖν,
1549 1620 1607 1687 ἢ,
1639 1636 1756 1671 κοι-

168 1705 272 1773 νῆς
312 1706 774 1777 προσδοκωμένης
803 1708 932 1777 περὶ
958 1709 1058 1776 τὴν
1082 1710 1370 1763 εὐσέϐειαν
1397 1713 1624 1779 ζημίας,
1644 1713 1755 1773 τοῖς

169 1798 368 1861 ὅπλοις
395 1799 779 1867 φραξαμένους
808 1802 905 1870 τῆς
927 1802 1211 1869 ἀληθείας,
1234 1801 1333 1871 τὴν
1354 1804 1558 1873 ταύτης
1576 1803 1753 1872 λύμην

1874 617 2052 683 priora
2078 631 2106 667 a
2132 631 2189 670 se
2211 628 2363 685 gesta
2385 619 2775 688 posterioribus
2798 621 3070 674 occultare
3095 624 3449 680 contendens.

1874 705 1979 759 Sed
2012 708 2167 777 lupus
2200 712 2345 762 visus
2384 719 2487 773 est.
2534 720 2593 763 ut
2620 713 2974 780 proverbium
3005 713 3104 775 ait,
3136 711 3337 767 frustra
3368 714 3453 768 in-

1872 799 2373 856 itians.Diviuorum
2396 803 2541 855 enim
2561 802 2985 873 Patruntsynodi
3002 805 3332 859 universales
3353 820 3450 872 pa-

1873 889 2006 941 riter
2027 905 2089 943 ac
2118 891 2316 947 locales
2339 893 2572 962 propriis
2591 894 2705 946 suis
2734 894 3068 961 temporibus
3088 910 3249 960 quam
3277 894 3449 948 celer-

1871 981 2005 1034 rime
2038 986 2531 1052 congregabantur,
2570 995 2624 1039 et
2657 986 2723 1038 ab
2752 985 2915 1039 istius
2959 989 3109 1041 rabie
3148 987 3443 1053 perniciem

1866 1071 2255 1126 amandabant.
2278 1072 2480 1127 llarum
2502 1077 2648 1129 enim
2664 1077 2770 1132 illa:
2786 1092 2985 1130 nomen
3003 1077 3145 1132 istud
3162 1089 3445 1146 propterea

1866 1165 2072 1216 sortitae
2093 1176 2242 1227 sunt,
2274 1168 2419 1234 quod
2455 1182 2643 1221 eorum
2674 1170 2769 1236 qui
2816 1180 2946 1223 tunc
2975 1170 3237 1238 temporis
3263 1183 3444 1222 rerum

1868 1256 2209 1323 potiebantur
2240 1258 2631 1328 imperatorum
2679 1263 2759 1329 (ut
2791 1262 2962 1329 magis
3002 1271 3184 1314 autem
3227 1274 3442 1328 proprie

1864 1347 2055 1415 loquar
2093 1350 2331 1416 Spiritus
2362 1351 2559 1411 sancti)
2589 1350 2742 1419 jussu
2768 1366 2959 1406 omnes
2983 1368 3082 1422 per
3122 1354 3439 1408 universum

1864 1436 2233 1492 Romanorum
2267 1438 2554 1509 imperium
2574 1444 2754 1511 gregis
2777 1442 3072 1497 Christiani
3101 1444 3360 1511 praesules
3381 1445 3439 1497 in

1860 1532 2132 1585 civitatem
2164 1532 2402 1602 aliquam
2450 1537 2863 1598 conveniebant,
2898 1536 2972 1589 illi
3051 1550 3180 1589 vero
3242 1536 3442 1604 quibus

1862 1632 2064 1676 tantam
2094 1624 2144 1677 in
2175 1640 2234 1680 se
2265 1626 2542 1694 suscipere
2571 1628 3063 1697 peregrinationem
3099 1629 3239 1681 haud
3266 1628 3350 1681 lic:
3380 1647 3441 1689 -υ,

1859 1718 2059 1770 nuntiis
2115 1719 2228 1772 suis
2282 1720 2363 1772 usi
2396 1760 2411 1783 ,
2452 1728 2510 1773 ut
2560 1721 2772 1789 publico
2822 1720 3077 1790 sull'ragio
3115 1721 3196 1775 vel
3232 1723 3299 1776 de
3338 1721 3442 1775 life

1859 1808 2105 1877 religiosa
2153 1810 2433 1865 decretum
2482 1821 2684 1881 tropaeo
2713 1815 3061 1881 praestantius
3089 1814 3435 1880 lemittcrent,

168 1892 651 1955 dztboaaOat.,Al
691 1895 750 1948 δὲ
792 1896 1017 1947 τοπικαὶ
1068 1894 1622 1965 προσηγορεύθησαν,
1650 1895 1748 1962 ﬁt:

1861 1899 1942 1951 vel
1974 1904 2253 1956 communi
2283 1914 2598 1972 exspectata
2658 1907 2874 1971 pietatis
2918 1906 3154 1975 jactura,
3191 1909 3439 1958 veritatis

171 1988 311 2055 μιᾶς
341 1989 614 2057 ἐπαρχίας
638 1989 956 2042 ἐπισκόπων
995 1989 1136 2056 πρὸς
1168 1989 1261 2041 τὸν
1303 1988 1483 2042 αὐτῶν
1522 1988 1753 2058 ἔξαρχον

166 2080 640 2149 συνεληλυθότων,
678 2082 737 2133 οὐ
766 2081 874 2133 τῶν
902 2081 1047 2132 κατὰ
1080 2080 1261 2133 πᾶσαν
1288 2079 1389 2149 τὴν
1420 2080 1751 2147 οίκουμένην

169 2170 654 2241 μετακληθέντων,
687 2173 809 2225 οὐδὲ
845 2174 953 2241 μὴν
986 2175 1116 2242 περὶ
1141 2170 1327 2224 κοινοῦ
1351 2171 1623 2239 δόγματος
1650 2171 1750 2239 τῆς

163 2262 459 2331 ζητήσεως
512 2262 704 2333 οῦσης,
732 2262 855 2316 ἀλλ’
903 2263 936 2331 ἢ
992 2262 1129 2330 πρὸς
1170 2261 1464 2331 βεόαίωσιν
1494 2262 1604 2315 τῶν
1632 2264 1749 2334 ὀρι-

165 2355 414 2408 σθέντων
439 2358 563 2419 ταῖς
587 2355 992 2425 προλαόούσαις
1031 2354 1295 2421 συνόδοις,
1320 2355 1352 2424 ἢ
1376 2356 1514 2425 πρὸς
1546 2355 1749 2409 καθαί-

164 2464 337 2517 ρεσιν,
369 2447 479 2499 τῶν
513 2448 607 2503 ἀπ’
652 2448 904 2511 ἐναντίας
927 2449 1115 2510 αὐτοῖς
1154 2446 1551 2518 τολμησάντων
1586 2447 1745 2509 ίέναι,

161 2539 196 2609 ῆ
232 2541 367 2609 περι
395 2542 636 2593 κανόνων
665 2541 760 2593 καὶ
787 2537 1123 2609 ζητημάτων
1149 2540 1231 2601 είς
1252 2538 1350 2609 τὴν
1379 2538 1565 2606 κοινὴν
1591 2538 1748 2591 εὐτα-

163 2631 291 2695 ξίαν
326 2631 732 2683 συντελούντων
752 2632 851 2700 τῆς
886 2632 1239 2701 Ἐκκλησίας.
1258 2622 1419 2683 Οὗτοι
1435 2629 1500 2697 δὴ
1517 2630 1742 2692 πάντες,

159 2725 261 2794 οὐχ
307 2724 460 2786 ὅπως
504 2728 573 2777 τὰ
620 2725 1058 2794 ἐπισπειρόμενα
1118 2723 1252 2776 νόθα
1302 2723 1411 2776 τῶν
1454 2722 1741 2792 δογμάτων

162 2816 350 2887 ῥίζαις
381 2818 574 2876 αὐταῖς
607 2816 847 2880 ἠξίωσαν
882 2816 1109 2879 ἐξελεῖν,
1155 2814 1392 2885 σπουδὴν
1420 2817 1598 2868 πᾶσαν
1628 2816 1744 2865 είσ-

160 2910 545 2977 ενεγκάμενοι,
571 2908 707 2962 ἀλλά
740 2925 803 2975 γε
837 2910 931 2962 καὶ
956 2909 1195 2977 θεσμοὺς
1230 2906 1490 2973 συντάξαι
1540 2906 1741 2975 βιωφεὸ

158 3000 298 3066 λεῑς,
325 3001 422 3069 τὴν
460 3002 611 3071 ἱεράν
642 3001 800 3070 ημῶν
831 2991 1115 3054 πολιτείαν
1148 2998 1611 3068 ἐπανορθοῦντας,
1645 2996 1741 3048 καὶ

160 3097 300 3163 πρὸς
349 3093 640 3162 ἀκρίϐειαν
676 3094 968 3161 δογμάτων
999 3093 1115 3159 ἅμα
1160 3092 1253 3144 καὶ
1302 3092 1418 3160 βίου
1452 3089 1739 3157 θεοφιλοῦς

158 3189 312 3255 ἡμᾶς
338 3176 788 3248 ἐκπαιδεύοντας,
806 3185 1004 3252 διπλῆν
1025 3184 1140 3237 ἀνθ’
1163 3185 1342 3251 ἀπλῆς
1363 3183 1443 3253 τῷ
1464 3186 1735 3255 τυράννῳ,

1859 1994 2051 2047 muniti
2082 1996 2249 2049 armis
2299 1997 2523 2050 exitium
2580 1997 2699 2065 ejus
2745 2000 3088 2067 repellerent.
3122 2000 3216 2052 lite
3258 2008 3436 2051 autent

1856 2084 2057 2139 locales
2085 2097 2407 2157 nuncupata:
2436 2098 2583 2153 sunt,
2614 2104 2738 2143 cum
2769 2093 2927 2145 unius
2975 2092 3262 2157 provincia:
3319 2090 3441 2157 epi—

1853 2177 2001 2244 scapi
2058 2179 2124 2231 ad
2169 2192 2327 2232 suum
2394 2179 2632 2247 ipsorum
2688 2180 2999 2249 praefectum
3057 2181 3435 2247 convenirent,

1850 2278 2040 2318 omnes
2081 2275 2259 2319 autem
2310 2282 2405 2335 per
2440 2268 2754 2321 universum
2800 2269 2985 2323 orbem
3024 2284 3129 2321 non
3162 2283 3430 2322 convoca-

1848 2360 2060 2416 rentur,
2095 2369 2192 2409 ne;
2222 2355 2289 2409 de
2341 2358 2613 2409 communi
2645 2360 2898 2428 dogmate
2928 2358 3149 2425 quaestio
3181 2358 3430 2410 inslituca

1851 2455 2019 2512 retur;
2067 2447 2162 2501 sed
2215 2449 2298 2501 vel
2346 2450 2411 2502 ad
2471 2463 2660 2502 eorum
2712 2464 2833 2518 quin
2886 2448 2938 2500 in
2992 2449 3424 2511 praecedentibus

1847 2535 2069 2607 synodis
2097 2538 2314 2592 decreta
2342 2538 2557 2593 fuerant
2589 2539 3079 2599 confirmationem.
3109 2539 3189 2593 vel
3212 2554 3424 2592 corino.-

1846 2630 1939 2697 qui
1968 2631 2230 2684 contrarii
2278 2632 2470 2685 iisdem
2529 2631 2609 2685 ire
2642 2632 2756 2684 ausi
2803 2642 2951 2694 sunt,
3010 2632 3419 2699 depositionem

1844 2721 1927 2776 vel
1957 2721 2025 2777 de
2061 2723 2359 2779 canonlbus
2382 2732 2437 2777 et
2470 2724 2859 2791 quaestionibus
2910 2738 3031 2793 qua:
3078 2728 3144 2776 ad
3185 2739 3427 2777 commo-

1845 2828 1965 2865 nem
2018 2813 2273 2869 Ecclesia:
2324 2815 2571 2869 ordinem
2625 2816 2939 2869 conducunt
2981 2816 3416 2869 determinaadis.

1842 2902 1907 2959 Hi
1941 2914 2119 2959 autem
2149 2920 2336 2961 omnes
2367 2921 2471 2961 non
2499 2913 2705 2959 tantum
2735 2907 2920 2974 spuria
2952 2906 3200 2975 dogmata
3252 2909 3425 2959 denuo

1841 2997 2191 3052 disseminata
2226 2998 2358 3065 ipsis
2389 2997 2662 3052 radicibus
2691 2996 2924 3052 evellere
2954 3013 3222 3051 summam
3269 3001 3424 3050 aditi.-

1842 3091 1969 3146 bere
2033 3090 2365 3157 diligentiam
2425 3089 2629 3157 dignati
2677 3099 2824 3152 sunt,
2873 3088 2967 3142 sed
3014 3098 3067 3140 et
3117 3089 3423 3141 sanctiones

1840 3182 1961 3234 vita:
1983 3182 2141 3235 utiles
2179 3181 2534 3243 constituere,
2580 3195 2700 3249 quas
2748 3190 2989 3233 sanctam
3016 3192 3254 3234 nostram
3291 3196 3420 3235 cuu-

156 3282 235 3331 ὡς
260 3282 361 3349 τῆς
395 3282 542 3349 ἱερᾶς
572 3278 664 3331 τοῦ
700 3274 939 3348 Χριστοῦ
974 3280 1215 3347 ποίμνης
1253 3279 1534 3346 πρόῦολοι,
1568 3280 1738 3332 ἐντεί-

1844 3274 2202 3327 versationem
2243 3272 2505 3340 dirigant,
2564 3280 2618 3325 et
2651 3271 2718 3323 ad
2774 3283 3083 3324 accuratam
3110 3273 3415 3339 dogmatnm

159 3388 347 3433 ’.οντες
368 3373 466 3439 τὴν
495 3371 708 3439 πληγήν
728 3386 742 3400 ·
768 3370 940 3432 οὕτως
966 3371 1109 3437 ἔγνω
1142 3371 1262 3423 καθ’
1289 3370 1484 3423 ἑαυτοῦ
1513 3373 1738 3439 σοφισά-

159 3480 349 3530 μενος,
379 3465 493 3525 καὶ,
532 3461 607 3524 ὡς
637 3442 706 3515 τὰ
736 3462 1021 3530 πανοῦργα
1055 3462 1170 3514 τῶν
1192 3463 1417 3533 θηρίων,
1458 3468 1579 3526 ταῖς
1603 3464 1734 3516 ἑαυ-

154 3553 250 3604 τοῦ
283 3556 501 3621 τέχναις
534 3553 694 3614 ἁλούς
717 3569 730 3582 ·
762 3553 1112 3623 βεϐαιότερον
1151 3558 1260 3622 γάρ
1291 3557 1465 3626 ταύτῃ
1488 3556 1551 3609 τὸ
1590 3558 1731 3610 θεῖον

152 3643 319 3695 ἔλαθε
369 3644 629 3710 κήρυγμα
663 3644 948 3708 καθιστὰς,
1000 3645 1327 3716 ὀχυρώμασι
1377 3647 1590 3700 πλείοσι
1630 3648 1729 3716 τῆς

166 3735 502 3803 Ἐκκλησίας
564 3735 765 3805 ἑαυτὴν
824 3735 1327 3807 άσφαλισαμένης,
1387 3738 1479 3789 καὶ
1518 3740 1729 3811 νηπίων

152 3829 468 3894 τοξεύματα
530 3830 598 3878 τά
664 3827 856 3880 τούτου
928 3829 1302 3898 μηχανήματα
1362 3829 1725 3901 ἐλεγχούσηςο

160 3918 380 3970 τοσοῦτο
411 3919 518 3987 γὰρ
546 3919 790 3987 ἀπέσχον
820 3919 917 3971 τοῦ
946 3920 1294 3989 καταπτῆξαι
1325 3922 1423 3993 τὴν
1452 3924 1585 3995 πρὸς
1605 3924 1729 3977 τοῦ·

151 4027 246 4064 τον
280 4013 523 4077 ἀγωνίαν
573 4012 668 4063 καὶ
695 4011 978 4081 διαμάχην
1022 3996 1071 4064 oi
1114 4014 1213 4081 τῆς
1245 4015 1397 4084 ίερᾶς
1426 4016 1724 4086 ἀγελάρχαι

151 4103 414 4174 ποίμνης,
444 4102 584 4157 ὥστε
617 4104 711 4157 καὶ
745 4104 843 4174 τῆς
873 4104 1027 4172 σφῶν
1068 4105 1294 4176 ἀνδρίας
1337 4108 1431 4160 καὶ
1468 4110 1568 4177 τῆς
1594 4110 1724 4178 ἀρε-

148 4195 252 4264 τῆς
286 4195 567 4260 ἐπίδειξιν,
615 4196 710 4248 καὶ
750 4197 1007 4265 ἀφορμὴν
1055 4196 1349 4267 βραδείων,
1405 4200 1722 4254 τάικείνου

148 4288 432 4356 ἡγήσαντο
463 4288 902 4357 σκαιωρήματα·
933 4289 1075 4342 οὕτω
1108 4293 1175 4361 τῇ
1209 4292 1487 4364 προθυμίᾳ
1514 4293 1642 4354 τοὺς
1665 4292 1723 4344 ἐν

147 4381 261 4439 τοῖς
324 4379 676 4444 στεφανίταις
736 4378 989 4443 διαύλους
1062 4382 1425 4452 ἀπέκρυψαν,
1480 4382 1723 4452 τοσούτῳ

148 4471 614 4541 θαυμασιωτέραν
660 4471 759 4541 τὴν
804 4474 1069 4543 εὐψυχίαν
1121 4476 1559 4544 ἐπιδειξάμενοι,
1611 4477 1721 4546 ὅσῳ

1838 3367 2041 3434 pariter
2072 3380 2135 3420 ac
2170 3364 2297 3418 vita:
2346 3364 2613 3431 religiosae
2663 3365 2925 3417 rationem
2960 3379 3059 3417 nos
3096 3366 3416 3417 instituant:

1838 3458 2106 3525 duplicem
2137 3472 2237 3526 pro
2294 3456 2550 3523 simplici,
2583 3465 2835 3523 tanquam
2869 3456 3008 3508 sacri
3049 3457 3227 3523 gregis
3256 3456 3418 3509 Citri-

1834 3550 1997 3603 stiani
2030 3555 2480 3618 propugnatores,
2500 3547 2664 3601 ictum
2705 3558 2934 3617 tyranno
2967 3546 3290 3617 indligentes.
3325 3548 3415 3601 Sic

1833 3639 1982 3693 novit
2039 3654 2097 3694 se
2139 3650 2330 3694 contra
2388 3654 2507 3694 sese
2555 3640 2853 3707 SOplllSlatll
2906 3639 3107 3706 egisse,
3177 3650 3252 3701 et,
3304 3658 3407 3693 non

1830 3745 1988 3786 secus
2038 3746 2101 3786 ac
2143 3731 2272 3787 ferae
2304 3741 2512 3796 astutae,
2549 3736 2664 3787 suis
2696 3732 2864 3799 ipsius
2907 3734 3113 3787 artibus
3150 3734 3403 3802 illaquea-

1832 3832 1941 3875 tum
1968 3836 2108 3878 esse.
2147 3821 2259 3878 Hoc
2302 3824 2448 3877 enim
2480 3823 2642 3877 modo
2682 3824 2918 3877 divinam
2974 3825 3407 3892 praedicationem

1830 3916 2145 3987 imprudens
2198 3917 2492 3972 ﬁrmiorem
2548 3918 2803 3979 reddidit.
2873 3918 3110 3971 Ecclesia
3168 3918 3410 3985 pluribus

1828 4028 1947 4068 sese
2026 4013 2382 4067 munimentis
2465 4009 2812 4072 defendente,
2871 4019 2927 4063 et
2970 4009 3125 4061 istius
3181 4010 3406 4061 artitlcia

1827 4103 2174 4172 puerulorum
2250 4116 2372 4156 esse
2447 4100 2622 4170 jacula
2685 4101 3107 4154 tle-monstrante.
3173 4099 3402 4153 'lantnn:

1824 4196 1968 4248 enim
2022 4195 2215 4259 abfuit,
2269 4205 2329 4247 ut
2362 4194 2504 4247 sacri
2571 4193 2749 4261 gregis
2804 4192 3042 4261 μηνίει-Η
3095 4194 3400 4247 conﬂictum

1824 4272 2326 4356 pugnsmque'cum
2362 4300 2427 4339 eo
2464 4286 2603 4339 inire
2635 4296 3078 4353 expavescerent,
3120 4295 3174 4339 ut
3204 4286 3405 4354 impro-

1826 4379 1921 4432 bos
1971 4378 2125 4430 istius
2187 4386 2425 4430 conatus
2494 4376 2828 4429 fortitudinis
2892 4390 3003 4429 sua:
3050 4390 3112 4429 ac
3190 4376 3403 4429 virtutis

1823 4470 2278 4533 demonstrandae,
2306 4482 2368 4522 ac
2408 4468 2749 4535 praemiorum
2803 4467 3124 4535 assequendi
3156 4470 3401 4521 occasio-

149 4562 244 4613 καὶ
278 4567 407 4639 περὶ
438 4560 741 4613 καλλιόνων
791 4562 970 4616 ἄθλων
1014 4559 1084 4634 ἦν
1127 4560 1342 4628 αὐτοῖςῗ
1364 4567 1392 4618 ὁ
1440 4565 1589 4633 ἁγών
1611 4583 1622 4594 ·
1656 4568 1717 4620 οὐ

1844 4575 1946 4613 rem
1990 4567 2326 4628 reputarent.
2359 4556 2448 4610 Sic
2501 4559 2665 4612 etiam
2700 4558 2817 4625 ipos
2844 4558 2897 4610 in
2935 4558 3074 4611 ludis
3102 4560 3400 4614 coronariis

148 4654 256 4722 γὰρ
291 4653 399 4705 ἔδει
420 4654 518 4730 καὶ
552 4654 626 4724 μὴ
658 4656 933 4723 ἀναιμωτὶ
962 4657 1064 4727 τῆς
1094 4657 1353 4727 ἀληθείας
1387 4660 1712 4730 ὑπερμαχῆ-

148 4763 263 4811 cat,
288 4748 368 4806 είς
398 4744 547 4798 τοῦθ’
584 4741 721 4816 ⁴ἧκον
749 4748 1057 4816 προθυμίας
1086 4749 1180 4801 καὶ
1205 4750 1605 4820 γενναιότητος,
1642 4750 1715 4814 ὡς

149 4836 349 4905 μικροῦ
381 4837 477 4889 καὶ
511 4840 581 4908 τῇ
613 4836 766 4905 σφῶν
812 4839 1225 4909 ἐπιμέμφεσθαι
1271 4841 1454 4908 φύσει,
1495 4844 1569 4912 μὴ
1611 4858 1716 4895 πε·

147 4933 351 4999 φυκυίᾳ
409 4928 637 4997 μυρίους
683 4930 823 5000 ὑπὲρ
855 4930 955 4999 τῆς
988 4930 1248 5001 ἀληθείας
1282 4933 1541 4997 θανάτους
1584 4941 1715 4988 ὺπε-

146 5023 377 5090 νεγκεῐν,
404 5020 542 5073 ἀλλά
568 5022 737 5093 μέχρι
767 5021 861 5076 τοῦ
910 5023 1030 5086 ἐνὸς
1062 5024 1265 5092 στῆσαι
1314 5026 1375 5078 τὸ
1404 5027 1503 5094 τῆς
1538 5044 1715 5098 παρα-

146 5113 345 5178 σκευῆς
374 5111 583 5183 ταύτης
635 5113 960 5183 φιλότιμον
1010 5114 1236 5168 τοσοῦτο
1282 5117 1384 5187 τῆς
1433 5117 1712 5189 ἐξαπάτης

143 5205 191 5255 οί
216 5202 314 5270 τῆς
334 5202 620 5266 εὐσεϐείας
645 5205 1030 5273 περιεγένοντο
1056 5206 1333 5273 πρόϐολοι,
1370 5208 1537 5277 μηδὲν
1567 5210 1709 5278 ῐχνος

144 5294 342 5356 δειλίας
369 5293 401 5361 ἢ
424 5294 677 5361 δείματος
708 5298 829 5359 ταῖς
855 5294 1047 5365 ὂψεσιν
1070 5299 1470 5369 ὑποφήναντες.
1491 5300 1709 5354 Τούτων

142 5393 323 5441 τοίνυν
380 5390 491 5440 τῶν
543 5389 833 5457 ἀριστέων,
881 5388 993 5441 τῶν
1044 5392 1197 5460 κοινῇ
1251 5392 1706 5463 συνεληλυθότων,

139 5479 263 5543 τοὺς
293 5480 471 5549 ἱεροὺς
499 5480 596 5532 καὶ
625 5479 803 5541 θείους
841 5477 1099 5545 κανόνας,
1134 5481 1210 5544 ὡς
1243 5482 1453 5535 ἀνωθεν
1484 5500 1708 5536 κατενε-

141 5572 363 5642 χθέντας
397 5571 575 5634 θείους
604 5573 913 5643 χρησμοὺς,
952 5574 986 5643 ὴ
1027 5574 1325 5645 Ἐκκλησία
1351 5577 1432 5639 είς
1464 5577 1580 5630 τόδε
1612 5577 1705 5631 τοῦ

139 5667 328 5735 χρόνου
356 5663 506 5716 σέϐει
530 5680 588 5715 τε
626 5666 717 5715 καὶ
748 5666 901 5735 τιμᾷ,
927 5665 1035 5717 τῶν
1063 5664 1224 5720 θείων
1247 5667 1584 5735 εὐαγγελίων
1602 5670 1702 5721 οὐκ

141 5758 380 5820 ἔλαττον,
427 5756 548 5807 ἐπεὶ
598 5756 828 5808 κάκεῖνα
862 5758 1037 5825 πηγαὶ
1078 5756 1285 5809 τούτων
1328 5757 1571 5827 ἀτεχνῶς
1606 5760 1701 5812 καὶ

144 5851 278 5918 ῥίζαι
328 5846 689 5916 καθέστηκεν.
723 5847 797 5899 Οὐ
832 5848 939 5916 μὴν
970 5847 1105 5900 ἀλλὰ
1134 5848 1230 5901 καὶ
1262 5851 1361 5901 ὅσα
1395 5848 1502 5902 τῶν
1540 5850 1701 5919 ἱερῶν

1822 4664 2009 4705 Cursus
2050 4651 2357 4719 reciprocOs
2405 4649 2827 4718 promptitudine
2872 4658 3215 4717 superarunt,
3247 4661 3397 4704 tanto

1820 4741 2280 4796 admirabiliorem
2295 4741 2635 4794 ostendentes
2660 4740 3174 4807 magnanimitatem,
3196 4752 3399 4811 quanto

1820 4850 1917 4905 pro
1966 4833 2279 4888 melioribus
2333 4833 2571 4902 praemiis
2626 4831 2694 4884 ab
2729 4832 2795 4886 iis
2829 4842 3094 4886 certatum
3151 4842 3255 4888 est.
3292 4833 3394 4888 libi

1817 4928 1962 4981 enim
2016 4937 2187 4980 marte
2241 4926 2523 4979 incruento
2573 4924 2855 4979 veritatem
2892 4938 3233 4995 propugnare
3284 4941 3391 4980 non

1815 5027 2131 5088 potuerunt,
2197 5031 2261 5071 eo
2321 5017 2764 5087 promptitudinis
2826 5024 2880 5070 et
2934 5018 3394 5086 magnanimitatis

1817 5120 2212 5180 pervenerunt,
2273 5117 2332 5161 ut
2387 5108 2455 5162 de
2513 5123 2609 5162 sua
2676 5111 3065 5176 propemodum
3144 5109 3388 5178 ipsorum

1814 5212 2004 5267 natura
2033 5212 2519 5272 conquererentur,
2558 5203 2701 5270 quod
2732 5201 2876 5255 mille
2920 5212 3123 5258 mortes
3150 5219 3246 5272 pro
3299 5220 3390 5256 ve-

1814 5296 1972 5349 ritate
2025 5294 2177 5348 obire
2240 5308 2349 5348 non
2403 5303 2767 5357 comparetur,
2826 5293 2922 5346 sed
2983 5303 3103 5361 post
3159 5303 3383 5347 mortem

1811 5387 1980 5444 setnel
2036 5395 2367 5455 susceptam,
2424 5384 2609 5455 gloriae
2660 5400 2727 5439 ex
2788 5395 2933 5439 tanta
2994 5385 3385 5453 prmparatinne

1811 5478 2154 5549 acquirendae
2188 5478 2423 5533 studium
2484 5478 2887 5548 reprimeretur.
2944 5474 3118 5531 Tanto
3169 5479 3386 5545 pictatis

1812 5581 2239 5643 propugnatores
2270 5586 2511 5626 errorem
2567 5582 2916 5641 superarunt,
2954 5570 3157 5623 nullum
3212 5581 3381 5623 metas

1810 5676 1899 5720 aut
1959 5666 2169 5719 timoris
2213 5664 2497 5734 vestigium
2557 5665 2637 5717 vel
2677 5664 2851 5717 oculis
2914 5663 3362 5716 subostcndemes

1808 5758 2121 5829 Huiusmodi
2156 5758 2322 5826 igitur
2349 5758 2666 5827 optimatum
2700 5770 2801 5807 una
2825 5764 3270 5823 congregatorntn
3307 5770 3355 5807 :5-

1808 5866 1931 5905 eros
1987 5849 2307 5917 divi-tesque
2368 5861 2603 5903 canones
2661 5859 2913 5908 tangi-anu
2954 5846 3131 5899 divitia.
3166 5860 3380 5899 tamen.»
