4198 6448
844 330 949 391 96}

842 538 946 594 tur,
972 542 1021 583 et
1056 547 1158 585 non
1193 536 1391 590 minori
1444 553 1601 605 quam
1650 541 1831 594 divina
1884 541 2171 613 Evangelia
2208 544 2412 598 honore

839 625 1210 691 prosequitur,
1265 630 1461 697 quippe
1490 632 1632 699 quod
1678 632 1790 687 haec
1821 634 1985 687 etiam
2014 650 2202 689 eorum
2234 635 2411 688 fontes

838 726 1024 765 revera
1069 730 1131 768 ac
1188 717 1399 771 radices
1429 717 1664 775 fuerunt.
1698 720 2023 786 Quinetiam
2078 737 2411 793 quascunque

838 820 1112 860 sacrorum
1148 811 1391 865 nonnulli
1424 813 1726 881 hominum,
1755 824 1981 885 quorum
2018 819 2233 873 virtutis
2277 834 2411 888 pra-

840 900 1096 949 stantiam
1130 907 1344 968 tempus
1377 903 1754 959 intermedium
1780 908 2052 961 occultare
2075 922 2179 961 non
2211 910 2405 977 potuit,

836 983 892 1037 in
932 987 1172 1053 epistolis
1205 991 1273 1044 ad
1318 994 1634 1059 quaestionis
1680 1008 1733 1049 et
1783 998 2145 1065 responsionis
2194 1002 2404 1053 modum

836 1081 1153 1146 compositis
1184 1082 1270 1150 pie
1289 1086 1713 1151 pronuntiarunt
1741 1089 1963 1142 canonis
1996 1102 2104 1156 prae
2136 1102 2198 1142 se
2228 1090 2408 1143 fcren-

839 1167 911 1221 tia
948 1179 1129 1237 typum
1158 1211 1173 1235 ,
1205 1182 1460 1241 tanquam
1524 1191 1761 1231 canones
1789 1176 2027 1232 Ecclesia
2070 1180 2319 1244 admisit,
2351 1190 2407 1232 et

837 1263 1107 1326 praedictis
1162 1266 1493 1335 synodorum
1529 1267 1826 1323 canonibus
1877 1271 2068 1322 merito
2093 1270 2401 1324 connexuit.

836 1350 979 1404 Bene
1050 1356 1250 1407 etenim
1310 1358 1540 1425 magnis,
1613 1359 1809 1416 Basilio
1847 1363 2295 1430 praestantissimo
2348 1374 2403 1419 ct

835 1440 1095 1509 Gregorio
1128 1443 1396 1516 Theologo
1418 1448 1671 1515 placitum
1718 1460 1819 1516 est,
1856 1466 1951 1507 eos
2001 1454 2401 1509 ecclesiasticos

831 1534 1090 1587 dicendos
1140 1550 1263 1590 esse
1299 1549 1460 1608 atque
1512 1543 1811 1596 censendos
1840 1556 2091 1604 canones.
2125 1559 2229 1597 non
2262 1561 2400 1615 quos

830 1639 929 1677 suo
961 1628 1229 1696 quispiam
1269 1614 1513 1697 arbitrio,
1538 1634 1800 1703 sedquos
1860 1636 2041 1705 plures
2070 1639 2242 1692 sancti
2284 1614 2401 1692 iPa-

839 1725 949 1770 trcs
986 1721 1184 1773 eodem
1216 1722 1271 1773 iu
1312 1720 1429 1777 loco
1460 1728 1770 1794 congregati
1804 1731 2074 1782 communi
2127 1734 2393 1786 sententia

2025 342 2390 404 ΜΛΤΤΗΕΙ
2434 348 2850 417 BLASTARIS

841 441 1057 496 cmlitus
1106 443 1335 499 deruissa
1373 446 1610 503 Ecclesia
1664 449 1938 521 hucusque
1976 453 2136 506 etiam
2196 468 2417 509 venera-

3969 384 4072 450 θοι

2440 458 2489 515 Α
2518 460 2726 530 ἀνδρῶν
2774 468 2929 535 ἔνιοι,
2975 469 3051 526 ὧν
3091 478 3115 528 ό
3164 479 3369 546 μεταξὺ
3405 483 3594 551 χρόνος
3640 488 3703 537 τὺ
3744 488 3939 558 περιὸν
3972 496 4071 547 οὐκ

2517 552 2705 620 ίσχυσε
2735 559 2942 628 κρύψαι
2977 564 3077 633 τῆς
3110 568 3333 637 ἀρετῆς,
3360 575 3417 624 ἐν
3441 575 3771 640 ἐπιστολαῖς,
3803 552 3911 650 ἰδίᾳ
3938 587 4073 637 κατά

2514 643 2707 698 πεῦσιν
2739 651 2835 702 καὶ
2880 653 3173 723 ἀπόκρισιν
3206 662 3598 729 συντεθέίσαις,
3639 666 3882 733 εὐσεϐῶς
3926 674 4074 744 είρή-

2510 752 2664 802 κασι,
2688 741 2914 805 κανόνος
2941 746 3175 815 φέροντα
3200 752 3391 815 τύπον,
3415 755 3488 816 ὼς
3513 759 3739 822 κανόνας
3764 763 3797 829 ἡ
3842 741 4073 833 Ἐκκλη-

2511 829 2601 881 σία
2631 830 2872 899 ἐδέξατο,
2915 839 3011 891 καὶ
3051 843 3166 905 τοῖς
3219 846 3549 914 προλαὸοῦσι
3594 851 3717 905 τῶν.
3743 854 3983 907 συνόδων
4016 829 4069 910 εὖ

2513 924 2658 989 μάλα
2680 930 3043 999 συνήρμοσεν.
3077 934 3140 987 Ei
3182 938 3291 1006 γάρ
3332 941 3425 993 καὶ
3465 944 3577 1003 τοίς
3618 945 3881 1011 μεγάλοις
3911 948 4072 1001 Βασι-

2509 1011 2639 1082 λείῳ
2677 1016 2759 1085 τῷ
2800 1019 2980 1084 πάνυ,
3042 1025 3135 1075 καὶ
3191 1027 3478 1100 Γρηγορίῳ
3517 1032 3597 1101 τῷ
3628 1032 3881 1106 Θεολόγῳ
3930 1039 4073 1092 δοκεῖ

2508 1110 2703 1177 χρῆναι
2733 1114 2963 1173 κανόνας
3001 1115 3493 1185 ἐκκλησιαστικοὺς
3530 1124 3773 1189 ἐκείνους
3799 1127 3985 1195 λέγειν
4014 1149 4071 1183 τε

2506 1196 2603 1249 καὶ
2632 1199 2895 1267 νομίζειν,
2925 1202 3020 1265 οὒς
3048 1205 3108 1258 οὐ
3142 1206 3264 1259 καθ’
3301 1210 3495 1262 ἑαυτόν
3533 1228 3636 1275 τις,
3672 1196 3813 1269 άλλά
3848 1217 4071 1282 πλείους

2505 1287 2653 1354 ἅγιοι
2686 1290 2930 1361 Πατέρες
2956 1294 3033 1355 είς
3060 1298 3223 1349 ταυτδ
3246 1302 3539 1365 συνιόντες,
3568 1309 3723 1375 κοινῇ
3751 1308 3949 1380 γνώμῃ
3978 1313 4070 1363 καὶ

2507 1384 2968 1453 μεμεριμνημένῃ
3002 1386 3223 1457 βασάνῳ
3259 1390 3589 1457 διετάξαντο,
3612 1397 3743 1451 ἀλλά
3772 1416 3836 1466 γε
3872 1401 3954 1471 τῷ
3984 1402 4065 1455 διὰ

2503 1470 2723 1524 πάντων
2749 1473 3046 1543 ἐκλάμψαι,
3072 1479 3166 1531 καὶ
3190 1480 3314 1543 τοὺς
3337 1483 3509 1537 ταῦτα
3534 1487 3853 1555 γράψαντας
3878 1470 4068 1561 ὥσπερ

2500 1561 2758 1630 ἀστέρας,
2796 1568 2887 1618 καὶ
2922 1568 3000 1636 τῷ
3031 1570 3248 1634 πολλοῖς
3280 1576 3605 1646 μαρτυρίοις
3631 1580 4065 1652 ἐπιγνωσθῆναι,

2503 1652 2579 1719 μὴ
2613 1652 2893 1722 θειοτέρας
2922 1659 3093 1728 χωρὶς
3123 1662 3413 1728 ἐπιπνοίας
3444 1668 3618 1722 ταῦτα
3650 1674 4063 1743 συντεταχέναι,

2498 1743 2703 1812 ἥκιστα
2733 1749 2853 1810 ταῖς
2873 1746 2984 1802 τῶν
3022 1753 3260 1808 συνόδων
3288 1756 3585 1828 ζητήσεσιν
3616 1764 4062 1833 ἀπεμφαίνοντα,

828 1816 881 1857 et
921 1806 1150 1862 sollicita
1193 1825 1371 1864 rerum
1416 1814 1792 1883 disquisitione
1845 1820 2265 1877 constituerunt.
2293 1823 2395 1877 Ve-

831 1908 1129 1928 νηηιίσι-νιη-ι
1175 1902 1367 1928 :.l..:......
1406 1907 1538 1928 .........I
1574 1908 1657 1928 ---ε
1707 1908 1814 1928 1,---
1877 1927 1885 1928 -
1931 1914 1972 1928 --ι
2188 1926 2193 1928 _
2278 1924 2287 1928 -

2504 1789 2703 1812 την-..
2742 1789 2850 1810 -...,
2884 1789 2981 1802 ...η
3023 1789 3259 1808 υννννυυν
3288 1789 3585 1828 νμριιυευιν
3616 1789 4062 1833 απεμφαινοντα,

2425 1789 2467 1847 Β
2499 1834 2635 1887 ἀλλά
2664 1836 2724 1888 τὸ
2748 1840 3013 1906 συγγενὲς
3032 1845 3141 1912 ’τῆς
3167 1850 3538 1921 προκειμένης
3574 1853 3859 1925 πόρρωθεν
3883 1859 4067 1928 ἐμφα-

831 1908 1132 1953 rumtamen
1174 1902 1370 1957 idcirco
1397 1907 1541 1973 quod
1570 1908 1659 1975 qui
1707 1908 1819 1964 haec
1869 1914 2220 1981 scripserunt,
2276 1924 2392 1969 tan--

825 2004 983 2056 quam
1021 1992 1195 2044 sidera
1237 2008 1448 2063 semper
1487 1996 1827 2064 effulserunt,
1879 2011 1933 2057 et
1964 2004 2211 2071 plurimis
2261 2020 2390 2059 cou-

826 2083 960 2134 stitit
1013 2085 1335 2139 testimoniis
1399 2088 1513 2142 Itaac
1570 2091 1687 2145 sine
1734 2093 1983 2147 diviniori
2044 2098 2391 2165 inspiratione

829 2170 1242 2239 haudquaquam
1268 2176 1556 2230 constituta
1599 2193 1742 2244 esse,
1772 2184 2101 2250 synodorum
2154 2184 2388 2241 decretis

825 2262 991 2315 nihilo
1017 2264 1383 2330 dissentanea,
1411 2271 1504 2323 sed
1534 2270 1787 2339 subjectae
1812 2275 2055 2330 materiae
2076 2274 2385 2335 afﬁnitatem

823 2354 1009 2419 procul
1029 2348 1383 2421 ostendentia,
1422 2361 1532 2415 haec
1562 2364 1726 2418 etiam
1760 2379 1945 2421 sacras
1979 2367 2121 2421 inter
2151 2383 2408 2425 canones

828 2456 1200 2499 recensentur.
1246 2447 1405 2503 Hisce
1442 2451 1609 2521 igitur
1638 2467 1850 2523 semper
1881 2456 2191 2513 incumbere
2214 2459 2384 2527 pieta-

823 2533 893 2587 tis
939 2535 1185 2591 alumnos
1218 2539 1390 2605 decet,
1426 2552 1479 2595 et
1514 2542 1831 2612 irrequietos
1876 2548 2068 2602 anima:
2120 2558 2295 2604 motus
2321 2551 2386 2605 iis

821 2625 1049 2694 illigate,
1101 2638 1157 2683 et
1209 2645 1308 2684 nec
1358 2632 1642 2687 minimum
1689 2636 1737 2689 ei
1793 2639 2051 2707 temporis
2098 2640 2381 2695 articulum

822 2717 1122 2771 concedere
1178 2734 1285 2786 quo
1329 2722 1577 2788 genuinis
1623 2727 1961 2795 dogmatibus
2011 2730 2283 2786 derelictis
2315 2733 2380 2785 ad

821 2805 1123 2860 adulterina
1167 2808 1449 2865 delabatur
1479 2828 1498 2868 :
1527 2811 1602 2866 ita
1633 2820 1774 2869 enim
1806 2818 1984 2872 verbis
2022 2821 2383 2891 operibusque

817 2898 972 2951 bouis
1003 2899 1075 2951 ita
1107 2912 1366 2970 perpetuo
1397 2914 1669 2974 occupatae
1692 2922 1758 2961 ex
1797 2908 1925 2977 ipsis
1956 2912 2115 2966 etiam
2144 2917 2383 2968 somnio-

819 3002 934 3039 tum
982 2990 1279 3047 visionibus
1334 2995 1542 3052 divinas
1588 2996 1784 3053 habere
1826 2999 2230 3070 imaginationes
2285 3005 2383 3059 ob-

818 3079 1014 3132 \cniet.
1047 3079 1150 3135 Per
1185 3083 1347 3137 hosce
1378 3086 1545 3151 enim,
1586 3099 1844 3156 quantum
1867 3094 1933 3146 ad
1974 3094 2222 3164 dogmata
2249 3100 2377 3152 atti-

816 3180 930 3233 net,
995 3184 1199 3226 rectum
1264 3175 1331 3228 ab
1364 3177 1602 3245 obliquo,
1664 3191 1718 3235 et
1758 3185 2048 3250 genuinqu
2123 3202 2154 3241 a
2209 3190 2378 3245 notho

813 3263 1121 3315 accuratius
1163 3280 1322 3331 quam
1355 3282 1451 3336 per
1479 3266 1707 3337 Lydium
1741 3287 2111 3345 quemcunque
2146 3277 2375 3346 lapidem

810 3351 1154 3420 diiudicatur.
1186 3356 1251 3413 lli
1277 3358 1509 3415 dominis
1560 3361 1706 3431 leges
1739 3362 1917 3419 ferunt
1944 3376 1999 3421 et
2024 3370 2232 3437 servis;
2262 3387 2378 3426 ma-

811 3445 1128 3510 gistratibus
1163 3456 1218 3501 et
1248 3450 1523 3518 subjectis;
1568 3455 1880 3521 parentibus
1910 3467 1964 3511 et
1993 3459 2207 3527 liberis;
2245 3464 2376 3519 viris

809 3544 862 3588 et
885 3534 1231 3603 mulieribus;
1262 3543 1609 3596 matrimonio
1641 3554 1694 3598 et
1718 3548 2007 3615 caeliliatui;
2032 3552 2374 3613 abStinentia:

807 3634 861 3676 et
892 3626 1077 3691 victui;
1138 3630 1418 3695 sapientire
1472 3641 1527 3684 et
1585 3632 1922 3701 ignorantiae.
1973 3638 2242 3699 Praeterea
2315 3648 2369 3701 bi

805 3715 969 3768 ctiam
1046 3717 1407 3786 imperatores
1475 3726 1715 3779 omnium
1795 3731 2030 3786 maxime
2109 3734 2371 3793 honorare

799 3805 1077 3873 jubentes,
1115 3810 1232 3877 plus
1265 3824 1451 3866 rursus
1475 3828 1635 3880 quam
1670 3831 1765 3885 par
1790 3827 1894 3884 est,
1945 3822 2370 3892 imprudentibus

803 3910 991 3948 eormn
1028 3899 1295 3953 mandatis
1328 3916 1387 3954 se
1420 3905 1734 3959 submittere
1771 3918 1956 3963 natura
2008 3929 2113 3968 non
2155 3932 2370 3986 compa-

804 3997 1011 4054 rantur,
1067 3987 1237 4042 multo
1290 4002 1464 4043 autem
1522 3994 1695 4048 minus
1720 3996 2030 4054 inferiorum
2080 4006 2366 4073 magistra-

803 4086 983 4141 tuum,
1057 4080 1138 4131 vel
1215 4082 1539 4136 exercitibus
1596 4085 1994 4153 pra-lectorum.
2073 4093 2364 4151 Plurimum

799 4168 940 4221 etaim
968 4184 1152 4222 eorum
1188 4173 1422 4224 studium
1454 4174 1595 4229 circa
1644 4182 1849 4247 regium
1894 4181 2144 4240 Ecclesia:
2184 4204 2363 4244 sacer-

797 4258 1002 4310 dotiqu
1060 4272 1306 4314 versatur
1341 4280 1355 4316 :
1389 4274 1444 4316 ut
1494 4282 1599 4319 non
1658 4269 1857 4339 indigni
1909 4272 2018 4328 Deo
2076 4282 2362 4349 appropin-

798 4359 998 4415 quante
1024 4348 1307 4406 videantur
1351 4357 1444 4422 qui
1477 4358 1523 4408 ei
1552 4362 1985 4432 appropinquare
2012 4370 2185 4423 sortiti
2215 4381 2357 4436 sunt,

2501 1926 2714 1987 νίζοντα
2747 1932 3154 2014 πραγματείας,
3188 1940 3301 2001 τοῖς
3331 1940 3495 2010 ίεροῗς
3536 1926 3929 2014 ἐνεγράφησαν
3974 1953 4063 2004 καὶ

2495 2014 2565 2067 τά
2587 2016 2793 2070 τούτων
2819 2022 3029 2076 κανόσι.
3065 2011 3286 2089 Τούτοις
3309 2030 3488 2082 τοίνυν
3515 2035 3783 2103 προσήκει
3804 2039 3933 2100 τοὺς
3966 2041 4062 2109 τῆς

2496 2107 2783 2171 εὐσεϐείας
2808 2105 3110 2182 τροφίμους
3152 2118 3414 2172 ἐκάστοτε
3454 2126 3832 2194 προσανέχειν,
3870 2131 3973 2183 καὶ
3999 2105 4056 2183 τὸ

2493 2200 2593 2265 τῆς
2617 2198 2798 2269 ψυχῆς
2827 2202 3135 2281 ἀεικίνητον
3176 2208 3557 2278 προσδεσμεῖν,
3602 2214 3697 2267 καὶ
3738 2216 3815 2286 μὴ
3848 2217 4057 2271 διδόναι

2494 2289 2685 2357 καιρὸν
2728 2292 2864 2361 αὐτῇ
2909 2294 3019 2346 τῶν
3048 2296 3285 2364 γνησίων
3314 2300 3565 2372 ἀφεμένη
3602 2303 3891 2372 δογμάτων
3922 2311 4059 2379 πρός

2491 2382 2561 2433 τά
2595 2380 2724 2435 νόθα
2754 2384 3216 2440 κατολισθαίνειν·
3266 2389 3408 2443 οὕτω
3438 2393 3547 2463 γὰρ
3577 2395 3712 2465 αὐτῇ
3742 2397 3926 2465 λόγοις
3963 2403 4055 2452 καὶ

2493 2472 2818 2540 πράγμασιν
2844 2474 3069 2542 ἀγαθοῖς
3100 2478 3533 2558 ἐνδιατρισούσῃ,
3562 2489 3656 2540 καὶ
3678 2492 3774 2551 τὰς
3794 2493 3854 2557 ἐξ
3875 2494 4054 2560 ὅψεως

2490 2563 2717 2631 ὀνείρων
2748 2568 3053 2633 φαντασίας
3094 2570 3313 2637 ἐνθέους
3360 2575 3505 2645 ἔχειν
3539 2579 3801 2650 ὑπάρξει·
3838 2584 4055 2647 τούτοις

2491 2655 2600 2724 γὰρ
2629 2656 2690 2708 τὸ
2719 2658 2850 2728 περὶ
2878 2658 2945 2713 τὰ
2971 2660 3219 2730 δόγματα
3251 2666 3407 2730 eses;
3439 2668 3533 2720 τοῦ
3567 2672 3801 2735 σκολιοῦ,
3853 2677 3951 2729 καὶ
3991 2678 4051 2727 τὸ

2492 2746 2713 2815 γνήσιον
2740 2747 2838 2801 τοῦ
2869 2750 3046 2834 νόθου,
3073 2754 3253 2824 πάσης
3278 2755 3427 2809 λίθου
3448 2758 3636 2824 Γυδὶας
3658 2754 4052 2834 ἀκριϐέστερον

2488 2837 2822 2907 διακρίνεται
2844 2856 2857 2870 ⁸
2888 2833 3033 2895 οὗτοι
3065 2843 3355 2910 δεσπόταις
3394 2852 3745 2919 νομοθετοῦσι
3795 2858 3889 2909 καὶ⁵
3930 2858 4051 2912 δού-

2488 2930 2623 2994 λοις,
2658 2931 2883 3002 ἄρχουσι
2927 2937 3019 2988 καὶ
3054 2937 3401 3008 ἀρχομένοις,
3437 2945 3651 3011 γονεῦσι
3684 2949 3777 3001 καὶ
3810 2951 4047 3018 τέκνοις,

2485 3021 2714 3091 ἀνδράσι
2745 3026 2842 3077 καὶ
2869 3027 3103 3093 γυναιξὶ,
3148 3030 3310 3100 γάμῳ
3335 3032 3432 3085 καὶ⁵
3473 3036 3710 3106 ἀγαμία.
3745 3042 4049 3113 ἐγκρατείᾳ

2399 3137 2446 3200 c
2486 3115 2579 3165 καὶ
2602 3118 2806 3184 τρυφῇ,
2838 3119 3003 3187 σοφίᾳ
3034 3120 3129 3171 καὶ
3154 3118 3397 3195 ἀμαθίᾳο
3430 3126 3584 3181 ταῦτ’
3622 3131 3731 3199 ἄρα
3762 3132 3857 3185 καὶ
3889 3134 4047 3203 βασι-

2480 3202 2608 3265 λέας
2633 3204 2838 3268 παντὸς
2872 3208 3072 3275 μᾶλλον
3115 3213 3282 3282 τιμᾷν
3311 3214 3708 3281 ἐπιτάττοντες,
3745 3202 3909 3275 πλέον
3947 3220 4046 3276 αῦο

2480 3293 2566 3359 θις
2618 3295 2651 3365 ἢ
2704 3295 2848 3366 χρὴ,
2889 3300 3018 3379 ταῖς.
3056 3302 3366 3370 ἀλογίστοις
3417 3308 3622 3364 τούτων
3670 3314 3769 3364 οὐκ
3821 3316 4047 3382 ἐφιᾶσιν

2478 3382 2811 3439 ὑποπίπτειν
2862 3371 3176 3457 ἐπιταγαῖς,
3225 3393 3420 3449 πολλοῦ
3460 3416 3522 3466 γε
3569 3400 3652 3453 δεῖ
3693 3371 3961 3474 uiuipin
4008 3408 4041 3476 ἢ

2477 3477 2823 3544 στρατηγῶν.
2855 3478 2992 3546 Ἥγε
3025 3483 3134 3549 μὴν
3173 3484 3374 3538 πλείων
3417 3489 3625 3553 τούτοις
3659 3495 3863 3565 σπουδὴ
3906 3503 4043 3565 περὶ

2475 3566 2538 3617 τὸ
2593 3565 2864 3634 βασίλειον
2912 3568 3010 3637 τῆς
3085 3570 3413 3645 Ἐκκλησίας
3487 3583 3825 3651 καθέστηκεν
3890 3587 4044 3656 ἱερά-

2473 3671 2670 3722 τευμα.
2727 3659 2873 3720 ὅπως
2931 3660 3006 3729 μὴ
3059 3660 3269 3726 ἀνάξιοι
3316 3667 3409 3720 τοῦ
3456 3672 3766 3739 ἐγγίζοντος
3819 3676 4040 3743 ὀφθεῖεν

2471 3745 2607 3798 Θεοῦ
2634 3749 2679 3799 oi
2715 3749 2955 3817 ἐγγίζειν
2988 3753 3244 3822 λαχόντες
3274 3757 3444 3831 αὐτῷ,
3477 3762 3552 3827 τῷ
3583 3765 3660 3833 μὴ
3689 3767 3833 3820 κατά
3874 3769 4036 3838 θέλη-

2473 3855 2558 3891 σιν
2589 3841 2798 3893 ἐκείνου
2823 3842 3036 3910 βιῶναι,
3072 3846 3189 3899 ἀλλ’
3231 3850 3311 3909 είς
3348 3850 3494 3903 τοῦθ’
3531 3854 3766 3923 ἥκοντας
3801 3861 4032 3927 ἀρετξς,

2469 3928 2544 3990 ὡς
2595 3932 2715 3993 ταῖς
2769 3933 2899 4001 περὶ
2953 3934 3087 3988 Θεὸν
3142 3939 3462 4005 ἀγγελικαίς
3495 3944 3777 4016 δυνάμεσι,
3828 3952 3892 4002 τὸ
3932 3956 4033 4018 τῆς

2466 4020 2643 4089 ψυχῆς
2674 4023 2738 4074 ἐκ
2784 4023 2894 4074 τῶν
2940 4025 3171 4079 ἐνόντων
3221 4031 3515 4099 ἀφομοιοῦν
3549 4037 3787 4104 εὐγενὲς,
3828 4044 3922 4095 καὶ
3962 4049 4031 4097 τά

2465 4110 2667 4163 τούτων
2701 4113 2836 4180 μετὰ
2869 4114 2968 4182 τῆς
3008 4115 3139 4186 ῦλης
3178 4118 3476 4185 δεικνύναι,
3535 4128 3609 4196 μὴ
3645 4129 3705 4181 τὸ
3752 4134 3817 4199 τῇ
3864 4134 4029 4198 φύσει

2466 4202 2848 4271 περικείμενον
2877 4206 3039 4275 ἄχθος
3082 4213 3510 4280 προϊστάμενοι·
3555 4218 3777 4283 τούτους
3821 4227 3923 4276 οὐκ
3961 4229 4027 4278 ἄν

2461 4306 2548 4353 τις
2602 4286 2837 4362 ἁμάρτοι
2881 4300 3060 4351 κοινὸν
3107 4302 3419 4370 προσειπὼν
3475 4306 3731 4377 ἰατρεῖον,
3768 4315 4025 4381 ἐκάστοις

2460 4381 2572 4435 τῶν
2593 4385 2893 4439 νοσούντων
2916 4392 3220 4463 κατάλληλα
3248 4399 3617 4465 κεραννύντας
3640 4405 3707 4455 τά
3731 4405 4021 4476 φάρμακα.

793 4451 856 4489 eu
885 4439 1029 4504 quod
1085 4454 1186 4493 non
1213 4440 1373 4507 juxta
1414 4446 1583 4514 ipsius
1618 4448 1943 4507 voluntatem
2001 4459 2165 4513 vitam
2197 4475 2348 4515 suam
2382 4468 2412 4527 ε

794 4529 1075 4564 ιιιαιίιιιςηη
1160 4535 1251 4564 ωτι
1279 4550 1342 4564 ΔΛ
1377 4536 1588 4564 ιιι-...ιιη
1621 4545 1929 4564 ..η----λε--.
2008 4560 2038 4564 ,_
2236 4551 2266 4564 ..
2308 4558 2318 4564 .

2919 4439 3136 4443 ,_
3161 4439 3220 4445 η-
3248 4439 3307 4447 ---
3354 4439 3614 4462 ..η-..-ς
3650 4439 3707 4455 ...ι
3771 4439 3842 4458 ul
3892 4439 4021 4464 an.

2419 4472 2531 4523 ’υύ
2566 4475 2672 4542 μὴν
2698 4476 2834 4529 ἀλλὰ
2871 4481 2965 4531 καὶ
3004 4482 3125 4534 τῶν
3141 4439 3374 4555 ,νωθριῦς
3416 4492 3546 4558 περὶ
3584 4492 3680 4563 τὴν
3720 4439 4023 4564 ἔεριαῗτεέαν

792 4529 1097 4590 instituant.
1158 4535 1251 4586 sed
1278 4550 1342 4588 eo
1377 4536 1591 4593 virtutis
1620 4545 1956 4613 perveniant,
1988 4560 2045 4601 ut
2096 4551 2353 4621 angelicis

791 4634 910 4686 quia:
959 4619 1125 4674 Deum
1198 4623 1551 4683 circumstant
1608 4636 1959 4698 patestatibus
2030 4619 2343 4699 nobiliorem

789 4709 979 4763 anima:
1008 4723 1232 4777 partem,
1269 4730 1526 4784 quantum
1560 4721 1674 4781 fieri
1710 4735 1903 4794 potest,
1957 4731 2187 4787 similem
2225 4740 2348 4791 red-

788 4799 938 4863 dant,
967 4815 1163 4866 easque
1193 4805 1244 4856 iu
1288 4810 1509 4861 materia
1558 4826 1963 4882 reprmsentcnt.
2010 4822 2193 4877 liorem
2249 4843 2344 4881 ua-

789 4897 905 4942 tura
952 4892 1396 4961 circumpositum
1455 4914 1791 4972 nequaquam
1834 4910 2201 4975 pra'feren'tes.
2238 4916 2346 4971 llos

787 4982 832 5033 si
864 4984 981 5048 quis
1032 5000 1317 5042 commune
1366 4992 1713 5058 appellaverit
1744 5000 2257 5072 pharmacopolmm,
2315 5025 2346 5063 a

787 5087 913 5125 vero
944 5089 1048 5127 ιιοιι
1077 5078 1373 5141 aberrat-et,
1407 5092 1463 5134 ut
1491 5086 1578 5149 qui
1617 5086 1843 5156 singulis
1866 5096 2080 5161 aagrolis
2108 5114 2344 5167 congrua

788 5166 1139 5220 cuuuniscent
1173 5169 1482 5235 pharmaca.
1528 5175 1665 5238 Quin
1697 5179 1855 5232 etiam
1892 5197 1954 5235 ex
2009 5186 2075 5239 iis
2112 5190 2202 5256 qui
2239 5199 2345 5244 lar-

786 5254 962 5306 diorcs
1012 5256 1061 5307 iu
1112 5260 1389 5314 curatione
1444 5265 1772 5322 admittenda
1827 5287 1886 5325 se
1946 5288 2159 5345 gerunt,
2212 5298 2347 5336 non-

788 5346 946 5399 nullis
982 5348 1197 5415 quidem
1227 5354 1484 5408 terribilia
1551 5358 1869 5417 intentando
1908 5369 2167 5436 excitant,
2226 5375 2344 5429 aliis

783 5447 958 5490 autem
994 5439 1295 5498 futurorum
1322 5452 1578 5514 promissa
1607 5454 1657 5505 in
1690 5457 2002 5512 memoriam
2032 5477 2343 5522 revocantes

780 5544 883 5582 non
910 5532 1188 5587 tiiﬂiculler
1215 5537 1474 5592 alliciunt.
1511 5543 1897 5616 Nonnunquam
1927 5564 2104 5607 autem
2130 5572 2221 5611 eos
2247 5563 2337 5628 qui

779 5633 878 5673 nec
942 5624 1327 5680 medicamenta
1370 5632 1680 5699 admittunt,
1714 5654 1811 5693 nec
1846 5646 2095 5697 mandata
2131 5624 2336 5712 eoruin,

777 5710 870 5765 sed
902 5712 1114 5771 sibimet
1170 5721 1493 5786 pmnitcutim
1549 5739 1757 5793 pmt'am
1800 5748 1893 5797 per
1943 5742 2335 5793 contumaciam

2450 4560 2811 4635 διακειμένων
2841 4571 2968 4633 τοὺς
3002 4573 3123 4641 μὲν,
3154 4579 3562 4648 ἀνατεινάμενοι
3603 4560 3669 4639 τά
3698 4560 4023 4657 δεινότατα,

2452 4654 2803 4726 διεγείρουσι,
2830 4663 2940 4722 τοῖς
2970 4662 3048 4725 δὲ,
3086 4667 3184 4729 τάς
3214 4668 3324 4721 τῶν
3351 4673 3658 4737 μελλόντων
3680 4654 4022 4749 ἐπαγγελίας

2454 4747 2873 4815 προμνώμενοι,
2923 4753 2982 4802 οὐ
3041 4755 3293 4822 χαλεπῶς
3342 4766 3750 4831 προσάγονταιι
3799 4773 3918 4826 ἐστι
3964 4777 4020 4829 δὲ

2450 4833 2544 4895 οὒς
2589 4836 2665 4903 μὴ
2701 4844 3095 4907 προσιεμένους
3140 4848 3275 4913 μήτε
3324 4850 3393 4902 τά
3429 4853 3714 4923 φάρμακα,
3768 4866 3906 4928 μήτε
3953 4868 4020 4919 τά

2448 4923 2802 4992 ἐπιτάγματα
2835 4931 3058 4995 τούτων,
3097 4936 3213 4987 ἀλλ’
3241 4941 3455 5005 ἑαυτοῖς
3486 4946 3578 4998 τὸν
3603 4948 3699 5018 τῆς
3724 4923 4019 5021 μετανοίας

2450 5013 2645 5082 λιμένα
2666 5020 2730 5086 τῇ
2759 5020 3016 5093 ἀπειθείᾳ
3046 5031 3491 5098 προσχώσαντας,
3521 5043 3723 5103 παντὸς
3748 5043 4015 5112 βασιλέως

2450 5106 2915 5179 αὺθεντικώτερον
2942 5118 3227 5180 μετιόντες
3270 5124 3369 5189 τῆς
3417 5126 3637 5179 αἰωνίου
3685 5131 4015 5205 κληρουχίας

2448 5196 2892 5268 ὑπερορίζουσιν.
2928 5206 3117 5258 Ἔνθεν
3162 5228 3273 5275 τοι,
3324 5217 3414 5267 καὶ
3458 5219 3518 5269 τὸ
3565 5222 3729 5276 πάλαι
3765 5233 3872 5285 τινὶ
3906 5234 4014 5284 τῶν

2447 5286 2682 5356 θύραθεν
2715 5295 3028 5361 είρημένον,
3065 5296 3179 5362 τοῖς
3214 5302 3379 5368 θείοις
3405 5309 3502 5377 οὐχ
3528 5311 3727 5379 ἥκιστα
3764 5319 3983 5388 θεσμείν

2448 5378 2523 5440 ὣς
2572 5381 2633 5446 γέ
2690 5399 2779 5448 μοι
2810 5384 2977 5449 δοκεῖ,
3039 5390 3330 5458 ἁρμόσειεν
3360 5396 3460 5448 ἄν·
3502 5405 3845 5473 πεπείσμεθα
3906 5420 4012 5481 γὰρ

2446 5469 2691 5535 τούτους,
2730 5473 2950 5542 εὕρημα
2982 5479 3078 5545 μὲν
3127 5483 3221 5533 καὶ
3251 5484 3422 5553 δῶρον
3468 5486 3609 5544 εἶναι
3644 5495 3799 5559 Θεοῦ,
3834 5501 4011 5567 δόγμα

2445 5561 2499 5612 δὲ
2533 5566 2928 5629 γενναίωννκαὶ
2976 5569 3251 5642 θεοφόρων
3280 5580 3525 5649 ἀνδρῶν,
3582 5588 3854 5657 συνθήκης,
3915 5596 4009 5660 τῆς

2460 5656 2788 5726 Ἐκκλησίας
2824 5663 3030 5733 κοινὴν,
3068 5669 3431 5742 ἐπανόρθωμα
3462 5677 3570 5728 τῶν
3605 5681 3872 5735 tunam
3919 5692 4005 5740 καὶ

2444 5748 2551 5799 τῶν
2583 5753 2734 5819 παρὰ
2787 5752 3034 5821 somn-1.

3094 5762 3477 5831 ἀξιαρττπμάτιιι
3493 5799 3526 5822 α,
3590 5776 3678 5823 καὶ
3732 5777 4005 5839 “alits-£1,
