4198 6448
771 394 869 457 9ῦῖ

1955 381 2325 446 ΜΑΤΤΗιΕΙ
2355 381 2774 445 BLASTARIS

3901 394 4015 460 968

772 511 894 563 aliis
921 507 1040 577 jure
1067 521 1258 563 nomen
1285 506 1390 561 boc
1420 507 1611 561 sortita
1639 516 1765 561 sunt
1795 522 1808 559 :
1832 506 2027 575 quippe
2048 519 2168 573 qua:
2193 504 2335 566 illos,
2363 500 2417 560 Δ

2363 500 2417 560 Α
2441 504 2666 555 σκοπεῖν
2684 519 2700 535 ν
2721 503 2792 557 τά
2816 502 2873 559 δέ
2907 521 2969 575 γε
2993 505 3103 560 τῶν
3136 506 3397 580 Πατέρων
3418 510 3620 581 εὐσεδῆ
3642 511 4015 581 διατάγματα,

775 603 865 670 qui
900 604 965 655 iis
993 615 1195 654 morem
1218 608 1436 669 gerunt,
1476 598 1541 651 ad
1570 608 1772 653 rectam
1804 598 1963 653 ﬁdem
1990 596 2250 665 dirigunt,
2282 601 2340 648 et

2442 591 2877 663 navzbcpdnov
2899 596 3128 660 εἰκότως
3154 598 3365 670 ταύτην
3400 602 3527 673 ἔσχε
3550 605 3652 675 τὴν
3677 606 4013 679 πρόσρησιν,

775 696 841 746 ad
872 693 1034 745 vitam
1065 691 1172 743 Deo
1203 696 1480 758 acceptam
1521 699 1673 744 recte
1706 689 2007 743 deducunt.
2038 686 2340 753 Peroppor-

2439 679 2528 735 οἷα
2563 684 2692 746 τοὺς
2724 686 3086 755 πειθομένους
3117 691 3300 754 αὐτοῖς
3328 693 3466 763 πρὸς
3504 696 3605 766 τὴν
3632 697 3801 769 ὀρθὴν
3837 700 4012 753 ἀπευ‹

778 796 965 838 tunum
999 792 1180 836 autem
1212 782 1323 835 erit
1366 782 1578 844 ordine,
1621 789 1885 849 quantum
1935 781 1991 833 in
2037 776 2197 833 nobis
2232 782 2337 838 est,

776 876 1055 943 sigillatim
1107 886 1556 936 commemorare,
1583 869 1821 941 quando,
1876 879 1930 925 et
1959 884 1987 923 a
2035 867 2255 936 qnitms,
2287 875 2343 918 et

776 967 1048 1039 quomodo
1096 966 1291 1034 singuli
1325 976 1566 1019 canones
1599 963 1651 1016 in
1704 962 1880 1017 lucem
1908 960 2255 1030 prodierunt,
2286 965 2344 1011 et

778 1060 999 1113 lucerna
1043 1055 1270 1127 pedibus
1316 1053 1540 1118 nostris,
1591 1061 1646 1107 et
1679 1053 1768 1105 lux
1817 1050 2051 1117 semitis,
2087 1047 2235 1117 quod
2269 1046 2339 1100 ad

777 1153 945 1205 vitam
964 1149 1299 1218 dirigendam
1318 1146 1534 1210 attinet,
1551 1153 1866 1201 evaserunt.
1884 1128 1958 1196 Ut
1971 1150 2152 1194 autem
2168 1138 2344 1193 oratio

781 1243 972 1296 ordine
1019 1240 1294 1308 procedat,
1325 1241 1391 1294 de
1440 1237 1672 1307 singulis
1717 1234 1963 1306 synodis,
2012 1243 2068 1287 et
2094 1230 2345 1285 Patribus

781 1334 876 1402 qui
927 1332 1179 1400 privatim
1233 1330 1592 1398 scripserunt,
1623 1326 1941 1381 meminisse
1969 1325 2149 1387 decet,
2190 1322 2345 1391 iuxta

784 1424 1046 1492 temporis
1076 1423 1288 1490 quidem
1324 1419 1771 1488 consequentiam
1810 1426 1866 1471 et
1896 1430 2056 1483 quem
2104 1414 2248 1467 istud
2279 1412 2345 1466 iis

780 1517 1026 1577 ordinem
1093 1512 1372 1582 imposuit.
1427 1513 1567 1578 Quin
1600 1514 1673 1563 'et
1727 1511 2082 1575 imperatores
2116 1520 2345 1575 quorum

784 1606 1117 1676 temporibus
1174 1588 1481 1661 divinorum
1537 1604 1725 1655 borum
1785 1601 1888 1655 sub
1942 1601 2055 1655 Deo
2099 1612 2348 1654 auctores

780 1712 1052 1753 canonum
1084 1698 1399 1751 claruerunt
1423 1693 1883 1749 commemorandi
1913 1702 2056 1746 sunt.
2088 1692 2177 1745 Sic
2203 1691 2345 1744 enim

784 1788 965 1842 oratio
994 1787 1280 1857 perspicua
1312 1788 1432 1838 erit.

924 1901 967 1955 1.
1015 1900 1085 1954 De
1126 1910 1427 1952 sanctorum
1480 1900 1837 1966 apostolorum
1891 1898 2203 1950 cauonibns.

864 2016 1185 2071 Sanctorum
1218 2014 1583 2080 apostolorum
1622 2013 1840 2067 nomine
1878 2010 2169 2080 nuncupati
2196 2017 2346 2063 octo-

794 2110 939 2178 ginta
973 2107 1211 2175 quinque
1241 2120 1479 2158 canones
1517 2104 1678 2172 primi
1714 2102 2151 2157 commodissime
2182 2099 2349 2154 collo—

789 2210 1000 2264 cantur,
1026 2209 1209 2266 utpote
1229 2198 1342 2265 qui,
1371 2206 1427 2249 ut
1457 2195 1608 2248 aiunt
1636 2194 1902 2256 nonnulli,
1930 2207 1960 2246 a
1988 2205 2180 2260 magno
2207 2190 2349 2243 inter

790 2301 1057 2361 martyres
1074 2290 1350 2344 Clemente
1368 2286 1667 2354 conscripti
1688 2293 1835 2337 sunt.
1854 2282 1951 2336 Hic
1972 2296 2148 2336 autem
2167 2282 2346 2351 magni

791 2383 935 2438 Petri
982 2382 1160 2434 socius
1210 2380 1332 2443 fuit,
1365 2377 1661 2445 quinetiam
1692 2386 1745 2427 et
1782 2374 1887 2430 divi
1921 2373 2095 2436 Pauli,
2129 2385 2186 2427 ut
2219 2372 2337 2439 ipse

790 2478 1047 2530 nimirum
1076 2474 1143 2526 de
1167 2488 1232 2523 eo
1253 2471 1413 2523 tradit
1437 2488 1449 2522 :
1474 2470 1562 2537 qui
1596 2468 1783 2522 tertius
1813 2479 1931 2536 post
1958 2478 2345 2535 prmeeptoretn

790 2569 1007 2622 Petrum
1043 2566 1226 2618 Ruina:
1258 2564 1546 2632 episcopus
1586 2561 1895 2613 nominatus
1922 2570 2027 2621 est,
2064 2559 2199 2612 Lino
2228 2570 2351 2612 suc-

790 2662 988 2716 cedens
1019 2678 1030 2712 :
1064 2669 1117 2711 et
1144 2656 1387 2726 martyrii
1413 2670 1613 2710 corona
1638 2656 1743 2736 sub
1773 2653 2100 2722 imperatore
2116 2650 2351 2720 Traiano

794 2755 1073 2806 redimitus
1133 2759 1233 2804 est.
1292 2749 1622 2801 Clementem
1677 2757 1857 2799 autem
1906 2758 2003 2797 eos
2066 2741 2350 2811 scripsisse

795 2840 1036 2895 nonnulli
1068 2839 1432 2906 conjecturam
1457 2836 1701 2891 fecerunt
1727 2849 1792 2911 es
1821 2849 1886 2888 eo
1913 2832 2057 2903 quod
2082 2834 2138 2886 in
2165 2830 2351 2885 ultimo

793 2948 1002 2988 canone
1042 2932 1311 3000 prtiptiuut
1355 2945 1505 2983 suam
1563 2927 1766 2982 inducit
1825 2940 2158 2995 personam:
2207 2925 2350 2992 quod

795 3024 956 3078 etiam
1000 3024 1181 3074 divum
1225 3020 1425 3073 Lucam
1479 3018 1533 3072 in
1572 3016 1722 3071 Actis
1761 3015 2123 3085 apostolorum
2157 3013 2352 3067 fecisse

795 3123 1027 3168 constat.
1057 3110 1334 3176 Nusquam
1362 3108 1504 3161 cnim
1533 3122 1719 3161 omnes
1744 3121 1927 3160 sacros
1948 3104 2218 3174 apostolos
2244 3119 2349 3156 una

797 3204 1113 3260 convenisse
1163 3213 1216 3256 et
1266 3216 1361 3254 eos
1404 3200 1676 3253 communi
1709 3212 1977 3270 consensu
2009 3197 2355 3251 constituisse

796 3298 1014 3364 scriptis
1050 3297 1303 3349 traditur.
1342 3294 1405 3346 lit
1439 3291 1729 3346 verisimile
1754 3301 1841 3344 est
1865 3278 2107 3343 summos
2136 3298 2355 3357 aposto-

795 3390 969 3442 lorum
1001 3388 1048 3440 ei
1082 3388 1170 3454 qui
1203 3376 1404 3437 tamdiu
1434 3383 1719 3451 praesentia
1753 3383 1993 3453 ipsorum
2025 3380 2219 3434 l‘rnitus
2252 3389 2356 3443 est.

796 3479 915 3532 illos
970 3479 1229 3539 dictas~c,
1290 3485 1344 3528 et
1395 3471 1625 3541 iussisse
1674 3483 1733 3525 ut
1783 3470 2000 3541 scriptis
2048 3472 2351 3526 mandaret.

796 3570 937 3624 Huic
984 3579 1163 3623 autem
1208 3578 1262 3620 et
1312 3566 1561 3634 Epistolas
1610 3566 1675 3618 ad
1710 3564 1961 3619 Hebraeos
2010 3564 2062 3617 in
2117 3563 2354 3633 linguam

796 3664 1040 3719 Graecam
1078 3660 1581 3727 interpretationem
1606 3658 1926 3710 ascribunt:
1964 3656 2189 3708 multum
2214 3654 2358 3708 enim

798 3766 882 3811 est
912 3754 1207 3813 afﬁnitatis,
1244 3758 1297 3805 et
1329 3751 1490 3804 ambo
1520 3750 1765 3803 eamdem
1797 3747 2030 3817 speciem
2086 3754 2142 3803 et
2191 3746 2359 3814 ipsius

798 3846 1052 3918 loquendi
1083 3844 1326 3898 formula:
1372 3844 1742 3897 characterem
1780 3840 1978 3895 terunt.
2012 3837 2128 3892 Non
2182 3850 2359 3893 autem

801 3956 886 4007 me
915 3942 1043 3994 latet
1074 3938 1335 4007 quosdam
1363 3951 1393 3990 e
1418 3935 1695 3990 veteribus
1729 3923 1892 3989 hosce
1920 3949 2159 3989 canones
2185 3933 2360 3988 dubiae

800 4033 925 4085 tidci
956 4032 1314 4087 existimasse,
1346 4028 1517 4079 donec
1550 4036 1737 4079 sancta
1759 4034 1814 4079 et
1839 4027 2182 4080 acumenica
2206 4035 2360 4079 sexta

800 4124 1056 4194 synodus,
1121 4121 1363 4174 omnium
1419 4133 1699 4172 sacrorum
1758 4132 2022 4172 canonum
2076 4131 2359 4170 numerum

802 4216 1191 4275 iteterininans,
1240 4227 1372 4279 quos
1404 4222 1511 4264 tam
1552 4211 1901 4265 meumenicae
1951 4224 2111 4279 quam
2163 4208 2364 4263 locales

804 4304 1017 4373 synodi,
1049 4316 1289 4369 quosque
1323 4302 1488 4352 ριίςιηι
1538 4298 1781 4353 nonnulli
1828 4300 2026 4365 pietate
2077 4306 2133 4352 et
2162 4299 2363 4352 virtute

802 4397 987 4450 eximii
1023 4393 1213 4446 Patres
1265 4392 1509 4460 privatim
1555 4399 1999 4457 composuerant,
2044 4390 2230 4441 horum
2281 4388 2364 4441 in-

2376 1825 2427 1885 Β

2441 773 2675 828 θύνοντα
2723 774 2930 841 πίστιν,
2982 781 3078 831 καὶ
3126 782 3265 850 πρὸς
3310 782 3540 856 θεοφιλῆ
3590 785 3709 856 βίον
3753 790 4018 855 ἀπλανῶς

2443 865 2802 956 ἐφελκόμενα.
2870 868 3326 942 Ἐπικάιρότατον
3366 876 3414 928 δ’
3465 876 3534 930 ἀν
3587 880 3673 947 ειη
3732 880 4016 936 καὶκατὰ

2447 959 2610 1028 μέρος
2645 958 2797 1027 ἑξῆς,
2830 964 2906 1027 ὡς
2930 963 3062 1030 γαῦν
3082 967 3217 1033 ἡμῖν
3244 967 3485 1035 ἐφικτὸν,
3520 972 3829 1039 ἱστορῆσαι,
3856 974 4012 1038 πότε,

2444 1052 2555 1103 κάκ
2583 1050 2765 1114 τίνων,
2795 1055 2890 1105 καὶ
2923 1056 3070 1118 ὅπως
3102 1058 3185 1121 είς
3213 1059 3329 1127 φῶς
3360 1059 3591 1124 ἕκαστος
3621 1062 3731 1115 τῶν
3763 1066 4016 1120 κανόνων

2443 1142 2738 1212 προῆλθον,
2767 1146 2861 1197 καὶ
2892 1144 3086 1217 λύχνος
3112 1152 3226 1212 τοῖς
3253 1152 3417 1220 ἡμῶν
3446 1153 3592 1217 ποσὶ,
3620 1155 3713 1207 καὶ
3751 1157 3871 1222 φῶς
3894 1160 4017 1217 ταῖς

2443 1234 2587 1288 κατά
2612 1235 2705 1288 τὸν
2746 1236 2861 1303 βίον
2895 1238 3245 1306 ἐγεγόνεισαν
3272 1232 3501 1313 τρίϐοις.
3535 1246 3651 1298 Ἵνα
3678 1246 3735 1298 δέ
3765 1247 3863 1299 καὶ
3893 1249 4017 1299 καθ’

2447 1325 2639 1394 είρμδν
2666 1328 2701 1379 ὁ
2723 1326 2884 1394 λόγος
2908 1330 3115 1399 προῒοι,
3147 1331 3385 1403 ἑκάστης
3408 1336 3626 1389 συνόδου
3657 1338 3752 1391 καὶ
3778 1337 3887 1389 τῶν
3914 1339 4017 1407 ἰδίᾳ

2446 1414 2776 1483 γραψάντων
2811 1419 3070 1487 Πατέρων
3112 1426 3544 1492 μνημονευτέον,
3597 1429 3740 1480 κατά
3782 1427 3883 1496 τὴν
3920 1428 4016 1479 τοῦ

2446 1508 2641 1576 χρόνου
2678 1509 2862 1575 μέντοι
2897 1510 3240 1579 ἀκολουθίαν,
3272 1515 3367 1566 καὶ
3396 1514 3463 1585 ἢν
3491 1508 3647 1577 οὗτος
3701 1518 3858 1582 τάξιν
3891 1518 4017 1570 τού·

2447 1614 2560 1659 τοις
2587 1598 2876 1667 ἐπέθηκεν.
2916 1601 3315 1673 Ἐπιμνηστέον
3357 1606 3415 1657 δέ
3448 1607 3547 1659 καὶ⁵
3577 1606 3687 1660 τῶν
3721 1607 4016 1676 βασιλέων,

2449 1690 2571 1742 καθ’
2607 1689 2701 1753 οὓς
2732 1692 2784 1743 οἱ
2815 1692 3097 1761 ὑποφῆται
3144 1695 3254 1747 τῶν
3305 1695 3468 1749 θείων
3495 1688 3727 1751 τουτωνὶ
3772 1701 4019 1753 κανόνων

2452 1782 2766 1853 ἐξέλαμψαν
2785 1800 2798 1815 ·
2830 1784 2975 1838 οὕτω
3011 1786 3123 1855 γὰρ
3147 1788 3212 1840 ἂν
3241 1790 3270 1841 ό
3296 1788 3452 1856 λόγος
3482 1791 3811 1855 εὐσύνοπτος
3834 1795 3946 1862 εἴη.

2484 1894 2563 1949 A'.
2602 1896 2739 1963 Περὶ
2771 1896 2890 1951 τῶν
2928 1900 3208 1971 κανόνων
3238 1900 3358 1953 τῶν
3389 1903 3573 1970 ἁγίων
3604 1901 3986 1961 ἀποστόλων.

2522 2007 2736 2076 Πρῶτοι
2777 2009 2960 2063 τοίνυν
2987 2013 3036 2063 οἱ
3068 2012 3157 2065 ἐπ’
3186 2012 3411 2081 ὀνόματι
3442 2013 3552 2066 τῶν
3588 2012 3762 2082 ἀγίων
3785 2018 4023 2070 ἀποστό-

2451 2099 2557 2149 λων
2588 2099 2747 2150 πέντε
2777 2100 2913 2168 πρὸς
2958 2104 3071 2164 τοῖς
3100 2102 3436 2173 ὀγδοήκοντα
3477 2107 3702 2169 κανόνες
3733 2109 3793 2159 ἐν
3822 2112 3892 2177 τῇ
3922 2110 4019 2162 τοῦ

2451 2189 2619 2242 καλοῦ
2644 2191 2836 2260 πρώτῃ
2870 2193 3037 2262 μοῖρα
3065 2194 3394 2258 ἐκδεδονται,
3423 2199 3747 2266 συγγραφέα
3774 2199 4021 2267 σχόντες,

2451 2278 2527 2340 ὧς
2579 2281 2712 2348 φασί
2759 2298 2925 2343 τινες,
2974 2282 3065 2335 τὸν
3117 2283 3292 2351 μέγαν
3334 2286 3394 2337 ἐν
3430 2286 3665 2356 μάρτυσι
3700 2287 4017 2357 Κλήμεντα.

2453 2371 2662 2442 Πέτρου
2710 2372 2768 2425 δὲ
2815 2368 2884 2439 ἦν
2937 2375 3047 2443 ἄρα
3083 2368 3241 2435 οὗτος
3288 2375 3555 2446 ὁμιλητὴς
3597 2378 3690 2431 τοῦ
3744 2380 4018 2449 μεγάλου·

2451 2462 2586 2516 ἀλλὰ
2615 2464 2679 2533 δὴ
2705 2464 2799 2515 καὶ
2832 2464 3049 2517 Παύλου
3075 2465 3170 2519 τοῦ
3201 2466 3369 2532 θείου,
3399 2468 3475 2530 ὡς
3506 2470 3664 2533 αὐτὸς
3690 2470 3862 2535 δήπου
3889 2477 4022 2545 περὶ

2453 2552 2647 2607 ἑαυτοῦ
2700 2555 2941 2625 ἱστορετο
2986 2555 3047 2620 ὃς
3102 2557 3285 2628 τρίτος
3351 2559 3494 2629 μετά
3545 2561 3640 2613 τὸν
3695 2562 4022 2618 διδάσκαλον

2455 2644 2664 2714 Πέτρον
2699 2645 2798 2715 τῆς
2841 2645 3065 2717 Ῥώμης
3107 2648 3406 2713 ἐπίσκοπος
3461 2652 3835 2721 κεχρημάτικε
3861 2694 3875 2717 ,
3925 2657 4021 2709 τὸν

2453 2739 2612 2791 Λῖνον
2645 2737 3049 2807 διαδεξάμενος,
3074 2740 3168 2792 καὶ
3208 2742 3300 2795 τὸν
3342 2748 3682 2811 μαρτυρικὺν
3720 2746 4021 2816 ἀνεδήσατο

2456 2829 2741 2897 στέφανον,
2767 2830 2861 2883 ἐπὶ
2883 2830 3154 2900 Τραϊανοῦ
3182 2831 3465 2900 βασιλέως.
3494 2835 3784 2905 Κλήμεντα
3808 2838 3863 2891 δὲ
3887 2841 4015 2892 τού-

2454 2936 2579 2981 τους
2604 2920 2811 2991 γράψαι
2852 2922 3000 2983 τινὲς
3040 2924 3422 2991 ἐστοχάσαντο.
3472 2925 3536 2977 ἐκ
3581 2930 3675 2979 τοῦ
3721 2929 3783 2981 τδ
3816 2932 4020 2982 οἰκεῖον

2456 3012 2697 3079 εἰσάγειν
2725 3012 3022 3080 πρόσωπον
3050 3012 3127 3082 τῷ
3169 3014 3470 3085 τελευταίῳ
3513 3017 3719 3079 κανόνι,
3759 3018 3830 3081 ὣς
3860 3037 3923 3087 γε
3953 3021 4020 3090 δὴ

2457 3105 2554 3156 καὶ
2586 3106 2612 3155 ο
2644 3104 2785 3168 θεῖος
2815 3106 3032 3167 Λουκᾶς
3056 3106 3119 3157 ἐν
3156 3106 3279 3169 ταῖς
3318 3108 3559 3177 ngas“:
3608 3111 3777 3160 ποιῶν
3804 3111 4020 3163 δείκνυ-

2458 3208 2582 3249 ταιο
2637 3192 2758 3245 οὐδὲ
2806 3193 2916 3262 γάρ
2979 3196 3262 3265 ἱστόρηται
3311 3191 3413 3249 που
3454 3200 3665 3261 πάντας
3718 3202 3798 3262 εἰς
3850 3202 4021 3254 ταυτδ

2459 3283 2737 3336 συνελθεῖν
2763 3284 2889 3345 τοὺς
2942 3286 3122 3356 ἱεροὺς
3156 3288 3510 3353 ἀποστόλους,
3562 3291 3659 3341 καὶ
3702 3293 3854 3361 κοινῇ
3888 3293 4020 3344 τούς-

2457 3391 2580 3437 τους
2612 3375 2999 3443 συντεταχέναι
3025 3392 3041 3407 ·
3072 3380 3166 3431 καὶ
3213 3379 3360 3441 εἰκός
3407 3395 3471 3447 γε
3514 3379 3642 3443 τοὺς
3673 3381 3881 3451 ἄκρους
3911 3384 4021 3434 τῶν

2458 3466 2796 3534 ἀποστόλων,
2829 3466 2910 3537 τῷ
2946 3466 3113 3521 πολὺν
3164 3468 3267 3538 ἤδη
3318 3470 3515 3538 χρόνον
3566 3470 3667 3538 τῆς
3724 3473 4022 3533 συνουσίας

2460 3556 2641 3610 αὐτῶν
2702 3558 3133 3624 ἀπολελαυκότι,
3190 3560 3416 3623 τούτους
3463 3562 3867 3632 ὑπαγορεῦσαι,
3926 3567 4025 3616 καὶ

2459 3651 2643 3716 γραφῇ
2710 3647 2894 3700 δοῦναι
2966 3648 3246 3703 κελεῦσαι.
3309 3649 3499 3720 Τούτῳ
3549 3652 3654 3703 ικαὶ
3715 3653 3813 3719 τῆς
3886 3654 4025 3721 πρὸς

2472 3739 2759 3809 Ἐσραίους
2792 3741 3080 3809 ἐπιπολῆς
3107 3740 3207 3810 τὴν
3255 3741 3392 3809 πρὸς
3436 3740 3535 3809 τὴν
3566 3739 3792 3794 Ἐλλάδα
3838 3744 4025 3811 φωνὴν

2462 3831 2758 3899 ἑρμηνείαν
2806 3830 3160 3883 ἀνατιθέασιο
3218 3830 3355 3883 πολὺ
3383 3831 3497 3900 γὰρ
3523 3830 3584 3883 τὸ
3633 3832 3897 3899 συγγενὲς
3927 3835 4025 3883 καὶ

2460 3920 2628 3989 ἄμφω
2666 3919 2891 3990 φέρουσι
2917 3920 3090 3973 ταῦτα
3124 3920 3222 3990 τῆς
3248 3921 3392 3982 ἰδέας
3424 3923 3522 3973 καὶ
3558 3920 3651 3972 τοῦ
3678 3922 4027 3991 χαρακτῆρος

2460 4009 2571 4062 τῶν
2599 4010 2773 4078 λόγων
2798 4010 3031 4063 ἐκείνου.
3061 4010 3176 4062 Οὐκ
3203 4009 3384 4076 ἀγνοῶ
3408 4010 3484 4072 δὲ,
3512 4009 3588 4071 ὥς
3617 4027 3761 4070 τινες
3788 4011 3899 4062 τῶν
3923 4015 4027 4081 np.

2461 4100 2651 4170 καίων,
2681 4099 3009 4169 ἁμφιδό).ους
3042 4099 3129 4151 διὰ
3163 4099 3333 4152 ταῦτα
3362 4099 3488 4160 τοὺς
3518 4100 3749 4161 κανόνας
3779 4101 4019 4162 τούτους

2463 4194 2759 4263 ἡγήσαντο,
2781 4191 2885 4253 ἕως
2909 4193 2942 4260 ή
2974 4191 3101 4259 ἁγία
3128 4190 3223 4241 καὶ
3241 4190 3593 4258 οἰκουμενικὴ
3622 4190 3756 4256 ἕκτη
3785 4189 4028 4253 σύνοδος,

2463 4286 2560 4354 τὴν
2606 4282 2990 4352 ἀπαρίθμησιν
3045 4279 3343 4347 ποιουμένη
3400 4278 3511 4330 τῶν
3563 4278 3724 4348 ιερῶν
3769 4278 4032 4332 ἁπάντων

2464 4379 2728 4440 κανόνων,
2775 4373 2870 4436 οὓς
2900 4374 2961 4426 αἴ
3004 4390 3064 4424 τε
3099 4372 3485 4441 οἰκουμενικαὶ
3524 4373 3619 4423 καὶ⁵
3648 4372 3873 4423 τοπικαὶ
3906 4388 4034 4422 συν-

806 4486 994 4555 primis
1049 4484 1377 4537 mentionem
1442 4480 1591 4533 facit.
1647 4479 1787 4531 Dicit
1832 4479 1975 4531 enim
2027 4478 2127 4531 :A
2162 4476 2362 4531 sanctis
2391 4476 2443 4534 ῐ)

2391 4476 2443 4534 ῐ)
2469 4470 2729 4534 ετάξαντο
2754 4467 2985 4529 σύνοδοι,
3024 4466 3119 4518 καὶ
3149 4460 3243 4525 οὓς
3274 4460 3431 4525 αὖθις
3470 4463 3579 4532 toi;
3603 4464 3711 4515 τῶν
3745 4463 3834 4515 ἐπ’
3874 4464 4033 4515 εὐσεο

809 4576 1055 4628 l‘ntribus
1084 4574 1174 4643 qui
1201 4588 1297 4625 nos
1333 4578 1725 4640 prmcessernnt
1764 4577 2046 4637 susceptos
2088 4578 2147 4621 et
2166 4566 2367 4620 conﬁr—

806 4678 981 4721 matos
1002 4676 1054 4719 et
1086 4666 1241 4718 nobis
1280 4666 1441 4715 etiam
1472 4663 1572 4714 sub
1602 4670 1915 4712 sanctorum
1935 4659 2364 4727 etgloriosorum

805 4761 1172 4853 npostolurpm
1237 4756 1452 4809 nomine
1510 4752 1740 4806 traditos
1798 4752 2071 4817 octagittta
2128 4750 2367 4818 quinque

804 4866 1041 4906 canones
1069 4841 1422 4902 a'utoritatem
1483 4845 1719 4897 retinere
1746 4857 1844 4896 nos
1899 4843 2062 4893 etiam
2091 4841 2364 4911 jnhemus,

805 4940 1048 5008 exceptis
1070 4936 1366 4993 Clementis
1390 4922 1646 5003 Epistolis
1665 4944 1720 4985 et
1735 4928 2253 4992 Constitutionibus;
2284 4928 2365 4982 ha:

807 5033 951 5082 enim
976 5031 1161 5083 multis
1179 5026 1494 5080 adulterinis
1513 5033 1568 5077 et
1589 5022 1909 5092 perniciosis
1924 5031 2193 5090 corrupta:
2213 5032 2361 5074 sunt.

810 5114 1147 5188 lla-c'iiaque
1191 5119 1313 5172 talis
1340 5125 1607 5170 tantorum
1640 5124 1694 5168 et
1721 5122 1885 5166 tanta:
1914 5112 2252 5166 auctoritatis
2283 5114 2363 5163 vi-

809 5226 991 5267 rorum
1016 5210 1281 5265 sententia
1305 5221 1519 5262 omnem
1549 5204 1712 5257 animi
1739 5203 1804 5257 de
1828 5202 2127 5256 canonibus
2150 5212 2366 5269 inposta-

810 5303 927 5357 licis
957 5303 1355 5356 dubitationem
1402 5310 1613 5352 summa
1668 5303 1933 5361 potestate
1971 5292 2364 5353 ﬁdeliumror-

811 5398 968 5450 ilibus
997 5396 1213 5449 evulsit.

2466 4562 2585 4632 θείᾳ
2612 4558 3002 4626 διενεγκόντων
3022 4558 3120 4609 καὶ
3147 4556 3318 4631 ἀρεηῇ
3355 4556 3617 4623 Πατέρων
3646 4555 3799 4615 ἔνιοι,
3823 4553 4037 4624 προῦρ-

2466 4669 2564 4721 γου
2607 4651 2814 4704 τούτων
2860 4647 3350 4717 ἀπεμνημόνευσε.
3395 4645 3535 4712 Φησὶ
3579 4645 3720 4714 γάρ’
3756 4645 3896 4706 Τοὺς
3928 4645 4036 4696 ὑπὸ

2466 4745 2575 4796 τῶν
2603 4742 2712 4812 πρὸ
2739 4740 2896 4811 ἡμῶν
2945 4738 3116 4806 ἁγίων
3161 4738 3421 4804 Πατέρων
3452 4735 3545 4787 καὶ
3573 4735 3883 4803 δεχθέντας,
3934 4735 4037 4788 καὶ

2468 4834 2841 4905 κυρωθέντας,
2873 4830 3009 4884 ἀλλὰ
3040 4828 3150 4898 μὴν
3194 4828 3287 4878 καὶ
3315 4825 3720 4894 παραδοθέντας
3759 4827 3896 4893 ἡμῖν
3943 4825 4036 4876 ἐπ’

2471 4928 2695 4995 ὀνόματι
2719 4925 2829 4976 τῶν
2869 4922 3041 4990 ἁγίων
3085 4920 3180 4972 καὶ
3225 4917 3451 4982 ἐνδόξων
3479 4916 3797 4970 ἀποστόλων
3839 4917 4039 4986 ὀγδοή-

2475 5037 2637 5071 κοντα
2668 5018 2826 5069 πέντε
2855 5014 3110 5074 κανόνας,
3142 5012 3203 5061 τὸ
3232 5010 3403 5079 κῦρος
3430 5008 3577 5079 ἔχειν
3624 5009 3717 5060 καὶ
3746 5007 3909 5080 ἡμεῖς
3940 5025 4037 5059 κε-

2473 5112 2725 5177 λεύομεν,
2758 5106 2897 5175 πλὴν
2924 5104 3033 5156 τῶν
3059 5103 3153 5154 τοῦ
3185 5101 3498 5170 Κλήμεντος
3522 5101 3819 5153 ἐπιστολῶν
3851 5116 3909 5152 τε
3939 5105 4036 5154 καὶ

2472 5204 2797 5269 διατάξεωνο
2842 5192 3129 5265 αὗταιγὰρ
3164 5195 3302 5263 πρὸς
3339 5194 3449 5246 τῶν
3482 5192 3759 5245 δυσσεσῶν
3796 5193 3935 5246 πολὺ
3976 5195 4038 5245 τὸ

2475 5297 2626 5350 νόθον
2669 5295 2761 5345 καὶ
2787 5287 3053 5356 σφαλερὸν
3082 5285 3437 5347 εἰσεδέξαντο.
3487 5285 3554 5336 Ἥ
3584 5283 3807 5350 τοιαύτη
3853 5285 4040 5335 τοίνυν

2478 5390 2616 5456 ain)
2655 5383 2806 5452 φωνὴ
2854 5380 2980 5449 τῶνἱ
3004 5375 3271 5429 τοσούτων
3315 5380 3407 5429 καὶ
3456 5375 3791 5443 τηλικούτων
3828 5375 4042 5442 ἀνδρῶν

814 5494 990 5543 πάντα
1039 5488 1299 5555 λογισμὸν
1352 5487 1479 5554 περὶ
1538 5482 1646 5535 τῶν
1698 5481 2073 5535 ἀποστολικῶν
2123 5484 2359 5540 κανόνων
2402 5483 2703 5558 ἀμφίῦολον
2725 5479 2788 5529 ὲκ
2818 5476 2913 5542 τῆς
2946 5473 3053 5525 τῶν
3089 5471 3296 5524 πιστῶν
3336 5472 3561 5541 καρδίας
3633 5472 3772 5539 μετα
3841 5468 4039 5522 πολλοῦ

814 5584 905 5634 τοῦ
940 5583 1093 5649 κρείτ
1109 5597 1248 5640 ῖονος
1278 5579 1570 5646 περιεῖλεν.

1166 5694 1227 5746 Il.
1255 5694 1325 5745 De
1349 5694 1516 5761 synod
1535 5711 1563 5745 ο
1595 5692 2017 5761 Carthaginiensi.

886 5811 1133 5863 Omnium
1159 5810 1366 5875 quidet-I
1398 5807 1775 5861 lllli\'e."S£ti'illlll
1807 5805 2005 5871 puriter
2028 5820 2087 5858 ac
2120 5804 2367 5858 i0C.iiillltt

2670 5685 2738 5735 δ’.
2779 5681 2914 5747 Περὶ
2943 5678 3050 5743 τῆς
3078 5685 3146 5730 ἐι·
3175 5633 3509 5745 Καρὲηδὸνι
3541 5673 3827 5727 συνόδου.

2554 5800 2625 5849 Ti?
2655 5823 2670 5845 ι
2705 5815 2765 5859 γε.
2807 5795 2910 5862 μὴν
2956 5791 3348 5860 οἰκουμενικῶν
3386 5805 3445 5841 τε
3484 5788 3578 5840 καὶ
3609 5784 3846 5840 τοπικῶν
3887 5787 4025 5840 ἀπα-
