4198 6448
241 391 348 456 969
1613 385 2034 455 PRIEFATIO.
3386 400 3490 467 0'23

243 509 440 578 σῶν.ή
479 509 537 562 ἐν
578 508 889 579 Καρχηδόνι
937 509 1154 573 σύνοδος
1207 507 1542 579 ἀρχαιοτέρα
1603 507 1820 578 ῑστόρη-
1851 517 1892 572 Α

1851 517 1892 572 Α
1925 508 2166 580 synodus
2195 506 2524 577 Carthagine
2549 506 2729 560 habita
2758 508 3136 576 antiquissima
3172 507 3342 566 fuisse
3379 523 3485 567 tra'

243 613 360 662 ται,
397 597 627 666 ἔξαρχον
661 599 761 668 μὲν
803 601 1076 668 ἐσχηκυῖα
1121 599 1211 652 τὸν
1254 599 1431 667 μέγαν
1464 598 1815 666 Κυπριανόν·

1927 601 2092 662 ditur,
2124 614 2242 668 quae
2273 599 2556 667 praesidem
2610 600 2798 652 habuit
2829 615 3081 669 magnum
3135 601 3487 672 Cyprianum.

246 692 328 750 είς
361 689 698 752 ἐπισκόπους
730 691 787 744 δέ
820 689 1158 760 ἐπληθύνετο
1200 690 1339 758 πρὸς
1380 689 1494 750 τοῖς
1525 688 1818 759 τέσσαρσιν

1926 689 2203 757 Episcopis
2233 700 2411 743 autem
2444 689 2715 760 octoginta
2757 700 2991 758 quatuor
3047 693 3311 760 rompleta
3369 692 3488 747 fuit.

243 780 615 848 ὁγδοήκοντα⁹
649 781 698 834 οἳ
729 781 793 851 δὴ
846 782 942 833 καὶ
985 781 1041 834 ἓν
1092 780 1254 852 μόνον
1297 780 1607 850 ἐξήνεγκαν
1648 781 1724 843 ὡς
1764 784 1822 833 ἐν

1922 778 1984 833 Hi
2017 792 2197 835 autem
2232 795 2396 834 unum
2432 789 2638 834 tantum
2664 782 2764 835 Sub
2791 782 3018 836 canonis
3076 783 3248 838 forma
3307 785 3497 840 decre—

238 873 380 924 εξδει
411 873 637 934 κανόνος
667 873 954 942 ψήφισμα,
989 872 1118 935 τοὺς
1166 871 1423 938 καθάπαξ
1454 872 1558 926 ὑπὸ
1600 872 1820 926 πάντων

1925 878 2038 921 tum
2061 868 2373 930 ediderunt,
2407 883 2501 923 eos
2527 871 2785 924 nimirum
2811 870 2902 941 qui
2960 872 3027 924 ab
3055 871 3324 928 lizereticis
3373 876 3493 945 qui-

243 965 540 1033 αἱρετικῶν
584 982 644 1017 τε
703 966 798 1017 καὶ
853 965 1234 1034 σχισματικῶν
1271 964 1700 1035 βαπτισθέντας,
1751 969 1815 1035 τῇ

1921 958 2152 1014 buslibet
2181 970 2273 1014 aut
2303 959 2667 1016 schismaticis
2694 963 2862 1018 semel
2895 963 3315 1033 baptizatisont,
3345 969 3389 1022 si
3423 968 3489 1022 ad

243 1056 511 1126 καθολικῇ
553 1061 1030 1126 προσερχομένους
1069 1057 1390 1128 Ἐκκλησία,
1419 1056 1574 1120 αὖθις
1627 1056 1818 1126 βαπτί-

1922 1053 2220 1109 Ecclesiam
2252 1055 2576 1124 catholicam
2628 1056 2909 1119 accedant,
2944 1060 3122 1111 denuo
3182 1057 3487 1128 baptizari;

242 1148 459 1214 ζεσοαι,
501 1152 895 1220 σχισματικοὺς
937 1152 1062 1213 τοὺς
1113 1153 1242 1216 περὶ
1291 1150 1542 1205 Ναυάτον
1585 1151 1819 1205 αἰνιττό-

1921 1159 2018 1212 per
2048 1146 2424 1201 schismaticos
2456 1157 2638 1201 autem
2681 1143 2872 1200 Novati
2903 1149 3148 1218 gregales
3181 1150 3487 1220 indigitaut.

244 1257 444 1307 μενοι·
479 1241 781 1311 τηνικαῦτα
823 1241 932 1309 γὰρ
1045 1245 1241 1296 τούτου
1269 1242 1486 1312 αἵρεσις
1516 1243 1819 1312 είσεφθάρη

1923 1237 1987 1290 Ει
2017 1249 2127 1292 ιιιιη
2160 1241 2306 1294 enim
2335 1240 2590 1308 temporis
2615 1241 2771 1295 istius
2821 1241 3045 1296 haeresis
3078 1244 3130 1296 in
3192 1242 3488 1300 Ecclesiam

241 1337 310 1402 τῇ
357 1334 678 1405 Ἐκκλησία.
723 1331 931 1388 Τούτου
956 1335 1053 1389 τοῦ
1087 1337 1444 1406 ψηφίσματος
1480 1338 1573 1390 καὶ
1597 1339 1622 1389 6
1649 1337 1819 1406 μέγας

1920 1330 2224 1398 perniciose
2259 1330 2574 1401 irrepserat.
2630 1332 2802 1402 Hujus
2829 1331 3028 1389 decreti
3087 1350 3313 1405 magnus
3343 1337 3495 1393 Basi-

246 1425 524 1498 μέμνηται
555 1427 836 1491 Βασίλειος
867 1430 924 1480 ἐν
955 1429 1035 1498 τῷ
1081 1428 1284 1498 πρώτῳ
1314 1427 1481 1481 αὐτοῦ
1512 1432 1718 1493 κανόνι,
1750 1428 1817 1480 δι’

1919 1421 2026 1476 lius
2057 1422 2108 1474 in
2148 1421 2324 1490 primo
2361 1423 2527 1492 ipsius
2556 1428 2770 1480 'canoue
2799 1427 3130 1481 mentionem
3175 1427 3306 1482 facit
3333 1447 3348 1483 :
3372 1431 3491 1484 lau-

239 1519 471 1572 ἐπαίνου
533 1519 633 1589 μέν
687 1521 823 1575 αὐτὸ
870 1520 1180 1590 τιθέμενος,
1213 1521 1528 1588 οξκονομίας
1568 1515 1625 1573 δὲ
1656 1520 1817 1589 χάριν

1919 1512 2003 1565 dis
2030 1511 2244 1580 quidem
2281 1515 2451 1580 gratia
2485 1515 2611 1569 illud
2643 1517 2840 1581 citans,
2878 1519 3098 1588 propter
3129 1520 3491 1574 oeconomiam

240 1613 446 1680 ἀργίαν
476 1611 643 1667 αὑτοῦ
676 1613 1217 1683 καταψηφιζόμενος.
1275 1609 1438 1667 Ἀλλὰ
1479 1612 1574 1665 καὶ
1617 1615 1648 1682 ἡ
1694 1608 1819 1665 δευ-

1921 1611 2099 1657 autem
2133 1605 2484 1660 abolitionem
2513 1605 2631 1672 ejus
2683 1609 3002 1662 decernens.
3039 1609 3350 1674 Quinetiam
3407 1627 3492 1665 se-

237 1703 378 1769 τέρα
429 1703 788 1774 οἱκουμενικὴ
829 1702 1068 1766 σύνοδος,
1119 1705 1178 1755 ἐν
1216 1703 1292 1770 τῷ
1343 1701 1557 1772 ἐϐδόμῳ
1607 1701 1815 1769 ταύτης

1920 1699 2091 1749 eunda
2115 1712 2333 1765 quoque
2366 1698 2689 1751 universalis
2708 1700 2950 1764 synodus
2976 1701 3028 1752 in
3064 1703 3299 1770 septimo
3324 1703 3493 1769 ipsius

235 1795 454 1855 κανόνι,
490 1793 748 1846 τάναντία
777 1794 972 1848 τούτου
1002 1794 1366 1847 διατάττεται.
1412 1794 1511 1846 Διά
1541 1809 1624 1845 τοι
1659 1791 1816 1843 τοῦτο
1852 1858 1884 1864 __

1852 1858 1884 1864 __
1915 1797 2128 1843 ‘canoue
2178 1789 2301 1844 huic
2337 1791 2608 1844 contraria
2659 1796 2870 1846 statuit.
2932 1791 3275 1864 Quapropter
3326 1795 3488 1850 etiam

234 1887 268 1952 ἡ
304 1883 441 1952 ἐκτη
467 1885 558 1938 καὶ
585 1886 938 1954 οίκουμενικὴ
973 1886 1213 1948 σύνοδος,
1269 1885 1327 1936 ’0
1355 1884 1617 1945 ἐκδοθε“·ς,
1654 1882 1810 1952 φησὶ,
1852 1858 1889 1912 Β

1852 1858 1889 1912 Β
1918 1892 2068 1934 sexta
2102 1891 2155 1935 et
2187 1884 2508 1937 universalis
2531 1886 2788 1953 synolus.
2815 1886 3025 1947 Canon,
3054 1887 3248 1955 inquit,
3275 1889 3340 1942 ab
3373 1889 3489 1942 istis

233 1977 351 2034 τοῖς
382 1976 635 2045 Πατρὰσι
677 1975 893 2040 τούτοις
935 1975 1141 2041 κανὼν,
1187 1978 1247 2029 ἐν
1279 1978 1393 2038 τοῖς
1420 1979 1604 2038 τόποις
1631 1976 1811 2028 αὐτῶν

1919 1969 2171 2029 Patribns
2201 1977 2486 2043 expositus
2518 1977 2570 2030 in
2601 1978 2715 2031 ‘Suis
2745 1979 2982 2045 ipsorum
3010 1980 3163 2042 locis,
3194 1981 3367 2049 iiSthe
3399 1997 3489 2034 so-

236 2070 335 2119 καὶ
369 2068 553 2137 μόνοις
580 2070 720 2122 κατὰ
748 2071 812 2122 τὸ
843 2068 1155 2138 παραδοθὲν
1186 2070 1373 2130 αὐτοῖς
1415 2069 1536 2130 ἔθος
1570 2067 1812 2135 ἐκράτη-

1920 2065 1984 2121 lis
2012 2066 2163 2135 juxta
2191 2069 2644 2123 consuetudinem
2702 2070 2766 2123 iis
2804 2069 3058 2123 traditam
3093 2072 3347 2126 obtinuit.
3381 2072 3491 2127 lloc

237 2179 328 2214 σε.
366 2162 537 2215 Τοῦτο
558 2161 690 2232 γὰρ,
727 2163 803 2225 ὡς
839 2161 1003 2226 ἐοικε,
1039 2161 1116 2229 τῷ
1162 2163 1283 2213 τότε
1321 2159 1598 2212 συνετέλει
1633 2157 1813 2228 καιρῷ

1921 2159 2085 2222 enim,
2118 2171 2176 2212 ut
2206 2160 2500 2214 verisimile
2520 2169 2622 2225 est,
2651 2159 2770 2214 istis
2797 2163 3129 2229 temporibus
3156 2165 3490 2234 negotiisque

237 2256 333 2307 καὶ
361 2258 474 2319 τοῖς
503 2257 825 2328 πράγμασιο
860 2254 942 2308 διὸ
973 2257 1067 2307 καὶ
1093 2256 1124 2324 ἡ
1156 2254 1365 2307 τούτων
1427 2251 1701 2323 μεταϐολὴ
1732 2253 1812 2315 είς

1917 2253 2047 2308 utile
2074 2255 2212 2308 fuit:
2247 2254 2500 2322 quocirca
2537 2253 2726 2307 horum
2776 2257 3004 2308 'mntatio
3034 2256 3180 2309 illum
3209 2259 3373 2310 etiam
3404 2274 3490 2311 ca-

233 2351 298 2401 '8')
361 2350 559 2420 μηκέτι
613 2350 858 2418 ἐνεργεῖν
893 2350 989 2401 καὶ
1030 2349 1223 2400 τοῦτον
1279 2346 1603 2415 μετέϐαλεν.
1669 2348 1710 2398 0
1756 2345 1819 2418 δε

1917 2361 2110 2400 nonem
2156 2346 2528 2406 commutavit,
2566 2362 2630 2400 nc
2687 2348 2916 2414 amplius
2967 2348 3017 2400 in
3052 2364 3147 2401 usu
3183 2360 3347 2403 esset.
3382 2350 3490 2404 Ma-

241 2439 422 2506 μέγας
458 2457 613 2502 ουτος
650 2441 990 2508 Κυπριανδς,
1032 2441 1124 2492 ἐπὶ
1153 2439 1341 2491 Δεκίου
1366 2439 1427 2491 τὸ
1457 2438 1558 2507 τῆς
1601 2455 1813 2508 μαρτυ-

1914 2457 2051 2512 gnns
2077 2450 2256 2495 autem
2296 2443 2381 2496 hic
2409 2442 2713 2511 Cyprianus
2744 2442 2844 2494 sub
2877 2442 3040 2496 Decio
3083 2445 3322 2512 martyrii
3356 2459 3490 2512 pra:—

236 2534 366 2598 ρίας
399 2531 653 2602 βραϐεῖον
688 2533 928 2603 ἥρπασε.
968 2532 1158 2594 Δέκιος
1197 2531 1252 2584 δὲ
1281 2533 1420 2602 μετὰ
1459 2532 1552 2582 τὸν
1580 2531 1812 2600 ρηθέντα

1916 2535 2082 2586 inium
2110 2535 2340 2601 accepit.
2371 2531 2570 2587 Decius
2601 2544 2783 2587 autem
2842 2534 3086 2588 deeinius
3143 2543 3332 2589 sextus
3388 2536 3490 2590 fuit

234 2625 507 2692 Τραῖανδν
544 2626 936 2684 ἑκκαιδέκατος
985 2624 1364 2687 ἐϐασίλευσεν,
1402 2622 1540 2676 ἐτῶν
1573 2623 1633 2686 ἐξ
1670 2625 1812 2676 ὲκεί-

1915 2636 2036 2693 post
2067 2627 2382 2694 praedictum
2417 2626 2708 2692 Trajanum
2741 2627 3058 2695 imperator,
3119 2629 3277 2682 annis
3307 2633 3374 2682 ab
3425 2647 3488 2685 eo

231 2732 328 2769 νου
359 2717 776 2786 παρῳχηκότων
808 2716 1177 2786 ἐϐδομήκοντα
1207 2715 1347 2784 πρὸς
1376 2718 1486 2777 τοῖς
1521 2716 1737 2767 ἑκατόν.

1171 2735 1177 2767 ι
1207 2715 1347 2784 πρὸς
1376 2718 1486 2777 τοῖς
1521 2716 1737 2767 ἑκατόν.
1913 2729 2128 2773 rentum
2155 2729 2206 2774 et
2231 2720 2573 2790 septuaginta
2611 2720 2829 2787 elapsis.

369 2807 508 2873 Περὶ
544 2807 648 2860 τοῦ
682 2808 854 2874 ἁγίου
883 2805 1307 2875 ίερομάρτυρος
1337 2808 1682 2861 Διονυσίου.

1473 2808 1682 2861 υσίσυ.
2266 2812 2340 2866 De
2372 2822 2556 2866 sancto
2604 2821 2834 2881 martyre
2858 2811 3131 2881 Dionysio.

305 2899 437 2952 Κατ’
467 2901 641 2952 ἐκεῖνο
664 2899 757 2952 τοῦ
800 2900 997 2968 καιροῦ
1031 2902 1122 2951 καὶ
1156 2901 1182 2952 ὁ
1219 2900 1391 2966 μέγας
1437 2898 1646 2966 ηϐγασε
1695 2906 1812 2951 Διο-

1985 2901 2185 2956 Eodcm
2217 2904 2380 2955 (tiam
2407 2913 2648 2972 tempore
2682 2917 2906 2968 magnus
2943 2903 3227 2972 Dionysius
3267 2911 3483 2968 ciaruit,

230 2995 443 3055 νύσιος,
466 2993 525 3056 ὃς
543 2994 678 3064 πρός
699 3011 823 3047 τινα
850 2993 1137 3063 Βασιλίδην
1158 2995 1286 3062 περὶ
1310 2995 1578 3060 διαφόρων
1604 2993 1808 3061 ἔγραψε

1911 2997 2000 3064 qui
2024 2998 2089 3049 ad
2118 2997 2406 3063 quemdam
2443 2995 2729 3048 Basilidetn
2756 2997 2821 3048 de
2851 2996 3080 3049 diversis
3131 2996 3350 3063 scripsit
3394 3010 3484 3049 ca-

229 3086 572 3154 εςεφαλαίων,
606 3086 700 3139 καὶ
726 3086 802 3148 ὡς
831 3088 1067 3150 κανόνας
1093 3086 1266 3139 ταῦτα
1295 3087 1326 3151 ἠ
1367 3087 1667 3153 Ἐκκλησία
1698 3086 1808 3138 ἐδέ-

1911 3088 2133 3154 pitibus,
2175 3102 2292 3156 quae
2355 3087 2588 3140 Ecclesia
2656 3096 2912 3154 tanquam
2963 3102 3201 3141 canones
3259 3088 3482 3153 recepit.

232 3165 384 3240 ξατο.
419 3169 588 3236 Οὗτος
614 3175 907 3243 τοιγαροῦν
937 3179 964 3229 6
999 3175 1145 3237 θεῖος
1175 3175 1455 3234 Διονύσιος
1489 3177 1674 3242 γέγονε
1708 3177 1806 3244 μὲν
1834 3217 1874 3272 C

1834 3217 1874 3272 ς
1915 3178 2012 3231 Hic
2049 3194 2212 3246 porro
2239 3179 2453 3230 divinus
2485 3179 2771 3246 Dionysius
2797 3176 3047 3245 Grigcnis
3099 3179 3313 3230 auditor
3362 3179 3479 3238 fuit.

229 3265 515 3333 ἀκροατὴς
561 3264 909 3335 Ὠραιγένους
937 3267 993 3316 ἐν
1024 3267 1100 3333 τῷ
1128 3266 1375 3335 τετάρτῳ
1409 3267 1503 3335 τῆς
1533 3266 1805 3335 βασιλείας
1841 3264 1874 3272 “

1841 3264 1874 3272 ⁷
1910 3277 2106 3337 quarto
2137 3269 2342 3334 imperii
2380 3267 2606 3338 Philippi
2635 3285 2798 3332 anno,
2838 3271 2926 3337 qui
2963 3281 3084 3338 post
3143 3269 3476 3322 Gordianum

229 3349 343 3408 ἔτει
375 3357 665 3421 Φιλίππου,
707 3356 768 3418 ὃς
816 3357 955 3425 μετὰ
984 3356 1273 3425 Γορδιανδν
1303 3358 1648 3411 ἐϐασίλευσε.
1701 3359 1804 3410 Τὸν

1909 3363 2214 3429 imperavit.
2257 3359 2480 3413 llcracla
2529 3371 2706 3413 autem
2773 3361 2981 3413 decimo
3009 3361 3167 3413 tertio
3227 3359 3479 3415 Ecclesia‘

225 3450 286 3500 δὲ
325 3448 442 3516 βίον
477 3447 909 3516 μεταλλάξαντος
956 3446 1198 3517 Ἠρακλᾶ
1227 3449 1320 3500 τοῦ
1347 3451 1803 3518 τρισκαιδεκάτου

1908 3451 2244 3504 Alexandriae
2303 3453 2560 3520 episcopo
2612 3453 2714 3505 vita
2799 3454 3025 3516 functo,
3100 3453 3478 3522 praifccturam

228 3541 335 3607 τῆς
377 3539 770 3608 Ἀλεξανδρέων
803 3539 1129 3601 ἐπισκόπου,
1162 3541 1260 3607 τὴν
1295 3542 1637 3608 προστασίαν
1676 3544 1805 3595 ταύ-

1910 3544 2065 3595 istam
2091 3542 2176 3595 hic
2202 3543 2443 3610 excepit;
2471 3557 2700 3610 ('lllllqlle
2729 3557 2847 3594 eam
2892 3542 3330 3597 administrasset
3358 3561 3480 3612 sep-

229 3647 334 3697 της
369 3629 456 3682 ὅδε
491 3629 890 3697 ἀπολαμϐάνει,
946 3629 1041 3681 καὶ
1081 3630 1324 3698 προστὰς
1381 3633 1472 3684 ἐπὶ
1524 3633 1658 3686 δέκα
1713 3637 1802 3687 καὶ

1913 3634 2203 3688 temdecim
2238 3651 2429 3697 annos,
2455 3634 2708 3688 nimirum
2741 3644 2848 3688 tres
2872 3635 3112 3704 reiiqnos
3137 3635 3392 3704 Philippi,
3426 3647 3480 3690 et

231 3721 374 3772 ἑπτὰ
411 3719 608 3781 ἔτεσιν,
641 3719 757 3788 ἦτοι
794 3720 905 3779 τοῖς
938 3720 1087 3786 τρισὶ¹
1125 3718 1334 3781 λοιποῖς
1376 3721 1664 3784 Φιλίππου,
1708 3724 1802 3774 καὶ

1908 3742 2071 3779 unum
2103 3726 2269 3791 Decii,
2302 3737 2354 3781 et
2411 3743 2574 3779 unum
2615 3726 2750 3779 Galli
2786 3737 2840 3780 et
2873 3725 3147 3781 Volusiani
3177 3727 3321 3781 Decii
3359 3729 3475 3793 ﬁlii,

229 3812 310 3879 τῷ
343 3813 424 3862 ἐνὶ
449 3812 663 3876 Δεκίου,
696 3808 793 3863 καὶ
824 3810 900 3879 τῷ
922 3809 1000 3861 ἐνὶ
1033 3809 1257 3872 Γάλλου,
1315 3813 1410 3863 καὶ
1443 3813 1799 3865 Βολοσσιανοῦ

1907 3819 1961 3870 i‘n
1989 3819 2308 3871 duodecimo
2337 3817 2604 3872 Valeriani
2643 3829 2696 3872 et
2720 3818 2928 3872 Galieni
2964 3819 3134 3886 ipsius
3189 3818 3280 3871 lilii
3328 3834 3476 3872 anno

228 3904 329 3954 τοῦ
364 3904 481 3955 υίοῦ
512 3903 727 3966 Δεκίου,
757 3904 812 3954 ἐν
859 3902 936 3971 τῷ
979 3902 1268 3972 δωδεκάτῳ
1309 3904 1671 3973 Οᾷαλεριαιοῦ
1707 3909 1800 3959 καὶ

1905 3911 1921 3978 (
1949 3910 1998 3962 hi
2027 3912 2169 3962 enim
2202 3925 2372 3963 annos
2399 3910 2668 3963 sexdecim
2701 3909 3055 3978 imperarunt)
3086 3910 3150 3962 ad
3187 3910 3470 3964 Dominum

233 3996 500 4064 Γαληϊνου
524 3994 618 4046 τοῦ
651 3995 840 4054 παιδὸς
861 3994 1051 4058 αὑτοῦ,
1084 3996 1500 4063 (πεντεκαίδεκα
1525 4000 1632 4066 γὰρ
1657 3990 1714 4048 οὗ
1734 4015 1800 4049 .οι

1906 4002 2164 4070 martyrio
2255 4002 2524 4068 migravit.
2600 4000 2863 4054 Basilides
2951 4011 3128 4055 autem
3197 4000 3472 4071 Pentapoli

230 4088 636 4150 ἐϐασίλευσαν),
673 4085 806 4154 πρὸς
858 4085 1062 4155 Κύριον
1126 4087 1454 4155 μαρτυρικῷ
1501 4088 1798 4158 ἐξεδήμησε

1905 4091 2084 4160 Libya:
2139 4094 2388 4161 parmene
2441 4090 2719 4159 Cujusdam
2775 4093 3061 4161 episcopus
3106 4090 3242 4156 fuit,
3283 4102 3340 4147 ut
3400 4095 3473 4148 ait

227 4176 397 4227 τέλει.
438 4175 497 4225 'U
528 4174 585 4224 δὲ
636 4174 920 4238 Βασιλίδης
969 4175 1108 4226 κατὰ
1159 4175 1257 4244 τὴν
1315 4174 1654 4226 Πεντάπολιν
1703 4179 1798 4241 τῆς

1907 4185 2166 4237 Eusebius
2192 4186 2243 4238 in
2274 4195 2427 4238 sexto
2466 4195 2516 4238 et
2550 4186 2782 4252 septimo
2813 4184 3193 4239 ecclesiastica:
3226 4183 3473 4240 Ilistoriie

230 4267 441 4336 Λιϐύης
487 4262 556 4336 ἦν
607 4267 900 4335 παροικίας
956 4267 1098 4329 τινὸς
1142 4267 1464 4330 ἐπίσκοπος,
1515 4267 1589 4329 ὦς
1635 4284 1802 4334 φησιν
1905 4278 2059 4328 thro.

231 4359 492 4420 Εὐσέϐιος
524 4358 584 4411 εν
620 4375 680 4409 τε
710 4357 788 4425 τῷ
818 4359 964 4427 ἕκτῳ
995 4359 1090 4411 καὶ
1130 4357 1342 4427 ἔῦὃόμῳ
1376 4361 1472 4428 τῆς
1504 4360 1798 4430 ἐκκλησια-

230 4453 425 4518 στικῆς
459 4450 703 4520 ἱστορίας
735 4450 901 4519 λόγῳ.

227 4564 304 4616 Γ’.
344 4563 482 4629 Περὶ
512 4560 623 4629 τῆς
660 4561 728 4613 ἐν
771 4560 1100 4684 Ἀντιοχὲἓᾳ
1147 4560 1256 4627 τῆς
1299 4563 1518 4629 Συρίας
1563 4563 1798 4630 πρώτης
1830 4557 1877 4613 D

877 4647 1000 4684 συν
1075 4648 1167 4684 ου.

1771 4584 1798 4630 ς
1830 4557 1877 4613 Ι)
1940 4566 2024 4621 lli.
2065 4567 2139 4623 De
2178 4570 2351 4636 prima
2394 4568 2593 4637 synodo
2622 4569 2911 4624 Antiochus
2948 4569 3117 4639 Syria:
3147 4571 3429 4628 celebrata.

877 4647 1167 4685 συνοοου.

311 4724 455 4779 Μετὰ
483 4725 577 4776 τὸν
623 4727 856 4793 ρηθέντα
887 4726 1253 4795 Οὐαλεριανὸν
1286 4725 1404 4789 ἔτος
1442 4727 1503 4779 ἓν
1533 4727 1798 4793 Κλαύδιος

1972 4721 2100 4776 Post
2129 4722 2332 4775 dictum
2367 4721 2710 4776 Valerianum
2765 4723 3022 4778 Claudius
3053 4741 3216 4779 unum
3265 4743 3464 4781 annum

231 4817 572 4877 ἐϐασίλευσε,
602 4817 724 4884 μεθ’
750 4817 809 4868 ὃν
841 4818 1184 4886 Λύρηλιανὸς
1216 4818 1275 4880 ἐξ
1312 4818 1406 4887 ἔτη
1428 4821 1494 4872 τὰ
1527 4821 1626 4888 τῆς
1653 4820 1800 4888 βασι-

1904 4816 2224 4883 imperabat,
2272 4822 2393 4881 post
2454 4829 2614 4882 quem
2670 4815 2997 4869 Aurelianus
3045 4816 3328 4886 imperium
3369 4835 3460 4874 sex

231 4909 381 4970 λείας
412 4906 698 4977 διῴκησεν.
749 4910 837 4958 Ἰ-ἷν
870 4912 1052 4960 τοίνυν
1099 4912 1212 4971 τοῖς
1258 4911 1450 4962 τούτου
1483 4914 1714 4981 χρόνοις,
1761 4916 1794 4982 ἡ

1903 4921 2072 4957 annos
2102 4905 2541 4958 administrabat.
2580 4904 2633 4957 In
2697 4906 2856 4959 istius
2888 4907 3068 4974 itaque
3130 4910 3463 4976 temporibus

229 5004 288 5052 ἐν
336 5001 639 5069 Ἀντιοχείᾳ
668 5001 762 5067 τῆς
796 5001 964 5064 Συρία
1018 5001 1209 5066 γέγονε
1237 5000 1447 5063 σύνοδος
1479 5007 1620 5056 κατὰ
1651 5005 1798 5056 Παύ-

1903 5006 2134 5070 synodns
2166 5000 2483 5062 Antiodiiae,
2546 5015 2662 5066 qua:
2718 5009 2801 5053 est
2851 5000 3016 5068 Syria:
3077 5001 3291 5065 civitas,
3327 5005 3465 5056 cele-

229 5090 324 5142 λου
363 5090 456 5142 τοῦ
488 5092 864 5159 Σαμοσατέως,
902 5093 959 5153 ὃς
991 5093 1193 5161 ταύτης
1227 5093 1523 5155 ἐπίσκοπος
1567 5093 1661 5156 ὢν,
1705 5111 1800 5147 πο-

1904 5095 2048 5143 brata
2081 5100 2163 5143 est
2189 5103 2376 5144 contra
2429 5089 2651 5142 Paulum
2709 5089 3140 5155 Samosatenum,
3173 5095 3286 5158 qui,
3341 5109 3461 5146 cum

230 5187 407 5253 νηρᾶς
438 5186 706 5254 αἱρέσεως
734 5185 977 5254 ἀρχηγὸς
1006 5187 1271 5252 ἐγεγόνει.
1312 5187 1542 5254 Χριστὸν
1572 5187 1680 5254 γὰρ
1710 5187 1799 5238 τὸν

1903 5182 2058 5233 istius
2095 5181 2334 5234 civitatis
2362 5181 2645 5247 episcopus
2673 5190 2837 5244 esset,
2892 5183 3138 5248 pessimae
3197 5184 3461 5237 hiureseos

231 5275 490 5342 ἀληθινὸν
513 5275 666 5337 Θεὸν,
697 5276 985 5345 ἄνθρωπον
1005 5275 1156 5337 ἔλεγε
1181 5275 1354 5344 ψιλὸν,
1381 5276 1528 5337 θείας
1555 5278 1796 5346 χάριτος,

1900 5284 2089 5324 auctor
2112 5271 2234 5323 fuit.
2300 5270 2572 5325 Christum
2622 5273 2764 5322 enim
2819 5287 3002 5324 verum
3052 5273 3214 5327 Deum
3263 5279 3458 5328 nmlum

231 5368 487 5434 καθάπερ
527 5367 575 5417 οἱ
606 5368 910 5436 προφῆται,
946 5366 1284 5435 ἠξιωμένον·
1328 5367 1416 5418 τὸν
1445 5366 1501 5418 δέ
1531 5368 1656 5418 Υίδν
1701 5369 1796 5421 τοῦ

1899 5379 2019 5417 esse
2049 5365 2319 5416 hominem
2363 5362 2521 5424 dixit,
2555 5362 2751 5415 divina:
2798 5364 2985 5431 gratia:
3039 5378 3144 5415 non
3192 5380 3350 5419 secus
3397 5383 3457 5418 ac

230 5459 388 5520 Θεοῦ,
416 5461 573 5524 λόγον
600 5460 956 5529 προφορικόν.
983 5460 1156 5510 Τοῦτο
1181 5459 1443 5527 μαθόντες
1465 5460 1512 5510 οἱ
1541 5463 1635 5521 τὰς
1664 5462 1797 5528 πρὸς

1900 5457 2176 5523 propheta:
2208 5455 2506 5523 dignatum,
2583 5454 2672 5506 Dei
2726 5469 2854 5507 vero
2911 5453 3102 5507 Filium
3155 5471 3457 5511 sermonem

226 5551 645 5617 ἱωἘκκλησίας
683 5550 972 5616 ίθύνοντες,
997 5551 1098 5603 οὐκ
1134 5549 1304 5616 ὀλίγοι
1340 5551 1430 5602 ἐπὶ
1460 5550 1554 5620 τὴν
1595 5551 1798 5604 Ἀντιό-

1899 5562 2018 5602 esse
2050 5562 2142 5599 ore
2166 5547 2454 5613 prolatum.
2497 5546 2569 5600 De
2602 5548 2705 5601 hoc
2736 5546 2997 5600 certiores
3053 5545 3177 5599 tacti
3236 5548 3308 5601 illi
3367 5553 3457 5618 qui

226 5658 379 5710 χειαν
415 5641 785 5710 συνέδραμον·
827 5635 903 5695 ὧν
962 5641 1195 5710 ἐξῆρχον
1241 5641 1526 5707 Ὑμέναιος
1573 5639 1798 5708 Ἱεροσο-

1902 5643 2172 5696 l'lcclesias
2202 5639 2503 5695 Orientales
2535 5641 2816 5710 regebant,
2841 5655 2946 5692 non
2980 5641 3134 5708 pauci
3161 5639 3461 5694 Antiochia:

225 5732 435 5800 λύμων.
469 5733 771 5801 Γρηγόριος
813 5733 1252 5802 Νεοκαισαρείας
1286 5734 1313 5784 6
1340 5732 1792 5801 Θαυματουργδς,

1899 5730 2311 5795 conveniebant,
2341 5730 2539 5798 quibus
2565 5731 2923 5796 pra-sidebant
2988 5729 3309 5798 Hytnenznus
3337 5728 3463 5783 Hie.

228 5823 598 5894 Ἀθηνόδωρος
646 5827 673 5877 ὁ
707 5827 917 5878 ἐκείνου
969 5825 1218 5893 ἁδελφὸς,
1260 5824 1631 5895 Φιρμιλια-ιὸς,
1666 5829 1796 5877 Και-

1903 5822 2336 5892 rusolyuiitanus,
2375 5820 2667 5889 Gregorius
2713 5820 3149 5889 Tliaumaturgus
3182 5819 3459 5876 Neocaesa-

554 5920 823 5980 ΡΑτιιοι..
860 5921 970 5978 Gtt.
1011 5919 1098 5976 CX
1114 5919 1268 5983 LIV.

2980 5911 3049 5969 31
