4198 6448
794 377 895 444 9ῗ1
1980 373 2352 434 ΜΑΤΤΗΑΞΙ
2418 376 2452 433 E

2418 373 2841 435 BLASTARIS
3928 384 4047 445 9ἷῖ

792 491 1009 558 riensis,
1033 488 1411 545 Athenodorus
1434 486 1549 555 ejus
1576 486 1765 552 frater,
1803 485 2146 541 Firmilianus
2177 485 2359 541 Caesa-
2385 488 2436 545 Α

2395 488 2436 545 Α
2465 487 2691 556 σαρείας
2725 485 2836 539 τῶν
2886 485 3299 554 Καππαδοκῶν,
3353 490 3446 542 καὶ
3478 490 3698 551 Ἕλενος
3752 493 3851 559 τῆς
3896 494 4053 564 Ταρο

795 601 900 640 νοω
925 582 1330 653 Cappadocum,
1359 589 1413 632 et
1469 578 1702 633 Helenus
1732 577 2035 634 Tarsensis.
2094 577 2159 631 Et
2183 581 2354 648 primo

2467 577 2628 631 σέων.
2659 578 2768 632 Καὶ
2799 578 3014 648 πρῶτον
3050 579 3151 647 μὲν
3195 582 3515 650 εἰσηγήσεσι
3546 585 3638 634 καὶ
3677 584 4052 652 συμϐουλίαις

791 675 1008 743 quidem
1045 669 1518 724 adhortationibus
1542 677 1594 723 et
1619 667 1863 722 consiliis
1890 667 2110 721 Paulum
2139 682 2167 720 a
2191 682 2353 735 prava

2464 669 2841 739 ἐπειράθησαν
2869 671 2971 738 τῆς
3019 671 3344 737 κακοδοξίας
3381 673 3698 741 μεταθεῖναι
3746 677 3837 728 τὸν
3888 677 4047 729 Παῦ-

790 764 1045 833 opinione
1090 762 1346 816 reducere
1394 761 1561 814 moliti
1598 767 1742 824 sunt,
1802 760 2355 815 demonstrationibus

2460 759 2570 821 λον,
2599 763 2718 823 ταῖς
2752 761 2860 813 άπὸ
2889 761 2995 815 τῶν
3027 761 3268 843 ιΓραφῶν
3313 764 3621 828 ἀποδείξεσι
3674 770 4042 838 κεχρημένοι.

789 872 818 910 e
845 856 1013 909 sacris
1047 852 1344 922 Scripturis
1376 851 1556 920 petitis
1591 858 1825 904 utentes.
1852 850 1986 903 Cum
2017 864 2139 902 cum
2177 857 2352 902 autem

2465 851 2597 904 Ὀτε
2625 851 2681 904 δὲ
2706 848 2847 935 εἶδον
2864 845 3071 907 άνίαιὲιὶζ
3094 855 3374 922 νοσοῦντα,
3403 858 3523 910 τότε
3545 858 3837 927 σύμφωνον
3859 861 4051 929 ψῆφον

792 946 1076 1000 ittcurabili
1109 945 1444 999 laborantem
1478 942 1666 996 morbo
1699 943 1964 1005 viderent,
2003 940 2130 993 hinc
2161 938 2356 993 unani-

2463 941 2868 1007 ἐξενεγκόντες,
2891 945 2991 1012 τῆς
3021 945 3322 1014 ἱερωσύνης
3348 945 3537 999 τοῦτον
3560 948 3918 1017 ἐγύμνωσαν,
3956 953 4053 1000 καὶ

791 1054 930 1091 mam
962 1037 1198 1090 ferentes
1224 1033 1576 1096 sententiam,
1614 1033 1775 1085 istutn
1832 1028 2136 1084 sacerdotio
2171 1031 2350 1098 priva-

2458 1032 2557 1099 τῆς
2603 1032 3284 1106 Ἐκκλησίας’ἐξέτεμον·
3317 1039 3710 1102 ἀντιτείνοντος
3762 1041 3820 1092 δὲ
3874 1042 4051 1093 αὐτοῦ

789 1133 940 1193 bant,
967 1139 1020 1181 et
1048 1127 1286 1181 Et-clesia
1318 1125 1727 1178 abscitttlebant.
1764 1121 1895 1176 Cum
1932 1122 2031 1175 iste
2073 1133 2250 1175 autem
2297 1137 2354 1175 se

2459 1126 2554 1175 καὶ
2611 1125 2711 1191 τὴν
2763 1126 2861 1194 τῆς
2925 1126 3252 1196 Ἐκκλησίας
3307 1131 3640 1198 παρανόμως
3705 1131 4051 1199 κατέχοντος

787 1229 1100 1292 opponeret,
1138 1228 1191 1272 et
1247 1218 1498 1273 Ecclesia:
1561 1217 1935 1283 praefecturam
1968 1216 2355 1296 contraqleges

2452 1216 2750 1283 ἡγεμονίαν
2775 1215 3116 1287 Αύρηλιανοῦ
3156 1219 3252 1272 τοῦ
3291 1221 3580 1290 βασιλέως,
3605 1227 3611 1234 “
3641 1225 3672 1290 ἡ
3709 1224 3842 1290 ἁγία
3885 1225 4052 1275 σύνο-

787 1316 1076 1377 dctiucret,
1099 1321 1282 1365 sancta
1320 1309 1559 1382 synodus
1587 1306 1939 1360 Aurelianum
1972 1295 2351 1374 imperatorem

2455 1305 2540 1366 δος
2569 1305 2788 1376 ἐδεήθη,
2833 1310 2897 1360 tit
2932 1309 3061 1377 περὶ
3104 1310 3201 1377 τῆς
3249 1311 3464 1365 Παύλου
3496 1313 3838 1382 θρασύτητος
3874 1315 4052 1367 αὐτὸν

786 1404 1313 1469 convertiebat,.eum
1371 1409 1435 1452 ue
1469 1395 1615 1450 Pauli
1675 1396 2014 1449 contumacia
2065 1396 2349 1450 certiorem

2454 1396 2884 1460 άναδιδάξαντες.
2927 1400 2983 1452 '0
3010 1401 3087 1462 δὲ,
3122 1401 3326 1472 καίπερ
3355 1403 3551 1471 Ἕλλην
3579 1403 3866 1472 ὑπάρχων,
3905 1405 4051 1456 άπε-

788 1498 1010 1550 l'aciens.
1073 1493 1163 1546 Ille
1196 1481 1398 1544 'autem
1463 1489 1678 1542 etiamsi
1735 1487 1972 1549 Graecus,
2025 1502 2207 1541 eorum
2261 1488 2350 1554 qui

2455 1490 2665 1556 φήνατο
2724 1490 2842 1558 μὲν,
2893 1492 2987 1544 τὸν
3029 1467 3385 1562 ἀντιλέγοντα
3434 1467 3518 1565 τῇ⁷
3557 1496 3669 1549 τῶν
3698 1467 4052 1566 ⁷όμοπίστων

784 1589 1026 1657 ejusdem
1060 1593 1214 1639 erant
1244 1581 1367 1634 lidei
1424 1580 1706 1635 sententiae
1747 1579 2118 1640 reluctantem,
2172 1580 2344 1632 socie-

786 1688 894 1730 tate
924 1675 1132 1729 illorum
1165 1672 1430 1732 abscindi,
1461 1681 1514 1722 et
1543 1671 1619 1723 sic
1644 1668 1883 1723 Ecclesia
1913 1670 2105 1736 expelli
2141 1672 2342 1723 statuit.

782 1766 943 1821 Istius
975 1775 1154 1819 autem
1187 1779 1405 1816 causam
1459 1763 1524 1814 ad
1581 1760 1837 1815 Romana:
1888 1761 2048 1813 etiam
2096 1760 2350 1814 Ecclesire

782 1860 1091 1927 episcopum
1128 1856 1350 1925 ejusque
1404 1854 1674 1906 antistites
1723 1851 1924 1915 retulit,
1981 1863 2037 1904 ut
2090 1868 2211 1906 cum
2273 1854 2345 1905 illi

781 1951 1187 2004 examinassent
1239 1945 1587 2011 utrumjuste
1641 1945 1923 2012 depositus
1985 1943 2198 2010 luisset,
2253 1945 2350 1997 Ec.-

781 2041 942 2094 clesia
991 2038 1299 2106 ejiceretur.
1341 2036 1463 2088 llaec
1524 2044 1701 2088 autem
1763 2035 2029 2087 Eusebius
2086 2033 2347 2104 Pamphili

783 2133 1000 2201 scriptis
1032 2129 1325 2183 mandavit.
1351 2127 1602 2181 Canones
1628 2137 1807 2181 autem
1844 2126 2003 2194 hujus
2027 2130 2216 2197 synodi
2245 2145 2348 2182 non

784 2225 1154 2288 inveniuntur,
1178 2234 1534 2290 praeterquam
1569 2217 1742 2274 sancti
1788 2219 2032 2287 Gregorii
2084 2230 2132 2272 et
2183 2219 2349 2274 solius

782 2318 1167 2386 'l‘haumaturgi
1200 2316 1457 2384 Epistola,
1495 2330 1615 2384 quae
1643 2314 1923 2368 duodecim
1952 2329 2187 2369 canones
2214 2329 2347 2370 con-

783 2407 953 2470 tinet;
987 2405 1287 2473 quietiam,
1321 2404 1393 2457 ttti
1416 2403 1618 2458 dictum
1655 2413 1759 2466 est,
1791 2405 1913 2457 huic
1939 2406 2145 2473 synodo
2177 2404 2347 2458 inter-

783 2499 904 2552 fuit.
940 2500 1012 2553 De
1044 2497 1131 2550 illo
1183 2511 1368 2551 autem
1432 2512 1658 2565 magnus
1717 2496 2013 2567 Gregorius
2065 2495 2346 2569 Nyssettus

785 2590 1108 2658 peculiarem
1146 2598 1432 2643 tractatum
1459 2590 1778 2659 composuit.

997 2770 1070 2823 De
1127 2771 1293 2825 sancti
1344 2773 1595 2840 martyris
1634 2771 1774 2824 Petri
1819 2771 2130 2824 cananibus.

857 2935 1237 2990 Post'beatum
1273 2933 1608 3002 Dionysium,
1646 2941 1699 2984 ttt
1729 2933 1884 2984 modo
1917 2932 2050 2996 dixi,
2079 2933 2344 2986 decimum

787 3037 1036 3095 quartum
1075 3024 1410 3077 Alexandria:
1438 3024 1770 3075 nominatum
1803 3025 2137 3092 episcopum,
2172 3024 2347 3077 Theo-

786 3131 883 3170 nas
921 3113 1299 3184 praefecturam
1333 3113 1489 3166 istam
1521 3116 1778 3182 suscepit,
1818 3116 1905 3169 cui
1942 3118 2204 3169 successit
2228 3117 2345 3169 Ma-

2384 1831 2422 1886 B
2455 1852 2644 1918 σκόπῳ
2667 1889 2681 1911 ,

2453 1575 2656 1645 ψήφῳ,
2713 1579 2814 1645 τῆς
2867 1581 3095 1634 ἐκείνων
3132 1585 3519 1653 άποτμηθξναι
3567 1589 3914 1655 συμμορίας,
3951 1589 4049 1638 καὶ

2453 1667 2601 1720 οὕτω
2639 1668 2738 1737 τῆς
2768 1670 3096 1740 Ἐκκλησίας
3141 1674 3498 1744 ἐξελαθῆναι·
3541 1675 3607 1728 τὰ
3640 1677 3761 1728 κατ’
3788 1678 3968 1729 αὑτὸν
4001 1677 4046 1728 δ’

2455 1759 2603 1826 ὅμως
2650 1759 2878 1812 ἀνέθετο
2929 1763 3000 1832 τῷ
3058 1764 3152 1833 τῆς
3193 1766 3483 1835 Ῥωμαίων
3532 1769 3862 1838 Ἐκκλησίας
3919 1771 4047 1822 ἐπι-

2743 1853 2837 1903 καὶ
2877 1859 2986 1914 τοῖς
3030 1858 3160 1926 περὶ
3197 1859 3361 1910 αὑτὸν
3402 1860 3794 1928 ἀρχιερεῦσιν,
3849 1862 3933 1924 ὡς
3975 1863 4045 1914 ἂν

2451 1942 2913 2012 ἐπισκεψαμένων
2952 1948 2999 1997 εἰ
3053 1948 3276 2011 δικαίως
3334 1951 3636 2022 καθῄρητο,
3678 1953 3777 2022 τῆς
3801 1952 4051 2022 Ἐκκλη-

2456 2032 2575 2095 σίας
2635 2035 2956 2105 ἐκδιωχθείη
2983 2053 2996 2068 ο
3050 2043 3141 2091 καὶ
3175 2043 3346 2094 ταῦτα
3393 2043 3449 2095 δὲ
3481 2046 3507 2095 ὀ
3539 2045 3824 2112 Παμφίλου
3860 2045 4043 2100 Εὐσέ-

2453 2123 2571 2185 ϐιος
2611 2125 2840 2192 ίστορεῖο
2874 2129 3094 2191 κανόνες
3127 2131 3181 2182 δὲ
3205 2132 3303 2200 τῆς
3342 2133 3558 2185 συνόδου
3578 2134 3786 2201 ταύτης
3813 2134 3918 2202 οὐχ
3945 2135 4040 2186 εὖ·

2455 2231 2669 2283 ρηνται,
2705 2218 2786 2267 ὅτι
2834 2218 2907 2287 μὴ
2953 2218 3046 2270 τοῦ
3079 2221 3236 2286 ἁγίου
3271 2224 3572 2294 Γρηγορίου
3611 2226 3704 2278 καὶ
3734 2227 3900 2295 μόνον
3939 2227 4036 2279 τοῦ

2449 2303 2884 2376 Θαυματουργοῦ
2910 2310 3188 2380 ἐπιστολὴ,
3220 2314 3450 2378 κανόνας
3474 2316 3668 2385 ἔχουσα
3712 2317 3950 2384 δώδεκα,
3975 2317 4036 2381 ὃς

2451 2395 2678 2464 καὶτῆς
2712 2399 2934 2450 συνόδου
2983 2402 3209 2471 ταύτης,
3250 2402 3326 2465 ὼς
3372 2403 3610 2476 εἴρηται,
3677 2408 3844 2476 μέρος
3900 2409 4035 2475 ἐγέ-

2450 2502 2598 2538 νετο·
2641 2489 2710 2540 τὰ
2759 2488 2815 2541 δὲ
2855 2492 2974 2542 κατ’
3007 2492 3189 2556 αὐτὸν,
3235 2495 3371 2547 ἰδίαν
3418 2496 3447 2547 ὁ
3499 2499 3674 2566 μέγας
3721 2500 4033 2570 Γρηγόριος

2454 2577 2676 2649 Νύσσης
2710 2582 3003 2651 ἐποιήσατο
3032 2588 3443 2654 πραγματείαν.

2633 2761 2773 2828 Περὶ
2797 2761 2903 2814 τοῦ
2936 2763 3108 2832 ἁγίου
3141 2767 3562 2837 ίερομάρτυρος
3595 2770 3822 2837 Πέτρου

2525 2916 2678 2968 Μετὰ
2701 2916 2792 2968 τὸν
2820 2920 3089 2989 μακάριον
3117 2921 3416 2986 Διονύσιον,
3440 2923 3514 2982 ὡς
3537 2922 3636 2994 ἠδη
3669 2941 3757 2992 μοι
3780 2924 4024 2995 εῐρηται,

2454 3012 3056 3080 τεσσαρεσκαιδέκατον
3099 3013 3508 3084 Ἀλεξανδρείας
3557 3018 3858 3070 ἐπίσκοπον
3886 3037 4025 3087 χρηι

2457 3101 2783 3170 ματίσαντα,
2816 3102 3038 3166 Θεωνᾶς
3068 3105 3166 3174 τὴν
3193 3107 3523 3175 προστασίαν
3547 3107 3749 3177 ταύτην
3778 3108 4020 3173 ἐδέξατο,

787 3208 988 3268 ximus,
1015 3215 1067 3258 et
1095 3204 1219 3257 huic
1256 3219 1480 3272 magnus
1534 3205 1671 3257 inter
1698 3221 1885 3258 sacros
1929 3217 2194 3274 martyres
2248 3207 2346 3259 Pe-
2377 3210 2418 3266 C

2377 3210 2418 3266 ρ
2457 3191 2577 3259 μεθ’
2601 3193 2660 3243 ὃν
2693 3194 2946 3262 Μάξιμος
2971 3211 2984 3224 ’
3022 3193 3136 3247 εἶτα
3166 3199 3193 3247 ὁ
3222 3199 3396 3265 μέγας
3427 3199 3757 3266 ίερομάρτυς
3787 3200 4015 3270 Πέτρος.

789 3308 926 3353 Irus.
963 3298 1131 3366 llujus
1157 3298 1209 3350 in
1236 3311 1484 3351 sermone
1515 3299 1578 3350 de
1603 3299 1916 3366 pmuitentia
1940 3301 2343 3367 quatuordecim

789 3392 1037 3443 teruntur
1068 3404 1326 3452 canones,
1373 3390 1436 3441 de
1469 3389 1532 3441 iis
1557 3389 1644 3457 qui
1679 3392 2115 3456 persecutionum
2145 3400 2351 3457 tempo-

789 3484 940 3537 ribus
976 3481 1106 3548 lapsi
1141 3491 1288 3542 sunt,
1314 3489 1367 3532 et
1414 3491 1595 3548 postea
1652 3482 1965 3547 poenitentia
1995 3481 2163 3542 ducti,
2216 3496 2349 3549 quo-

791 3576 953 3629 modo
978 3588 1072 3628 eos
1103 3572 1386 3626 admittere
1437 3583 1669 3640 oportet,
1705 3574 1832 3639 quin
1864 3576 2025 3626 etiam
2058 3585 2111 3626 et
2145 3591 2206 3627 ex
2243 3575 2349 3629 alio

788 3665 856 3718 de
887 3675 1074 3719 sancto
1119 3661 1381 3714 Paschate
1428 3675 1677 3713 sermone
1731 3676 1866 3728 quos
1905 3664 2128 3732 reliquis
2187 3665 2346 3717 etiam

789 3754 1086 3808 canonibus
1115 3751 1348 3805 Ecclesia
1387 3755 1827 3805 counmneravit:
1869 3753 1955 3807 hic
1997 3757 2095 3808 sub
2141 3754 2350 3809 Diocle-

790 3849 941 3899 tiano
1018 3845 1259 3914 martyrii
1327 3845 1557 3897 Stadium
1627 3846 2041 3913 magnanimiter
2105 3848 2345 3914 perfecit.

791 3938 1152 3992 Diocletianus
1183 3946 1360 3988 autem
1393 3936 1616 4004 quintus
1657 3946 1772 3989 erat
1823 3947 1944 4004 post
1997 3937 2346 3991 Aurelianum

789 4032 1090 4099 imperator
1120 4026 1425 4094 quindecim
1457 4042 1519 4080 ex
1553 4043 1617 4081 eo
1649 4028 1803 4082 annis
1835 4030 2056 4097 elapsis.

920 4242 1008 4299 IV.
1041 4247 1111 4299 De
1144 4251 1340 4316 synodo
1373 4248 1426 4299 in
1455 4249 1660 4316 Ancyra
1692 4247 1922 4302 Calatia:
1955 4251 2238 4305 celebrata.

867 4361 941 4414 De
967 4361 1153 4414 eodem
1194 4370 1528 4428 argumento,
1572 4363 1866 4430 eodemque
1914 4376 2151 4432 tetnpore
2192 4381 2348 4436 syno-

791 4455 886 4506 dus
919 4453 1078 4506 etiam
1134 4452 1185 4503 in
1215 4454 1427 4520 Ancyra
1475 4451 1700 4506 Galatia:
1749 4457 2031 4524 metropoli
2082 4458 2165 4522 pic
2218 4473 2349 4511 con-

2452 3283 2655 3335 Τούτου
2697 3288 2754 3337 ἐν
2784 3287 2862 3354 τῷ
2893 3291 3034 3356 περί
3063 3291 3350 3356 μετανοίας
3399 3292 3540 3358 λόγῳ
3572 3294 3792 3352 κανόνες
3824 3295 4018 3362 φέρον-

2452 3391 2538 3425 ται
2571 3375 2992 3447 δεκατέσσαρες,
3045 3383 3170 3450 περὶ
3217 3383 3326 3433 τῶν
3382 3385 3440 3434 ἐν
3488 3386 3603 3446 τοῖς
3654 3389 3866 3453 καιροῖς
3907 3389 4020 3438 τῶν

2451 3466 2710 3536 διωγμῶν
2763 3475 3311 3538 παραπεπτωκότων,
3367 3472 3485 3526 εἶτα
3544 3478 4015 3544 μετανοησάντων,

2451 3558 2598 3621 ὅπως
2631 3560 2712 3612 δεῖ
2737 3561 2960 3622 τούτους
3004 3564 3441 3633 προσδέχεσθαι·
3475 3565 3556 3618 ἐτι
3592 3567 3649 3618 δέ
3681 3569 3772 3619 καὶ
3803 3568 3863 3635 ἐξ
3903 3571 4020 3621 ἐτέ-

2456 3664 2550 3717 ρου
2589 3648 2748 3716 λόγου
2782 3651 3032 3741 περὶᾷοὖ
3070 3653 3230 3718 ἁγίου
3265 3653 3474 3722 Πάσχα,
3501 3653 3594 3716 οὒς
3624 3656 3719 3707 καὶ
3761 3659 3872 3719 τοίς
3907 3657 4017 3708 λοι-

2452 3741 2576 3800 ποῖς
2621 3727 2979 3810 ἐναρίθμουςυ
3001 3743 3221 3795 κανόσιν
3269 3745 3303 3813 ἡ
3345 3745 3642 3816 Ἐκκλησία
3675 3749 3980 3816 πεποίηκεν
4004 3767 4015 3778 °

2450 3827 2602 3892 οὗτος
2638 3831 2732 3883 ἐπὶ
2759 3834 3149 3901 Διοκλητιανοῦ
3187 3835 3245 3886 τὸ
3284 3836 3382 3903 τῆς
3425 3839 3731 3905 μαρτυρίας
3761 3840 4016 3908 εὐψύχως

2450 3922 2666 3990 διήνυσε
2723 3923 2960 3976 στάδιον.
3010 3925 3276 3996 Πέμπτος
3330 3927 3386 3979 δέ
3445 3929 3827 3998 Διοκλητιανὸς
3879 3935 4014 3997 μετὰ

2450 4012 2790 4082 Αὑρηλιανὸν
2821 4009 3007 4083 ἦρξεν,
3051 4016 3189 4067 ἐτῶν
3218 4017 3675 4085 παρεληλυθότων
3707 4019 3767 4082 ἐξ
3802 4021 4012 4071 ἐκείνου

2451 4105 2865 4157 πεντεκαίδεκα.

2677 4235 2748 4289 A'.
2784 4238 2920 4304 Περὶ
2956 4239 3063 4306 τῆς
3103 4241 3171 4291 ἐν
3198 4241 3453 4310 Ἀγκύρῃ
3489 4246 3776 4300 συνόδου.

2521 4345 2646 4400 Ἐπὶ
2671 4349 2845 4420 ταύτῃ
2873 4353 2937 4419 τῇ
2971 4351 3245 4418 ὑποθέσει,
3280 4356 3374 4406 καὶ
3409 4358 3530 4409 κατ’
3558 4360 3732 4411 ἐκεῖνο
3756 4360 3852 4412 τοῦ
3882 4364 4011 4432 χρό-

2454 4453 2546 4489 νου
2579 4442 2672 4489 και
2706 4441 2739 4507 ἡ
2781 4442 2837 4490 ἐν
2871 4442 3108 4510 Ἀγκύρῃ
3145 4447 3209 4512 τῇ
3247 4448 3578 4514 μητροπόλει
3605 4450 3703 4518 τῆς
3744 4451 4010 4517 Γαλατίας

789 4551 1001 4612 gregata
1057 4550 1160 4603 est,
1191 4540 1239 4593 itt
1281 4556 1382 4608 qua
1429 4543 1731 4597 accuratius
1784 4545 2156 4613 disquirebant
2214 4563 2346 4615 quo-
2378 4543 2427 4601 Ι)

2378 4543 2427 4601 ο
2457 4525 2666 4589 σύνοδος
2710 4529 2947 4593 εὐσεϐῶς
2995 4533 3373 4601 συνελήλυθεν,
3424 4537 3816 4608 ἀκριῆἐστερον
3852 4543 4009 4613 ἐκζη-

793 4633 950 4686 modo
1005 4646 1097 4684 eos
1156 4633 1248 4699 qui
1305 4641 1425 4700 post
1490 4634 1896 4700 abnegationem
1973 4640 2346 4706 paenitentiam

792 4731 974 4790 agunt,
1004 4721 1384 4774 administrare
1414 4732 1641 4789 oportet.
1691 4723 1856 4777 Sacro
1889 4728 2009 4780 huic
2062 4742 2346 4785 conventu]

791 4811 1154 4880 prresidebant
1201 4812 1425 4866 Vitelius
1492 4814 1789 4869 Antiochia:
1848 4819 2016 4888 Syriae
2063 4823 2294 4876 civitatis
2331 4865 2345 4888 ,

793 4901 1108 4971 Agricolaus
1139 4901 1393 4956 Caesareae
1445 4904 1812 4971 Cappadociae,
1863 4918 1916 4960 et
1947 4919 2152 4979 martyr
2205 4911 2352 4966 Basi-

790 4990 896 5043 lius
929 4989 1213 5058 episcopus
1246 4990 1496 5044 Amasiac.
1564 4992 1666 5054 Qui
1697 4996 1857 5048 etiarn
1894 4999 2079 5065 viginti
2112 5001 2350 5068 quinque

791 5094 1024 5134 canones
1050 5081 1117 5133 de
1144 5081 1332 5134 eodem
1384 5093 1437 5134 et
1476 5082 1593 5137 aliis
1655 5086 1815 5138 etiam
1853 5091 2184 5156 argumentis
2230 5106 2351 5144 con-

793 5175 1147 5240 scripserunt.
1176 5171 1272 5226 Hic
1295 5183 1472 5227 autem
1495 5175 1717 5231 Basilius
1743 5181 1842 5232 sub
1866 5179 2072 5234 Licinio
2106 5185 2350 5252 martyrii

795 5277 1048 5315 coronam
1078 5264 1307 5329 accepit.

1046 5479 1108 5533 V.
1143 5479 1216 5532 De
1271 5482 1471 5550 synodo
1515 5481 1870 5537 Neocmarew
1907 5484 2108 5539 habita.

869 5585 995 5640 Post
1049 5588 1187 5641 hanc
1244 5592 1478 5657 synodus
1523 5589 1904 5658 Neoczesareze,
1960 5610 2079 5665 qua:
2113 5604 2194 5650 est
2230 5596 2357 5649 urbs

796 5674 974 5742 Ponti,
1009 5689 1332 5748 congregata
1359 5689 1456 5732 est.
1501 5681 1733 5736 Sanctus
1795 5694 1971 5737 autem
2011 5698 2216 5755 martyr
2254 5687 2357 5739 Ba-

798 5767 1287 5838 silius,episc0pus
1349 5771 1609 5833 AlllaSl‘d2,
1660 5774 1722 5824 iis
1784 5775 1942 5826 etiam
2006 5778 2264 5832 ittterl'ttit.
2303 5781 2356 5831 ltt

2451 4620 2917 4687 τήσαν·τες,·ὃπως
2947 4621 3051 4691 ἄρα
3084 4626 3360 4694 προσῆκεν
3393 4630 3696 4697 οίκονομείν
3718 4634 3847 4695 τοὺς
3874 4639 4007 4704 μετὰ

2451 4709 2553 4779 τὴν
2583 4712 2809 4781 ἄρνησιν
2841 4715 3337 4784 μεταμελομένους.
3367 4718 3625 4789 Ἐξῆρχον
3655 4723 3711 4775 δὲ
3733 4725 3830 4776 τοῦ
3864 4729 4006 4794 ἱεροῦ

2452 4802 2606 4852 τοῦδε
2655 4804 2913 4870 συλλόγου
2947 4808 3223 4870 υυῖτέλιος
3265 4810 3596 4880 Ἀντιοχείας
3644 4818 3742 4883 τῆς
3791 4818 4006 4884 Συρίας.

2454 4895 2811 4963 Ἀγρικὸλαος
2848 4899 3187 4966 Καισαρείας
3234 4902 3650 4968 Καππαδοκίας,
3682 4906 3778 4958 καὶ
3807 4910 3834 4958 ὁ
3870 4911 4007 4977 μάρο

2453 5003 2546 5048 τυς
2570 4987 2853 5048 Βασιλεὺς,
2885 4991 3178 5052 ἐπίσκοπος
3209 4991 3538 5060 Ἀμασείας·
3573 4996 3620 5046 ·.’ί
3660 4999 3749 5047 καὶ
3781 5002 4005 5063 κανόνας

2456 5081 2582 5146 περί
2612 5096 2670 5130 τε
2698 5080 2919 5149 ταύτης.
2954 5083 3048 5134 καί⁵
3077 5083 3140 5153 δὴ
3174 5086 3264 5135 καὶ
3291 5090 3418 5153 περὶ
3442 5089 3646 5154 ἐτέρων
3680 5091 4002 5156 ὑποθέσεων,

2455 5171 2620 5218 πέντε
2649 5169 2778 5236 πρὸς
2808 5173 2915 5231 τοῖς
2941 5173 3114 5224 εἴκοσι
3146 5177 3575 5244 συνεγράψαντοο
3609 5182 3636 5230 ὀ
3661 5179 3714 5230 δὲ
3751 5181 4001 5245 Βασιλεὺς

2455 5250 2605 5317 οὗτος
2655 5261 2747 5309 ἐπὶ
2799 5262 3038 5311 Λικινίου
3096 5263 3187 5313 τὸν
3237 5265 3334 5331 τῆς
3387 5271 3696 5337 μαρτυρίας
3751 5276 4006 5338 στέφανον

2454 5349 2614 5417 ἀνεδή
2624 5366 2775 5408 caro,

2599 5483 2673 5536 E'.
2709 5485 2846 5550 Περὶ
2879 5485 2989 5551 τῆς
3029 5487 3096 5537 ἐν
3125 5490 3552 5558 Νεοκαισαρείᾳ
3583 5498 3877 5551 συνόδου.

2531 5598 2684 5649 Μετὰ
2713 5599 2943 5666 ταύτην,
2975 5603 3008 5668 ἡ
3044 5603 3098 5652 ὲν
3131 5602 3533 5675 Νεοκαισαρεία
3563 5610 3624 5677 τῇ
3651 5613 3792 5662 κατά
3825 5615 4012 5666 Πόντον

2463 5690 2696 5760 συνέστη
2732 5691 2968 5754 σύνοδος,
3004 5695 3176 5762 Σννῆν
3209 5694 3262 5746 δὲ
3292 5696 3384 5748 καὶ
3411 5698 3618 5759 τούτοις
3649 5702 3676 5751 ὁ
3710 5701 3863 5768 am;
3891 5711 4013 5776 pcip—

2462 5797 2557 5842 τυς
2593 5781 2855 5846 Βασιλεὺς
2895 5787 3189 5847 ἐπίσκοπος
3223 5785 3520 5856 Ἀμασείας
3543 5807 3558 5821 ο
3589 5793 3637 5844 οἳ
3667 5797 3758 5845 καὶ
3796 5799 4009 5860 κανένας
