4198 6448
152 401 237 463 9'9

203 399 279 467 ετ
1491 400 1727 459 mum;

1870 400 2125 460 l‘l'l‘UM.
3359 414 3433 465 ’Ψ

153 509 536 580 τετμημένως
561 527 572 539 ·
609 511 689 564 ἔτι
727 511 782 564 δὲ
827 512 1235 580 συντομώτερον
1269 512 1604 573 ’Λνιτόλιος·
1645 515 1670 562 ὁ
1695 511 1750 562 δὲ

1863 523 1912 561 ιιι
1942 521 1993 563 et
2025 511 2090 562 de
2126 510 2331 572 IIOlII.S,
2363 525 2521 576 quam
2554 526 2776 580 magnus
2813 512 3198 566 Cmtstantinus
3237 532 3438 579 prum.

170 603 459 671 Ἰσίδωρος
492 604 820 674 στενώτερον
871 605 967 674 μὲν
1013 604 1105 655 τοῦ
1139 603 1457 665 θαλελαίου,
1490 603 1760 655 πλατύτε-

163 712 272 762 ρον
305 695 365 746 δὲ
396 695 503 746 τῶν
533 695 739 746 λοιπῶν
767 697 881 749 δύο.
915 696 1174 762 ’Δμεῖψαι
1205 697 1260 748 δὲ
1286 695 1518 762 θελήσας
1541 697 1568 746 ὁ
1607 694 1760 760 βασι-

159 789 298 848 λεὺς
327 787 421 839 καί
446 803 600 848 τινας
624 787 732 838 τῶν
755 787 1003 838 παλαιῶν
1033 787 1355 852 διατάξεων,
1381 787 1583 857 νεαρὰς
1616 785 1760 837 εεδσ-

161 881 423 947 μήκοντα
447 884 541 930 καὶ
571 879 765 930 ἑκατὸν
795 879 1153 947 ὲφιλοπόνησε
1184 878 1481 942 διατάξεις,
1507 880 1601 929 καὶ
1621 878 1758 929 ἰδίαν

159 971 410 1033 ταύταις
438 970 624 1040 χώραν
654 972 951 1040 ἀπένειμεν
975 989 986 1002 ·
1021 973 1225 1040 ἠμειψε
1263 974 1370 1040 γὰρ
1409 973 1468 1024 τὸ
1493 973 1621 1041 περὶ
1662 972 1759 1037 γά-

165 1082 318 1129 μων,
358 1066 419 1114 τὸ
452 1065 579 1133 περὶ
638 1063 945 1130 φσλκιδίου,
978 1063 1071 1116 καὶ
1118 1065 1224 1116 τῶν
1259 1065 1540 1124 τοιούτων,
1571 1067 1664 1115 καὶ
1694 1065 1756 1132 δὴ

163 1155 265 1206 καὶ
296 1154 362 1205 τὸ
403 1155 530 1223 περὶ
565 1153 756 1218 νόθων,
789 1155 936 1223 ἆπερ
971 1157 998 1206 ὁ
1031 1156 1201 1222 μέγας
1234 1154 1446 1222 πρῶτος
1477 1154 1758 1217 διετάξατο

166 1247 612 1309 Κωνσταντῖνος,
653 1245 1105 1317 συμπαθέστερον
1139 1247 1270 1316 περὶ
1327 1249 1450 1308 τοὺς
1485 1247 1758 1309 τοιούτους

163 1338 468 1400 διατεθείς.
529 1339 746 1402 Ταύτας
799 1339 856 1392 δὲ
893 1340 990 1402 τάς
1021 1345 1216 1410 νεαρὰς
1249 1341 1336 1394 διά
1368 1357 1513 1402 τινος
1543 1340 1757 1404 ἐξέθετο

164 1428 590 1497 Τριὸουνιανοῦ,
627 1429 804 1494 δεξιοῦ
855 1432 955 1499 μὲν
985 1430 1158 1493 ἄλλως
1189 1432 1286 1500 τὴν
1339 1432 1519 1498 φύσιν,
1553 1432 1642 1482 καὶ
1678 1432 1756 1492 είς

164 1521 348 1588 ἄκρον
386 1523 564 1573 πᾶσαν
618 1522 869 1575 παιδείαν
915 1525 1313 1592 ἐξησκημένον,
1348 1523 1756 1593 φιλοχρηματία

165 1613 226 1663 δὲ
268 1613 564 1680 δαιμονίως
617 1613 977 1682 ἁλισκομένου
1012 1654 1026 1669 .
1061 1617 1151 1667 Διὸ
1199 1619 1292 1669 καὶ
1337 1618 1394 1667 ἰν
1447 1615 1522 1683 τῷ
1555 1613 1754 1676 ταύτας

170 1704 542 1772 συγγράφειν,
595 1705 781 1758 πολλοὶ
833 1705 940 1758 τῶν
984 1707 1216 1776 ἐχόντων
1268 1707 1425 1766 δίκας
1475 1709 1754 1776 χρήμασιν

167 1794 341 1846 αὑτὸν
371 1795 790 1865 ὑποφθείροντες
815 1798 1166 1868 παρέπειθον,
1222 1799 1291 1850 τὰ
1351 1799 1449 1867 μὲν
1510 1800 1646 1868 προς
1695 1797 1753 1851 τὸ

170 1883 458 1952 συμφέρον
483 1885 663 1948 αὐτοῖς
695 1886 1114 1956 μεθαρμόττειν,
1145 1891 1213 1942 τά
1238 1890 1293 1942 δὲ
1319 1890 1456 1958 πρὸς
1481 1890 1754 1957 ἀσάφειαν

168 1975 270 2025 καὶ
316 1974 590 2044 διχόνοιαν
621 1977 943 2046 σχεδιάζειν.
1005 1979 1326 2043 Τελευταίος
1359 1981 1414 2032 δὲ
1464 1982 1701 2044 πάντων,
1727 1982 1755 2032 ό

169 2067 229 2116 ὲν
259 2066 574 2135 βασιλεῦσιν
603 2069 846 2139 ἀοίδιμος
872 2071 1022 2122 Λέων
1052 2073 1080 2124 ό
1109 2073 1297 2140 Σοφδς,
1335 2074 1462 2140 μίαν
1488 2073 1556 2124 τά
1577 2074 1754 2126 πάντα

173 2158 548 2226 ποιησάμενος
578 2161 961 2229 πραγματείαν
986 2161 1074 2216 διά
1092 2181 1237 2224 τινος
1269 2163 1572 2215 Σαϐϐατίου
1605 2181 1755 2234 πρω-

175 2249 574 2318 τοσπαθαρίου,
607 2252 700 2303 καὶ
735 2251 801 2304 τά
834 2252 1081 2322 διέχοντα
1119 2252 1366 2321 τῇεεθέσει
1402 2253 1641 2320 συνάψας
1672 2256 1750 2316 είς

171 2339 251 2401 ἓν,
287 2339 356 2389 τά
388 2355 440 2388 τι
465 2339 687 2406 δίγεστα
735 2342 831 2394 καὶ
865 2343 990 2404 τοὺς
1023 2341 1278 2405 κώδικας,
1315 2345 1407 2396 καὶ
1440 2345 1607 2406 πολλά
1643 2345 1749 2396 τῶν

175 2428 548 2493 ίνστιτούτων,
575 2431 660 2484 καὶ
689 2425 856 2496 αὑτὰς
876 2434 972 2492 τάς
994 2432 1087 2485 τοῦ
1115 2433 1490 2486 ’1ουστινιανοῦ
1511 2434 1746 2502 Νεαράς,

173 2519 230 2570 ὲν
271 2518 498 2587 βιϐλίοις
534 2522 632 2588 μὲν
662 2521 948 2591 ἑξήκοντα,
976 2523 1193 2593 τεύχεσι
1223 2526 1280 2578 δὲ
1309 2527 1636 2604 ὡργάνωσεν
1664 2523 1744 2590 ἒξ,

175 2611 284 2661 πᾶν
314 2611 558 2663 ἐναντίον
583 2614 678 2664 καὶ
703 2615 801 2681 τὴν
825 2615 1022 2682 χρῆσιν
1059 2616 1119 2667 οὐ
1150 2617 1518 2684 παρεχόμενον
1549 2619 1604 2668 ὲν
1635 2621 1749 2679 τοῖς

175 2699 498 2765 πράγμασιν
555 2702 853 2771 ἀποκρίνας
884 2721 940 2756 τε
976 2707 1071 2758 καὶ
1101 2706 1398 2769 ὑπεξελὼν,
1455 2707 1542 2759 διὰ
1567 2708 1642 2770 τὸ,
1672 2709 1746 2772 ὡς

174 2790 344 2850 εἰκὸς,
373 2790 542 2843 πολλά
569 2792 678 2843 τῶν
707 2795 946 2862 ἀρχαίων
979 2797 1441 2864 νομοθετημάτων
1472 2798 1740 2867 παρευδο-

175 2879 477 2948 κιμηθῆναι
511 2883 621 2944 τοῖς
652 2881 875 2953 ὕστερον
896 2900 911 2914 ⁸
976 2885 1113 2940 ἀλλά
1147 2889 1236 2939 καὶ
1266 2888 1374 2940 τῶν
1404 2890 1742 2956 ἐκλεγέντων

172 2966 271 3035 τὴν
302 2969 580 3040 συνθήκην
622 2973 720 3040 τῆς
774 2975 1050 3043 φράσεως,
1112 2978 1276 3048 μηδὲν
1306 2980 1560 3046 περιττὸν
1595 2981 1741 3049 ἔχειν

175 3062 268 3110 καὶ
305 3061 577 3129 παρέλκον
610 3065 952 3136 ἐφρόντισεν·
1002 3067 1192 3121 ἔπειτα
1219 3069 1285 3122 τὰ
1312 3070 1414 3122 ἀνά
1443 3073 1608 3140 μέρος
1643 3073 1740 3124 καὶ

1865 603 2102 660 admisit,
2153 602 2344 668 majori
2394 603 2872 657 commiseratione
2923 607 2972 656 itt
3007 607 3138 656 laics
3174 605 3395 658 amictus
3423 646 3435 658 .

1866 692 1972 743 llas
2003 705 2176 745 autem
2205 695 2455 747 Novellus
2492 695 2669 746 emisit
2702 712 2795 762 per
2824 698 3114 763 quemdam
3152 697 3438 750 Tribuni»-

1864 800 2010 846 ntttu,
2050 794 2241 836 natura
2293 788 2508 851 quidem
2561 787 2720 840 aliter
2766 786 3038 850 idoneum,
3092 800 3146 843 et
3191 792 3240 842 in
3291 794 3436 842 omni

1861 877 2144 944 disciplina
2183 894 2392 930 suinme
2425 879 2809 941 exercitatum,
2847 882 3072 933 avaritia
3107 893 3286 934 autem
3323 883 3439 933 din-

1863 969 2035 1021 bulice
2079 980 2426 1036 correptum:
2466 982 2797 1038 quapropter
2829 981 2883 1024 ct
2921 974 3046 1024 dum
3097 973 3162 1024 iis
3191 977 3436 1026 conscri-

1863 1060 2048 1111 bendis
2073 1060 2431 1123 incumbebat,
2461 1062 2609 1114 multi
2633 1076 2821 1114 eorum
2847 1063 2936 1130 qui
2962 1079 3160 1116 eausth
3183 1065 3434 1132 judican-

1861 1152 1956 1203 das
2005 1151 2310 1210 habebant.
2361 1165 2484 1204 eum
2543 1154 2766 1220 pecunia
2807 1165 3265 1220 ~corrutnpentcs,
3323 1156 3436 1207 lucc

1859 1243 2076 1311 quidem
2109 1245 2347 1309 ipsorum
2377 1243 2658 1296 con'unodo
2693 1247 2970 1312 adaptare.
2999 1264 3058 1299 ea
3090 1264 3216 1301 vero
3249 1248 3319 1300 ita
3355 1259 3437 1297 m-

1860 1335 2148 1387 multuario
2198 1349 2360 1401 opere
2407 1350 2726 1404 congerere,
2775 1346 2834 1390 ut
2879 1338 3107 1391 obscura
3143 1350 3346 1399 essent,
3382 1349 3436 1391 et

1858 1427 2086 1494 duplicis
2110 1417 2865 1492 sententiae,“persuadebant.
2905 1428 3135 1484 Ultimus
3163 1445 3288 1482 vero
3318 1446 3434 1483 om-

1858 1520 2003 1571 nium
2035 1518 2270 1587 inclytus
2323 1517 2411 1570 ille
2447 1518 2586 1570 inter
2632 1517 2987 1584 imperatores
3025 1518 3132 1572 Leo
3179 1516 3430 1586 Sapiens,

1856 1625 1978 1664 cum
2031 1627 2197 1663 unum
2235 1625 2298 1663 ex
2349 1611 2605 1662 omnibus
2635 1625 2730 1678 per
2776 1610 3064 1677 quemdam
3112 1612 3430 1664 Subbatium

1855 1704 2206 1773 protospatlia
2218 1702 2354 1755 rium
2376 1717 2509 1771 opus
2533 1702 2770 1766 fecisset,
2792 1715 2846 1755 et
2869 1718 2990 1770 qua:
3017 1703 3134 1755 loco
3158 1705 3432 1757 distabant

1857 1793 1910 1846 in
1940 1809 2103 1846 unum
2136 1793 2535 1859 coniunxisset,
2573 1793 2786 1859 Digesta
2823 1804 2876 1846 et
2906 1795 3144 1856 codices,
3172 1805 3226 1848 et
3263 1797 3428 1848 multa

1857 1886 2016 1939 etiam
2051 1900 2115 1937 ex
2152 1883 2438 1947 Institutis,
2468 1893 2522 1937 et
2556 1885 2703 1952 ipsas
2738 1885 3028 1938 Justiniani
3065 1886 3340 1951 Novellas,
3377 1891 3427 1939 in

1858 1976 2006 2028 libris
2057 1975 2273 2042 quidem
2325 1975 2630 2042 sexaginta,
2682 1991 2772 2029 sex
2828 1986 3008 2029 autem
3061 1980 3429 2031 voluminibus

1855 2074 1976 2133 apte
2021 2066 2362 2132 diSponebat.
2405 2079 2562 2117 omne
2611 2067 2752 2132 quod
2797 2069 3130 2121 contrarium
3181 2079 3296 2120 erat
3331 2108 3343 2128 ,
3375 2079 3425 2119 et

1856 2157 2052 2210 nullius
2083 2157 2136 2210 in
2165 2158 2393 2225 negotiis
2426 2172 2578 2218 usus,
2616 2157 2864 2225 rejiciens
2897 2170 2950 2211 et
2981 2159 3310 2225 subducens,
3349 2162 3427 2210 id-

1851 2248 1998 2301 circo
2047 2248 2186 2315 quod
2255 2247 2421 2298 multa
2471 2257 2714 2315 veterum
2770 2248 3138 2301 institutorum
3193 2251 3425 2317 posteris

1851 2339 2154 2407 improbata
2192 2340 2308 2392 fore
2333 2339 2437 2392 veri
2472 2355 2574 2392 nou
2613 2341 2684 2392 sit
2717 2339 3004 2393 dissimile.
3045 2341 3149 2394 Sed
3184 2351 3238 2394 et
3270 2356 3338 2394 ne
3374 2343 3424 2392 in

1851 2444 2040 2482 eorum
2074 2447 2192 2497 quae
2225 2431 2424 2484 selecta
2477 2443 2602 2484 sunt
2640 2432 3030 2499 interpretandi
3061 2430 3292 2484 formula
3335 2447 3420 2484 rc-

1855 2521 2120 2574 dundaret
2165 2522 2443 2590 quippiam
2494 2532 2586 2574 aut
2623 2537 3082 2588 supervacaneum
3113 2535 3274 2583 esset,
3331 2536 3422 2574 cu-

1852 2628 1963 2664 ram
1997 2614 2297 2680 impendit:
2334 2614 2602 2680 siquidem
2633 2629 2753 2680 quze
2792 2614 3065 2681 sigillatim
3111 2624 3164 2668 et
3191 2615 3420 2679 sparsim

1848 2703 1912 2756 de
1941 2703 2128 2756 eodem
2179 2715 2494 2772 argumento
2539 2705 2678 2757 dicta
2711 2714 2854 2767 sunt,
2905 2706 2958 2757 in
2994 2720 3096 2756 una
3139 2705 3277 2757 tituli
3329 2719 3423 2772 pe-

1848 2793 2033 2846 riocha
2063 2795 2374 2849 collocavit.
2410 2794 2474 2848 Et
2510 2795 2599 2848 hic
2630 2804 2808 2848 autem
2843 2807 3054 2849 centum
3087 2796 3275 2864 viginti
3312 2794 3421 2848 No-

1847 2884 2012 2938 vellus
2040 2886 2458 2938 constitutiones
2491 2886 2638 2938 fecit.
2671 2886 2873 2940 Omnes
2905 2896 3081 2940 autem
3117 2888 3277 2938 hodie
3312 2902 3418 2939 non

1843 2976 2200 3028 observantur
2227 3013 2242 3027 .
2284 2975 2388 3035 Sed
2430 2976 2544 3030 hazc
2597 2976 2814 3045 quidem
2842 2977 3121 3044 hucusque
3149 3016 3162 3029 .
3219 2974 3416 3029 Verum

1843 3075 1895 3120 et
1949 3068 2126 3133 capita
2184 3068 2465 3131 praesentis
2540 3068 2909 3137 Syntagiuatis
2958 3068 3116 3136 juxta
3171 3068 3415 3121 ordinem

170 3149 582 3220 διεσπαρμένως
617 3157 742 3225 περὶ
771 3158 864 3208 τοῦ
893 3158 1054 3210 αὐτοῦ
1087 3159 1411 3229 πράγματος
1445 3163 1730 3232 εἰρημένα,

1864 3158 2165 3221 itterarum,
2205 3167 2455 3226 tanquam
2495 3159 2544 3210 in
2597 3159 2792 3224 indice,
2833 3159 3188 3228 subjiciamus
3242 3174 3416 3227 opor--

175 3243 254 3302 είς
294 3244 423 3310 μίαν
458 3247 758 3315 κατέστησε
805 3249 982 3302 τίτλου
1036 3253 1332 3322 περιοχὴν·
1387 3256 1654 3326 πεποίηκε
1683 3260 1738 3312 δὲ

1852 3274 1948 3318 tet.

171 3333 264 3428 κεξὶ
291 3328 444 3428 οὗτος
465 3337 659 3428 νεα-ρᾶς
691 3337 962 3428 διᾷτάξνεις
995 3340 1164 3394 εἴκοσι
1195 3343 1330 3412 πρὸς
1359 3348 1476 3408 ταῖς
1508 3347 1725 3400 ίκατόν⁶
1766 3353 1879 3406 ἀλλ’
1908 3355 1968 3406 ού
1993 3357 2161 3410 πᾶσαι
2188 3357 2286 3425 τὴν
2307 3359 2543 3428 τήμερον
2608 3362 2997 3417 πολιτεύονται.
3056 3364 3214 3418 Ἀλλά
3241 3369 3414 3420 ταῦτα

175 3421 274 3488 μὲν
317 3423 374 3483 ὲς
417 3423 692 3482 τοσοῦτον.
732 3427 822 3476 Δεῖ
847 3426 900 3477 δὲ
928 3427 1033 3495 ἄρα
1081 3430 1172 3481 καὶ
1192 3433 1259 3483 τά
1291 3435 1566 3501 κεφάλαια
1602 3441 1743 3492 κατὰ
1782 3447 2043 3514 στοιχεῖον
2103 3445 2195 3498 τοῦ
2272 3453 2538 3519 παρόντος
2599 3454 2980 3523 συντάγματος
3007 3455 3081 3517 ὡς
3137 3459 3195 3509 ἑν
3223 3461 3411 3512 πίνακι

169 3519 350 3585 γραφῇ
382 3518 727 3586 παραδοῦναι.
763 3522 960 3589 (Ζήτει
991 3526 1122 3592 περὶ
1156 3525 1232 3593 νόε
1265 3555 1286 3560 -λ
1364 3530 1456 3580 ναὶ
1490 3531 1547 3580 ὲν
1573 3533 1649 3601 τῷ
1678 3535 1735 3586 Z'
1766 3552 1890 3603 κεφ.
1917 3536 2010 3590 τοῦ
2033 3539 2079 3591 Ν
2111 3518 2436 3611 στοιχείου).

264 3819 620 3913 ΠΙΝΑΞ
679 3828 907 3917 ΤΩΝ
939 3834 1240 3920 ΚΕΦΑ
1255 3836 1624 3928 ΛΑΙΩΝ.

415 3965 597 4035 Ἀρχὴ
619 3968 738 4022 σὺν
766 3971 888 4036 Θεῷ
929 3973 1035 4027 τοῦ
1080 3979 1126 4027 Α
1157 3984 1482 4044 στοιχείου.

233 4077 368 4145 Περὶ
392 4080 490 4144 τῆς
516 4079 802 4148 ὀρθοδόξου
839 4085 1092 4148 πίστεως.

232 4173 303 4221 α’.
335 4168 469 4237 Περὶ
498 4169 605 4221 τῶν
635 4170 1028 4242 ἀρνησαμένων
1057 4176 1154 4245 τὴν
1185 4178 1480 4247 ἀμώμητον
1503 4193 1728 4255 ταυτηνὶ

165 4255 269 4306 τῶν
302 4257 642 4324 Χριστιανῶν
673 4260 872 4324 πίστιν,
902 4264 993 4315 καὶ
1020 4267 1166 4327 ὅπως
1187 4269 1312 4328 τοὺς
1349 4274 1723 4344 μεταμελομέ·

170 4363 289 4408 νους
336 4347 542 4401 τούτων
570 4352 888 4417 προσίεσθαι
918 4353 1018 4407 δεῖ.

233 4435 295 4503 β’.
335 4438 468 4503 Περὶ
494 4440 804 4509 αῖρετικῶν,
834 4446 926 4495 καὶ
959 4445 1108 4507 ὅπως
1158 4449 1263 4519 χρὴ
1313 4450 1561 4520 δέχεσθαι
1594 4457 1719 4517 τοὺς

167 4527 221 4588 ἐξ
250 4528 512 4596 αἱρέσεων
542 4532 987 4601 ἐπιστρέφοντας.

232 4625 300 4682 γ’.
335 4619 454 4680 Πῶς
479 4619 558 4672 δεῖ
583 4622 683 4684 τὰς
720 4621 1016 4692 λεγομένας
1064 4628 1282 4695 ἀγάπας
1345 4637 1538 4699 ποιεῖν,
1602 4636 1719 4705 ἦτοι

177 4725 227 4758 τυ
236 4709 456 4774 μπόσια.

232 4800 293 4853 δ’.
329 4802 463 4871 Περὶ
483 4805 691 4876 ἀγορᾶς
718 4810 811 4862 καὶ
852 4814 1127 4883 πράσεως.
1161 4818 1368 4881 Νόμοι.

233 4890 292 4945 ε’.
314 4893 446 4962 Περὶ
477 4895 946 4970 ἀλογευσαμένων,
975 4906 1091 4976 ἢτοι
1124 4908 1468 4979 ζωοφθόρων.

234 5078 305 5132 ς’.
339 5075 472 5141 Περὶ
499 5077 883 5145 ἀναγνωστῶν.

230 5163 294 5227 ζ’.
325 5167 455 5234 Περὶ
483 5167 840 5238 ἀναθέματος.

230 5262 296 5321 η’.
328 5258 459 5326 Περὶ
497 5262 849 5331 ἀντιμινσίου.

229 5349 292 5400 θ’.
324 5350 459 5417 Περὶ
486 5353 791 5422 ἀποδημίας
822 5357 1137 5410 ἐπισκόπων
1167 5361 1261 5413 καὶ
1308 5363 1600 5433 κληρικῶν.

231 5437 281 5489 ι’.
313 5440 447 5508 Περὶ
476 5440 819 5496 ἀπολυτικῶν
851 5450 1219 5516 γραμμάτων.

233 5533 317 5578 ια’.
355 5528 492 5597 Περὶ
514 5528 620 5582 τῶν
649 5530 1003 5600 ἁρπαζόντων
1042 5539 1356 5592 ἐπισκόπων
1382 5543 1480 5605 τὰς
1524 5546 1596 5614 μὴ
1629 5549 1716 5599 ἀν-

166 5618 392 5682 ηκούσας
414 5621 598 5684 αὐτοῖς
623 5622 968 5694 Ἐκκλησίας.

230 5707 313 5775 ιβ’.
366 5711 499 5781 Περὶ
557 5714 666 5768 τῶν
723 5715 1078 5785 ἁρπαζόντων
1109 5720 1411 5790 λῃστοικῶς
1447 5729 1512 5778 τὰ
1555 5730 1703 5780 ἀλλά.

173 5818 302 5869 τρια.

2181 3853 2497 3934 INDEX
2538 3858 3037 3942 CAPITUM.

2122 3983 2368 4051 Initium,
2407 3987 2611 4054 favente
2642 3989 2770 4056 Deo,
2809 3992 2998 4046 litterae
3036 3994 3101 4046 Α.

1903 4094 1976 4146 De
2012 4096 2112 4147 tide
2142 4096 2463 4151 orthodoxa.

1905 4185 1954 4237 1.
1992 4184 2061 4236 De
2090 4186 2152 4238 iis
2179 4189 2269 4254 qui
2310 4189 2636 4256 inculpatain
2688 4190 2824 4244 lianc
2867 4193 3298 4251 Christianorum
3337 4199 3399 4252 fi-

1831 4276 1949 4327 dem
1981 4287 2261 4345 negarunt,
2291 4291 2341 4332 et
2371 4283 2657 4349 quoiuodo.
2692 4285 2783 4339 oui
2822 4300 2886 4338 ex
2919 4286 2983 4340 iis
3021 4291 3392 4355 paenitentiam

1829 4379 2010 4434 agunt.
2044 4371 2360 4425 adn-littendi
2393 4384 2538 4426 sunt.

1893 4459 1945 4511 '2.
1988 4459 2060 4512 De
2083 4462 2369 4526 haereticis,
2397 4474 2446 4519 et
2479 4467 2748 4533 quomodo
2803 4468 2892 4534 qui
2928 4484 2993 4522 ex
3044 4469 3230 4523 haeresi
3261 4487 3392 4525 con-

1753 4548 1801 4606 D
1829 4561 2126 4617 vertuntur,
2170 4554 2487 4610 admittendi
2517 4570 2662 4613 sunt.

1898 4642 1951 4698 5.
1981 4641 2260 4706 Quomodo
2290 4661 2507 4714 agapas,
2540 4663 2659 4716 qua:
2695 4662 2978 4713 vocantur,
3017 4668 3112 4706 seu
3144 4657 3388 4709 convivia

1829 4730 2098 4786 celebrare
2131 4734 2338 4790 deceat.

1897 4821 1950 4874 4.
1992 4822 2061 4876 De
2090 4826 2379 4892 emptione,
2413 4843 2475 4882 ac
2507 4831 2834 4884 venditione.

1897 4912 1945 4964 5.
1983 4913 2053 4965 De
2085 4914 2469 4973 irrationaliter
2499 4919 2915 4985 fornicantibus.
2972 4931 3105 4993 sire,
3141 4929 3230 4996 qui
3266 4947 3384 4983 cum

1830 5001 1998 5053 brutis
2028 5008 2411 5062 commercium
2445 5012 2662 5066 habent.

1898 5092 1948 5145 6.
1988 5094 2058 5148 De
2090 5097 2398 5154 lectoribus.

1898 5186 1946 5239 7.
1986 5188 2054 5239 De
2082 5192 2443 5248 anathemate.

1897 5279 1948 5332 8.
1987 5279 2059 5333 De
2090 5285 2432 5347 antiminsiis,
2455 5301 2544 5339 seu
2582 5292 3032 5354 promensalibus.

1896 5371 1946 5422 9.
1985 5372 2058 5422 De
2092 5376 2523 5440 peregrinatione
2563 5381 2932 5448 episcoporum
2966 5394 3014 5437 et
3046 5387 3386 5444 clericorum.

1899 5463 1982 5515 10.
2020 5463 2090 5515 De
2124 5465 2314 5518 litteris
2346 5470 2686 5523 dimissoriis.

1897 5551 1982 5602 ll.
2018 5551 2090 5604 De
2122 5554 2386 5620 epist-opis
2415 5557 2501 5626 qui
2539 5557 2799 5612 ecclesias
2831 5560 2897 5612 ad
2928 5575 2986 5613 se
3027 5563 3246 5616 minime
3271 5579 3389 5631 per-

1826 5649 2057 5699 tuicntes
2097 5650 2330 5716 rapiunt.

1898 5737 1980 5792 l2.
2019 5737 2088 5793 De
2119 5741 2181 5793 iis
2210 5741 2298 5808 qui
2330 5743 2464 5795 bona
2499 5741 2668 5799 aliena
2703 5743 2885 5798 furtim
2917 5747 3241 5815 surripiunt.
