4198 6448
744 387 855 452 999
2028 379 2272 447 INDEX
2329 376 2686 444 camus.
3861 394 4012 463 loco

821 499 910 552 l3.
943 496 1017 552 De
1064 497 1130 552 iis
1187 496 1278 566 qui
1337 496 1596 552 mulieres
1648 498 1978 553 matrimonii
2022 513 2186 553 causa
2238 513 2328 550 ra-
2361 503 2399 555 λ

2275 513 2328 548 a-
2361 503 2399 555 Α
2505 502 2594 562 ιγ’.
2628 493 2759 563 Περὶ
2791 494 2900 545 τῶν
2929 492 3285 562 ἁρπαζόντων
3324 493 3415 548 ἐπὶ
3450 494 3614 567 γᾶμῳ
3645 501 3933 567 γυναῖκας.

751 601 923 659 piunt.

827 683 910 734 14.
941 683 1013 737 De
1037 680 1416 750 ptedicatione.

2505 676 2585 730 ιδ’.
2622 677 2694 728 lle
2704 674 2756 739 ρὶ
2785 674 3205 746 ἀῤῥενομανίας.

821 774 909 826 15.
946 772 1018 826 De
1051 773 1481 841 magistratibus,
1508 769 1702 842 quales
1743 785 1838 827 eos
1875 783 1997 825 esse
2049 780 2318 835 oporteat.

2209 781 2318 824 eat.
2501 765 2581 820 ιε’.
2621 769 2751 837 Περὶ
2776 767 3071 837 ἀρχόντων,
3104 768 3326 832 ὁποίους
3343 762 3482 822 εἶναι
3514 768 3596 823 δεῖ
3616 771 3862 835 τούτους.

824 867 908 917 16.
949 866 1020 918 De
1049 865 1368 919 mulieribus
1399 879 1518 932 qua:
1548 873 1674 918 sunt
1703 863 1754 918 in
1786 864 2062 918 abscessu.

1966 878 2062 918 iam
2503 855 2604 920 ις’.
2640 859 2780 924 Περὶ
2802 857 2914 908 τῶν
2944 861 3003 911 ιν
3030 857 3248 928 ἀφέδρῳ
3279 859 3577 926 γυναικῶν.
3614 906 3624 915 .

824 955 908 1007 l7.
945 948 1032 1009 De'
1052 956 1440 1024 impuberibus.

1429 995 1440 1008 ,
2504 948 2591 1011 ιζ’.
2624 948 2755 1012 Περὶ
2787 948 3087 1016 ἁφηλίκων.

828 1047 913 1098 18.
949 1045 1024 1115 De
1052 1046 1631 1101 excomn'iunicatione.

1431 1046 1631 1100 atione.
2503 1043 2572 1105 ιη’
2605 1039 2738 1106 Περὶ
2763 1037 3089 1107 ἁφορισμοῦ.

1243 1177 1470 1233 initium
1499 1180 1690 1233 litteris
1726 1176 1788 1232 Β.
2813 1173 2901 1240 Ἀρ

2813 1171 2988 1241 Ἀρχὴ
3024 1173 3132 1228 τοῦ
3189 1176 3235 1227 Β
3270 1177 3603 1245 στοιχείου.

823 1317 872 1368 1.
904 1314 976 1368 De
1000 1330 1160 1369 sacro
1191 1316 1471 1385 baptismo.

2500 1315 2568 1362 α’.
2606 1308 2744 1378 Περὶ
2770 1308 2865 1362 τοῦ
2894 1309 3051 1376 ἁγίου
3089 1307 3487 1380 βαπτίσματος.

821 1407 874 1460 9..
909 1407 985 1460 De
1013 1407 1311 1460 infantibus
1341 1406 1409 1461 de
1437 1407 1637 1476 quibus
1662 1405 1962 1468 dubitatur,
1980 1411 2161 1456 utrum
2186 1403 2319 1470 hap-

2502 1397 2568 1468 β’.
2602 1401 2733 1469 Περὶ
2764 1400 2873 1452 τῶν
2921 1400 3416 1472 ἀμφιϐαλλομινων
3445 1404 3656 1474 νηπίων
3685 1407 3735 1458 εί
3780 1406 4011 1459 ἐϐαπτί-

754 1499 902 1552 tizati
933 1499 1152 1560 fuerint,
1181 1509 1374 1550 necne.

999 1499 1152 1560 erinl,
1181 1509 1374 1550 necne.
2430 1493 2657 1561 σθησιν.

820 1592 873 1642 5.
909 1591 980 1643 De
1039 1590 1338 1644 infantibus
1387 1589 1756 1656 Agarenorum
1810 1584 2116 1653 baptizatis.
2145 1592 2200 1640 et
2253 1585 2322 1640 de

2499 1589 2570 1648 γ’.
2609 1585 2745 1656 Περὶ
2767 1584 2874 1637 τῶν
2904 1584 3321 1656 βαπτιζομένων
3361 1588 3570 1656 νηπίων
3620 1587 3731 1640 τῶν
3770 1588 4009 1658 Ἀγαρη-

752 1683 1038 1748 lmptizatis
1064 1682 1134 1736 ab
1165 1683 1228 1736 iis
1255 1682 1344 1748 qui
1377 1697 1480 1734 non
1504 1680 1847 1734 ordinantur.

2431 1673 2558 1736 νῶν,
2586 1677 2680 1726 καὶ
2711 1677 2840 1746 περὶ
2871 1678 2980 1730 τῶν
3016 1677 3429 1750 βαπτιζομένων
3462 1679 3612 1748 παρὰ
3641 1680 3896 1750 ἀνιέρων.

822 1771 876 1824 4.
922 1772 996 1826 De
1025 1773 1091 1827 iis
1125 1774 1213 1841 qui
1241 1786 1307 1826 ex
1340 1770 1544 1826 Judazis
1578 1769 1948 1840 haptizautur.

2497 1765 2562 1817 δ’.
2590 1767 2726 1834 Περὶ
2759 1766 2867 1818 τῶν
2895 1767 3311 1838 βαπτιζομένων
3341 1770 3401 1835 ἐξ
3425 1771 3716 1825 Ἰουδαίων.

823 1860 875 1914 5.
907 1860 978 1913 De
1007 1875 1156 1929 rege.
2351 1847 2392 1903 Β

2351 1847 2392 1903 Β
2494 1863 2556 1910 ε’.
2582 1859 2716 1927 Περὶ
2747 1858 3034 1926 βασιλέως.

825 1953 879 2004 6.
913 1949 1142 2015 Quando
1167 1964 1261 2005 rex
1289 1950 1430 2003 intra
1459 1958 1669 2018 septum
1702 1948 1886 2002 altaris
1913 1947 2116 2001 intrare
2135 1945 2318 2000 debet.

2493 1949 2570 2015 ς’.
2601 1951 2739 2003 Πότε
2783 1951 2812 2002 ό
2872 1951 3128 2020 βασιλεὺς
3173 1955 3252 2019 είς
3276 1955 3337 2007 τὸ
3389 1954 3545 2023 ἅγιον
3580 1955 3775 2009 εἴσεισι
3819 1955 4006 2010 Gusta-

2425 2038 2666 2107 στήριον.

829 2135 881 2186 7.
913 2133 1064 2199 Quod
1093 2148 1196 2187 non
1234 2139 1448 2202 oportet
1483 2145 1664 2200 regem
1715 2129 2041 2185 contumelia
2085 2128 2322 2183 allicere.

1802 2129 2041 2183 ttumelia
2085 2128 2322 2183 allicere.
2495 2128 2558 2193 ζ’.
2597 2130 2721 2183 Ὀτι
2753 2129 2976 2199 βασιλέα
2998 2130 3241 2202 ὑϐρίζειν
3269 2135 3331 2186 οὐ
3359 2135 3458 2191 δεῖ.

827 2229 882 2278 8.
918 2226 990 2277 De
1013 2226 1269 2293 gradibus
1299 2225 1351 2275 in
1381 2224 1760 2276 matrimoniis.

2493 2218 2564 2288 η’.
2599 2223 2731 2289 Περὶ
2762 2221 2869 2272 τῶν
2900 2221 3123 2291 βαθμῶν
3152 2222 3245 2277 τοῦ
3272 2225 3474 2293 γάμου.

829 2321 881 2373 9.
914 2317 986 2371 De
1023 2319 1095 2392 iis
1115 2317 1206 2384 qui
1237 2316 1621 2369 abominantur
1676 2314 1944 2382 legitimas
1977 2312 2213 2382 nuptias,
2247 2314 2327 2367 vi-

2497 2308 2560 2362 θ’.
2596 2311 2731 2380 Περὶ
2755 2313 2864 2363 τῶν
2915 2312 3353 2383 βδελυττομένων
3409 2317 3536 2380 τοὺς
3586 2319 3842 2387 ἐννόμους
3897 2323 4002 2382 γά-

759 2427 908 2471 nnm,
943 2419 1181 2472 carnem,
1217 2417 1272 2461 et
1302 2407 1428 2461 alia.

2431 2417 2584 2470 μους,
2610 2400 2703 2452 τὸν
2733 2396 2901 2464 οἶνον,
2929 2402 2998 2454 τὰ
3020 2404 3179 2472 κρέα,
3207 2407 3301 2459 καὶ
3327 2405 3510 2474 ἔτερα.

832 2503 917 2556 10.
962 2500 1034 2554 De
1059 2500 1108 2553 vi
1143 2507 1194 2552 et
1217 2499 1481 2566 potentia.

2505 2498 2556 2542 ι’.
2581 2491 2715 2561 Περὶ
2737 2490 2856 2561 βίας
2890 2492 2983 2545 καὶ
3013 2493 3351 2555 δυναστείας.

831 2594 918 2647 11.
954 2594 1025 2647 De
1050 2592 1298 2661 genuinis
1327 2600 1378 2645 et
1401 2590 1599 2661 Spuriis
1627 2603 1795 2644 sacrae
1834 2587 2129 2658 Scriptum
2151 2586 2326 2642 lihrts.

2501 2580 2591 2635 ια’.
2623 2583 2761 2652 Περὶ
2787 2582 3009 2653 βιϐλίων
3040 2588 3145 2654 τῆν
3174 2583 3322 2648 θείας
3361 2586 3582 2656 Γραφῆς
3626 2590 3862 2660 ymo-Iun
3908 2592 4004 2643 καὶ

2430 2672 2620 2726 νόθων.

833 2779 919 2832 12.
950 2778 1023 2832 De
1053 2777 1120 2832 iis
1143 2776 1236 2846 qui
1262 2777 1370 2830 vim
1394 2773 1497 2829 sibi
1523 2771 1782 2837 inferunt,
1812 2771 1927 2828 sive
1955 2770 2194 2827 suicidis.

2504 2763 2591 2832 ιβ’.
2622 2763 2760 2833 Περὶ
2795 2763 3082 2828 θιαθανῶν.
3113 2768 3231 2835 ἢτοι
3266 2768 3376 2820 τῶν
3439 2769 3673 2832 ἑαυτοὺς
3717 2771 4003 2839 ἀναιρούν-

2468 2869 2568 2907 ων.

836 2962 925 3016 15.
957 2960 1032 3016 De
1060 2973 1202 3015 anno
1235 2956 1520 3023 bissextili,
1558 2956 1676 3012 sive
1721 2953 2055 3009 intercalari.

1415 2956 1520 3023 tili,
1558 2956 1676 3012 sive
1721 2953 2055 3009 intercalari.
2508 2950 2600 3012 ιγ’.
2632 2945 2768 3015 Περὶ
2797 2944 3073 3016 βισέκτου.

1273 3093 1498 3149 Initium
1529 3093 1721 3147 littera:
1748 3090 1811 3146 C.
2829 3085 2931 3151 Ἀρ

2829 3082 3015 3152 Ἀρχὴ
3043 3083 3151 3139 τοῦ
3197 3085 3250 3138 Γ
3292 3088 3619 3154 στοιχείου.

840 3237 890 3290 1.
927 3235 999 3289 De
1025 3233 1283 3303 gradibus
1311 3231 1401 3299 qui
1429 3238 1556 3284 sunt
1581 3230 1633 3282 in
1692 3227 2056 3282 matrimonio.
2360 3195 2403 3251 ο

1815 3227 2056 3282 rimonio.
2360 3195 2403 3251 ο
2508 3218 2574 3273 α’.
2611 3220 2744 3291 Περὶ
2764 3221 2875 3274 τῶν
2901 3220 2992 3275 τοῦ
3021 3224 3197 3292 γάμου
3229 3223 3473 3292 βαθμῶν,

835 3327 892 3382 2.
920 3326 1000 3383 De
1034 3326 1235 3394 nuptiis
1260 3323 1536 3378 concessis
1563 3329 1619 3376 et
1653 3320 1965 3390 prohibitis.

2511 3309 2576 3380 β’.
2605 3313 2738 3381 Περὶ
2774 3314 2970 3381 γάμων
3009 3314 3494 3382 ὲπιτετραμμένων
3551 3315 3644 3366 καὶ
3683 3315 3991 3382 κεκωλυμέ-

2436 3419 2566 3457 νων.
2596 3403 2804 3470 Νόμοι.

839 3507 894 3560 3.
937 3506 1009 3560 De
1038 3504 1105 3559 iis
1129 3503 1218 3571 qui
1253 3501 1468 3569 nuptias
1497 3500 1768 3566 legitimas
1797 3499 2195 3554 abominantur.

2502 3491 2572 3559 γ’.
2595 3491 2849 3562 Περὶτῶν
2871 3494 2991 3556 τοὺς
3021 3492 3281 3557 ἐννόμους
3306 3490 3517 3559 γάμους
3546 3492 4003 3562 βδελυττομένων.

837 3598 893 3653 4.
929 3599 1002 3652 De
1031 3595 1479 3650 contrahentibus
1510 3594 1797 3654 secundas,
1829 3590 2036 3652 tertias,
2069 3597 2124 3644 et
2154 3589 2334 3659 plures

2503 3585 2565 3638 δ’.
2600 3585 2733 3655 Περὶ
2770 3584 3373 3654 διγὰμων,τριγάμων,
3410 3582 3505 3636 καὶ
3526 3585 3858 3653 πολυγάμων
3909 3588 4000 3637 ἀν-

781 3691 1016 3758 ruptias,
1049 3697 1156 3739 tam
1189 3686 1346 3749 viris,
1371 3700 1530 3752 quam
1565 3683 1902 3737 mulieribus.
2430 3681 2439 3722 4

1455 3701 1530 3737 aut
1565 3683 1902 3737 mulieribus.
2430 3676 2574 3744 δρῶν
2601 3693 2659 3727 τε
2691 3675 3113 3742 καὶγυναικῶν.

843 3785 894 3836 5.
934 3783 1005 3834 De
1038 3780 1264 3832 muliere
1289 3778 1355 3830 ad
1389 3775 1655 3830 secundas
1713 3772 1930 3841 nuptias
1970 3773 2214 3827 transire
2246 3786 2336 3824 vo-

2506 3763 2567 3818 ε’.
2597 3765 2729 3834 Περὶ
2763 3766 2858 3835 τῆς
2888 3764 3361 3836 δευτερογαμῆσαι
3414 3764 3749 3836 βουλομένης
3811 3782 4000 3832 γυναι·

770 3875 934 3932 lunte,
966 3869 1122 3938 cujus
1169 3869 1393 3922 maritus
1425 3867 1475 3921 in
1505 3862 1938 3935 peregrinatione
1977 3863 2061 3917 vel
2104 3862 2330 3931 expedi-

2437 3854 2550 3918 xb;,
2584 3856 2639 3907 ὲν
2671 3858 2739 3922 τῇ
2763 3855 3043 3926 ἀποδημίᾳ
3072 3855 3104 3924 ἢ
3132 3856 3392 3926 στρατείᾳ
3443 3853 3535 3908 τοῦ
3588 3856 3779 3925 ἀνδρὸς
3832 3860 4005 3928 αὐτῆς

771 3971 921 4018 tione
955 3961 1242 4016 interierit.

1186 3961 1242 4013 ίι,
2437 3947 2838 4014 ἀφανισθέντος.

841 4056 894 4107 6.
931 4054 1082 4117 Quod
1117 4050 1398 4119 presbyter
1437 4048 1526 4115 qui
1561 4045 1774 4115 nuptias
1800 4043 2003 4116 digami
2034 4045 2332 4110 benedixit,

2509 4035 2583 4100 ς’.
2628 4039 2748 4090 Ὀτι
2780 4040 2855 4110 τῷ
2878 4039 3198 4109 διγαμοῦντι
3254 4043 3318 4096 οὺ
3366 4042 3447 4095 δεί
3486 4041 3869 4094 συνεστιᾶσθαι
3915 4041 4005 4092 τὸν

774 4163 894 4201 cum
923 4161 986 4201 eo
1019 4143 1299 4200 convivari
1335 4155 1441 4195 non
1479 4141 1699 4207 debeat.

1623 4148 1699 4193 at.
2442 4129 2860 4196 ίερολογήσαντα
2891 4130 3277 4200 πρεσϐύτερον.

847 4239 896 4292 7.
933 4240 1084 4303 Quod
1110 4235 1401 4289 Christiani
1435 4232 1525 4300 qui
1553 4232 1620 4285 ad
1654 4229 1868 4300 nuptias
1897 4238 2051 4294 eunt,
2085 4243 2188 4284 non
2239 4229 2335 4284 de-

2507 4223 2572 4289 C'.
2612 4225 2732 4276 Ὀτι
2759 4226 2883 4287 τοὺς
2912 4227 2992 4286 είς
3023 4225 3199 4293 γάμον
3231 4225 3491 4288 ἀπιόντας
3534 4225 3913 4292 Χριστιανοὺς,
3945 4225 4005 4276 οὐ

774 4333 900 4384 bent
930 4331 1152 4383 ludicris
1187 4326 1371 4380 intenti
1404 4337 1544 4377 esse.
1773 4325 1776 4328 ’

1500 4337 1544 4376 e.
1773 4325 1776 4328 ’
2437 4319 2512 4370 δεῖ
2544 4320 2812 4384 παιγνίοις
2853 4318 3158 4387 προσέχειν.

848 4423 902 4472 8.
937 4420 1008 4473 De
1046 4417 1343 4485 virginibus
1380 4424 1573 4484 praeter
1594 4419 1873 4481 parentum
1902 4426 2120 4469 suorum
2153 4417 2338 4470 volun-
2505 4428 2506 4435 ‘

2505 4414 2576 4477 η’.
2607 4407 2740 4476 Περὶ
2799 4407 2908 4459 τῶν
2963 4407 3327 4476 γαμουμένων
3377 4406 3665 4471 παρθένων
3725 4406 4005 4476 γυναικῶν

780 4521 939 4563 tatem
972 4509 1317 4561 nubentibus.
2371 4518 2410 4570 ο

2371 4518 2410 4570 ο
2444 4499 2592 4566 παρὰ
2625 4495 2851 4564 γνώμην
2890 4497 2995 4547 τῶν
3031 4497 3246 4548 οἰκείων
3274 4497 3496 4563 γονέων.

849 4601 903 4654 9.
934 4601 1009 4653 De
1039 4598 1238 4665 nuptiis
1270 4595 1489 4649 nefariis
1535 4605 1590 4648 et
1625 4592 1829 4647 illicitis
1862 4604 2231 4662 cognatorum.

2056 4609 2231 4650 orum.
2515 4589 2581 4641 θ’.
2617 4588 2747 4656 Περὶ
2773 4588 2967 4655 γάμων
3003 4586 3335 4654 παρανόμων
3357 4587 3714 4654 συγγενικῶν.

852 4689 937 4741 10.
973 4689 1043 4739 De
1075 4689 1138 4739 iis
1171 4687 1261 4753 qui
1290 4684 1545 4737 mulieres
1573 4684 1625 4736 in
1657 4683 2064 4737 matrimonium
2097 4683 2338 4753 rapiunt.

2209 4686 2338 4737 mut.
2515 4674 2564 4728 ι’.
2602 4677 2732 4744 Περὶ
2758 4675 2866 4726 τῶν
2895 4676 2986 4726 ἐπὶ
3009 4675 3171 4743 γάμῳ
3206 4677 3468 4741 γυναῖκας
3492 4675 3867 4743 ἁρπαζόντων.

852 4781 940 4833 ll.
971 4779 1042 4831 De
1088 4779 1170 4830 bis
1221 4777 1309 4844 qui
1370 4773 1713 4828 matrimonio
1763 4773 1864 4826 sibi
1929 4773 2183 4841 copulant
2235 4773 2341 4827 Deo

2514 4773 2599 4819 ια’.
2627 4766 2758 4829 Περὶ
2785 4763 2894 4816 τῶν
2918 4763 3011 4814 ἐπὶ
3041 4763 3204 4831 γάμῳ
3230 4761 3615 4831 λαμϐανόντων
3653 4763 3748 4821 τὰς
3773 4762 3852 4831 τῷ
3885 4763 4005 4831 Θεῷ

780 4881 1146 4926 consecratas.

2441 4856 2842 4925 ἀφιερωμένας.

855 4963 940 5014 12.
967 4963 1118 5028 Quod
1147 4958 1358 5028 nuptias
1384 4970 1505 5009 cum
1542 4953 1812 5008 haereticis
1860 4955 2179 5010 contrahere
2233 4969 2340 5011 non

2513 4944 2600 5015 ιβ’.
2642 4944 2758 4996 Ὀτι
2790 4945 2848 4995 οὐ
2875 4943 2956 4996 δεῖ
2980 4942 3188 5013 γάμους
3215 4941 3596 4995 συναλλάττειν
3645 4945 3786 5012 μετὰ
3847 4946 4002 5014 alpe-

783 5067 1046 5123 Opurtcal.
2441 5038 2624 5089 τεκὼν·

857 5149 945 5199 15.
984 5144 1189 5210 Qt:ibus
1211 5157 1275 5195 ex
1308 5141 1489 5195 causis
1510 5138 1909 5194 matrimonium
1941 5141 2197 5191 solvatur.
2514 5153 2515 5160 η

1980 5141 2197 5191 )lt'atnr.
2514 5135 2603 5193 ιγ’.
2651 5127 2707 5179 Ὀ
2730 5128 2900 5195 γάμος
2930 5129 2992 5179 ἐκ
3021 5126 3188 5179 ποίων
3224 5125 3413 5179 αἰτιῶν
3437 5125 3638 5182 λύεται.

858 5238 942 5290 1-1.
973 5237 1044 5288 De
1071 5235 1392 5288 diaconissis
1418 5243 1472 5287 et
1500 5234 1693 5286 viduis.
2513 5240 2516 5269 ι

2513 5219 2569 5273 ιδ’
2580 5263 2590 5273 .
2623 5221 2755 5288 Περὶ
2782 5218 3056 5286 γυναικῶν
3087 5219 3351 5271 διακόνων
3383 5220 3476 5269 καὶ
3506 5219 3713 5287 χηρῶν.

857 5327 942 5379 15.
978 5327 1048 5378 De
1081 5323 1392 5378 mulieribus
1445 5319 1821 5390 dcsponsatis;
1853 5319 1904 5371 in
1934 5333 2039 5386 quo
2080 5318 2244 5371 etiam
2276 5319 2340 5372 de

2516 5316 2595 5361 ιε’.
2659 5309 2790 5378 Περὶ
2829 5306 3099 5374 γυναικῶν
3166 5307 3685 5375 μεμνηστευμένων,
3735 5308 3795 5358 ὲν
3833 5301 3878 5374 ᾧ
3913 5310 4005 5358 καὶ

786 5416 1122 5484 sponsalibus
1159 5420 1442 5466 tractatur.

1259 5420 1442 5464 :tatur.
2444 5404 2566 5470 περὶ
2607 5401 2917 5469 μνηστείας.

863 5509 951 5561 16.
988 5509 1059 5560 Dc
1092 5505 1310 5560 clericis
1360 5517 1555 5557 uxores
1585 5515 1710 5554 suas
1754 5509 2010 5569 prtetcxlu
2071 5498 2342 5567 religionis
2514 5511 2521 5544 I

2514 5500 2610 5555 ις’.
2661 5493 2794 5561 Περὶ
2844 5493 2948 5544 τῶν
2983 5493 3082 5555 τὰς
3137 5493 3272 5554 ίδέας
3325 5494 3586 5559 γυναῖκας
3628 5492 4006 5544 ἑκϐαλλὸντων

783 5600 1140 5668 ομοίθιιιὶὺυδ.

2443 5587 2711 5652 προφάσει
2738 5585 3073 5654 εὐλαϐείαςῆ
3107 5585 3455 5654 παραλόγως.

854 5692 942 5744 1⁸1.
999 5689 1148 5756 Quod
1209 5688 1444 5759 episcopi
1498 5686 1564 5740 ab
1621 5686 1880 5743 uxoribus
1932 5685 2043 5739 suis
2101 5680 2334 5751 separari

2514 5673 2598 5735 ιζ’.
2635 5674 2752 5724 Ὅτι
2786 5673 2892 5726 τῶν
2925 5673 3071 5729 ἰδίων
3100 5675 3372 5743 γυναικῶν
3403 5672 3737 5744 χωρίζεσθαι
3775 5675 3855 5728 δεῖ
3880 5678 4006 5738 τοὺς

784 5784 998 5836 debent.

2446 5769 2789 5825 ἐπισκόπους.
