4198 6448
229 373 369 438 1(θό

618 487 797 556 ’Δρχὴ
829 486 933 540 τοῦ
974 490 1020 538 Ζ
1069 487 1392 555 στοιχείου.

296 578 368 634 α’.
393 580 528 649 Περὶ
556 580 649 633 τοῦ
670 580 890 643 ζέοντος
915 577 1107 641 ὓδατος
1130 579 1226 631 τοῦ
1264 583 1374 640 τοῖς
1403 579 1569 641 θείοις
1596 597 1801 648 μυστη-

225 675 366 743 ρίοις
399 672 824 741 ἐμϐαλλομένου.

298 766 368 832 β’.
404 765 537 834 Περὶ⁸
567 764 884 836 ζωγραφίας
912 765 980 817 δι’
999 764 1191 834 ἡδονῆς
1240 766 1336 824 τὰς
1391 762 1568 833 ψυχὰς
1609 765 1801 833 λυμαι-

221 857 483 933 νθμένὶης.
816 889 820 894 ι

296 952 370 1012 γ’.
412 947 543 1015 Περὶ
574 948 896 1018 ζωφθὸρων
921 951 1039 1020 ἢτοι
1066 949 1433 1018 κτηνοϐατῶν.

627 1085 800 1155 Ἀρχὴ
826 1086 932 1141 τοῦ
975 1090 1026 1142 H
1062 1086 1411 1156 στοιχείου.ἶ

298 1209 371 1256 α’.
399 1203 534 1270 Περὶ
567 1203 908 1270 ἡγουμένων.

300 1294 368 1360 β’.
401 1293 530 1364 Περὶ
557 1294 655 1362 τῆς
678 1294 888 1363 ἡλικίας
919 1293 1025 1345 τῶν
1079 1288 1568 1364 χειροτονουμένων
1617 1291 1805 1360 κληρι-

220 1389 364 1442 κῶν.

302 1486 368 1547 γ’.
414 1479 548 1548 Περι
570 1479 664 1532 τοῦ
692 1481 786 1548 τῆς
815 1481 1026 1550 ἡμέρας
1055 1481 1442 1549 διαστήματος.

645 1615 824 1682 Ἀρχὴ
859 1615 965 1667 τοῦ
989 1617 1033 1668 Θ
1079 1615 1400 1683 στοιχείου.

300 1735 376 1782 α’.
411 1729 542 1796 Περὶ
562 1727 805 1796 θεάτρων
841 1729 932 1780 καί
975 1729 1280 1797 θυμελικῶν
1342 1727 1616 1796 διαφόρων
1677 1744 1805 1779 παι-

221 1823 416 1884 γνίων.

306 1913 346 1985 β
403 1916 534 1984 Περὶ
569 1914 842 1981 θεολογίας
868 1915 961 1966 καὶ
982 1914 1263 1983 ὀρθοδόξου
1302 1917 1556 1975 πίστεως.

304 2013 373 2072 γ’.
405 2007 535 2072 Περὶ
569 2006 675 2056 τῶν
700 2007 869 2072 ἁγίων
897 2005 1039 2072 Θεοφ
1053 2007 1260 2059 ινείων.

304 2095 368 2149 δ’.
433 2097 566 2166 Περὶ
617 2096 728 2147 τῶν
792 2098 1152 2165 θυσιαστήρια
1219 2098 1484 2151 ἱστάντων
1534 2096 1810 2165 κληρικῶν

225 2189 386 2255 παρᾶ
416 2187 640 2255 γνώμην
669 2186 774 2238 τῶν
809 2187 1026 2239 οἰκείων
1059 2188 1397 2241 ἐπισκόπων.

302 2278 369 2330 ε’.
412 2279 536 2330 Ὅτι
567 2280 646 2340 εἰς
677 2283 736 2329 τὸ
759 2278 911 2345 ἆγιον
935 2277 1320 2347 θυσιαστήριον
1351 2281 1666 2349 ἰερωμένοις
1718 2283 1812 2351 μό-

225 2391 344 2435 νοις
385 2373 689 2424 ἐπιϐαίνειν
720 2374 958 2439 ἀσφαλές
992 2388 1004 2401 ·
1033 2372 1375 2440 εἰσέρχονται
1418 2374 1475 2426 δὲ
1507 2378 1599 2427 καὶ
1655 2375 1810 2444 βασι-

225 2468 370 2529 λεῖς,
404 2468 491 2519 ὅτε
518 2465 596 2518 ,τὰ
627 2465 775 2534 δῶρα
803 2467 868 2534 τῇ
905 2464 1024 2532 θείᾳ.
1049 2464 1300 2534 τραπέζῃ
1331 2467 1638 2534 προσοίσειν
1687 2465 1812 2534 μέλ-

227 2559 388 2610 λουσι
423 2573 436 2585 ·
464 2557 670 2618 λαῖκοῖς
705 2557 760 2608 δὲ
792 2557 824 2626 ἢ
850 2555 1098 2624 γυναιξὶν
1127 2557 1353 2609 εἰσιέναι
1385 2557 1702 2627 ἀπείρηται.

672 2694 844 2762 Ἆρχή
872 2695 976 2746 τοῦ
1007 2696 1040 2746 1
1064 2659 1387 2762 στοιχείου.

309 2818 380 2864 α’.
424 2809 556 2876 Περὶ
589 2807 749 2876 ἱερῶν
782 2805 990 2859 σκευῶν
1021 2806 1116 2859 καὶ
1149 2807 1474 2874 ἱεροσυλίας.

311 2903 376 2971 β’.
417 2904 538 2954 Ὀτι
570 2902 628 2952 οὐ
657 2902 738 2952 δεῖ
759 2900 902 2951 ἔνδον
927 2900 1036 2951 τῶν
1069 2899 1164 2951 τοῦ
1200 2899 1345 2965 ίεροῦ
1386 2899 1686 2969 περιϐόλων
1715 2898 1813 2961 τὰς

227 2995 536 3062 λεγομένας
576 2994 792 3060 ἀγάπας
821 2995 1046 3056 ποιεῖν,
1103 2993 1135 3062 ἢ
1185 2993 1455 3058 καπηλεῖα
1484 2988 1644 3054 εἶναι,
1697 2993 1732 3061 ἦ
1762 3009 1814 3043 τι

227 3088 360 3141 κατ’
385 3085 655 3154 ἐμπορίαν
688 3083 1022 3153 προτιθέναι,
1062 3084 1095 3151 ἢ
1131 3085 1321 3150 κτῆνος
1354 3085 1517 3152 χωρὶς
1559 3083 1808 3152 ἀνάγκης

227 3177 499 3241 εἰσάγειν,
536 3174 569 3244 ἡ
599 3191 718 3225 τινα
747 3171 884 3242 μετὰ
907 3172 1162 3240 γυναικὸς
1191 3171 1537 3239 καταμένειν.

311 3367 378 3426 γ’.
411 3359 540 3425 Περί
569 3357 667 3425 τῆς
700 3355 850 3418 Θείας
895 3355 1230 3426 ἱερουργίας.

313 3449 365 3503 δ’.
407 3450 543 3519 Περὶ
585 3448 872 3513 Ἰουδαίων,
904 3448 996 3500 καὶ
1022 3449 1103 3500 ὅτι
1139 3445 1259 3515 μετ’
1314 3446 1494 3498 αὐτῶν
1533 3444 1818 3498 κοινωνίαν

230 3544 372 3604 ὅλως
404 3544 548 3610 ἐχειν
575 3541 636 3592 οὐ
666 3540 748 3592 δεῖ
769 3541 894 3602 τοὺς
926 3539 1176 3600 πιστούς.

669 3675 842 3744 Ἀρχὴ
863 3676 971 3728 τοῦ
1001 3678 1051 3728 Κ
1069 3673 1397 3742 στοιχείου.

307 3801 381 3848 α’.
407 3793 543 3862 Περὶ
569 3789 678 3843 τῶν
704 3787 1141 3858 καθαιρεθέντων
1199 3789 1301 3858 ἥδη
1357 3786 1674 3839 ἐπισκόπων
1722 3787 1820 3836 καὶ

233 3886 541 3954 κληρικῶν,
575 3882 670 3934 καὶ
705 3881 809 3933 ὑπο
847 3883 1032 3932 πόσων
1073 3879 1388 3931 ἐπισκόπων
1408 3876 1817 3947 καθαιροῦνται.

311 3980 376 4044 β.
409 3975 540 4042 Περὶ
595 3973 705 4024 τῶν
754 3972 1143 4039 καινιζομένων
1187 3975 1248 4022 ἐκ
1302 3969 1564 4036 βασιλέων
1618 3968 1818 4034 ἐκκλη-

238 4069 374 4121 σιῶν
402 4069 434 4135 ἦ
461 4067 692 4118 πόλεων.

309 4158 379 4223 γ’.
415 4160 484 4209 lla
494 4157 548 4226 ρὶ
582 4154 961 4222 καινοτομιῶν.

310 4249 373 4303 δ’.
408 4249 546 4316 Περὶ
575 4247 887 4308 Καλανδῶν,
920 4247 1012 4298 καὶ
1051 4244 1444 4314 κληδονισμῶν.

311 4342 376 4394 ε’.
411 4341 544 4408 Περὶ
611 4340 850 4392 κανόνων
897 4336 1392 4404 ὲκκλησιαστικῶν,
1452 4337 1545 4387 καὶ
1599 4335 1818 4396 πόσους,

237 4434 338 4486 καὶ
369 4431 554 4494 ποίους
583 4431 662 4481 δεῖ
691 4432 920 4490 κανόνας
956 4432 1201 4497 κρατεῖν.

320 4522 388 4588 ς’.
431 4523 561 4588 Περὶ
588 4521 893 4573 κανο-ιικοῦ.

313 4611 382 4675 ζ’.
427 4612 550 4662 Ὀτι
605 4612 686 4672 εἰς
721 4609 1015 4678 καπηλεῖον
1065 4610 1125 4662 οὐ
1170 4610 1251 4661 δεῖ
1293 4610 1384 4660 τὸν
1417 4610 1677 4677 κληρικδν
1705 4611 1818 4661 εἰσ-

241 4721 406 4754 ιεναι.

314 4793 384 4860 η’.
422 4792 556 4860 Περὶ
585 4791 959 4861 καρποφορίας
987 4792 1085 4858 τῆς
1118 4794 1198 4853 εἰς
1217 4793 1342 4852 τοὺς
1369 4792 1546 4855 θείους
1566 4794 1749 4856 ναούς.

316 4889 383 4938 0’.
410 4887 546 4954 Περὶ
585 4886 917 4954 κατηγορίας
941 4885 1251 4935 ἐπισκόπων
1277 4889 1371 4936 καὶ
1397 4885 1696 4953 κληρικῶν,
1730 4890 1823 4940 καὶ

239 4979 388 5039 τίνες
418 4979 497 5039 είς
534 4978 871 5045 κατηγορίαν
895 4975 1121 5038 δεκτέοι,
1151 4980 1243 5027 καὶ
1277 4977 1423 5038 τίνες
1454 4977 1690 5032 assum.

321 5152 374 5204 ι’.
409 5153 544 5222 Περί
573 5170 811 5223 κατηχου
820 5155 1020 5222 μένων.

322 5243 412 5297 ια’.
445 5245 605 5308 Τίνας
630 5245 711 5297 δεῖ
748 5246 1104 5315 κληρονομεῖν
1125 5246 1194 5299 τὰ
1228 5247 1332 5299 ἴδια
1363 5248 1455 5300 τοῦ
1497 5253 1818 5304 επισκὸπου.

322 5425 410 5492 ιβ’.
441 5425 576 5493 Περὶ
631 5424 995 5494 κληρονομίας
1013 5427 1106 5479 καὶ¹
1127 5427 1460 5498 ἀποκλήρων
1500 5429 1628 5480 υἱῶν
1667 5430 1700 5498 ἢ
1731 5446 1822 5497 γο-

242 5518 404 5571 νέων.

323 5605 412 5675 ιγ’.
442 5609 566 5660 Ὀτι
596 5607 929 5676 κληροῦσθαι
957 5607 1038 5660 δεῖ
1073 5607 1167 5661 καὶ
1195 5610 1319 5672 τοὺς
1381 5611 1456 5680 μὴ
1513 5615 1821 5682 καταγομέ-

245 5715 371 5760 νους
405 5700 471 5750 ἐκ
511 5698 701 5765 γένους
734 5696 1036 5767 ἱερατικοῦ,
1055 5699 1104 5752 εί
1133 5697 1274 5763 ἄξιοι
1297 5695 1428 5754 εἷεν.

1525 375 1762 435 INDEX
1796 375 2152 437 CAPITUM.

3349 378 3368 438 l
3379 377 3483 438 006

2424 492 2643 545 Initium
2683 490 2872 546 littera
2897 491 2966 546 Ζ.

1981 587 2030 638 1.
2091 582 2164 637 De
2195 581 2438 638 fervente
2467 597 2606 652 aqua
2646 582 2822 638 sacris
2853 583 3128 653 mysteriis
3161 582 3479 651 injicienda.

1977 762 2030 814 2.
2064 761 2136 812 lle
2190 761 2420 828 picturis
2452 775 2547 829 per
2597 759 2931 827 voluptatem
2977 757 3213 812 animam
3237 774 3486 814 corrum-

1909 853 2179 921 pentibus.

1978 947 2034 999 5.
2071 906 2263 998 Deliis
2302 945 2394 1013 qui
2446 959 2567 998 cum
2619 906 2807 999 bestiis
2847 957 2961 998 rem
3004 942 3331 996 habuerunt.

2409 1080 2631 1134 Initium
2693 1081 2886 1134 littera:
2918 1083 2985 1134 II.

1984 1198 2033 1251 1.
2068 1195 2140 1248 De
2171 1194 2460 1264 prml'cctis.

1978 1288 2032 1340 2.
2068 1288 2139 1341 De
2169 1304 2354 1342 eorum
2394 1298 2574 1352 aetate,
2613 1289 2705 1356 (lui
2750 1287 2934 1342 clerici
2994 1294 3128 1341 sunt
3175 1284 3482 1340 ordinandi.

1982 1471 2034 1522 5.
2071 1471 2144 1524 De
2171 1469 2273 1523 diei
2308 1469 2502 1537 spatio.

2422 1605 2648 1660 Initium
2695 1607 2889 1661 littera:
2924 1608 2968 1659 Θ

1993 1726 2034 1776 1.
2080 1724 2151 1777 De
2183 1722 2414 1777 theatris
2447 1731 2501 1776 et
2532 1722 2762 1776 diversis
2787 1723 3019 1779 scenicis
3051 1724 3208 1780 ludis.

1987 1903 2041 1957 9..
2077 1901 2149 1955 De
2182 1902 2449 1972 theologia
2485 1910 2540 1956 et
2570 1899 2876 1954 orthodoxa
2907 1899 3032 1954 ﬁde.

1982 1997 2034 2048 5.
2083 1995 2156 2048 De
2186 1995 2396 2048 sanctis
2415 1980 2804 2062 TlteOpbaniis.

1987 2089 2042 2139 4.
2078 2084 2151 2139 De
2181 2085 2417 2148 clericis,
2465 2085 2555 2155 qui
2608 2097 2801 2155 prreter
2831 2101 3053 2141 suorum
3111 2086 3490 2156 episcoporum

1914 2179 2234 2232 sententiam
2264 2178 2454 2231 altaria
2485 2188 2746 2235 statuunt.

1984 2266 2035 2318 5.
2074 2263 2226 2330 Quod
2255 2269 2320 2320 ad
2348 2283 2566 2321 sacrum
2591 2269 2764 2323 altare
2786 2269 3016 2324 sacratis
3039 2269 3170 2324 solis
3193 2270 3491 2323 ascendere

1915 2358 2246 2428 permittitur
2273 2377 2287 2425 ;
2322 2361 2698 2431 ingrediuntur
2717 2377 2844 2417 vero
2867 2354 3248 2431 imperatores.
3271 2365 3490 2432 quando

1914 2452 1980 2504 ad
2003 2466 2212 2507 sacram
2267 2468 2511 2508 mensam
2543 2455 2681 2508 dona
2731 2454 2967 2510 oblaturi
2998 2467 3164 2520 sunt;
3196 2456 3354 2511 laicis
3392 2470 3491 2511 au-

1916 2552 2048 2610 tem,
2079 2544 2162 2598 vel
2209 2545 2531 2602 mulieribus
2563 2547 2774 2618 ingredi
2805 2547 3146 2618 prohibetur.

2427 2685 2649 2738 [uitium
2717 2686 2907 2741 litteris
2943 2684 2974 2738 1

1991 2803 2044 2857 1.
2077 2802 2153 2856 De
2190 2803 2360 2858 sacris
2388 2805 2533 2858 vasis
2556 2813 2610 2859 et
2639 2806 2946 2877 sacrilegio.

1989 2891 2042 2946 2.
2079 2894 2232 2959 Quod
2258 2910 2360 2948 non
2383 2906 2596 2975 oportet
2633 2898 2774 2952 intra
2808 2901 2991 2970 templi
3023 2901 3260 2956 ambitus
3291 2883 3495 2973 δέψει

1918 2986 2094 3041 dictas
2137 2987 2432 3053 celebrare,
2472 2990 2556 3043 vel
2584 3005 2862 3061 cauponas
2888 3009 3034 3058 esse,
3074 2994 3160 3049 vel
3193 2995 3397 3063 aliquid
3427 2997 3496 3050 ad

1921 3088 2281 3132 mercaturam
2325 3094 2618 3148 exponere,
2659 3083 2740 3135 vel
2786 3084 3092 3152 jumentum
3147 3087 3352 3154 absque
3402 3102 3500 3141 ue-

1846 3187 1886 3241 c
1920 3169 2174 3224 cessitate
2205 3170 2571 3239 introducere,
2607 3174 2695 3229 vel
2733 3175 2971 3245 aliqum“
3001 3192 3124 3231 cum
3161 3177 3388 3233 muliere
3413 3194 3494 3233 re-

1925 3277 2164 3316 manere.

1991 3353 2046 3406 5.
2079 3351 2154 3406 De
2181 3368 2341 3406 sacro
2371 3354 2694 3410 ministerio.

1990 3445 2045 3496 4.
2095 3445 2167 3497 De
2196 3444 2420 3510 Iudaeis,
2453 3457 2509 3501 et
2547 3451 2688 3517 quod
2733 3463 2840 3503 non
2893 3461 3109 3520 oportet
3158 3451 3342 3508 ﬁdeles
3373 3468 3496 3510 eum

1922 3536 1990 3590 iis
2019 3536 2241 3591 omnino
2269 3540 2710 3596 communionem
2752 3541 2972 3596 habere.

2421 3673 2649 3728 Initium
2711 3677 2904 3730 littera:
2933 3681 3002 3731 K.

1996 3786 2050 3839 1.
2080 3785 2155 3838 De
2189 3785 2452 3854 depositis
2511 3789 2781 3858 episcopis
2825 3799 2880 3844 et
2911 3790 3147 3857 clericis,
3203 3803 3259 3846 et
3306 3807 3336 3846 a
3369 3804 3501 3861 quot

1922 3876 2195 3943 episcopis
2223 3878 2396 3942 depon
2406 3886 2594 3930 untur.

1990 3965 2043 4018 9..
2088 3965 2160 4020 De
2184 3967 2430 4023 ccclesiis
2455 3969 2536 4022 vel
2569 3969 2794 4024 urbibus
2835 3973 2904 4025 ab
2958 3972 3384 4042 imperatoribus
3431 3979 3500 4032 de

1924 4071 2064 4112 novo
2092 4062 2408 4112 exstructis.

1992 4150 2046 4202 5.
2091 4149 2164 4204 De
2196 4150 2653 4210 innovationibus.

1993 4241 2044 4293 4.
2084 4240 2157 4295 De
2187 4241 2444 4298 Kalendis
2469 4257 2524 4299 et
2553 4240 2996 4307 divinationibus.

1993 4333 2046 4384 5.
2084 4331 2156 4387 De
2181 4336 2479 4391 canonibus
2527 4341 2935 4408 ecclesiasticis,
2965 4355 3021 4400 et
3075 4357 3209 4417 quot
3259 4364 3497 4406 canones

1932 4424 2114 4479 valere
2141 4437 2374 4492 oportet.

1853 4553 1895 4606 υ
1995 4518 2046 4570 6.
2091 4518 2166 4572 De
2193 4523 2480 4577 canonico.

1995 4609 2051 4662 Ἰ.
2103 4609 2259 4674 Quod
2325 4612 2583 4667 clericum
2626 4615 2680 4668 in
2738 4632 3039 4688 cauponam
3111 4622 3319 4690 ingredi
3390 4641 3495 4680 non

1925 4701 2102 4754 decet.

1994 4794 2045 4847 8.
2089 4794 2161 4848 De
2193 4796 2456 4850 fructibus
2488 4798 2540 4850 in
2580 4798 2760 4851 divina
2798 4803 2997 4870 templa
3035 4802 3346 4858 oll'erendis.

1996 4885 2048 4937 9.
2106 4885 2178 4937 De
2222 4889 2596 4955 episcoporum
2637 4899 2691 4943 et
2729 4891 3053 4946 clericorum
3109 4898 3495 4965 accusatione;

1926 4989 1980 5029 et
2013 4978 2230 5045 quinam
2261 4981 2328 5032 ad
2389 4985 2792 5068 accusationem
2852 4987 3171 5042 admittendi
3236 5001 3386 5058 sunt,
3441 5003 3498 5062 et

1926 5070 2147 5136 quinam
2180 5083 2284 5122 non
2321 5073 2663 5127 adiuittendi.

1999 5161 2087 5213 10.
2120 5161 2191 5215 De
2218 5165 2644 5220 catecbumenis.

1997 5249 2084 5302 11.
2133 5250 2362 5315 Quinam
2429 5253 2630 5308 debent
2680 5271 2860 5312 rerum
2922 5262 3160 5330 episcopi
3247 5266 3496 5325 baeredes

1925 5341 2202 5395 constitui.

1996 5432 2083 5484 12.
2121 5431 2195 5487 De
2223 5433 2557 5499 bareditate,
2604 5448 2658 5492 et
2693 5427 3070 5500 exltteredibus
3102 5448 3228 5502 liliis
3262 5464 3354 5503 aut
3401 5468 3496 5516 pa-

1927 5525 2191 5576 rentibus.

1997 5615 2086 5667 15.
2120 5616 2274 5679 Quod
2308 5618 2362 5672 in
2421 5619 2624 5674 clerum
2666 5623 2908 5679 ordinari
2957 5638 3177 5697 oportet
3235 5648 3351 5694 eos.
3401 5640 3497 5702 ιιιιί

1926 5708 2090 5759 etiam
2124 5709 2190 5761 ad
2221 5723 2389 5777 genus
2421 5710 2762 5768 sacerdotale
2792 5730 2899 5771 non
2931 5718 3268 5787 referuntur,
3310 5723 3356 5776 si
3412 5725 3498 5778 di-

1933 5813 2018 5855 Qlll
2057 5811 2184 5851 Sllll.
