4198 6448
773 302 911 367 ῙΟΟῚ

841 508 927 563 l5.
962 507 1110 573 Quod
1134 506 1347 559 clericis
1384 506 1747 575 indigentibus
1776 522 1841 561 ex
1876 509 2116 562 ecclesiae
2173 508 2338 562 faeni-

767 600 966 660 tatibus
993 604 1335 672 suppeditare
1373 609 1608 669 oportet.

836 695 922 748 16.
958 694 1111 760 Quod
1145 710 1249 748 non
1278 701 1495 753 oportet
1530 693 1761 747 clericos
1802 692 2043 761 episc0pi
2101 691 2338 745 defuncti

764 792 901 843 bona
934 793 1234 856 surripere.

837 882 920 933 l7.
955 880 1106 945 Quod
1141 897 1245 933 non
1281 888 1497 945 oportet
1522 879 1778 934 clericum
1828 894 1997 932 unum
2034 880 2085 931 in
2131 882 2339 935 duabus

763 990 881 1027 esse
911 975 1243 1038 civitatibus,
1275 973 1356 1027 vel
1389 974 1441 1026 in
1472 987 1574 1025 una
1596 976 1817 1027 civitate
1849 973 2060 1028 duabus
2092 975 2339 1027 ccclesiis

760 1084 789 1118 a
810 1066 1165 1121 lminisxrare.

833 1160 919 1213 18.
951 1158 1102 1223 Quod
1134 1175 1237 1213 non
1262 1169 1472 1229 oportet
1503 1159 1760 1214 clericum
1786 1138 1993 1226 aliquid
2010 1156 2190 1211 facere
2215 1156 2340 1210 abs-

761 1268 863 1319 que
891 1252 1125 1320 episcopi
1159 1254 1447 1306 sententia.
1911 1258 1919 1266 ”

837 1346 920 1398 19.
955 1346 1109 1409 Quod
1148 1346 1328 1397 clerici
1361 1361 1467 1401 non
1504 1346 1745 1400 absolute
1774 1345 2120 1398 ordinentur.

831 1522 918 1574 2t).
958 1523 1111 1588 Quod
1148 1525 1499 1580 ecclesiarum
1524 1535 1580 1579 et
1625 1526 2075 1580 monasteriorum
2109 1524 2337 1578 clericos

763 1624 859 1675 sub
883 1619 1118 1693 episcOpi
1146 1630 1466 1693 petestatetn
1511 1634 1632 1673 esse
1664 1627 1894 1686 oportet.

830 1801 921 1854 2|.
955 1799 1105 1866 Quod
1141 1800 1391 1863 clericus,
1426 1813 1487 1850 ex
1528 1813 1635 1866 quo
1670 1798 1718 1848 in
1779 1795 1991 1862 aliquod
2048 1805 2330 1862 peceatum
2369 1779 2409 1831 Β

764 1894 1029 1957 inciderit,
1065 1892 1368 1959 deponitur,
1400 1905 1501 1943 non
1534 1898 1713 1941 autem
1752 1898 2085 1957 segregatnr.

830 1989 918 2041 22.
956 1987 1105 2048 Quod
1134 1986 1338 2046 clerici,
1368 1984 1459 2053 qui
1494 1984 1559 2036 ad
1609 1985 1850 2036 altiorem
1882 1983 2105 2051 gradum
2137 2000 2331 2037 ascen-

762 2082 890 2131 dere
924 2079 1132 2138 nolunt,
1162 2094 1246 2137 co,
1278 2094 1433 2143 quem
1476 2093 1616 2128 nunc
1651 2076 1905 2139 habeant,
1943 2076 2219 2130 excidunt.

829 2174 918 2226 25.
958 2172 1029 2223 De
1071 2171 1231 2223 furto.

829 2263 921 2317 2i.
960 2261 1112 2328 Quod
1156 2277 1259 2313 non
1288 2268 1499 2327 oportet
1526 2273 1645 2310 cum
1686 2258 2156 2310 excommunican
2187 2272 2335 2313 com-

763 2356 1061 2409 lllttlliCM‘t‘.

832 2448 923 2501 25.
961 2447 1032 2499 lle
1056 2447 1157 2509 eis,
1190 2446 1278 2511 qni
1337 2462 1440 2499 non
1499 2443 1920 2503 communicant,
1972 2458 2126 2496 sacra
2163 2442 2370 2516 admi-H

769 2541 1089 2593 nistratione
1122 2538 1284 2599 facta,
1342 2538 1424 2590 vel
1455 2552 1548 2606 per
1580 2547 1689 2589 tres
1723 2535 2032 2588 Dominicas
2086 2550 2336 2589 commu-

762 2634 974 2686 nionem
1015 2629 1431 2700 procrastinaut.

830 2724 921 2776 26.
948 2722 1098 2787 Quod
1152 2736 1256 2774 non
1287 2730 1501 2789 oportet
1558 2720 1773 2789 iamiam
1839 2730 2336 2775 mortuorum-cor-

761 2815 979 2882 poribus
1017 2814 1450 2867 communionem
1478 2814 1628 2867 dare.

829 2906 921 2961 27.
956 2904 1107 2972 Quod
1135 2918 1239 2958 non
1280 2913 1493 2973 oportet
1522 2918 1644 2956 eum
1676 2918 1766 2971 qut
1824 2903 2334 2957 communicaturus

762 3009 866 3060 est,
900 3014 1021 3051 cum
1059 3012 1228 3050 uxore
1256 3012 1351 3049 sua
1382 2995 1827 3049 consuetudinem
1862 2996 2081 3050 habere.

834 3091 924 3145 28.
965 3090 1190 3156 Quando
1216 3089 1583 3142 communicat
1617 3090 1829 3141 somnio
1863 3088 2121 3155 pollutus.
2362 3125 2406 3185 α

832 3186 925 3238 29.
957 3183 1107 3249 Quod
1134 3182 1330 3235 divina:
1359 3180 1761 3234 communionis
1790 3182 1964 3250 gratia
2002 3181 2135 3234 nihil
2188 3180 2336 3235 acci-

765 3290 890 3345 pere
918 3282 1149 3340 oportet.

832 3367 919 3419 50.
963 3368 1034 3419 De
1064 3367 1145 3423 iis.
1178 3365 1268 3433 qui
1299 3379 1421 3418 cum
1456 3366 1772 3434 presbytero
1818 3378 2042 3418 uxorem
2101 3364 2330 3419 habente

762 3459 1169 3511 communicare
1200 3458 1501 3525 ambigunt.

832 3550 920 3601 5t.
983 3548 1054 3599 De
1103 3549 1543 3615 presbyterorum
1602 3555 1656 3599 et
1712 3546 1971 3599 laicornm
2020 3545 2214 3600 ordine
2274 3547 2328 3599 in

763 3642 1163 3695 communione.

833 3730 923 3785 '52.
956 3729 1107 3795 Qllnti
1142 3744 1245 3782 non
1280 3731 1427 3782 decet
1461 3728 1687 3782 clericos
1712 3729 1794 3783 vel
1824 3729 2119 3782 monachos
2161 3743 2334 3781 sarcu-

766 3828 907 3879 lares
959 3838 1117 3876 CIII'IIS
1169 3823 1443 3892 suscipere
1473 3860 1489 3882 ,
1540 3822 1643 3876 nisi
1716 3837 1783 3876 ex
1848 3837 2112 3877 consensu
2164 3823 2335 3891 impe-

766 3917 983 3970 ratoris.

838 4008 927 4060 55.
973 4009 1043 4059 De
1069 4008 1433 4062 curatoribus.

835 4096 925 4148 3t.
965 4093 1037 4147 De
1065 4096 1305 4163 judiciis,
1340 4098 1536 4163 quibus
1569 4096 1798 4151 clericos
1828 4105 1883 4151 et
1933 4097 2226 4152 monachos
2251 4099 2335 4167 iu-

765 4188 931 4239 dicari
951 4198 1187 4255 oportet,
1219 4196 1274 4241 et
1302 4190 1369 4241 de
1398 4190 1670 4257 iudicibus
1702 4188 1979 4244 electitiis.

832 4279 921 4333 55.
956 4280 1029 4333 De
1053 4281 1133 4333 eis
1164 4283 1253 4348 qui
1286 4281 1418 4335 aleis
1447 4290 1500 4333 et
1529 4280 1881 4335 ebrietatibus
1910 4292 2121 4333 vacant.

835 4373 922 4425 '56.
959 4372 1109 4437 Quod
1142 4372 1193 4424 in
1232 4371 1510 4426 Dominico
1568 4373 1836 4441 praecipue
1877 4380 2089 4440 oportet
2119 4373 2333 4438 episco-

765 4479 861 4531 pos
892 4464 1143 4532 populum
1177 4465 1391 4517 docere.

835 4556 923 4608 57.
958 4556 1107 4620 Quod
1152 4556 1239 4607 die
1297 4555 1577 4609 Dominico
1630 4572 1736 4609 non
1797 4566 2011 4624 oportet
2061 4557 2332 4626 jejunare,

763 4649 845 4700 vel
878 4647 1261 4715 genuﬂectere,
1299 4649 1379 4699 vel
1433 4648 1670 4715 operari,
1709 4649 1789 4700 vel
1852 4651 2158 4715 spectacula
2194 4652 2330 4703 tieri.

830 4738 918 4791 58.
952 4738 1025 4791 De
1052 4738 1324 4792 codicillo.

1285 4867 1496 4920 Initium
1531 4874 1721 4926 littera:
1753 4880 1818 4926 Λ.

838 5008 887 5059 l.
921 5006 1000 5059 lie
1018 5007 1287 5074 episcopis
1315 5024 1343 5060 α
1372 5009 1525 5062 laicis
1559 5009 1738 5063 factis.

838 5097 891 5150 2.
928 5098 999 5149 De
1028 5098 1293 5165 episcotiis
1325 5099 1406 5151 vel
1440 5099 1655 5154 clericis
1694 5102 1777 5155 vel
1808 5104 2087 5156 monachis
2149 5104 2242 5171 qui
2278 5104 2329 5155 in

766 5188 886 5241 laici
918 5189 1159 5242 ordinem
1192 5188 1430 5241 veniunt.

836 5280 890 5331 5.
922 5280 1075 5345 Quod
1108 5280 1272 5335 laicos
1293 5284 1347 5336 in
1376 5284 1605 5338 ecclesia
1638 5285 1833 5338 docere
1867 5300 1970 5338 non
1994 5295 2226 5354 oportet.

837 5450 891 5503 4.
927 5452 996 5503 De
1024 5464 1206 5506 saneta
1238 5455 1733 5511 administratione.

839 5543 892 5596 5.
931 5544 1001 5595 De
1032 5543 1258 5600 Latinis.

837 5634 891 5689 6.
922 5634 995 5689 De
1026 5636 1319 5693 latronibus
1351 5648 1720 5708 pmttttenttam
1744 5642 2055 5709 agentibus.

836 5724 891 5778 7.
929 5726 1000 5780 De
1050 5729 1115 5783 iis
1155 5732 1241 5799 qui
1268 5733 1504 5787 latrones
1530 5735 1877 5787 interticiunt.

2067 304 2302 366 INDEX
2365 306 2720 377 CAPITUM.

836 414 924 467 Η.
953 407 1107 479 Quod
1147 427 1253 467 non
1284 422 1502 483 oportet
1530 412 1763 470 clericos
1795 416 2098 484 transponi.
2369 423 2417 478 Α

3887 316 4011 383 1038

2517 423 2599 475 ιδ’.
2628 425 2753 478 Ὅτι
2787 426 2847 479 οὐ
2879 427 2959 480 δεῖ
2992 429 3118 491 τοὺς
3137 428 3433 499 κληρικοῦς
3464 429 3873 495 μετατίθεσθαι.

2516 516 2601 569 ιε’.
2640 519 2760 570 Ὅτι
2785 520 2893 574 τῶν
2919 522 3194 592 κληρικῶν
3220 524 3333 584 τοῖς
3364 523 3554 584 ἐνδεῶς
3579 523 3791 591 ἔχουσιν
3822 526 3887 575 ὲκ
3912 522 4012 575 τῶν

2440 609 2536 677 τῆς
2564 611 2856 679 ἐκκλησίας
2876 612 2957 666 δεῖ
2987 616 3264 685 χορηγεῖν.

2515 709 2612 767 ις’.
2653 704 2776 757 Ὀτι
2804 706 2864 757 οὑ
2888 705 2969 759 δεῖ
2995 707 3121 769 τοὺς
3146 707 3442 777 κληρικοὺς
3478 706 3745 777 ἁρπάζειν
3798 705 3866 758 τὰ
3923 706 4009 757 του

2438 791 2863 860 τελευτήσαντος
2891 794 3196 848 ἐπισκόπου
3233 798 3557 865 πράγματα.

2516 883 2603 943 ιζ’.
2633 885 2761 937 Ὀτι
2784 887 2843 938 οὐ
2874 887 2955 939 δεῖ
2985 888 3245 956 κληρικδν
3275 888 3371 940 ἕνα
3411 890 3470 941 ὲν
3511 888 3666 940 δυσὶν
3692 882 3832 941 εἶναι
3864 887 4011 939 πόλε-

2440 989 2544 1039 σιν,
2580 975 2612 1044 ἦ
2643 976 2699 1027 ὲν
2729 978 2827 1047 μιᾷ
2858 978 3008 1030 πόλει
3036 978 3129 1031 δύο
3156 979 3452 1048 ἐκκλησίας
3473 980 3787 1049 ὑπηρετεῖν.

2515 1151 2607 1222 ιη’.
2642 1155 2847 1207 Ὀτιού
2875 1156 2956 1207 δεῖ
2974 1157 3099 1217 τοὺς
3122 1156 3417 1227 κληρικοῦς
3466 1158 3730 1227 πράττειν
3780 1175 3836 1211 τι
3886 1159 4008 1211 ἄνευ

2438 1245 2661 1315 γνώμης
2693 1245 2786 1298 τοῦ
2822 1247 3141 1301 ἐπισκόπου.

2511 1335 2595 1389 ιθ’.
2640 1337 2762 1389 Ὀτι
2788 1338 2907 1390 οὐδὲ
2945 1338 2992 1388 οί
3045 1338 3297 1408 κληρικοὶ
3334 1340 3750 1410 ἁπολελυμένως
3803 1342 4007 1409 ἐχειρο-

2438 1441 2591 1479 τυνου
2598 1443 2688 1479 ντο
2695 1466 2709 1480 ο

2507 1524 2576 1569 κ’.
2607 1518 2728 1570 Ὀτι
2752 1519 2879 1581 τοὺς
2907 1521 3204 1589 κληρικοὺς
3260 1522 3370 1574 τῶν
3420 1522 3725 1590 ὲκκλησιῶν
3772 1524 3865 1575 καὶ
3918 1540 4008 1591 μοι

2438 1608 2746 1675 ναστηρίων
2810 1610 2913 1662 ὑπὸ
2974 1611 3069 1668 τὴν
3120 1610 3368 1674 ἐξουσίαν
3420 1609 3560 1664 εἶναι
3606 1611 3688 1663 δεῖ
3736 1613 3831 1664 τοῦ
3892 1615 4010 1664 ἑπι-

2440 1699 2667 1753 σκόπου.

2512 1789 2617 1844 κα’.
2651 1791 2827 1845 Ὀτιὸ
2854 1793 3137 1864 κληρικδς,
3171 1797 3230 1847 ἐν
3273 1788 3317 1861 ᾧ
3343 1795 3409 1849 ἂν
3446 1796 3715 1867 περιπέσῃ
3767 1796 4007 1865 ἁμαρτή-

2445 1900 2598 1950 ματι,
2636 1884 2978 1955 καθαιριῖται
3005 1887 3186 1955 μόνον,
3218 1888 3278 1939 ού
3308 1890 3415 1958 μὴν
3447 1889 3541 1940 καὶ
3562 1889 3905 1957 ἀφορίζεται.

2512 1974 2614 2044 κβ’.
2652 1978 2773 2030 Ὀτι
2813 1979 2921 2030 τῶν
2955 1980 3229 2049 κληρικῶν
3270 1982 3318 2032 οἱ
3353 1981 3487 2048 πρὸς
3544 1983 3762 2049 μείζονα
3808 1981 4009 2049 βαθμὸν

2442 2062 2648 2118 ἀνιέναι
2702 2066 2777 2136 μὴ
2815 2069 3149 2138 πειθόμενοι,
3190 2071 3477 2123 έπίπτουσι
3533 2071 3630 2123 καὶ
3656 2065 3718 2123 οὗ
3756 2070 3850 2123 νῦν
3886 2072 4007 2122 είσι.

2514 2155 2621 2219 κγ’.
2654 2158 2790 2226 Περὶ
2827 2158 3060 2227 κλοπῆς.

2514 2251 2609 2304 κδ’.
2644 2251 2770 2305 Ὀτι
2797 2254 2857 2305 οὐ
2897 2252 2977 2306 δεῖ
3001 2257 3279 2306 κοινωνεῖν
3315 2252 3394 2323 τῷ
3418 2255 3785 2325 ἀκοινωνήτῳ.

2518 2432 2617 2487 κε’.
2656 2433 2791 2503 Περὶ
2822 2434 2931 2486 τῶν
2969 2436 3042 2505 μὴ
3079 2436 3477 2489 κοινωνούντων
3508 2436 3608 2504 τῆς
3644 2436 3796 2505 ἱερᾶς
3833 2438 4015 2492 τελουο

2445 2531 2614 2599 μένης
2647 2528 3007 2597 λειτουργίας,
3034 2528 3068 2597 ἢ
3098 2529 3198 2597 τὴν
3222 2529 3507 2583 κοινωνίαν
3526 2531 3619 2582 ἐπὶ
3637 2532 3787 2599 τρεῖς
3814 2532 4017 2601 Κυρια-

2444 2626 2547 2684 κὰς
2585 2623 3060 2691 ἀναϐαλλομένων.

2515 2713 2627 2777 κς’.
2681 2714 2806 2767 Ὀτι
2855 2714 2918 2765 οὐ
2947 2713 3029 2764 δεῖ
3075 2713 3360 2766 κοινωνίαν
3396 2712 3593 2767 διδόναι
3644 2714 3756 2776 τοῖς
3802 2714 4016 2782 σώμασι

2444 2806 2556 2862 τῶν
2586 2808 2689 2877 ήδη
2719 2808 3182 2876 τελευτησάντων.

2515 2902 2616 2966 κζ’.
2652 2902 2773 2954 Ὀτι
2805 2901 2895 2954 τδν
2926 2902 3271 2971 κοινωνήσειν
3300 2902 3564 2970 μέλλοντα
3611 2903 3672 2957 ού
3725 2902 3808 2954 δεῖ
3854 2919 4020 2971 προσ-

2445 2995 2583 3048 ιέναι
2611 2997 2677 3062 τῇ
2716 2995 2819 3065 ἰδίᾳ
2840 2994 3079 3061 γυναικί.

2517 3094 2623 3157 κη’.
2656 3089 2796 3140 Πότε
2836 3092 3081 3142 κοινωνεῖ
3100 3092 3128 3142 ὁ
3152 3090 3510 3159 ὀνειρασθείς.

2516 3180 2618 3234 κθ’.
2652 3181 2776 3232 Ὀτι
2845 3183 2939 3249 τῆς
2988 3181 3137 3240 θείας
3183 3181 3465 3243 κοινωνίας
3515 3181 3674 3250 χάριν
3745 3181 3808 3233 οὐ
3854 3182 3939 3234 δεῖ
3969 3199 4018 3234 τι

2442 3272 2824 3341 μεταλαμῦάνε
2835 3288 2901 3324 ιν.

2510 3365 2573 3416 λ’.
2615 3366 2881 3433 Περὶτών
2920 3366 3196 3417 κοινωνεῖν
3255 3363 3683 3435 διακρινομένων
3740 3367 3853 3420 ἀπὸ
3884 3386 4023 3441 πρε-

2439 3458 2699 3528 σ6υτέρου
2726 3476 2863 3525 γεγα
2872 3477 2939 3528 μτ
2951 3460 3124 3520 κότος.

2509 3550 2610 3603 λα’.
2650 3552 2780 3619 Περὶ
2804 3553 2899 3617 τῆς
2922 3553 2979 3603 ἐν
3010 3553 3077 3621 τῇ
3112 3552 3366 3622 κοινωνίᾳ
3402 3551 3656 3617 εὐταξίας
3705 3553 4017 3622 πρεσϐυτέ-

2442 3658 2551 3711 ρων
2578 3644 2670 3692 καὶ
2708 3642 2938 3696 λαῖκῶν.

2508 3732 2607 3802 ).β’.
2636 3731 2761 3787 Ὀτι
2783 3734 3055 3804 κοσμικὰς
3087 3734 3373 3804 φροντίδας
3401 3736 3462 3788 οὐ
3492 3736 3573 3789 δεῖ
3596 3739 3841 3806 μετιέναι
3885 3739 4020 3808 10.7;-

2441 3826 2625 3891 ρικοὺς
2645 3825 2681 3895 ἢ
2709 3827 3058 3894 μονάζοντας,
3086 3829 3138 3877 εί
3174 3830 3249 3897 μή
3281 3842 3384 3879 που
3418 3827 3539 3881 κατ’
3586 3828 3892 3898 ἐπιτροπὴν
3920 3829 4018 3896 βα-

2440 3917 2653 3979 σιλέως.

2510 4009 2613 4075 λγ’.
2657 4011 2729 4062 Πε
2741 4013 2792 4079 ρὶ
2832 4013 3204 4083 κουρατόρων.

2508 4100 2600 4153 ἰδ’.
2634 4102 2765 4170 Περὶ
2795 4105 3115 4172 κριτηρίων,
3148 4104 3275 4157 ἔνθα
3302 4106 3385 4159 δεῖ
3407 4108 3683 4175 κρίνεσθαι
3712 4108 4016 4180 κληρικούς

2438 4206 2497 4242 τε
2530 4192 2622 4243 καὶ
2653 4193 2941 4262 μοναχοὺς,
2972 4196 3063 4246 καὶ
3092 4196 3218 4264 περὶ
3247 4197 3454 4264 κριτῶν
3480 4197 3734 4264 αἱρετῶν.

2508 4283 2603 4337 λε’.
2634 4286 2769 4353 Περὶ
2795 4286 2902 4338 τῶν
2918 4286 3104 4349 κύϐοις
3133 4289 3226 4341 καὶ
3254 4288 3445 4354 μέθαις
3474 4289 3865 4357 σχολαζόντων.

2510 4380 2617 4442 λς’.
2653 4380 2775 4431 Ὀτι
2810 4382 2867 4431 ὲν
2912 4376 3165 4453 Κυριακῇ
3210 4381 3331 4434 κατ’
3385 4381 3662 4450 ἐξαίρετον
3706 4384 3834 4445 τοὺς
3890 4386 4019 4439 Est:-

2367 4461 2409 4514 D
2442 4473 2674 4533 σκόπους
2701 4472 2969 4525 διδάσκειν
2991 4473 3073 4524 δεῖ
3096 4475 3185 4524 τὸν
3215 4472 3364 4525 λαόν.

2509 4562 2607 4625 λζ’.
2637 4564 2757 4614 Ὅτι
2794 4566 2850 4615 ἐν
2877 4564 3125 4633 κυριακῇ
3152 4565 3212 4616 οὐ
3233 4566 3315 4616 δεῖ
3346 4567 3648 4634 νηστεύειν,
3671 4567 3705 4634 ἦ
3734 4567 3864 4632 γόνυ
3894 4569 4023 4619 κλί-

2439 4670 2571 4713 νειν,
2603 4653 2635 4721 ἢ
2661 4654 3009 4721 ἐργάζεσθαι,
3033 4655 3064 4721 ἢ
3093 4655 3294 4722 θεώρια
3322 4658 3581 4721 γίνεσθαι.

2511 4746 2613 4811 λη’.
2645 4747 2776 4814 Περὶ⁵
2804 4746 3148 4800 κωδικέλλου.

2829 4881 3009 4948 Ἀρχὴ
3064 4882 3166 4935 τοῦ
3226 4889 3268 4937 Λ
3315 4890 3632 4954 στοιχείου.

2510 5016 2581 5061 α’.
2619 5013 2752 5077 Περὶ
2784 5012 2894 5063 τῶν
2934 5014 3041 5065 ἀπὸ
3063 5014 3265 5066 λαῖκῶν
3316 5020 3617 5085 γινομένων
3668 5021 4021 5080 ὶπισκόπων.

2515 5100 2580 5168 β’.
2614 5103 2748 5172 Περὶ
2778 5105 2884 5155 τῶν
2920 5107 2999 5166 είς
3030 5105 3219 5160 λα’ίκοῦ
3249 5108 3399 5172 τάξιν
3429 5110 3740 5179 ἐρχομένων
3789 5115 4022 5165 ἐπισκό-

2442 5210 2581 5254 πων,
2622 5192 2653 5260 ἣ
2690 5195 2987 5263 κληρικῶν,
3022 5198 3055 5267 ἦ
3087 5199 3355 5267 μοναχῶν.

2517 5288 2586 5347 γ’.
2618 5281 2741 5335 Ὅτι
2788 5286 2915 5347 τοὺς
2972 5287 3191 5349 λαῖκοὺς
3234 5290 3320 5341 ἐπ’
3387 5291 3676 5357 ἐκκλησίας
3743 5294 4022 5348 ῖιδάσκειν

2441 5377 2500 5428 οὐ
2526 5376 2625 5428 δεῖ.

2514 5465 2575 5519 δ’.
2618 5468 2751 5523 Περὶ
2777 5470 2873 5537 τῆς
2910 5469 3063 5532 θείας
3088 5471 3441 5542 λειτουργίας.

2514 5558 2576 5612 ε’.
2610 5561 2750 5629 Περὶ
2781 5563 3023 5617 Λατίνων

2518 5659 2596 5715 ς’.
2636 5653 2770 5724 Περὶ
2797 5655 3007 5724 λῃστῶν
3037 5659 3460 5727 μετανοούντων.

2516 5743 2577 5805 ζ’.
2610 5746 2740 5814 Περὶ
2774 5747 2881 5799 τῶν
2914 5749 3114 5818 λῃστὰς
3141 5753 3495 5821 ἁναιρούνειωα¹
