4198 6448
224 400 369 462 10ιῖ

291 517 359 579 ζ’.
405 518 529 571 Ὀτι
556 518 744 581 τόκους
765 521 1061 590 λαμϐάνειν
1093 521 1384 587 ἀπείρηται
1438 523 1597 572 παντὶ
1658 523 1786 589 κλη-
1827 529 1867 581 Α

219 608 385 676 ρικῷ.
412 613 502 662 καὶ
531 612 656 682 περὶ
684 614 882 664 τόκων.
909 614 1113 675 Νόμοι.

287 700 362 768 η’.
409 703 540 771 Περὶ
565 704 658 755 τοῦ
691 706 976 772 τρισαγέου
1012 704 1204 771 ὖμνου.

289 792 357 846 θ’.
404 793 528 848 Ὀτι
562 796 657 856 τὰς
711 796 899 866 τρίχας
937 797 1034 866 τῆς
1078 796 1317 868 κεφαλῆς
1365 797 1425 850 οὖ
1462 798 1542 850 δεῖ
1591 797 1795 849 καλλω-

215 883 345 946 ττίζε
359 902 428 937 ιν.

291 985 346 1030 ι’.
381 981 515 1050 Περὶ
542 997 606 1032 τυ
616 966 945 1050 μόωρύχων.

291 1069 383 1123 ια’.
429 1073 550 1125 ὐτι
587 1073 809 1127 τύπτειν
843 1077 1122 1146 κληρικοῖς
1155 1077 1252 1132 οὐκ
1285 1079 1518 1146 ἐφεῖται.

615 1274 630 1294 ’
652 1274 816 1341 Λρχὴ
844 1276 948 1328 τοῦ
990 1277 1376 1345 Υστοιχείου.

286 1396 357 1440 α’.
394 1387 526 1454 Περὶ
557 1385 786 1456 ὕϐρεων.

289 1479 356 1548 β’.
393 1482 524 1549 Περὶ
566 1479 1092 1552 ’Υδροτταραστατῶν
1122 1481 1442 1550 αἱρετικῶν.

285 1578 360 1634 γ’.
391 1573 525 1640 Περὶ
543 1572 842 1637 υἱοθεσίας,

282 1665 346 1717 δ’.
375 1666 507 1732 Περὶ
544 1666 831 1732 ὑπηρετῶν
859 1668 980 1737 ἦτοι
1009 1667 1396 1733 ὑποδιακόνων,

281 1758 345 1808 ε’.
372 1755 504 1824 Περὶ
533 1757 819 1810 ὑποόόλου.

631 1890 816 1960 Ἀρχὴ
842 1891 946 1946 τοῦ
972 1895 1020 1945 Φ
1041 1895 1364 1961 στοιχείου.

284 2011 354 2056 α’.
389 2005 523 2075 Περὶ
547 2005 856 2060 Φαλκιδίου.

281 2097 348 2168 β’.
381 2100 515 2168 Περὶ
548 2100 859 2169 φαρμακῶν
895 2099 989 2153 καὶ
1021 2100 1230 2171 μάγων.

277 2197 345 2256 γ’.
383 2192 513 2259 Περὶ
547 2191 750 2260 φθορᾶς
776 2191 1078 2261 παρθένων.

277 2283 342 2336 δ’.
374 2283 508 2350 Περὶ
530 2283 914 2354 φιλαργυρίας.

276 2373 339 2428 ε’.
366 2375 500 2446 Περὶ
537 2377 714 2444 φόνων
733 2378 1000 2431 ἑκουσίων
1041 2379 1136 2430 καὶ
1165 2377 1459 2431 ἀκουσίων.

281 2468 358 2532 ς’.
386 2471 517 2538 Περὶ
543 2471 652 2521 τῶν
678 2471 1008 2537 φονευόντων
1031 2471 1280 2531 ἑαυτούς.

277 2561 346 2624 ζ’.
383 2563 515 2633 Περὶ
541 2561 650 2614 τῶν
675 2563 852 2629 φόνων
882 2562 988 2615 τῶν
1016 2563 1073 2613 ἐν
1095 2563 1376 2632 πολέμοις,
1411 2563 1505 2616 καὶ
1534 2563 1641 2615 τῶν
1688 2579 1783 2630 φο-

197 2653 468 2706 νευόντων
508 2654 729 2724 λῃστάς.

275 2751 350 2814 η’.
391 2746 521 2816 Περὶ
549 2747 655 2799 τῶν
681 2749 1021 2816 φονευουαῶν
1050 2745 1329 2813 γυναικῶν
1349 2745 1439 2797 διὰ
1469 2745 1779 2816 φαρμᾰκων

200 2837 276 2889 τὰ
312 2837 550 2906 ἔμϐρυα.

274 2928 343 2982 θ’.
376 2929 578 2984 ’οτιού
610 2932 688 2984 δεῖ
723 2932 1062 3000 φυλακτήρια
1087 2935 1281 2988 ποιεῖν.

279 3022 333 3076 ι’.
359 3026 492 3095 Περὶ
525 3025 634 3077 τῶν
660 3028 716 3078 ὲν
756 3026 1021 3093 φυλακαῖς
1045 3029 1412 3098 κατακρίτων.

610 3164 794 3231 Ἀρχὴ
829 3165 932 3218 τοῦ
953 3169 998 3218 Χ
1028 3168 1360 3233 στοιχείου.

272 3282 342 3329 α’.
378 3279 563 3337 Ὅπως
590 3277 695 3328 τῶν
722 3279 1209 3347 χειροτονουμένων
1247 3279 1562 3331 ἐπισκόπων
1593 3279 1647 3331 αἱ
1673 3279 1778 3347 ψῆ-
1801 3264 1859 3324 C.

200 3386 296 3434 φοι
351 3369 614 3434 γίνονται,
661 3371 910 3439 καὶπερὶ
948 3371 1045 3439 τῆς
1097 3371 1389 3440 γινομένης
1441 3371 1498 3421 ἐν
1556 3369 1784 3433 ταύταις

199 3462 518 3528 ἀντιλογίας

275 3553 341 3623 β’.
393 3554 510 3605 Ὀτι
566 3553 665 3615 τὰς
722 3552 832 3604 τῶν
860 3567 1347 3623 χειροτονουμενων
1381 3552 1595 3621 ψήφους
1657 3552 1779 3606 οὔτε

199 3647 334 3712 παρ’
365 3646 643 3715 ἀρχόντων
673 3644 796 3698 οὔτε
829 3647 979 3712 παρὰ
1011 3645 1104 3697 τοῦ
1125 3646 1294 3714 δήμου
1353 3646 1596 3713 γίνεσθαι
1651 3647 1781 3715 χρή.

271 3745 344 3805 γ’.
383 3740 518 3805 Περὶ
546 3736 637 3789 τοῦ
666 3738 858 3806 χρόνου
885 3730 946 3788 οὗ
973 3739 1120 3799 ἐντὸς
1151 3736 1231 3789 δεῖ
1264 3736 1388 3799 τοὺς
1437 3738 1780 3801 ἐπισκόπους

201 3830 661 3901 χειροτονεῖσθαι.

270 3924 335 3975 δ’.
381 3921 630 3984 ὀποίους
661 3917 797 3973 εἶναι
821 3921 900 3973 δεῖ
924 3919 1050 3982 τοὺς
1101 3920 1604 3990 χειροτονουμένους
1655 3920 1780 3974 επι-

201 4017 466 4076 σκόπους,
493 4014 589 4065 καὶ
621 4013 744 4065 τίνα
776 4011 880 4081 πρὸ
907 4012 1122 4063 πάντων
1153 4010 1447 4078 γινώσκειν
1475 4013 1602 4081 χρή.

269 4105 332 4158 ε’.
383 4105 521 4156 Ὑπὸ
548 4105 730 4156 πόσων
748 4104 1062 4155 ἐπισκόπων
1088 4102 1514 4172 χειοοτονοῦνται
1561 4104 1611 4154 οί
1661 4104 1781 4156 ἐπί-

200 4216 392 4253 σκοποι
435 4196 599 4248 καὶοὶ
633 4196 806 4247 λοιποὶ
840 4194 1107 4262 κληρικοί.

272 4287 348 4351 ς’.
395 4286 517 4337 Ὅτι
541 4285 630 4336 τὸν
680 4283 1230 4352 χειροτονηθήσεσθαι
1263 4283 1522 4352 μέλλοντα
1557 4287 1778 4338 ἐπίσκο-

199 4397 300 4431 πον
334 4379 418 4429 δεῖ
451 4379 713 4444 πρότερον
743 4376 836 4441 τῆς
880 4374 1011 4432 ἰδίας
1036 4375 1366 4442 χωρίζεσθαι
1397 4377 1676 4443 γυναικός.

268 4471 335 4532 ζ’.
369 4468 505 4535 Περὶ
529 4467 627 4533 τῆς
649 4465 755 4516 τῶν
783 4466 1269 4532 χειροτονουμένων
1300 4467 1534 4532 ἡλικίας.

264 4567 339 4627 η’,
370 4559 492 4608 ὐτι
531 4557 592 4607 οὐ
624 4555 702 4606 δεῖ
731 4557 1053 4622 χειροτονεῖν
1087 4555 1271 4624 ἓτερον
1295 4555 1411 4608 ἀντ’
1460 4558 1625 4609 αὑτοῦ
1684 4559 1774 4610 τὸν

197 4650 540 4702 κελευτῶντα
564 4647 881 4699 ἐπίσκοπον.

272 4742 337 4792 θ’.
371 4742 575 4792 Ὀτιοὺ
605 4740 685 4790 δεῖ
732 4739 1152 4807 χειροτονεῖσθαι
1203 4757 1324 4791 τινα
1370 4741 1686 4801 ἐπίσκοπον,
1740 4739 1773 4809 ἢ

194 4830 654 4904 πρεαεὺτερον,ῆ
702 4830 965 4890 διάκονον,
1017 4832 1080 4881 ἂν
1117 4833 1189 4899 μὴ
1222 4833 1483 4903 πρότερον
1539 4835 1666 4895 τοζις
1715 4833 1773 4884 ἐν

193 4928 273 4990 τῷ
304 4927 438 4990 οῖκῳ
468 4922 630 4974 αὐτοῦ
670 4923 876 4984 πάντας
912 4924 1111 4992 ποιήσῃ
1151 4925 1527 4992 Χριστιανούς.

266 5014 322 5071 ι’.
365 5017 487 5067 Ὀτι
521 5015 581 5066 οὑ
610 5015 690 5066 δεῖ
715 5016 1137 5083 χειροτονεῖσθαι
1187 5015 1380 5084 ἀθρόον
1449 5017 1564 5070 τὸν.
1586 5017 1772 5070 λαῖκὸν

194 5110 515 5167 ἐπίσκοπον,
545 5106 666 5157 οὐδὲ
694 5105 785 5155 τὸν
815 5105 937 5173 ἄρτι
962 5106 1296 5172 φωτιοοὲντα
1328 5107 1444 5178 [καὶ
1499 5109 1587 5161 διὰ
1614 5111 1772 5172 ποίας

193 5199 370 5259 αἰτίας
404 5199 432 5248 ὀ
457 5194 716 5265 κληρικδς
754 5198 850 5263 τῆς
877 5196 1176 5266 ἱερωσύνης
1209 5199 1570 5268 ἀφαιρεῖταιῖ.

271 5292 360 5343 ια’.
386 5292 521 5340 Πότε
552 5291 934 5357 χειροτονεῖται
956 5287 1208 5358 εὐνοῦχος
1246 5291 1541 5354 ἐπίσκοπος
1576 5293 1606 5362 ἢ
1641 5293 1768 5362 κλη-

200 5382 374 5450 ρικδς,
415 5380 447 5449 ἢ
481 5381 651 5439 ἄλλως
676 5379 736 5430 τὸ
765 5379 922 5446 σῶμα
952 5379 1346 5449 λελωϐημένος.

266 5471 356 5539 ιβ’.
399 5472 607 5523 Ὀτιού
637 5471 718 5523 δεῖ
741 5474 1163 5540 χειροτονεῖτθαι
1214 5477 1509 5528 ἐπίσκοπον
1572 5481 1628 5530 ἐν
1676 5482 1762 5532 ἐκ·

195 5562 418 5632 κὶηαὶᾳ,
449 5557 516 5630 ἧς
547 5564 573 5612 ό
610 5565 1003 5632 προϊστάμενος
1039 5565 1117 5616 ἔτι
1149 5568 1446 5635 περίεστιν.

269 5659 357 5718 ιγ’.
387 5653 509 5705 Ὀτι
538 5654 599 5706 οὑ
623 5654 702 5706 δεῖ
730 5657 1150 5724 χειροτονεῖσθαι
1184 5661 1477 5712 ἐπίσκοπον
1525 5664 1580 5713 ἐν
1612 5665 1762 5715 πόλει

200 5744 369 5812 μικρᾷ
390 5744 423 5811 ἢ
455 5743 633 5815 κώμη-

272 5830 354 5886 ιδ’,
388 5834 520 5902 Περὶ
551 5839 884 5903 χειροτονίας
916 5841 1371 5906 χωρεπισκόπων.

1514 406 1756 464 INDEX
1823 405 2189 465 CAPITUM.

3356 402 3489 466 1014

1968 522 2017 577 7.
2040 523 2190 586 Quod
2218 522 2567 574 interdictum
2600 521 2666 572 sit
2721 520 2938 577 clericis
2985 538 3182 577 usuras
3217 539 3297 577 τις(
3319 527 3484 590 ipmv,

1906 625 1960 668 et
1988 617 2054 668 de
2083 616 2286 668 usuris.

1976 708 2030 761 8.
2059 711 2129 760 De
2161 709 2362 776 hymno
2386 706 2629 775 trisagio.

1973 797 2027 851 9.
2057 797 2212 862 Quod
2239 795 2465 864 capillos
2495 795 2692 863 capitis
2737 795 3026 850 delicatius
3091 812 3294 850 ornare
3339 799 3479 850 haud

1905 888 2090 942 liceat.

1976 978 2063 1034 tO.
2095 978 2168 1032 De
2195 979 2568 1047 sepulcrorum
2603 979 2978 1034 violatoribus.

1976 1070 2062 1122 tl.
2094 1070 2245 1134 Quod
2274 1071 2493 1125 clericis
2524 1070 2812 1124 verberare
2840 1069 3150 1140 quempiam
3211 1084 3314 1124 non
3354 1085 3479 1138 pcr-

1904 1162 2162 1215 mittitur.

2428 1276 2650 1330 Initium
2677 1277 2872 1331 littera:
2901 1277 2965 1329 Υ.

1979 1389 2025 1440 l.
2070 1391 2143 1441 De
2180 1388 2419 1456 injuriis.

1970 1482 2026 1534 ‘2.
2061 1479 2134 1533 De
2162 1480 2642 1548 llydroparastatis
2662 1480 2954 1536 litereticis.

1970 1573 2025 1625 5.
2063 1572 2138 1625 De
2167 1573 2268 1624 udo
2281 1587 2312 1639 ι)
2325 1571 2494 1625 tione.

1971 1663 2025 1716 ι.
2048 1663 2124 1718 De
2155 1664 2424 1718 ministris
2447 1666 2560 1719 sive
2590 1666 2999 1735 ltypodiaeonis.

2059 1757 2131 1811 De
2163 1759 2454 1812 donatione
2484 1771 2609 1813 ante
2639 1763 2871 1828 nuptias.

2423 1894 2640 1948 Initium
2673 1895 2864 1949 litterw
2891 1899 2958 1948 Φ.

1969 2010 2023 2062 Ι.
2062 2009 2136 2064 De
2172 2010 2286 2078 lege
2311 2008 2573 2063 Falcidia.

1962 2101 2016 2154 2.
2045 2100 2117 2155 De
2149 2102 2405 2156 vcuelicis
2437 2112 2491 2156 et
2522 2103 2713 2170 magis.

1963 2189 2018 2243 ὖ.
2049 2191 2128 2244 De
2157 2201 2366 2258 stupro.

1965 2283 2020 2334 4.
2057 2281 2133 2336 De
2165 2282 2522 2356 φιλαργυρίᾳ.

1963 2376 1997 2428 5
2045 2375 2116 2430 De
2143 2376 2434 2430 homicidio
2470 2377 2776 2434 voluntario
2814 2390 2862 2435 et
2897 2381 3280 2436 iuvoiuntario.

1964 2466 2018 2519 ϐ.
2046 2465 2120 2521 De
2152 2468 2395 2522 suicidis.

1963 2556 2015 2612 7.
2058 2560 2130 2612 De
2154 2561 2387 2615 credibus
2410 2562 2639 2628 bellicis,
2674 2574 2729 2618 et
2771 2565 3046 2620 latronum
3090 2567 3462 2623 interfectori-

1890 2650 2015 2704 bus.

1957 2738 2012 2792 8.
2055 2741 2126 2794 De
2155 2744 2469 2799 mulieribus
2503 2761 2623 2815 qua:
2681 2748 3090 2805 medicamentis
3128 2749 3271 2804 Ictus
3335 2765 3467 2806 suos

1888 2841 2138 2885 enecant.

1960 2922 2012 2975 9.
2049 2921 2201 2987 Quod
2243 2925 2578 2996 pliylacteria
2615 2929 2792 2982 facere
2817 2931 3038 2985 minime
3068 2943 3304 3001 oportet.

1959 3013 2046 3066 10.
2085 3013 2162 3068 De
2189 3015 2461 3072 damnatis
2509 3019 2604 3088 qui
2638 3022 2688 3074 in
2718 3036 2939 3077 carcere
2965 3036 3273 3081 servantur.

2397 3150 2620 3208 Initium
2662 3156 2850 3211 litterae
2878 3161 2945 3213 Χ.

1951 3263 2274 3329 LQuanam
2342 3267 2552 3321 ratione
2597 3269 3021 3325 ordinamlorum
3082 3274 3456 3345 episcoporum

1889 3356 2349 3421 liauteluclioues,
2383 3368 2438 3411 et
2468 3360 2533 3412 de
2564 3359 2751 3415 litibus
2809 3379 2928 3432 qua:
2967 3365 3110 3418 circa
3153 3367 3272 3421 illas
3323 3369 3459 3426 obo-

1887 3448 2123 3501 t'iuntttr.

1953 3540 2007 3593 2.
2044 3542 2194 3608 Quod
2224 3546 2445 3600 minime
2474 3557 2723 3616 oporteat
2750 3548 3184 3605 ordinandorum
3242 3553 3462 3610 electio-

1884 3648 1980 3686 nes
2009 3635 2090 3688 vel
2120 3651 2148 3687 a
2182 3638 2526 3706 magistratu,
2563 3640 2641 3693 vel
2669 3656 2697 3692 a
2719 3641 2913 3708 populo
2951 3643 3084 3696 lieri.

1952 3725 2007 3779 3.
2055 3725 2128 3780 De
2166 3738 2427 3798 tempore,
2487 3733 2626 3786 intra
2684 3735 2826 3802 quod
2883 3736 3168 3802 episcopos
3217 3739 3456 3795 ordinari

1880 3828 2114 3885 oportet.

1951 3909 2005 3963 4.
2034 3909 2236 3975 Quales
2264 3926 2385 3967 esse
2401 3927 2496 3968 eos
2524 3927 2738 3984 Oportet
2766 3918 2859 3982 qui
2897 3919 3135 3990 episcopi
3167 3924 3455 3978 ordinandi

1881 4011 2027 4063 sunt,
2050 4011 2102 4056 et
2125 4018 2370 4070 quaenam
2404 4020 2511 4074 prre
2530 4009 2746 4061 cauet-is
2777 4013 2941 4065 scire.

1949 4090 2003 4146 5.
2044 4093 2184 4158 Quot
2209 4097 2448 4163 episcopi
2469 4098 2533 4149 ad
2569 4098 2966 4154 ordinationem
3003 4103 3242 4172 cpisc0pi
3293 4115 3348 4159 et
3375 4121 3459 4160 re-

1881 4185 2144 4251 liquorum
2215 4189 2540 4245 clericorum
2597 4198 2964 4259 requiruntur.

1949 4277 2001 4331 6.
2037 4277 2191 4343 Quod
2224 4296 2346 4334 eum
2379 4285 2468 4351 qui
2526 4285 2580 4338 in
2605 4289 2918 4355 episcopum
2968 4291 3298 4348 ordinandus
3351 4303 3455 4360 est,

1879 4380 2126 4437 oporteat
2160 4377 2227 4425 ab
2260 4390 2426 4428 uxore
2451 4391 2546 4429 sua
2571 4384 2837 4444 separari.

1950 4461 2000 4513 Ἰ.
2044 4462 2117 4514 De
2140 4473 2298 4517 aetate
2328 4467 2792 4524 0|‘dthttl0l'ttlll..

1948 4554 2000 4604 8.
2035 4551 2186 4617 Quod
2225 4572 2327 4608 non
2350 4569 2594 4626 Oporteat
2618 4565 2930 4632 episcopum
2950 4568 3269 4622 morientem
3287 4571 3464 4625 aiium-

1883 4639 1931 4692 in
1967 4642 2142 4694 locum
2175 4660 2329 4696 suum
2358 4647 2604 4702 suﬂicet-e
2635 4666 2697 4702 ac
2730 4653 3005 4709 ordinare.

1948 4734 2002 4784 9.
2035 4734 2187 4797 Quod
2215 4738 2526 4804 episcopum
2564 4751 2657 4793 aut
2704 4745 3080 4816 presbyterum
3119 4761 3213 4804 aut
3270 4753 3452 4803 diaru-

1879 4839 2004 4875 num
2035 4827 2273 4879 ordinari
2304 4844 2412 4882 non
2438 4843 2706 4900 oporteat.
2739 4839 3052 4906 priusquam
3107 4859 3294 4896 omnes
3323 4860 3453 4897 suns

1878 4915 2206 4971 domesticos
2234 4920 2571 4977 Christianos
2597 4926 2806 4981 fecerit.

1947 5006 2034 5060 10.
2067 5008 2221 5073 Quod
2254 5028 2356 5064 non
2375 5025 2621 5079 oporteat
2653 5018 2847 5070 Ι,ιίι;ιιιιι
2886 5023 3071 5074 statim
3133 5026 3444 5090 episcopum

1874 5099 2070 5161 creari,
2110 5117 2284 5169 neque
2309 5103 2456 5155 illum
2489 5107 2580 5172 qui
2619 5113 2935 5176 nuperrime
2961 5113 3266 5181 baptizatus
3305 5119 3445 5172 fuit:
3520 5148 3525 5156 μ

1872 5200 1920 5242 et
1955 5191 2152 5256 quibus
2187 5199 2251 5245 de
2281 5196 2458 5249 causis
2491 5197 2722 5253 clericus
2753 5206 3058 5256 sacerdotio
3091 5209 3309 5260 excidit.

1945 5281 2028 5335 ll.
2083 5285 2310 5347 Quando
2353 5289 2635 5342 ordinetur
2683 5295 2966 5348 eunuchus
3021 5298 3307 5366 t‘ptSCOptls
3353 5313 3446 5354 aut

1871 5374 2122 5438 t-lcricus,
2166 5379 2435 5432 autaliter
2468 5397 2691 5450 corpore
2729 5399 2978 5438 mancus.

1947 5469 2028 5520 l2.
2058 5471 2207 5534 Quod
2232 5475 2544 5542 cpiseOpum
2588 5478 2636 5528 in
2666 5481 2919 5542 ecclesia,
2950 5484 3104 5551 cujus
3138 5487 3427 5554 cpiscOpus

1868 5561 2044 5614 adhuc
2069 5565 2120 5615 in
2157 5566 2292 5617 vivis
2317 5578 2420 5630 est,
2451 5584 2557 5620 non
2583 5572 2824 5624 ordinari
2852 5588 3121 5639 aput-teat.

1939 5654 2024 5707 l5.
2054 5656 2203 5720 Quod
2255 5674 2358 5712 non
2391 5673 2637 5726 oporteat
2663 5666 2973 5734 episcopum
3003 5670 3053 5720 in
3081 5671 3297 5725 civitate
3319 5689 3441 5740 μοι’·

1875 5763 1931 5798 va
1962 5759 2054 5800 aut
2094 5752 2211 5802 vico
2233 5751 2493 5807 ordinari.

1950 5840 2032 5892 lt.
2068 5842 2139 5894 De
2168 5844 2507 5899 ordinatione
2537 5847 3069 5905 cliorcoiscooorum.
