4198 6448
761 373 901 438 1019

1946 380 2313 439 ΜΑΤἸΊΗΕΙ
2358 381 2782 441 BLASTARIS

3798 383 3983 458 c.1020

752 499 954 549 nosset,
1006 487 1288 541 Dominum
1339 490 1538 543 mentis
1582 503 1887 559 compotem
1935 500 1989 545 ct
2030 493 2322 546 animatam
2352 498 2400 552 Α

2352 498 2400 552 Α
2426 510 2585 557 ξιασα,
2629 495 2817 547 ἓννυυν
2866 496 2959 548 καὶ
2996 495 3239 565 ἔμψυχον
3289 497 3635 565 ἀνειληφέναι
3686 496 3865 562 σάρκα
3895 499 3988 548 τὸν

751 580 1107 645 assumpsisse
1139 592 1361 633 carnem
1397 580 1581 634 docuit
1619 597 1633 633 :
1669 591 1723 634 et
1757 594 2016 649 praetcrea
2056 600 2315 651 qua-cun-

750 684 854 736 que.
883 672 1037 721 tertia
1068 671 1399 723 decrevisset
1432 672 1702 740 synodus,
1737 673 2062 724 confirmare
2097 674 2316 744 sategit.

753 761 927 814 Unum
964 762 1107 812 enim
1146 760 1231 812 illa
1268 761 1542 814 Christum
1583 764 1672 815 Itei
1696 762 1889 814 Filium
1919 775 2039 832 post
2074 763 2321 817 incarna-

751 853 952 904 tionem
993 853 1341 921 praedicavit;
1380 863 1432 904 et
1476 854 1704 920 puellam
1746 865 2008 923 perpetuo
2042 854 2316 924 Virginem

750 958 866 1010 quze
901 943 1018 994 sine
1054 944 1291 1004 semine,
1325 953 1378 995 et
1412 960 1574 1011 supra
1611 955 1855 997 naturam
1892 946 2040 999 illum
2077 946 2319 1015 peperit,

750 1048 875 1086 vere
903 1045 957 1086 et
988 1033 1201 1101 proprie
1232 1035 1515 1101 Dciparam
1547 1036 1714 1089 fuisse
1746 1036 2063 1097 declaravit,
2100 1047 2155 1090 et
2183 1037 2321 1090 deli-

751 1136 957 1179 rantcm
996 1124 1303 1180 Nestorium
1337 1126 1427 1193 qui
1465 1142 1630 1178 unum
1664 1127 1938 1181 Christum
1977 1129 2030 1180 in
2064 1128 2201 1181 duos
2234 1128 2320 1181 di-

752 1220 877 1272 visit
920 1219 1058 1271 ﬁlios
1096 1220 1211 1273 suis
1250 1220 1420 1288 ipsius
1459 1220 1749 1289 dogmatis,
1784 1231 2049 1290 perpetuo
2090 1223 2320 1275 anathe-

751 1308 879 1362 mati
902 1309 1152 1376 subjecit,
1171 1309 1623 1371 quemadmodum
1641 1321 1693 1364 et
1711 1327 1861 1365 sacra
1878 1312 2097 1365 Patrum
2116 1321 2323 1380 quartae

756 1401 951 1467 synodi
984 1402 1232 1468 dogmata
1266 1412 1378 1455 rata
1412 1403 1525 1457 fore
1555 1404 1857 1456 constituit.
1892 1404 1957 1456 Hi
1987 1418 2168 1458 autem
2197 1420 2321 1459 cum

754 1492 975 1558 impiam
1010 1491 1267 1561 Eutychis
1298 1504 1351 1547 et
1386 1494 1628 1548 Dioscori
1659 1495 2035 1548 confusionem
2069 1495 2325 1548 Ecclesia:

753 1582 1031 1636 liminibus
1072 1584 1428 1652 expulissent,
1471 1601 1637 1637 unum
1682 1586 1960 1638 Christum
2006 1602 2071 1638 ex
2112 1586 2325 1639 duabus

753 1674 1111 1740 compositum
1146 1675 1352 1727 naturis
1383 1675 1545 1728 etiam
1580 1689 1698 1744 post
1731 1677 1989 1728 unionem
2021 1686 2323 1745 spectatum

754 1781 879 1817 vere
924 1766 1162 1819 tradidit.
1205 1767 1342 1819 lst'os
1385 1769 1531 1819 enim
1576 1784 1641 1821 ex
1685 1768 1952 1821 diametro
1995 1770 2321 1822 contrariam

2420 584 2623 653 Κύριον
2671 588 3070 656 ἐδογμάτισεν·
3116 589 3175 639 ού
3227 590 3334 657 μὴν
3379 589 3514 642 ἀλλὰ
3554 590 3648 641 καὶ
3697 590 3797 640 ὅσα
3851 606 3914 654 γε
3950 592 3983 658 ἠ

2418 677 2575 747 τρίτη
2631 677 2851 742 σύνοδος
2907 679 3229 749 ἐψηφίσατο,
3282 681 3570 751 κρατύνειν
3629 682 3987 735 ἐσπούδακεν.

2421 768 2559 822 Ἕνα
2590 770 2699 838 γὰρ
2747 770 2930 835 ἐκείνη
2966 770 3200 840 Χριστὸν
3241 772 3332 822 τὸν
3376 771 3504 822 Υίὸν
3534 772 3627 823 τοῦ
3672 771 3810 823 Θεοῦ
3848 774 3988 837 μετὰ

2416 859 2515 929 τὴν
2548 861 2828 929 σάρκωσιν
2862 863 3207 929 ἐδογμάτισε,
3245 864 3341 915 καὶ
3371 864 3473 931 τὴν
3520 862 3683 915 αὑτὸν
3718 863 3983 928 ἀσπόρως

2419 951 2512 1003 καὶ
2543 952 2682 1022 ὑπὲρ
2723 954 2885 1020 φύσιν
2924 954 3189 1005 τεκοῦσαν
3252 954 3604 1024 ἀιιπάρθενον
3644 955 3829 1023 Κόρην
3859 955 3991 1021 dir.-

2419 1041 2527 1104 θῶς
2562 1045 2655 1096 καὶ
2702 1045 2906 1113 κυρίως
2961 1047 3279 1115 ἀπεφήνατο
3312 1046 3597 1110 Θεοτόκον,
3628 1049 3720 1097 καὶ
3775 1047 3865 1097 τὸν
3896 1046 3993 1112 λη-

2424 1134 2566 1204 ρώδη
2598 1137 2911 1204 Νεστόριον,
2935 1137 3027 1189 τὸν
3065 1138 3162 1190 ἕνα
3202 1137 3435 1204 Χριστὸν
3464 1140 3540 1199 είς
3567 1137 3659 1189 δύο
3678 1136 3993 1206 διαιροῦντα

2422 1226 2592 1290 υἱοὺς,
2643 1227 2825 1288 αὐτοῖς
2885 1227 3047 1279 αὐτοῦ
3108 1229 3341 1296 δόγμασι
3395 1228 3472 1296 τῷ
3526 1229 3728 1297 αἰωνίῳ
3768 1228 3993 1296 ἐφίησιν

2423 1315 2721 1381 ἀναθέματι
2747 1333 2762 1348 -
2793 1316 2867 1379 ὡς
2897 1317 2951 1368 δὲ
2979 1317 3201 1369 καὶτῶν
3229 1319 3286 1368 ὲν
3313 1320 3380 1385 τῇ
3410 1319 3449 1370 δ’
3486 1320 3743 1386 Πατέρων
3773 1319 3843 1369 τὰ
3872 1319 3993 1385 ίερέι

2422 1405 2670 1472 δόγματα
2702 1408 2948 1473 ἐμπεδοῖ,
2979 1408 3027 1459 οἳ
3061 1410 3158 1476 τὴν
3196 1409 3483 1475 ἐξάγιστον
3519 1409 3781 1476 σύγχυσιν
3817 1409 3993 1459 Εὐτυ-

2422 1495 2549 1563 χοῦς
2581 1512 2638 1547 τε
2676 1499 2767 1547 καὶ
2817 1499 3131 1566 Διοσκόρου,
3168 1499 3276 1549 τῶν
3312 1500 3482 1550 ούδιίν
3530 1501 3626 1567 τῆς
3659 1499 3992 1566 Ἐκκλησίας

2424 1586 2926 1652 ἐξοστρακίσαντες,
2961 1590 3052 1639 τδν
3089 1589 3186 1641 ἕνα
3221 1592 3456 1658 Χριστὸν
3490 1593 3551 1641 ἐκ
3593 1590 3741 1641 δυοῖν
3773 1591 3993 1656 φύσεων

2427 1674 2770 1737 συντεθέντα,
2802 1677 2893 1726 καὶ
2926 1678 2981 1727 ἐν
3010 1677 3128 1728 δυσὶ
3154 1678 3345 1743 φύσεσι
3374 1681 3469 1731 καὶ
3502 1681 3639 1746 μετᾶ
3666 1680 3766 1747 τὴν
3796 1681 3993 1731 ἒνωσ;ν

2425 1762 2817 1833 θεωρούμενον.
2852 1768 3088 1834 ἀτεχνῶς
3119 1770 3458 1837 ἐδογμάτισε.
3487 1771 3529 1820 Τ
3532 1772 3719 1832 ούτους
3755 1773 3868 1839 γὰρ
3901 1770 3995 1839 τὴν

753 1854 1085 1910 Nestorium:
1133 1859 1465 1924 impietatem
1514 1860 1810 1927 amplexos,
1858 1869 1910 1913 et
1962 1860 2016 1912 in
2062 1861 2326 1930 imagina-
2355 1827 2397 1881 Β

2355 1827 2397 1881 Β
2428 1859 2492 1907 ἐκ
2524 1856 2814 1927 διαμέτρου
2845 1860 2961 1926 τῆς
2987 1858 3280 1930 Νεστορίου
3327 1863 3751 1931 ἀσπασαμένους
3802 1864 3994 1916 δυσσέ-

754 1949 900 2001 tione
945 1965 1194 2018 magnum
1236 1952 1551 2005 oeconomia:
1596 1952 1779 2021 perﬁci
1828 1953 2142 2023 mysterium
2182 1954 2327 2007 arbi-

754 2050 946 2101 tratos,
989 2058 1111 2094 eum
1158 2044 1376 2110 quidem
1422 2044 1599 2111 impia:
1648 2044 1951 2107 divisionis,
1998 2046 2098 2099 hos
2143 2054 2326 2099 autem

754 2132 927 2199 magis
961 2132 1138 2199 impia:
1173 2134 1545 2186 confusionem
1583 2134 1869 2188 inferentis
1903 2137 2119 2189 unionis
2153 2152 2330 2190 asser-

757 2230 929 2279 tores.
965 2222 1091 2273 odio
1121 2224 1315 2277 merito
1346 2225 1648 2292 prosecuti,
1683 2226 1870 2290 procul
1901 2226 2011 2279 Deo
2039 2227 2327 2293 abjiciunt.

762 2315 957 2367 Adurcc
984 2324 1164 2391 autem
1193 2326 1247 2369 et
1273 2332 1611 2385 quaecunque
1640 2316 1829 2385 quinta
1857 2318 2040 2371 divino
2068 2318 2331 2386 inspirata

757 2406 963 2475 Spiritu
994 2410 1229 2476 synodus
1258 2409 1462 2472 docuit,
1494 2409 1745 2478 amplecti
1777 2410 1897 2463 haec
1929 2411 2167 2480 synodus
2197 2425 2333 2479 pra:-

758 2500 889 2568 ciptt
916 2518 929 2554 :
957 2508 1013 2554 et
1036 2516 1064 2552 a
1095 2502 1416 2569 perniciosis
1439 2518 1627 2555 eorum
1655 2503 1748 2572 qui
1777 2512 1902 2556 ante
1930 2519 2049 2556 eam
2076 2503 2334 2557 condem-

758 2592 872 2644 nati
893 2591 1126 2658 l‘uerant,
1156 2593 1406 2663 Origcnis
1432 2595 1686 2648 nimirum
1714 2603 1769 2648 et
1795 2594 1952 2648 istius
1981 2593 2332 2655 asseclarum,

762 2681 1136 2736 deliramentis
1175 2685 1438 2752 separari.
1468 2685 1733 2739 Caeterum
1770 2694 1823 2738 et
1858 2700 2133 2738 sacrarum
2170 2699 2336 2753 syno-

760 2773 952 2828 dorum
976 2814 991 2837 ,
1020 2790 1141 2844 quae
1171 2775 1340 2842 ipsam
1372 2783 1794 2843 praecesserant,
1823 2775 2037 2829 decreta
2070 2775 2182 2829 haec
2211 2789 2337 2830 cum

761 2866 1135 2920 conﬁrmasset
1152 2876 1205 2921 et
1236 2866 1608 2927 stabilivisset,
1634 2875 1785 2920 sexta
1801 2867 2054 2921 videlicet
2081 2867 2194 2921 haec
2210 2884 2337 2938 syn-

761 2959 899 3012 odus
929 2960 984 3012 in
1017 2960 1135 3027 ipso
1181 2959 1327 3014 dicto
1367 2960 1545 3028 primo
1577 2975 1809 3024 canone,
1839 2960 1975 3014 duas
2006 2961 2334 3024 voluntates,

764 3061 821 3106 et
848 3053 983 3105 duas
1005 3052 1282 3104 naturales
1303 3051 1355 3103 in
1383 3066 1491 3105 uno
1516 3051 1744 3105 Domino
1764 3061 1952 3105 nostro
1989 3053 2337 3122 operationes

2430 1946 2601 2012 σειαν,
2645 1951 2738 2001 καὶ
2764 1950 2983 2018 δοκήσει
3012 1951 3073 2003 τὸ
3109 1953 3251 2020 μέγα
3278 1953 3376 2019 τῆς
3409 1955 3719 2023 οἰκονομίας
3742 1955 3996 2023 τελεσθῆ-

2428 2057 2516 2092 ναι
2567 2043 2864 2111 μυστήριον
2903 2044 3202 2111 οἰομένους,
3252 2044 3342 2095 τὸν
3384 2045 3502 2113 μὲν,
3549 2046 3648 2114 τῆς
3698 2045 3997 2108 δυσσεϐοῦς

2428 2131 2767 2199 διαιρέσεως,
2795 2134 2920 2193 τοὺς
2950 2133 3030 2196 δὲ,
3062 2137 3160 2202 τῆς
3198 2134 3623 2205 δυσσεϐεστέροις
3659 2138 4000 2205 συγχυτικῆς

2430 2218 2697 2285 ἑνώσεως,
2735 2222 2958 2285 ἐνδίκως
2991 2225 3343 2293 μισήσαντες,
3382 2225 3517 2278 Θεοῦ
3549 2227 3738 2296 πόρρω
3770 2227 3997 2295 βάλλουο

2433 2329 2541 2367 σιν,
2583 2315 2744 2366 Ἀλλά
2772 2315 2829 2366 δὲ
2856 2320 2948 2367 καὶ
2974 2317 3075 2368 ὅσα
3100 2319 3132 2385 ή
3165 2318 3387 2385 πέμπτη
3430 2318 3557 2387 θείῳ
3594 2320 3998 2386 ἐμπνευσθεῑσα

2434 2403 2718 2473 Πνεύματι
2745 2406 3124 2474 ἐδογμάτισεν,
3146 2411 3474 2477 ἐπισκήπτει
3502 2410 3865 2476 ἀσπάζεσθαι,
3905 2415 3999 2464 καὶ

2430 2494 2539 2549 τῶν
2560 2496 2666 2564 πρὸ
2694 2498 2864 2566 αὐτῆς
2887 2499 3406 2568 καταψηφισθέντων
3431 2503 3864 2565 ἁποδιίστασθαι,
3889 2505 3999 2556 τῶν

2433 2584 2712 2655 ὀλεθρίων,
2748 2588 2911 2656 φημὶ,
2958 2590 3276 2659 Ὠριγένους
3301 2591 3395 2643 καὶ
3424 2592 3531 2643 τῶν
3555 2592 3683 2661 περὶ
3716 2593 3879 2645 αὐτὸν
3907 2593 4005 2661 λη-

2437 2678 2721 2746 ρημάτων.
2761 2680 2921 2732 Ἀλλὰ
2950 2682 3045 2733 καὶ¹
3071 2684 3102 2750 ή
3128 2682 3198 2733 τὰ
3214 2683 3320 2734 τῶν
3354 2683 3456 2750 πρὸ
3480 2684 3646 2752 αὐτῆς
3676 2685 3838 2753 ίερῶν
3872 2702 3999 2736 συν-

2434 2768 2571 2821 όδων
2629 2769 2801 2840 ταύτῃ
2835 2771 3250 2842 βεδαιωσαμένη
3283 2774 3374 2826 καὶ
3417 2774 3736 2843 στηρίξασα,
3766 2776 3800 2843 ἡ
3841 2776 3996 2843 ἕκτη,

2438 2864 2601 2930 φημὶ,
2640 2862 2854 2922 σύνοδος
2896 2862 3011 2931 ἥδε,
3043 2864 3101 2914 ἐν
3136 2863 3286 2931 αὐτῷ
3321 2863 3397 2932 τῷ
3448 2864 3665 2934 ῥηθέντι
3708 2865 3756 2918 α’
3788 2868 3995 2925 κανόνι,

2436 2953 2529 3005 δύο
2555 2952 2823 3023 θελήσεις,
2847 2953 2921 3015 ὡς
2950 2955 3044 3007 καὶ
3072 2954 3166 3007 δύο
3204 2955 3439 3021 φυσικὰς
3473 2956 3752 3022 ἐνεργείας
3785 2956 3878 3007 ἐπὶ
3904 2954 3998 3008 τοῦ

2439 3044 2556 3103 ἐνὸς
2597 3044 2690 3096 τοῦ
2738 3046 2944 3113 Κυρίου
2993 3045 3153 3114 ἡμῶν
3200 3046 3647 3114 δογματίσαντες,
3694 3048 3822 3109 τοὺς
3871 3048 4002 3115 περὶ

763 3157 887 3196 cum
921 3142 1235 3207 statuisset,
1267 3140 1458 3212 Pyrrhi
1490 3152 1545 3196 et
1577 3143 1749 3212 Sergii
1781 3146 2052 3215 gregales.
2086 3161 2252 3199 unam
2282 3147 2337 3199 in
2364 3152 2408 3209 c

2364 3152 2408 3209 ε
2442 3137 2658 3207 Πύρρον
2690 3138 2783 3189 καί⁵
2823 3138 3047 3205 Σέργιον
3103 3139 3235 3206 μίαν
3284 3137 3502 3209 θέλησιν
3535 3140 3627 3189 ἐπὶ
3654 3137 3747 3189 τοῦ
3791 3128 3999 3206 Κυρίου

765 3233 996 3286 Domino
1021 3242 1223 3287 temere
1250 3234 1608 3302 praedicantes
1628 3236 1984 3300 voluntatem,
2007 3237 2337 3291 extermina—

762 3325 863 3377 vit.
888 3325 1143 3378 Omnium
1186 3334 1364 3378 autem
1395 3327 1595 3395 pietate
1622 3327 1914 3397 insignium
1943 3328 2101 3382 ﬁdem
2132 3330 2336 3382 ﬁrmam

766 3421 821 3469 in
868 3432 1027 3471 onme
1068 3434 1241 3471 :evum
1286 3434 1527 3482 manere,
1573 3420 1659 3488 pie
1702 3420 2093 3488 decreverunt;
2136 3438 2338 3492 eosque

765 3512 860 3581 qui
895 3510 1170 3579 quippiam
1207 3511 1288 3563 vel
1325 3511 1530 3565 addunt
1560 3512 1639 3566 vel
1674 3513 1970 3566 detrahunt
2001 3531 2029 3566 a
2068 3524 2212 3568 recta
2248 3531 2337 3568 sa-

767 3619 945 3672 naqne
990 3603 1093 3656 ﬁde
1137 3604 1294 3658 nobis
1339 3604 1552 3669 tradita,
1595 3606 1939 3659 anathemate
1978 3606 2173 3677 dignos
2214 3622 2340 3676 pro-

768 3696 1115 3748 nuntiarunt.

842 3785 1002 3839 Hisce
1028 3786 1321 3839 concinens
1348 3784 1583 3853 synodus
1609 3783 1934 3856 Carthagine
1959 3788 2251 3851 celebrata,
2282 3790 2335 3843 in

771 3874 949 3943 primo
972 3874 1141 3943 ipsius
1161 3885 1215 3927 et
1237 3874 1478 3928 secundo
1499 3890 1727 3938 canone,
1746 3876 2059 3931 divinorum
2084 3880 2139 3931 in
2166 3880 2337 3948 prima

773 3967 977 4036 synodo
1006 3975 1450 4037 congregatorum
1484 3966 1702 4021 Patrum
1731 3969 1969 4030 decreta,
1998 3979 2051 4023 et
2080 3973 2147 4026 de
2176 3989 2339 4028 vene-

774 4061 957 4114 randae
996 4070 1307 4126 sanctaeque
1341 4060 1624 4114 Trinitatis
1663 4064 2245 4127 consubstantialitate,
2285 4077 2339 4121 et

775 4154 843 4206 de
885 4153 986 4206 ﬁde
1014 4153 1169 4205 nobis
1201 4152 1255 4205 in
1298 4169 1416 4224 eam,
1446 4153 1691 4206 habenda
1719 4169 1932 4208 summo
1960 4159 2209 4228 prosequi
2242 4161 2339 4211 ho-

775 4260 909 4298 nore
951 4246 1188 4305 mandat,
1229 4260 1457 4313 quorum
1503 4255 1558 4300 et
1598 4261 1811 4299 sacrum
1858 4246 1983 4300 ﬁdei
2027 4246 2335 4317 Symbolum

777 4337 1040 4390 verhatim
1069 4337 1307 4405 exponit.

848 4429 1019 4495 Leges
1050 4440 1228 4482 autem
1251 4430 1438 4484 civiles
1462 4431 1683 4485 totidem
1715 4434 1895 4488 verbis
1926 4435 2005 4489 sic
2038 4435 2335 4490 deﬁniunt:

779 4521 1122 4574 Christianus
1151 4530 1233 4574 est
1284 4523 1374 4590 qui
1413 4525 1588 4578 credit
1637 4530 1797 4581 unam
1832 4543 1952 4581 esse
1990 4529 2247 4583 licitatcm
2283 4530 2338 4582 in

780 4612 970 4679 a-quali
1004 4611 1177 4664 Patris
1213 4620 1277 4665 ct‘
1302 4614 1422 4665 Filii
1458 4625 1512 4667 et
1547 4615 1780 4684 Spiritus
1813 4619 1985 4670 sanczi
2022 4630 2288 4685 potestate
2322 4635 2335 4671 :

780 4703 874 4771 qui
910 4718 1034 4755 vero
1063 4712 1257 4771 pnctcr
1286 4705 1425 4759 dicta
1456 4706 1644 4765 sentit.
1677 4708 1963 4763 ltzercticus
1995 4719 2099 4764 est.

1166 5044 1219 5114 3
1252 5045 1510 5100 lNlTlUll
1554 5049 1867 5103 LITTERAS
1895 5053 1959 5105 A.

784 5199 935 5253 CAP.
972 5198 1011 5250 1.
1050 5198 1121 5251 De
1145 5202 1211 5252 iis
1238 5218 1325 5269 qm
1349 5202 1744 5254 immaculatum
1769 5205 1903 5255 hanc
1930 5201 2347 5256 Christianorum

855 5270 1006 5335 ﬁdem
1032 5281 1322 5336 negarunt;
1346 5281 1391 5321 et
1415 5272 1672 5339 quomodo
1697 5275 1786 5338 qui
1817 5290 1879 5325 ex
1903 5275 1966 5325 iis
1990 5276 2349 5341 pwnitcmiam

860 5351 1044 5407 agunt,
1071 5342 1384 5392 admittendi
1417 5351 1557 5393 sunt.

861 5425 1328 5495 l’cropportnnum
1362 5429 1466 5482 erit
1499 5431 1754 5500 deinceps
1774 5447 2051 5496 enarrare,
2083 5434 2353 5502 quomodo

790 5517 883 5583 qui
949 5521 1112 5572 semel
1174 5520 1461 5574 illutninati
1526 5522 1733 5575 fuerint
1797 5524 1897 5591 (uti
1956 5524 2156 5579 alicubi
2224 5525 2357 5578 dicit

794 5627 1024 5680 magnus
1055 5610 1296 5681 Paulus),
1319 5624 1373 5667 et
1404 5617 1739 5683 gustaverint
1783 5620 1980 5671 donum
2024 5618 2260 5682 caeleste,
2305 5628 2358 5672 et

800 5704 1087 5774 participes
1135 5706 1258 5758 facti
1297 5706 1499 5761 fuerint
1549 5709 1783 5779 Spiritus
1815 5712 2007 5769 sancti,
2056 5722 2109 5764 ct
2154 5712 2355 5764 bonum

801 5793 893 5847 Dei
938 5797 1157 5852 verbum
1200 5799 1552 5867 gustaveritzt,
1595 5812 1646 5857 ct
1687 5803 1915 5857 virtutes
1944 5802 2103 5857 futuri
2149 5803 2351 5867 smculi,

2441 3225 2747 3293 ἀλογίστως
2799 3228 3141 3297 κηρύξαντας
3178 3229 3552 3297 ἐκκηρύκτους
3578 3230 3787 3282 τιθέασι
3813 3244 3829 3260 ο
3866 3233 4005 3282 πάν-

2440 3336 2549 3372 των
2580 3320 2637 3372 δὲ
2685 3320 2791 3372 τῶν
2848 3320 2934 3371 ἐπ’
2987 3322 3237 3391 εὐσεϐείᾳ
3276 3324 3567 3391 γνωρίμων
3616 3326 3840 3392 κρατεῖν
3894 3326 3995 3392 τὴν

2441 3411 2622 3462 πίστιν
2680 3409 2904 3480 βεϐαίαν
2937 3412 3097 3482 μέχρι
3154 3413 3466 3475 συντελείας
3519 3415 3713 3476 αίῶνος
3758 3414 4006 3477 εύσεσὼς

2439 3502 2799 3556 τεθεσπίκασι
2823 3516 2839 3531 ο
2870 3503 2963 3555 καὶ
2995 3505 3121 3565 τοὺς
3151 3502 3539 3573 προστιθέντας
3568 3498 3674 3573 τιῆ
3701 3505 4005 3574 ἀφαιροῦν-

2438 3612 2537 3657 τας
2580 3596 2677 3662 τῆς
2725 3596 2859 3662 ἡμῖν
2889 3596 3330 3665 παραδεδομένης
3364 3596 3531 3665 ὀρθῆς
3566 3599 3657 3648 καὶ
3696 3597 3882 3664 ὑγιοῦς
3917 3600 4008 3649 πί-

2441 3706 2609 3752 στεως
2656 3689 2751 3741 τοῦ
2788 3689 3128 3757 ἁναθέματος
3156 3688 3338 3753 ἀξίους
3363 3689 3715 3758 ψηφίζονται.
3750 3677 3757 3683 ’

2512 3784 2735 3847 Τούτοις
2777 3787 3073 3856 συνᾴδουσα
3106 3786 3199 3837 καὶ
3226 3787 3258 3853 ἡ
3303 3787 3359 3836 ἐν
3401 3783 3733 3854 Καρθαγένῃ
3783 3781 4002 3846 σύνοδος

2440 3874 2496 3927 εν
2519 3892 2577 3927 τε
2603 3874 2681 3944 τῷ
2709 3875 2909 3946 πρώτῳ
2963 3879 3058 3929 καὶ
3086 3876 3323 3945 δευτέρῳ
3353 3874 3551 3941 ταύτης
3579 3875 3763 3926 κανόνι
3792 3874 3863 3925 τὰ
3895 3876 4007 3927 τῶν

2439 3970 2497 4019 ἐν
2525 3969 2590 4035 τῇ
2627 3967 2815 4037 πρώτῃ
2840 3968 3042 4035 συνόδῳ
3074 3967 3231 4019 θείων
3264 3967 3519 4031 Πατέρων
3548 3965 4003 4033 δογματισθένοια.

2440 4061 2567 4131 περί
2600 4078 2659 4112 τε
2691 4059 2786 4113 τοῦ
2832 4061 3117 4131 ὀμοουσίου
3149 4060 3244 4128 τῆς
3286 4060 3663 4128 προσκυνητῆς
3706 4060 3799 4109 καὶ
3840 4059 4006 4124 ἁγίας

2440 4153 2689 4224 Τριάδος.
2730 4154 2952 4219 καὶτῆς
2994 4155 3072 4215 εἰς
3103 4153 3271 4221 αὐτὴν
3320 4152 3477 4220 ἡμῶν
3528 4152 3780 4211 πίστεως,
3810 4151 4005 4218 διαίρει

2442 4243 2646 4313 ρόντως
2673 4243 3003 4310 ἐπισκήπτει
3034 4243 3374 4310 πρεσϐεύειν,
3416 4261 3491 4296 ων
3524 4244 3616 4294 καί
3644 4245 3703 4295 τὸ
3732 4242 3875 4313 ἱερὸν
3902 4245 4005 4312 τῆς

2442 4335 2677 4397 πίστεως
2717 4335 2985 4404 σύμϐολον
3025 4336 3156 4405 πρὸς
3186 4336 3329 4400 λέξιν
3357 4336 3648 4392 ἐκτίθεται,

2524 4430 2587 4481 Oi
2616 4430 2671 4481 δὲ
2712 4427 2978 4479 πολιτικοὶ
3011 4426 3152 4477 οὓτω
3196 4427 3337 4478 κατὰ
3389 4428 3538 4495 ῥῆμα
3572 4425 3888 4489 θεσπίζουσι
3918 4429 4007 4479 νό-

2445 4538 2572 4592 μοι*
2622 4517 2949 4591 Χριστιανός
2982 4518 3126 4568 ἐστιν
3155 4517 3182 4566 ὁ
3236 4518 3507 4569 πιστεύων
3552 4518 3679 4585 μίαν
3715 4514 3856 4569 εἶναι
3882 4520 4005 4569 θεέ,

2441 4631 2579 4683 τητα
2604 4615 2662 4663 ἐν
2715 4610 2802 4679 ίσῃ
2852 4607 3071 4676 ἐξουσία
3127 4606 3219 4657 τοῦ
3256 4608 3466 4676 Πατρδς
3500 4608 3594 4658 κιὶ
3621 4607 3714 4659 τοῦ
3746 4607 3880 4659 Υίοῦ
3910 4611 4008 4658 καὶ

2443 4705 2537 4758 τοῦ
2560 4703 2718 4771 ἁγίου
2746 4703 3083 4768 Πνεύματος.
3128 4696 3191 4752 Ὀ
3211 4698 3267 4750 δὲ
3300 4698 3450 4766 παρὰ
3474 4698 3542 4750 τὰ
3567 4698 3828 4767 εἰρημένα
3860 4698 4011 4761 διξα-

2445 4798 2552 4860 ζων
2578 4792 2852 4863 αἱρετικός
2890 4791 3060 4842 ἐστιν.

2788 5042 2977 5094 ΑΡΧΗ
3016 5041 3153 5093 ΤΟΥ
3194 5044 3233 5094 Δ
3276 5040 3655 5095 ΣΤΟΙΧΕΙΟΥ.

2451 5207 2702 5262 ΚΕΦᾹΛ.
2736 5206 2814 5259 A'.
2850 5206 2983 5272 Περὶ
3016 5202 3134 5255 τῶν
3163 5202 3597 5268 ἀρνησαμένων
3627 5201 3743 5265 τὴν
3770 5202 4011 5269 ἀμώμη-

2523 5294 2628 5329 τον
2655 5276 2880 5339 ταύτην
2906 5274 3022 5325 τῶν
3062 5272 3430 5338 Χριστιανῶν
3466 5273 3695 5333 πίστιν,
3725 5274 3819 5323 καί
3854 5274 4011 5336 ὅπως

2520 5346 2661 5410 τοὺς
2682 5343 3201 5412 μεταμελομένους
3248 5344 3475 5394 τούτων
3505 5342 3867 5407 προσίεσθαι
3903 5342 4011 5395 δεῖ.

2517 5433 2988 5502 ’Ἐπικαιρότατον
3040 5430 3085 5482 δ’
3121 5430 3187 5482 ἂν
3221 5430 3304 5499 είη
3348 5430 3487 5498 μετὰ
3523 5429 3681 5482 τοῦτο
3733 5430 4014 5493 διεξένιιι,

2454 5527 2600 5588 ὅπως
2628 5527 2753 5587 τοὺς
2805 5525 2953 5590 ἅπαξ
2986 5524 3374 5593 φωτισθέντας,
3423 5523 3630 5585 Παῦλος
3683 5523 3749 5576 ἂν
3782 5525 3959 5592 δήπου
3993 5527 4019 5576 ὁ

2461 5619 2628 5687 μέγας
2660 5618 2848 5687 ἔφησε,
2880 5617 3251 5685 γευσαμένους
3285 5633 3343 5667 τε
3379 5619 3475 5685 τῆς
3500 5617 3709 5685 δωρεᾶς
3734 5617 3831 5685 τῆς
3861 5620 4020 5668 ἐπου-

2461 5710 2666 5778 ρανίου,
2699 5710 2793 5761 καὶ
2824 5709 3086 5776 μετόχους
3113 5707 3438 5776 γενηθέντας
3482 5707 3798 5775 Πνεύματος
3833 5709 4015 5773 ἁγίου.

2464 5802 2556 5856 καὶ
2615 5800 2775 5853 καλὸν
2830 5798 3193 5867 γεςσαμένους
3252 5797 3385 5851 Θεοῦ
3448 5796 3619 5867 ῥῆμα,
3670 5795 3931 5866 δυνάμεις
3961 5815 4015 5849 τε
