4198 6448
777 356 917 421 1023

1959 369 2329 457 ΜΑΤἹᾚᾸΞΙ
2359 373 2698 435 ΒιΑςτΑιι
2712 377 2781 435 I‘S

3880 375 4026 439 10Ξᾶ

777 469 1135 535 cupiscentia,
1173 480 1228 523 et
1266 473 1503 539 peccatis
1537 487 1657 541 qua:
1705 473 1758 526 in
1788 474 1854 527 iis
1883 477 2213 539 consisttmt,
2242 494 2343 532 suo
2374 485 2417 538 Α

2374 485 2417 538 Δ
2445 500 2526 549 τε,
2580 488 2746 553 φημί,
2782 488 2875 537 καὶ
2905 485 3224 553 ἐπιθυμίας,
3256 488 3352 540 καὶ
3381 487 3488 539 τῶν
3519 487 3577 539 ἐν
3619 487 3835 550 τούτοις
3891 506 4021 543 συν-

778 561 921 623 loco,
961 571 1017 614 et
1064 572 1119 612 nt
1170 563 1304 615 ordo
1356 563 1662 617 litterarum
1708 568 1981 632 postulat.
2011 567 2153 620 intra
2195 569 2345 624 dice-

779 663 895 717 tur;
931 663 1151 720 peccata
1181 653 1434 724 ﬂantem
1479 671 1596 720 qua:
1633 675 1658 707 a
1695 658 1923 709 rationis
1952 669 2100 711 motu
2125 668 2347 725 pra-ter-

778 745 1009 797 natnrali
1052 747 1389 812 procedunt,
1427 748 1480 800 in
1536 749 1785 814 praesenti
1828 750 2341 805 considerabimus:

778 849 839 886 ea
903 836 1048 888 eiiim
1103 840 1350 906 graviora
1400 838 1650 893 Patrihus
1719 851 1773 894 et
1834 843 2004 896 multo
2038 843 2229 909 maiori
2266 855 2348 898 at-

780 925 1034 979 tentione
1074 928 1233 997 digna
1267 928 1376 982 visa
1406 940 1575 992 sunt;
1617 947 1846 997 quiorum
1899 951 2006 987 non
2061 936 2345 989 minimum

778 1025 862 1068 est
921 1027 1084 1071 rectae
1132 1020 1253 1072 ﬁdei
1314 1023 1610 1092 abnegatiu
1640 1041 1653 1087 ;
1687 1025 1753 1076 de
1786 1041 1891 1093 qua
1952 1029 2117 1080 verba
2167 1027 2347 1081 facere

779 1109 914 1161 mihi
972 1110 1025 1162 in
1075 1112 1260 1166 animo
1311 1123 1414 1168 est.
1466 1116 1539 1168 Ea
1586 1116 1749 1185 igitur
1775 1134 1880 1171 non
1910 1119 2085 1171 solum
2127 1135 2191 1172 ex
2234 1134 2350 1173 mo-

782 1200 975 1252 dorum
1041 1202 1601 1267 diﬁ‘erentia,verum
1674 1218 1729 1261 et
1786 1224 1849 1261 ex
1918 1218 2225 1275 temporum
2269 1210 2351 1261 di-

780 1290 1039 1345 versitate
1075 1292 1372 1359 iudicatur.
1419 1293 1517 1349 Vel
1565 1298 1712 1350 enim
1757 1299 1921 1354 minis
1956 1301 2085 1355 solis
2136 1310 2348 1370 perter-

783 1384 872 1436 riti
909 1395 1080 1445 erant,
1132 1395 1227 1439 aut
1268 1388 1579 1441 adulatione
1627 1389 1847 1455 irretiti,
1899 1394 1992 1461 qui
2037 1394 2171 1462 lapsi
2202 1405 2351 1460 sunt,

783 1476 868 1527 vel
909 1476 1001 1541 qui
1054 1486 1321 1532 tormenta
1357 1482 1564 1546 experti
1611 1484 1955 1538 eruciatuum
2001 1486 2350 1541 acerbitatem

784 1564 928 1619 ferre.
991 1570 1305 1635 nequibant.
1372 1571 1538 1625 Porro
1603 1574 1690 1627 alii
1756 1576 1977 1642 quidem
2044 1579 2354 1633 voluntarie

786 1662 1117 1728 impietatem
1149 1664 1378 1732 amplexi
1412 1676 1557 1728 sunt,
1590 1681 1648 1719 se
1690 1668 1831 1722 bona
1862 1685 1958 1722 sua
1993 1671 2153 1723 aliter
2184 1673 2354 1725 amis-

792 1766 951 1805 suros
974 1753 1376 1819 existimantes;
1397 1756 1485 1809 alii
1504 1772 1636 1810 vero
1655 1770 1777 1827 post
1794 1759 1915 1813 ﬁdei
1936 1761 2353 1825 abdicationem,

2455 576 2761 644 ισταμένων
2812 578 3262 645 ἁμαρτημάτων,
3313 578 3390 645 τῷ
3442 580 3773 648 προσήκοντι
3824 581 4023 647 τόπῳ,

2452 666 2546 717 καὶ
2574 666 2649 726 ὼς
2677 668 2710 736 ή
2752 666 2906 732 τάξις
2945 668 3170 719 ἀπαιτεῖ
3196 667 3307 718 τῶν
3342 668 3647 736 στοιχείων,
3684 668 4024 737 ῥηθήσεται·

2452 757 2588 811 ἆττα
2622 758 2677 811 δὲ
2722 760 2755 825 ἠ
2785 761 2874 810 τοῦ
2920 759 3225 824 λογιστικοῦ
3273 761 3421 828 παρὰ
3479 760 3642 827 φύσιν
3687 760 4029 829 δημιουργεῖ

2453 850 2685 916 κίνησις,
2726 851 2788 902 τὸ
2817 849 2913 903 νῦν
2960 852 3059 919 ήδη
3106 854 3501 919 σκοπήσωμεν·
3555 852 3728 918 ταύτα
3778 854 3895 919 γάρ
3930 853 4031 905 καὶ

2454 942 2811 1011 χαλεπώτερα
2861 944 2972 1004 τοῖς
3021 943 3298 1011 Πατράσιν
3351 940 3565 1011 ἐκρίθη,
3617 943 3709 994 καὶ
3768 943 4029 1010 μείζονος

2455 1036 2546 1087 καὶ
2575 1036 2983 1105 ὲπιπονωτέρας
3013 1036 3243 1105 δεόμενα
3266 1038 3362 1103 τῆς
3390 1036 3747 1105 ἐπιστροφῆς,
3776 1037 3876 1088 καὶ
3904 1035 4033 1087 τού-

2455 1142 2566 1178 των
2596 1126 2694 1195 οὐχ
2726 1126 2926 1195 ἥκιστα
2960 1129 3060 1194 τὴν
3101 1128 3202 1195 τῆς
3252 1126 3419 1196 ὀρθῆς
3468 1127 3706 1188 πίστεως
3762 1126 4029 1195 ἄρνησιν,

2458 1219 2589 1287 περὶ
2637 1211 2703 1287 ἧς
2737 1218 2830 1270 καὶ
2877 1220 3054 1270 εἰπεῖν
3102 1218 3465 1287 προεθέμεθα.
3520 1215 3669 1282 Αὕτη
3706 1216 3916 1277 τοίνυν,
3953 1213 4037 1282 μὴ

2456 1312 2541 1362 ὅτι
2574 1325 2638 1376 γε
2660 1311 2725 1378 τῇ
2757 1308 2866 1361 τῶν
2907 1308 3124 1376 τρόπων
3158 1308 3415 1377 διαφορᾷ,
3448 1307 3585 1361 ἀλλά
3633 1308 3730 1359 καὶ
3763 1305 3842 1374 τῷ
3874 1305 4035 1358 διαλ-

2458 1398 2707 1452 λάττοντι
2732 1398 2979 1465 κρίνεται
3009 1398 3117 1450 τῶν
3145 1396 3373 1467 καιρῶν.
3404 1396 3563 1450 ἸΙτοι
3599 1396 3707 1465 γὰρ
3734 1397 3900 1462 μόνον
3931 1411 4035 1447 κα·

2460 1487 2830 1556 ταπλαγέντες
2870 1487 3139 1555 ἀπειλὴν,
3190 1485 3222 1553 ἢ
3276 1485 3535 1555 κολακείᾳ
3587 1484 4029 1545 ὑποκλαπέντες,

2459 1581 2600 1632 είσὶν
2632 1580 2683 1632 οἶ
2708 1580 3148 1646 κατηνέχθησαν,
3180 1578 3213 1645 ἦ
3246 1579 3339 1629 καὶ
3365 1576 3615 1645 βασάνων
3646 1575 4031 1644 πειραθέντες,

2462 1670 2719 1738 καὶπρὸς
2746 1669 2846 1734 τὴν
2884 1667 3195 1736 δριμύτητα
3233 1666 3306 1735 μὴ
3346 1667 3691 1734 ἀντισχόντες
3726 1665 3835 1717 τῶν
3878 1665 4032 1734 αἰκι-

2464 1761 2639 1828 σμῶν.
2674 1760 2785 1812 Καὶ
2833 1762 2881 1811 οί
2918 1758 3017 1827 μὲν
3051 1758 3291 1810 ἐθελοντὶ
3322 1757 3390 1809 τὰ
3428 1758 3528 1825 τῆς
3559 1756 3815 1817 ἀσεϐείας
3844 1757 4032 1824 ἠσπά-

788 1854 1171 1908 persecntores
1203 1848 1294 1911 (ob
1325 1848 1604 1902 hominum
1640 1851 2024 1922 impietatem!)
2049 1864 2356 1909 evaserunt.
2392 1829 2433 1884 Β

2392 1829 2433 1884 Β
2462 1866 2648 1911 σαντο,
2695 1848 3042 1918 πραγμάτων
3072 1846 3419 1916 ἀπηλλάχθαι
3461 1846 3771 1915 νομίζοντες
3804 1862 3816 1873 ·
3864 1848 3916 1897 οί
3978 1846 4031 1896 δὲ

789 1934 864 1986 Ex
888 1935 955 1989 iis
982 1953 1172 1991 rursus
1193 1938 1283 1990 alii
1305 1954 1545 1993 errorem
1568 1957 1663 2010 pro
1679 1943 1908 1997 veritate
1930 1955 2199 1998 commota
2211 1956 2355 2006 runt.

793 2040 917 2078 cum
967 2028 1143 2096 pietas
1170 2031 1349 2083 adhuc
1378 2031 1432 2084 in
1466 2033 1806 2089 incunabulis
1851 2046 1908 2089 et
1948 2038 2188 2090 nondum
2224 2039 2361 2094 bene

791 2117 1025 2171 stabilita
1066 2130 1212 2173 esset
1240 2138 1254 2184 ;
1283 2137 1516 2190 eumque
1557 2125 1869 2190 persecutio
1908 2127 2063 2179 valde
2090 2127 2357 2196 ferveret,

789 2216 845 2260 ιιι
879 2210 1089 2277 tyranni
1120 2210 1304 2263 furore
1336 2213 1529 2279 perciti
1563 2214 1808 2269 veritatis
1844 2231 2126 2283 praecones
2152 2221 2361 2289 gravis-

791 2300 944 2353 simis
1009 2304 1296 2356 tormentis
1363 2305 1750 2372 subjieerent:
1830 2304 1921 2362 alii
1985 2319 2168 2365 autem
2237 2328 2358 2367 cum

792 2392 982 2460 religio
1009 2392 1200 2447 omnes
1234 2396 1336 2449 sub
1366 2397 1479 2450 sole
1512 2407 1685 2451 terras
1734 2400 2052 2467 illustraret,
2094 2413 2150 2457 et
2180 2420 2358 2472 reges,

791 2496 900 2533 non
953 2486 1134 2538 minus
1174 2502 1337 2555 quam
1374 2489 1641 2556 diadema,
1695 2493 1896 2563 quibus
1957 2496 2151 2550 redimi
2212 2506 2360 2561 sunt,

795 2573 1109 2630 adornaret.

1037 2778 1114 2833 De
1141 2780 1345 2835 clericis
1376 2784 1465 2851 qui
1494 2792 1704 2851 propter
1745 2797 1935 2836 metum
1963 2784 2121 2852 ﬁdem

1441 2865 1717 2922 negarunt.

868 2939 943 2993 De
971 2940 1181 2995 clericis
1200 2953 1345 2996 metu
1369 2945 1591 3012 periculi
1616 2946 1779 3015 lapsis
1805 2964 1911 3001 an
1935 2959 2108 3003 sanet.
2134 2952 2366 3019 apostol.

797 3048 1012 3087 canon:
1061 3034 1118 3087 Si
1164 3036 1306 3104 quis,
1364 3036 1561 3104 inquit,
1615 3039 1845 3093 clericus
1894 3050 2116 3108 propter
2161 3052 2365 3096 metum

2460 1944 2552 1995 καὶ
2589 1941 2727 2009 μετά
2758 1943 2861 2009 τὴν
2889 1940 2990 2007 τῆς
3020 1940 3257 1996 πίστεως
3298 1940 3559 2006 ἀθέτησιν
3592 1937 3843 1996 διῶκται,
3883 1935 4028 2003 (per?!

2459 2035 2565 2086 τῶν
2590 2034 2830 2087 εὐσεϐῶν
2855 2034 3129 2098 γεγόνασι.
3160 2032 3267 2084 Καὶ
3290 2030 3495 2084 τούτων
3516 2028 3671 2090 αὖθις
3718 2032 3766 2081 οἱ
3803 2028 3907 2095 μὲν
3938 2028 4035 2088 τὴν

2462 2129 2671 2195 πλάνην
2710 2125 2809 2193 τῆς
2839 2125 3098 2193 ἀληθείας
3137 2124 3453 2192 ἠλλάξαντο,
3505 2124 3563 2176 ὲν
3598 2120 3904 2188 προοιμίοις
3938 2120 4035 2172 οὕ-

2463 2236 2564 2286 σης
2596 2218 2695 2286 τῆς
2724 2214 3029 2279 εὐσεϐείας,
3081 2214 3173 2267 καὶ
3223 2214 3447 2283 μηδέπω
3498 2212 3677 2274 καλῶς
3716 2212 4031 2279 ἱδρυμένης,

2461 2310 2628 2379 ἡνίκα
2677 2309 2771 2361 καὶ
2815 2310 2843 2359 ό
2886 2306 3127 2374 διωγμὸς
3159 2304 3387 2374 σφοδρὸν
3435 2303 3588 2356 ἔπνει
3638 2302 3734 2355 καὶ
3776 2302 4030 2370 μανικὸν,

2462 2401 2569 2453 τῶν
2601 2400 2880 2468 τυράννων
2927 2398 3253 2467 ἀνηκέστοις
3288 2394 3810 2449 καθυποϐαλλόντων
3862 2392 4031 2459 βασά-
4096 2420 4101 2425 -

2464 2508 2575 2554 νοις
2608 2491 2733 2553 τοὺς
2766 2488 3169 2559 πρεσϐεύοντας
3198 2487 3298 2557 τὴν
3324 2486 3620 2557 ἀλήθειαν·
3652 2488 3700 2538 ot
3728 2486 3808 2550 δὲ,
3841 2486 3933 2537 ὅτε
3967 2486 4033 2535 τὰ

2463 2585 2563 2648 τῆς
2594 2580 2878 2642 εὐσεϐείας
2904 2581 3001 2649 τὴν
3034 2579 3122 2647 ὑφ’
3167 2579 3304 2649 ἡλίῳ
3334 2577 3615 2647 περιέσχε,
3645 2578 3738 2628 καὶ
3771 2576 4032 2644 βασιλέας

2465 2674 2563 2740 οὐχ
2592 2667 2754 2741 ἦττον
2784 2670 3008 2738 ἐκόσμει
3043 2664 3105 2722 οὗ
3140 2668 3480 2737 περίκεινται
3508 2667 3859 2734 διαδήματος.

2467 2785 2605 2852 Περὶ
2635 2783 2755 2837 τῶν
2780 2783 2877 2838 διὰ
2899 2785 3089 2852 φόϐον
3121 2779 3553 2902 ἀίένησαμένων
3585 2774 3889 2845 κληρικῶν
3917 2776 4033 2842 τὴν

3135 2868 3175 2902 π
3206 2868 3361 2902 στιν.

3135 2868 3361 2903 πίστιν.

2542 2948 2676 3017 Περὶ
2717 2947 2814 3015 μὲν
2853 2945 2947 2999 οὖν
2984 2944 3092 2997 τῶν
3118 2942 3270 3012 φόϐῳ
3304 2942 3546 2995 κινδύνου
3597 2936 4031 3007 κατενεχθέντων

2471 3040 2748 3110 κληρικῶν
2790 3035 2911 3107 ὁξβ⁹
2931 3037 3040 3089 τῶν
3065 3038 3237 3104 ἁγίων
3264 3033 3576 3088 ἀποστόλων
3603 3030 3802 3091 κανὼν,
3835 3028 3899 3079 EE
3925 3044 4030 3088 τις,

798 3125 1119 3186 humanum,
1181 3126 1264 3178 vel
1320 3125 1496 3180 Judasi
1556 3129 1637 3181 vel
1676 3128 1887 3190 Grzeci.
1954 3133 2039 3185 vel
2105 3133 2441 3205 haeretici,c

2396 3147 2441 3205 ο
2474 3134 2630 3203 φησὶ,
2662 3131 2922 3200 κληρικδς
2949 3130 3039 3183 διὰ
3083 3128 3248 3195 φόϐον
3293 3124 3653 3196 ἀνθρώπινον,
3684 3119 3967 3181 Ἰουδαίου,
3997 3118 4028 3184 ἢ

797 3231 999 3269 nomen
1039 3216 1240 3270 Christi
1283 3220 1578 3287 negaverit,
1612 3222 1839 3297 omnino
1857 3223 2141 3291 ejiciatur;
2168 3226 2211 3278 si
2239 3239 2368 3279 vero

799 3308 1006 3371 clerici,
1032 3308 1374 3377 deponatur;
1413 3311 1784 3379 paenitentiam
1817 3326 1997 3368 autem
2024 3332 2208 3385 agens,
2246 3316 2370 3370 laici

799 3395 977 3453 locum
1016 3401 1210 3469 capiat.

874 3580 1087 3634 Primus
1110 3593 1290 3636 autem
1322 3594 1378 3637 et
1409 3587 1683 3639 secundus
1702 3601 1823 3657 syn.
1844 3592 2142 3658 Ancyranm
2170 3607 2368 3657 canon,

801 3673 1150 3742 presbyteros
1201 3684 1255 3728 et
1309 3676 1569 3730 diaconos
1623 3680 1717 3747 qui
1765 3689 1913 3733 metu
1972 3689 2370 3737 tormentorum

804 3765 1200 3829 sacriﬁcarunt,
1253 3766 1451 3821 deinde
1512 3777 1698 3823 contra
1756 3772 2005 3825 reluctati
2068 3785 2218 3838 sunt,
2275 3792 2372 3830 seu

806 3857 1181 3923 pwuiteutiam
1214 3869 1464 3926 egerunt,
1501 3870 1558 3913 et
1606 3876 1786 3914 coram
1821 3864 2066 3932 tyrannis
2095 3864 2372 3921 Christum

803 3948 1037 4001 confessi
1058 3960 1206 4012 sunt,
1232 3949 1454 4005 honoris
1473 3952 1694 4020 quidem
1714 3963 1770 4006 et
1790 3956 2063 4009 cathedra:
2080 3958 2375 4027 participes

803 4052 926 4091 csse
968 4039 1143 4104 jubet,
1187 4056 1386 4094 munus
1419 4057 1550 4096 vero
1594 4045 1930 4100 sacerdotale
1971 4046 2191 4115 aliquod
2222 4047 2375 4102 obire

803 4145 911 4183 non
949 4132 1231 4199 permittit.

875 4221 1047 4277 Porro
1097 4234 1320 4279 sanctus
1368 4227 1566 4281 Petrus
1625 4229 2023 4286 Alexandrinus
2069 4234 2122 4287 in
2165 4235 2377 4290 decimo

803 4330 1017 4369 canone
1045 4334 1058 4370 :
1094 4316 1218 4381 Qui,
1251 4318 1445 4386 inquit,
1480 4321 1687 4372 clerum
1718 4337 1877 4375 suum
1913 4324 2294 4386 deseruerunt.
2322 4338 2376 4381 et

800 4426 865 4464 se
919 4412 1178 4480 periculis
1242 4414 1385 4467 ultro
1444 4416 1785 4481 obtulerunt,
1852 4434 2069 4474 coronae
2130 4423 2373 4493 martyrii

2473 3223 2755 3291 Ἕλληνος,
2790 3220 2822 3289 ἢ
2855 3212 3159 3287 αίρετικοῦ,
3185 3216 3234 3267 εί
3272 3216 3371 3283 μὲν
3399 3212 3461 3265 τὸ
3482 3211 3573 3264 τοῦ
3604 3208 3844 3279 Χριστοῦ
3870 3207 4036 3277 ἀρνή-

2473 3331 2625 3367 σεται
2648 3313 2842 3381 ὅνομα,
2872 3312 3051 3378 πάντη
3076 3305 3466 3360 ἀποϐαλλὲσθω
3489 3320 3501 3332 ·
3527 3304 3576 3355 εί
3606 3303 3663 3355 δὲ
3690 3302 3752 3354 τὸ
3777 3301 3875 3352 τοῦ
3904 3300 4032 3365 κλη-

2474 3405 2653 3475 ρικοῦ,
2684 3401 3057 3472 καθαιρείσθω
3077 3416 3090 3430 ·
3136 3398 3477 3469 μετανοήσας
3521 3397 3602 3459 δὲ,
3636 3396 3821 3465 χώραν
3848 3395 4031 3447 λαῖκοῦ

2471 3497 2534 3548 λα
2543 3495 2815 3565 μϐανέτω.

2553 3586 2612 3637 '0
2644 3585 2829 3654 μέντοι
2877 3590 2928 3635 α’
2959 3583 3052 3637 καὶ
3078 3579 3120 3650 β’
3149 3582 3246 3649 τῆς
3298 3582 3355 3633 έν
3381 3578 3628 3649 Ἀγκύρᾳ
3681 3576 3905 3628 συνόδου
3934 3594 4032 3629 κα-

2473 3678 2581 3733 νὼν
2631 3676 2758 3738 τοὺς
2792 3674 2963 3744 ,φόϐῳ
3013 3674 3249 3742 βασάνου
3293 3671 3562 3731 θύσαντας
3631 3667 4036 3737 πρεσϐυτέρους

2475 3770 2569 3823 καὶ⁸
2598 3768 2903 3831 διακόνους,
2936 3761 3053 3818 εἶτα
3087 3763 3568 3824 άναπαλαίσαντας
3610 3761 3729 3830 ήτοι
3768 3760 4037 3828 μετανοή-

2480 3875 2700 3922 σαντας,
2756 3858 2850 3909 καὶ
2898 3855 3008 3908 τῶν
3053 3856 3330 3924 τυράννων
3385 3853 3612 3904 ἐνώπιον
3667 3851 3759 3903 τὸν
3803 3852 4037 3919 Χριστὸν

2475 3950 2944 4021 ὁμολογήσαντας,
2997 3947 3096 4015 τῆς
3137 3946 3235 4015 μὲν
3291 3945 3457 4013 τιμῆς
3497 3943 3747 4012 μετέχειν
3804 3940 4036 4008 καὶτῆς

2476 4040 2744 4110 καθέδρας
2794 4037 3027 4103 κελεύει,
3088 4036 3362 4108 ἱερατικὸν
3414 4033 3475 4086 δέ
3533 4051 3591 4086 τι
3643 4036 3891 4103 ἐνεργεῖν
3941 4033 4039 4084 οὐκ

2476 4134 2716 4202 ἐφίησιν.

2558 4226 2617 4278 Ὀ
2645 4225 2701 4278 δὲ
2749 4225 2903 4292 ἅγιος
2938 4225 3140 4293 Πέτρος
3184 4219 3595 4289 Ἀλεξανδρείας
3663 4219 3723 4273 έν
3770 4217 3849 4287 τῷ
3877 4223 3906 4270 ι’
3943 4234 4038 4270 κα-

2479 4319 2615 4383 νόνι,
2651 4319 2713 4371 Οί
2740 4319 2833 4370 τὸν
2881 4318 3014 4370 ἴδιον
3058 4316 3470 4376 καταλιπόντες,
3501 4312 3659 4382 φησὶ,
3694 4310 3919 4379 κλῆρον,
3950 4312 4039 4361 καὶ

2480 4412 2592 4471 τοῖς
2622 4409 2889 4472 κινδύνοις
2921 4410 3057 4475 σφᾶς
3085 4409 3285 4468 αὐτοὺς
3314 4403 3721 4465 ἑπιδεδωκότες,
3757 4401 4039 4468 στεφάνων

803 4503 1079 4558 desiderio
1120 4506 1357 4566 accensi.
1390 4508 1675 4561 tormentis
1705 4525 1837 4562 vero
1875 4511 2147 4565 terrel‘acti
2170 4516 2375 4567 sacriti-
2406 4485 2453 4542 Ῑ)

2406 4485 2667 4568 Ῑ)ὲφέσει
2723 4497 3099 4567 μαρτυρικῶν,
3150 4495 3476 4564 ἡττηθέντες
3528 4493 3586 4544 δὲ
3635 4492 3744 4543 τῶν
3794 4491 4040 4559 βασάνων

806 4603 1021 4655 carunt,
1049 4596 1092 4648 si
1126 4597 1404 4665 contingat
1435 4606 1494 4651 ut
1541 4614 1732 4652 rursus
1777 4602 2155 4669 pmnitentiam
2212 4616 2374 4668 agant

806 4698 862 4739 et
899 4702 1080 4740 coram
1117 4690 1361 4757 tyrannis
1388 4704 1446 4743 se
1476 4690 1817 4745 Christianos
1840 4708 1961 4747 esse
1984 4694 2371 4758 cenﬁteantur,

808 4794 1023 4844 atquum
1073 4787 1157 4833 est
1199 4789 1257 4833 ut
1308 4780 1566 4834 laieormn
1614 4784 1999 4838 communione
2040 4799 2215 4853 eaque
2259 4788 2374 4840 sola

809 4869 955 4936 digni
1011 4869 1339 4925 habeantur.
1396 4871 1626 4926 Planum
1673 4884 1852 4927 autem
1902 4884 1985 4930 est
2035 4890 2132 4929 eos
2181 4892 2376 4933 sensus

812 4971 1066 5024 expertes
1116 4974 1259 5023 esse,
1294 4963 1339 5015 si
1380 4962 1744 5016 ministerium
1777 4979 1805 5016 a
1851 4980 1959 5032 quo
2003 4976 2193 5033 sponte
2231 4967 2377 5020 exci-

813 5050 1031 5109 derunt.
1069 5050 1265 5103 iterum
1316 5053 1595 5116 ambiant;
1628 5068 1804 5121 neque
1858 5055 2000 5107 enim
2030 5056 2125 5124 qui
2171 5056 2375 5110 elerum

815 5140 981 5193 semel
1009 5140 1271 5202 deseruit.
1290 5158 1387 5210 per
1412 5144 1813 5200 confessionem
1839 5146 2067 5210 Christi.
2098 5164 2197 5217 pro
2223 5148 2375 5219 lapsu

816 5247 916 5286 suo
949 5236 1175 5303 gratiam
1202 5236 1463 5289 demereri
1502 5245 1700 5306 potest.

891 5415 1145 5470 Decimus
1170 5427 1351 5471 antem
1384 5420 1573 5487 synodi
1619 5420 1809 5490 primze
1839 5437 2051 5476 canon:
2096 5423 2376 5490 Quamvis,

819 5509 1017 5575 inquit,
1060 5510 1150 5577 qui
1186 5510 1319 5577 lapsi
1362 5522 1487 5565 sunt
1518 5521 1572 5566 et
1621 5514 1780 5567 ﬁdem
1816 5525 2101 5585 negarunt,
2142 5517 2379 5570 ordinati

822 5599 1045 5659 fuerint.
1090 5601 1205 5654 sive
1234 5602 1423 5656 insciis
1452 5604 1568 5657 sive
1595 5607 1829 5659 consciis
1866 5607 1932 5661 iis
1971 5607 2061 5676 qui
2095 5623 2192 5663 eos
2229 5609 2380 5662 ordi-

824 5701 1038 5752 narunt,
1059 5702 1241 5760 postea
1261 5696 1461 5763 cogniti
1483 5696 1853 5763 deponuntur.
1877 5700 1943 5751 .tb
1966 5716 2025 5752 ea
2045 5700 2382 5756 ordinatione

830 5784 1182 5852 nequicquam
1217 5785 1404 5854 adjnti.

2482 4592 2576 4644 καὶ
2605 4591 2918 4652 τεθυκότες.
2950 4591 2999 4641 εί
3040 4592 3135 4641 καὶ
3160 4586 3406 4647 εἰσαῦθις
3434 4582 3807 4638 ἀναπαλαῖσαι
3837 4585 4041 4641 τούτοις

2483 4684 2714 4753 ὑπῆρξε,
2746 4683 2843 4734 καὶ
2876 4678 3232 4748 Χριστιανοὺς
3268 4675 3496 4737 ἑαυτοὺς
3535 4673 3764 4725 ἐνώπιον
3811 4670 3921 4722 τῶν
3949 4687 4039 4720 τυ-

2486 4776 2695 4844 ράννων
2753 4770 3111 4841 ὁμολογῆσαι,
3164 4768 3367 4820 δίκαιοι
3416 4766 3483 4819 ἂν
3525 4759 3638 4817 εἷεν
3681 4761 3792 4813 τῶν
3842 4760 4043 4812 λαίκῶν

2482 4861 2765 4929 ἀξιοῦσθαι
2793 4859 3079 4920 κοινωνίας
3103 4858 3197 4909 καὶ
3228 4857 3396 4925 μόνης
3422 4870 3436 4884 ·
3464 4852 3803 4923 ἀναισθήτως
3829 4850 3877 4903 δ’
3904 4850 4043 4919 ἔχειν

2484 4956 2683 5016 αὐτοὺς
2708 4950 3095 5021 ἀποφαίνεται,
3124 4951 3173 5001 εί
3201 4948 3304 5016 τῆς
3335 4944 3681 5015 λειτουργίας
3703 4938 3863 5005 αὖθις
3886 4957 4044 5010 μετα-

2484 5050 2747 5111 ποιοίντο,
2805 5041 2869 5118 ἧς
2908 5040 3333 5097 ὲκπεπτώκασιν
3388 5037 3593 5091 έκοντί.
3646 5036 3737 5105 Τῷ
3788 5036 3899 5104 γὰρ
3950 5033 4039 5085 τοῦ

2486 5140 2693 5210 κλήρου
2727 5136 2873 5201 ἅπαξ
2920 5134 3372 5205 ἀποφοιτήσαντι,
3405 5130 3527 5183 οὐδὲ
3568 5130 3603 5197 ἡ
3635 5129 3778 5197 ὑπὲρ
3807 5124 4039 5196 Χριστοῦ

2486 5230 2748 5299 ὁμολογία
2774 5227 2962 5281 τοῦτον
2986 5223 3144 5288 αὖθις
3164 5221 3494 5294 χαρίσασθαί
3524 5222 3575 5273 oi.
3602 5221 3692 5273 διά
3713 5221 3816 5289 τὴν
3841 5219 4043 5271 ἔκπτω-

2491 5340 2574 5376 σιν
2615 5322 2862 5373 δύναται.

2570 5415 2628 5468 '0
2658 5414 2715 5467 δὲ
2745 5414 2843 5481 τῆς
2872 5411 2919 5466 α’
2960 5412 3175 5465 συνόδου
3207 5416 3237 5463 ι’
3277 5407 3476 5470 κανὼν,
3500 5407 3567 5461 Εἰ
3604 5404 3699 5457 καὶ
3739 5402 4043 5473 προεχειρί-

2490 5508 2714 5574 σθησαν,
2738 5506 2892 5575 φησὶ,
2921 5506 2971 5555 οἱ
3003 5501 3507 5571 παραπεπτωκότες
3533 5498 3630 5549 καὶ
3654 5498 4039 5565 ἀρνησάμενοι,

2489 5596 2829 5667 ἀγνοούντων
2872 5597 2903 5665 ἦ
2941 5596 3161 5647 εἰδότων
3190 5594 3297 5646 τῶν
3344 5590 3866 5661 χειροτονησάντων,
3914 5605 4040 5654 γνω-

2493 5690 2711 5752 σθέντες
2743 5688 2993 5755 ὕστερον,
3027 5686 3433 5759 καθαιροῦνται,
3466 5681 3634 5753 μηδὲν
3661 5683 3723 5733 ἐκ
3755 5681 3853 5750 τῆς
3879 5697 4044 5750 χειρο-

2493 5785 2673 5849 τονίας
2698 5784 3087 5853 ὠφεληθέντες.
