4198 6448
207 367 357 430 1⁵825

481 479 614 545 Περί
642 476 761 530 τῶν
790 475 1233 545 ἀρνησαμένων
1262 474 1512 527 λατχών.

278 572 520 633 Λαῖκούς
552 572 613 639 γέ
643 588 748 633 τοι,
783 570 909 629 τοὺς
941 566 1135 634 ἀπειλῇ
1168 566 1263 618 καὶ
1311 566 1447 633 μόνῃ
1484 563 1780 623 κολάσεως,

201 668 236 736 ἢ
292 666 632 734 δημεύσεως,
682 662 715 730 ἢ
752 660 993 730 ἑξορίας,
1042 662 1107 728 τῇ
1148 656 1375 727 ἀσεϐείᾳ
1427 656 1781 719 ὑπείξαντας,

200 762 232 810 6
262 756 315 822 ς’
342 760 441 827 τῆς
470 760 525 809 ὲν
550 757 797 826 Ἀγκύρᾳ
829 755 1048 807 συνόδου
1072 750 1253 805 κανὼν
1280 753 1373 802 ἐπὶ
1402 749 1651 812 ἑξαετίαν
1677 749 1783 799 τῶν

203 850 372 920 ίεφῶν
405 848 1024 920 μυστηρίων,ἁπείργει.

281 944 501 1011 Ταύτης
534 944 632 993 οὐκ
679 942 876 1011 ἀπᾴδει
918 942 1017 1007 τῆς
1045 938 1228 1006 ψήφου
1275 936 1370 990 καὶ
1408 938 1435 987 6
1462 936 1643 1006 τρίτος
1690 932 1783 984 τοῦ

206 1034 372 1100 ἁγίου
404 1034 808 1103 ἱερομάρτυρος
830 1033 1040 1099 Πέτρου
1082 1029 1511 1097 Ἀλεξανδρείας.

293 1127 355 1176 Ὀ
383 1125 439 1177 δὲ
487 1142 548 1189 γε
581 1122 628 1176 α’
660 1124 824 1175 αὑτοῦ
888 1125 1015 1185 τοὺς
1061 1123 1201 1190 μετὰ
1237 1124 1434 1190 πεῖραν
1474 1119 1788 1184 ἀνηκέστων

202 1216 514 1277 τεθυκότας
552 1215 804 1285 βασάνων
840 1217 934 1267 ἐπὶ
959 1217 1205 1286 τριετίαν
1242 1214 1616 1276 καταδικάζει.

304 1391 363 1440 ’0
397 1393 451 1443 δὲ
482 1394 528 1460 β’
558 1393 683 1451 τοὺς
712 1392 852 1460 μετὰ
878 1393 977 1460 τὴν
1003 1394 1059 1444 ὲν
1093 1392 1306 1460 φυλακῇ
1343 1391 1478 1460 μόνῃ
1513 1390 1791 1442 ταλαιπω-

214 1488 342 1553 ρίαν
367 1485 460 1535 καὶ
496 1485 660 1552 μέχρι
694 1486 1035 1552 τετραετίας.

289 1576 449 1628 Οὕτω
479 1578 573 1626 καὶ
600 1579 627 1627 6
654 1577 753 1643 τῆς
795 1578 853 1628 ὲν
892 1577 1137 1645 Ἀγκύρα
1168 1576 1209 1628 δ’
1251 1577 1359 1627 τῶν
1401 1575 1659 1626 τοιούτων
1699 1593 1795 1626 κα-

211 1670 505 1732 Θαπτεται,
532 1670 669 1738 πρὸς
698 1669 753 1722 δὲ
781 1672 876 1721 καὶ
914 1672 941 1721 ὁ
970 1676 1034 1722 ε”
1060 1670 1199 1738 πλὴν
1230 1670 1356 1732 τεὺς
1383 1668 1607 1739 μεταιτὺ
1636 1670 1795 1719 θῦσαι

211 1766 277 1814 ὲν
311 1763 503 1831 ἐσθῆτι
522 1764 926 1828 δειπνήσαντας
948 1762 1281 1832 φαιδροτέρα
1310 1763 1513 1831 μᾶλλον
1536 1762 1796 1828 ἐπιπλήτ-

213 1872 302 1907 τει
352 1856 384 1922 ῆ
416 1859 543 1916 τοὺς
570 1858 629 1907 ἐν
655 1855 732 1925 τῷ
760 1856 964 1925 δείπνῳ
1005 1856 1444 1926 δεδακρυμένους
1491 1857 1585 1908 καὶ
1616 1856 1795 1906 πενθι-

218 1949 317 2000 κδν
352 1948 571 2017 ἕσθημα
609 1951 1053 2021 περικειμένους.

302 2039 368 2091 ’0
418 2042 461 2092 δ’
492 2036 558 2093 αὖ
592 2043 642 2111 η’
670 2042 877 2110 ταύτης
906 2044 1033 2105 τοὺς
1082 2044 1166 2105 δὶς
1213 2042 1307 2097 καὶ
1359 2042 1480 2112 τρὶς
1528 2040 1798 2098 θύσαντας

222 2134 373 2201 μετὰ
406 2134 529 2200 βίας
579 2137 658 2196 είς
690 2134 922 2203 ἕϐδομον
950 2134 1069 2198 ἔτος
1094 2137 1192 2205 τῆς
1220 2134 1509 2195 κοινωνίας
1541 2133 1798 2201 ἑξοστρα-

223 2224 393 2288 κίζει.

309 2313 371 2367 Ὀ
395 2315 449 2366 δὲ
483 2314 703 2383 Νύσσης
739 2317 914 2385 μέγας
946 2318 1245 2386 Γρηγὸριος
1290 2315 1351 2366 ιν
1400 2312 1481 2382 τῷ
1508 2317 1554 2363 α’
1589 2310 1797 2371 κανόνι,

225 2408 291 2462 οι
325 2408 581 2476 βασάνοις
617 2407 879 2478 χαλεπαῖς
904 2407 1266 2469 αἰκισθέντες,
1300 2406 1457 2474 φησι.
1485 2403 1579 2455 καὶ
1603 2402 1802 2453 θύσαν-

223 2516 342 2561 τες,
375 2502 433 2551 ὲν
472 2500 622 2570 ρητῴ
652 2500 832 2570 χρόνῳ
862 2501 1001 2553 ἐτῶν
1032 2500 1188 2552 ὲννέα
1225 2499 1662 2567 ὲπετιμήθησαν.

308 2680 373 2733 '0
412 2681 468 2732 δὲ
493 2678 537 2743 ζ’
578 2682 678 2748 τῆς
702 2683 760 2733 ὲν
795 2679 1041 2748 Ἀγκύρῃ
1083 2680 1209 2741 τοὺς
1264 2679 1323 2729 ὲν
1368 2676 1626 2745 είδωλείῳ
1658 2678 1801 2728 ἐθνι-

228 2774 350 2832 ubi;
386 2771 858 2830 συνεστιαθέντας,
894 2770 943 2821 εί
978 2770 1073 2820 καὶ
1100 2769 1206 2821 ἴδια
1246 2765 1513 2837 βρώματα
1546 2768 1807 2833 ἐπικομι-

228 2865 453 2930 ζόμενοι.
496 2861 833 2931 βεὸρὼκασι,
868 2863 1021 2931 παρὰ
1052 2862 1107 2913 δέ
1150 2877 1214 2927 γε
1246 2861 1309 2911 τὸ
1353 2860 1504 2924 δόξαι
1534 2862 1647 2919 τοῖς
1682 2859 1809 2911 ἀπί-

230 2969 383 3014 στοις
446 2954 857 3021 συνεορτάζειν,
923 2954 1062 3021 μετά
1111 2952 1319 3006 διετίαν
1374 2953 1455 3016 είς
1519 2950 1809 3004 κοινωνίαν

232 3045 448 3096 κελεύει
476 3045 752 3112 δέχεσθαι.
790 3046 976 3106 Ὅθεν,
1017 3047 1147 3113 φασί
1181 3062 1346 3106 τινες,
1384 3044 1477 3096 καὶ
1523 3045 1650 3106 τοὺς
1678 3042 1809 3111 πρέο

1197 361 1608 422 SYNTAGMA
1656 360 2277 429 ALPHABETICUM.
2318 390 2371 400 ’-
2408 366 2473 426 Α.

3318 369 3454 434 1026

2232 475 2303 528 De
2331 476 2481 529 (uicis
2518 479 2607 547 qui
2637 478 2791 546 ﬁdem
2820 482 3108 549 negarunt.

1962 565 2153 617 Lairos
2182 566 2273 633 qui
2308 576 2452 620 metu
2489 570 2604 620 solo
2632 569 2908 637 Stlpplit'ii,
2942 571 3020 621 vel
3053 571 3456 637 publicationis,

1888 658 1971 705 vel
2008 658 2204 721 t'XSllil,
2242 658 2503 724 impietati
2552 672 2858 723 cesserunt,
2897 678 2946 713 vt
3005 676 3126 730 syn.
3163 662 3459 732 Ancyrante

1889 763 2061 800 reunion
2128 750 2180 802 in
2254 754 2578 805 sexennium
2650 768 2678 803 a
2740 766 3020 806 sacrorum
3076 753 3457 821 mysteriorum

1891 853 1971 907 pe-
1990 839 2241 907 reptiune
2273 850 2436 893 arcet.

1965 932 2107 983 Idem
2160 933 2351 984 statuit
2387 935 2578 987 tertius
2625 949 2796 987 canon
2835 934 3006 987 sancti
3043 932 3183 985 Petri
3231 933 3463 985 Alexan-

1890 1022 2031 1074 drini
2068 1024 2339 1093 martyris.

1966 1114 2179 1167 Primus
2245 1124 2426 1168 autem
2491 1116 2736 1182 ejusdem
2793 1131 2968 1168 canon
3025 1129 3122 1167 eos
3192 1114 3280 1181 qui
3340 1122 3463 1179 post

1895 1217 2290 1261 tormentorum
2323 1208 2769 1275 gravissimorum
2833 1207 3242 1275 perpessionem
3293 1206 3460 1256 Slt‘t't-

1892 1299 2148 1363 ﬁcarunt,
2187 1301 2251 1352 ad
2288 1310 2393 1354 tres
2419 1315 2591 1354 annos
2628 1300 2968 1369 pwnitentia:
2995 1299 3351 1351 condemnat.

1966 1389 2015 1459 5
2052 1390 2334 1445 Serundus
2366 1406 2494 1445 vero
2544 1407 2636 1446 eos
2676 1392 2767 1461 qui
2830 1392 2881 1444 in
2942 1404 3161 1443 carcere
3206 1389 3468 1443 duntaxat

1894 1484 2077 1539 alnicti
2107 1484 2505 1547 sacriﬁcarunt,
2537 1500 2708 1553 usque
2738 1485 2805 1538 ad
2840 1494 3094 1553 quatuor.

1966 1575 2162 1645 Utique
2188 1586 2243 1629 et
2263 1585 2492 1645 quartus
2520 1577 2853 1645 quintusque
2919 1593 3038 1647 syn.
3062 1579 3260 1646 Ancyr.
3293 1592 3471 1630 canun

1896 1670 2114 1724 eosdem
2157 1670 2320 1723 simili
2349 1686 2521 1738 paena:
2549 1672 2789 1739 subjicit.
2826 1671 2931 1724 Eos
2960 1682 3140 1725 autem
3176 1672 3269 1740 qui
3318 1681 3469 1739 post-

1898 1776 2061 1829 quam
2096 1761 2545 1823 sacriﬁcaverint,
2585 1762 2639 1815 in
2670 1772 2816 1816 veste
2852 1762 3240 1830 sumptuosiuri
3289 1764 3471 1830 pransi

1900 1862 2047 1913 sunt,
2074 1854 2243 1923 magis
2268 1855 2425 1921 punit
2456 1869 2617 1922 quam
2649 1870 2742 1907 eos
2794 1855 2886 1922 qui
2927 1855 3069 1907 inter
3095 1856 3475 1923 prandendum

1901 1949 2165 2012 lacrymas
2197 1945 2449 2007 fundunt,
2486 1959 2537 1999 et
2571 1946 2781 2016 lugubri
2823 1956 2973 2000 veste
3008 1948 3331 2001 induuntur.

1970 2035 2142 2089 Porro
2170 2051 2264 2090 rm
2292 2038 2539 2104 ejusdem
2566 2054 2686 2107 syu.
2710 2054 2883 2092 canon
2909 2053 3005 2091 eos
3052 2038 3141 2105 qui
3176 2038 3258 2091 bis
3283 2039 3363 2091 vel
3394 2047 3476 2091 ter

1902 2145 1999 2198 per
2030 2130 2136 2182 vim
2164 2129 2563 2193 sacriﬁcarunt,
2604 2145 2776 2197 usque
2814 2130 2881 2183 ad
2928 2129 3223 2199 septimum
3269 2144 3472 2181 annum

1903 2223 2289 2277 communione
2321 2223 2616 2276 interdicit.

1974 2317 2196 2384 Magnus
2225 2323 2405 2367 autem
2452 2314 2744 2381 Gregorius
2778 2313 3050 2384 Nysseuus
3087 2314 3142 2366 in
3177 2315 3354 2383 primo
3382 2328 3478 2366 ca-

1906 2420 2069 2466 none.
2105 2404 2207 2470 Qui
2249 2405 2525 2473 gravilvus,
2586 2404 2782 2473 inquit,
2840 2405 3127 2458 tormentis
3176 2406 3478 2458 excruciati

1907 2498 2304 2559 sacriﬁcarunt,
2340 2499 2642 2565 prasstituto
2677 2509 2921 2566 tempore
2953 2513 3147 2551 novem
3204 2513 3476 2550 annorum

1908 2590 2080 2659 puniti
2123 2600 2274 2643 sunt.

1982 2682 2259 2749 Septimus
2292 2697 2421 2736 vero
2442 2684 2739 2768 Ancyran
2785 2697 2961 2734 canon
3002 2696 3096 2734 eos
3134 2680 3222 2749 qui
3266 2681 3316 2732 in
3353 2680 3480 2733 idoli

1913 2777 2115 2843 templo
2146 2790 2267 2828 cum
2298 2775 2519 2843 paganis
2544 2774 2815 2829 convivali
2869 2784 3026 2837 sunt,
3064 2773 3187 2825 licet
3236 2773 3485 2840 proprius

1910 2868 2062 2927 cibos
2113 2866 2347 2920 aﬂ‘erant
2401 2868 2818 2935 comedanlquc.
2868 2881 2932 2918 ex
2979 2881 3045 2917 co
3109 2874 3287 2916 tamen
3337 2863 3483 2930 quod

1911 2975 2034 3011 cum
2066 2959 2377 3012 infidelibus
2419 2958 2613 3011 festum
2649 2957 2925 3011 celebrare
2985 2956 3081 3009 visi
3143 2965 3316 3017 sunt,
3372 2970 3483 3006 non

1911 3050 2015 3104 nisi
2047 3062 2170 3119 post
2197 3051 2475 3104 biennium
2506 3052 2573 3104 ad
2605 3052 3046 3103 connuunionetn
3078 3048 3365 3101 admittere
3392 3047 3484 3113 ju-

234 3139 390 3196 σὸεις
420 3137 451 3204 ἢ
478 3136 885 3203 αἰχμαλώτους,
929 3136 1164 3197 ὲθνικοίς
1189 3134 1666 3197 συνεστιαθέντας,
1702 3136 1807 3205 χρὴ

1915 3145 2023 3197 bet.
2048 3144 2203 3197 Unde
2244 3144 2435 3197 dicunt
2468 3144 2738 3205 nonnulli,
2772 3142 2918 3210 quod
2952 3140 3106 3209 legati
3171 3139 3254 3192 vel
3284 3138 3483 3206 captivi

234 3230 479 3299 μετρίως
510 3230 774 3297 ἐπιτιμᾷν
795 3244 806 3255 ·
840 3230 965 3289 τοὺς
994 3228 1048 3278 δὲ
1083 3228 1489 3297 καταφρονήσει
1522 3228 1616 3280 καὶ
1653 3228 1799 3279 ἀδια-

233 3321 406 3387 φορία
437 3318 596 3369 τοῦτο
624 3317 914 3377 ποιοῦντας
948 3317 1327 3385 σφοδρότερον.

316 3500 380 3543 ’ἢ
410 3499 466 3550 δὲ
500 3499 673 3565 μέγας
715 3497 993 3559 Βασίλειος
1027 3498 1084 3547 ἐν
1130 3501 1219 3549 πα¹
1246 3499 1371 3557 τοὺς
1412 3498 1550 3563 μετὰ
1617 3502 1812 3565 πεῖραν

237 3592 497 3659 βασάνων
550 3590 940 3657 περιγενέσθαι
972 3589 1082 3640 τῶν
1132 3592 1312 3640 πόνων
1365 3590 1439 3658 μὴ
1476 3588 1810 3657 ὲξαρκέσαν-

235 3703 359 3745 τας,
421 3689 515 3733 καὶ
566 3680 935 3734 εἰδωλοθύτων
990 3681 1404 3749 γευσαμένους,
1461 3682 1556 3734 καὶ
1613 3684 1813 3751 ὅρκους

235 3777 605 3845 ὀμωμοκότας
640 3775 1013 3842 Ἑλληνικοὺς,
1046 3774 1188 3844 μετὰ
1219 3775 1447 3844 χρόνους
1497 3775 1558 3841 ἒξ
1591 3779 1656 3846 τῇ
1689 3778 1815 3848 ίερᾷ

237 3867 528 3935 προσιέναι
584 3866 723 3929 ἀξιοῖ
769 3867 1046 3937 κοινωνίᾳ.
1106 3867 1246 3927 Τοὺς
1289 3867 1390 3936 μέν
1438 3884 1521 3921 τοι
1572 3871 1814 3938 μεγάλης

233 3962 369 4011 ἄνευ
412 3959 661 4028 ἀνάγκης
691 3960 790 4026 τὴν
849 3960 1029 4011 πίστιν
1065 3961 1501 4029 προδεδωκότας,
1536 3963 1630 4013 καὶ
1677 3979 1813 4031 τρα-

236 4051 420 4119 πέζης
458 4051 754 4118 δαιμονίων
785 4053 1089 4122 ἡμμένους,
1132 4056 1210 4116 είς
1255 4054 1373 4115 ἔτος
1426 4054 1613 4116 ὄγδοον
1638 4071 1815 4125 παρα-

233 4144 430 4194 τείνει.

474 4234 612 4297 Περὶ
643 4230 762 4282 τῶν
795 4231 1230 4297 ἀρνησαμένων
1261 4232 1569 4296 ἑκουσίως.

318 4324 388 4374 Ἦ
418 4323 610 4391 πρώτη
652 4339 713 4388 γε
742 4322 849 4390 μὴν
890 4322 998 4373 τῶν
1041 4323 1441 4391 οίκουμενικῶν
1490 4324 1707 4385 σύνοδος
1757 4325 1815 4375 εν

240 4434 295 4469 τε
325 4414 406 4482 τῷ
440 4413 507 4465 ια’
536 4417 627 4465 καὶ
653 4414 705 4481 ιβ
737 4413 921 4494 κανόνι
946 4431 1060 4474 τοις
1091 4417 1261 4483 χωρὶς
1314 4415 1533 4467 οίασοῦν
1565 4418 1816 4481 ἀνάγκης

1914 3236 2006 3304 qui
2046 3252 2167 3289 cum
2217 3235 2440 3303 paganis
2487 3235 2851 3287 convivantur
2881 3273 2895 3291 .
2955 3232 3335 3293 mediocriter;
3392 3232 3485 3300 qui

1914 3344 2045 3382 vero
2097 3343 2195 3397 per
2248 3337 2623 3395 contemptum
2659 3337 2713 3380 et
2776 3325 3254 3380 indiscriminatim
3301 3324 3371 3377 ita
3404 3322 3487 3375 fa-

1915 3422 2084 3483 ciunt,
2118 3419 2337 3490 gravius
2378 3419 2635 3487 puniendi
2671 3426 2819 3471 sunt.

1987 3512 2157 3566 Porro
2212 3527 2440 3581 magnus
2499 3511 2751 3571 Basilius,
2805 3511 2858 3563 in
2890 3524 3100 3564 canone
3156 3524 3336 3572 um,
3392 3523 3486 3561 eos

1915 3606 2007 3673 qui
2065 3610 2335 3656 tormenta
2372 3604 2580 3671 experti
2631 3611 2685 3654 et
2746 3601 3025 3653 cruciatus
3078 3615 3189 3653 non
3250 3600 3488 3653 ferentes

1917 3696 2076 3751 idolis
2102 3703 2334 3748 mactata
2366 3701 2739 3761 gustaverunt.
2796 3700 2851 3746 et
2895 3691 3200 3759 iuramenta
3246 3704 3487 3758 paganu-

1916 3804 2035 3842 rum
2056 3790 2325 3856 juraruut,
2361 3794 2481 3853 pust
2510 3801 2602 3838 sex
2633 3799 2805 3837 annos
2841 3784 2907 3836 ad
2956 3791 3201 3836 sanctam
3232 3796 3485 3834 commu-

1915 3874 2137 3927 nionem
2170 3873 2429 3925 accedere
2488 3872 2772 3940 permittit.
2812 3870 3007 3923 Putnas
3062 3881 3243 3923 autem
3293 3884 3485 3921 eorum

1916 3967 2006 4034 qui
2041 3965 2161 4019 sine
2192 3981 2381 4029 magna
2423 3963 2747 4017 necessitate
2790 3962 2949 4015 fidem
3002 3962 3376 4029 prodiderunt,
3432 3970 3489 4013 ct

1919 4072 2120 4111 mensae
2175 4058 2480 4111 daemonum
2536 4055 2945 4119 accubuerunt,
3015 4055 3081 4108 ad
3138 4071 3231 4107 vni
3284 4068 3489 4105 annum

1918 4153 2185 4219 extendit.

2134 4242 2205 4292 De
2235 4243 2296 4293 iis
2335 4243 2424 4308 qui
2470 4240 2767 4294 voluntarie
2800 4240 2954 4307 ﬁdem
2990 4250 3271 4307 negarunt.

1989 4333 2166 4387 Prima
2196 4349 2315 4403 ειη.
2342 4334 2682 4387 mcumeniea
2710 4332 2760 4384 in
2789 4347 2911 4385 can.
2940 4347 2991 4384 ιι
3022 4339 3076 4383 et
3129 4348 3226 4393 xu,
3284 4331 3348 4383 iis
3397 4330 3488 4395 qui

1921 4428 2040 4481 sine
2069 4427 2246 4493 aliqua
2280 4427 2607 4480 necessitate
2634 4424 2737 4478 sub
2770 4424 2921 4492 impii
2974 4422 3167 4475 Licinii
3206 4422 3489 4491 tyrannide

238 4510 305 4559 τὰ
337 4508 450 4557 τῶν
488 4506 831 4573 Χριστιανῶν
866 4506 1293 4573 ὲξομοσαμὲνοις
1342 4508 1438 4558 ἐπὶ
1477 4508 1576 4575 τῆς
1624 4525 1808 4578 τυραν-

1924 4520 2082 4573 (idem
2110 4518 2475 4571 Christianam
2509 4518 2850 4587 abjurarunt,
2883 4524 2937 4568 et
2964 4514 3258 4584 genuinam
3301 4521 3489 4581 postea

239 4600 387 4659 νὶδος
416 4601 512 4648 τοῦ
542 4596 838 4657 δυσσεϐοῦς
870 4598 1132 4657 Λικινίου,
1164 4599 1257 4649 καὶ
1294 4603 1515 4665 γνήσιον
1550 4597 1703 4661 αὖθις
1726 4599 1816 4651 τὸν

243 4690 561 4759 μετάμελον
599 4688 1055 4755 ἐπιδειξαμένοις,
1092 4691 1171 4747 είς
1222 4690 1525 4741 δωδέκατον
1571 4691 1688 4752 ἔτος
1718 4692 1817 4761 τὴν

242 4782 468 4850 μέθεξιν
501 4781 608 4831 τῶν
640 4781 1002 4846 ἁγιασμάτων
1032 4781 1359 4849 ἀπείρηκεν,
1395 4784 1443 4834 εἰ
1475 4782 1567 4834 καὶ
1609 4783 1816 4849 ἀνάξιοι

242 4874 430 4940 πάσης
485 4866 625 4940 ἦσαν
671 4870 1115 4939 φιλανθρωπίας,
1144 4873 1298 4939 φησὶ,
1330 4872 1473 4925 οὕτω
1509 4872 1671 4939 δόξαν
1704 4876 1816 4936 τοῖς

241 4970 423 5036 ἁγίοις
458 4967 704 5035 Πατράσι
759 4965 1127 5033 ψηφίσασθαι.
1172 4964 1266 5017 τοῦ
1318 4967 1513 5032 καιροῦ
1554 4984 1819 5022 καταστο-

242 5061 605 5128 χασαμένοις,
633 5055 814 5125 οἶμαι,
844 5060 937 5108 καὶ
987 5057 1095 5108 τῶν
1126 5058 1469 5126 πραγμάτων
1496 5076 1510 5089 ·
1544 5059 1621 5127 τῷ
1669 5076 1819 5128 τηνι-

241 5150 374 5204 κάδε
430 5151 535 5218 γὰρ
593 5147 824 5216 σφοδρὸν
881 5148 1023 5199 κατὰ
1089 5148 1433 5216 Χριστιανῶν
1496 5151 1524 5199 ὁ
1579 5150 1819 5218 διωγμὸς

241 5249 423 5297 ἔπνει.

323 5337 492 5388 Ἀλλά
520 5338 629 5404 γὰρ
658 5337 757 5406 οὐχ
785 5334 929 5388 οὕτω
973 5337 1211 5405 κρίσεως
1242 5339 1269 5389 6
1307 5339 1478 5404 μέγας
1515 5338 1817 5400 Βασίλειος,

240 5431 366 5482 οὐδὲ
419 5433 446 5480 ὁ
479 5429 688 5498 ἀδελφά
743 5431 918 5501 τούτῳ
964 5430 1177 5499 φρονῶν
1236 5429 1464 5496 ἁδελφὸς
1517 5430 1818 5499 Γρηγόριος

239 5524 492 5590 Νύσστις.
534 5523 593 5575 Ὀ
639 5525 737 5591 μὲν
768 5527 879 5590 γὰρ
928 5525 988 5575 ἐν
1016 5527 1093 5589 ογ¹
1126 5520 1310 5574 κανόνι
1369 5520 1497 5581 τοὺς
1543 5519 1635 5574 τδν
1680 5522 1815 5591 Χρι-

240 5616 369 5667 στὸν
400 5615 747 5683 ὴρνημένους
776 5614 866 5667 διὰ
894 5613 1012 5684 βίου
1046 5612 1146 5682 τῆς
1207 5613 1358 5681 ἱερᾶς
1404 5613 1693 5674 κοινωνίας
1725 5615 1818 5665 ἑκ-

241 5706 455 5763 6ἀιλλει,
482 5706 916 5772 προσκλαίοντας
941 5707 1096 5757 ἐσαεὶ
1123 5705 1218 5755 καὶ
1242 5703 1773 5773 ἐξομολογουμένους
1800 5719 1814 5733 ο

238 5800 584 5867 ἀπαίροντας
619 5799 674 5850 δὲ
707 5798 799 5851 τοῦ
840 5799 955 5866 βίου
1004 5795 1114 5849 τῶν
1151 5795 1507 5865 ἁγιασμάτων
1532 5794 1813 5859 ἀξιοῦσθαι

1922 4611 2297 4680 ρωηίῑεηιίειιη
2329 4610 2711 4667 ostenderunt.
2767 4607 3054 4661 duodecim
3095 4605 3254 4658 annis
3307 4618 3492 4657 sacra-

1923 4711 2234 4754 mentorum
2263 4692 2682 4768 participatione
2716 4697 3017 4750 interdicit.
3062 4695 3173 4748 Etsi
3203 4694 3371 4753 enim,
3406 4695 3490 4745 itt-

1920 4790 2059 4858 quit,
2089 4804 2279 4841 omnes
2307 4788 2647 4841 humanitate
2680 4787 2890 4855 indigni
2915 4786 3150 4847 fuerant,
3182 4786 3254 4836 ita
3286 4787 3491 4836 sam-tis

1923 4881 2178 4934 Patribus
2210 4881 2510 4934 decernere
2538 4879 2712 4932 visum
2737 4887 2820 4932 est
2842 4920 2857 4943 ,
2892 4879 2957 4932 ad
2985 4878 3035 4929 id
3071 4877 3324 4930 nimirum
3360 4886 3491 4927 tem-

1923 4989 2025 5042 pus
2078 4987 2366 5040 rcrumque
2418 4979 2621 5024 statum
2667 4970 3072 5024 collimautibus
3109 4986 3122 5021 :
3165 4979 3294 5021 tunc
3346 4968 3490 5020 enim

1924 5068 2225 5133 persecutio
2254 5064 2394 5116 inter
2421 5060 2762 5115 Christianos
2801 5061 2952 5115 valde
2984 5062 3244 5115 fervebat.

2000 5338 2193 5393 Verum
2223 5354 2402 5407 neque
2454 5354 2682 5409 magnus
2722 5337 2977 5401 Basilius,
3026 5352 3127 5390 nec
3175 5337 3344 5390 frater
3370 5337 3488 5405 ejus

1920 5428 2212 5500 Gregorius
2238 5429 2535 5498 Nyssenus,
2566 5428 3070 5497 sententiisiisdem
3104 5427 3399 5497 conjuncti,
3434 5426 3488 5479 in

1920 5524 2111 5577 eadem
2142 5522 2399 5590 opinione
2425 5530 2729 5576 versantur.
2760 5520 2853 5573 llle
2878 5522 3023 5574 enim
3050 5520 3103 5572 in
3140 5534 3263 5573 ean.
3294 5533 3484 5581 Limn,

1920 5629 2014 5668 eos
2045 5612 2135 5682 qui
2166 5612 2445 5667 Christum
2489 5623 2777 5684 negarunt,
2836 5621 2949 5667 toto
3000 5612 3120 5665 vita:
3169 5621 3412 5680 tempore
3457 5625 3488 5663 a

1921 5716 2109 5762 sancta
2131 5706 2514 5760 communione
2544 5707 2712 5776 ejicit,
2752 5714 2811 5759 ut
2847 5706 3070 5774 lugeant
3101 5716 3157 5758 et
3186 5705 3488 5758 confitean-

1923 5808 2032 5864 tur,
2074 5798 2126 5849 in
2154 5813 2252 5854 suo
2275 5807 2455 5853 autem
2484 5813 2514 5853 e
2545 5799 2649 5852 vita
2686 5798 2857 5860 exitu,
2893 5796 3251 5851 sacramentis
3295 5796 3488 5863 dignos
