4198 6448
220 384 361 447 1033

1168 376 1583 444 SYNTAGMA
1615 376 2239 439 ALPHABETICUNI.
2280 400 2338 409 ’-
2393 376 2436 432 Λ

3325 374 3346 435 l
3359 374 3461 438 073.4

295 495 459 548 Ἀλλὰ
504 496 613 563 γὰρ
653 494 746 547 καὶ
775 494 803 547 ὁ
856 493 901 556 ζ’
930 491 1111 546 κανὼν
1160 492 1261 561 τῆς
1314 491 1698 560 οἱκουμενικῆς
1741 487 1778 556 β¹

1968 484 2135 539 Porro
2196 498 2395 540 canon.
2424 482 2454 534 7
2498 497 2618 553 syn.
2661 498 2697 536 ιι
2730 497 3005 538 cacumen.
3042 483 3188 539 clare
3217 484 3465 540 decernit

210 586 458 649 συνόδου,
487 586 636 648 ὅπως
666 586 773 655 χρὴ
800 585 1052 655 δέχεσθαι
1102 585 1226 645 τοὺς
1256 583 1317 649 εξ
1350 583 1618 653 αἱρέσεως
1657 584 1782 635 ἐπι·

209 678 551 747 στρέφοντας
579 675 851 746 ἀριδήλως
873 673 1174 741 νομοθετεῖ.
1205 674 1296 737 El;
1322 672 1414 725 δύο
1448 672 1559 743 γὰρ
1586 671 1784 741 μοίρας

206 768 456 823 ἅπαντας
484 766 692 825 διελὼν.
724 767 851 822 τοὺς
913 764 1010 832 μὲν
1043 763 1201 834 μύρῳ
1234 762 1508 833 χρίεσθαι,
1546 764 1670 825 τοὺς
1725 761 1782 815 δὲ

204 854 678 918 ἁναῦαπτίζεσθαι
725 854 1038 924 διωρίσατο.
1073 854 1385 921 Ἀρειανοὺς
1419 854 1514 919 μὲν
1550 853 1665 915 οὖν,
1690 853 1783 908 καὶ

204 947 667 1008 Μακεδονιανοὺς,
688 944 784 998 καὶ
806 945 1234 1007 Σαϐϐατιανοὺς,
1264 946 1359 997 καὶ
1381 944 1779 1009 Ναυατιανοὺς,

204 1038 336 1100 τοὺς
370 1037 629 1103 λέγοντας
666 1037 895 1099 ἑαυτοὺς
927 1036 1241 1103 Καθαροὺς,
1274 1035 1366 1086 καὶ
1404 1035 1779 1103 Ἀριστεροῦς,

206 1130 307 1179 καὶ
366 1128 1041 1195 Τεσσαρασκαιδεκατίτας
1091 1127 1210 1198 ἦτοι
1267 1125 1640 1197 Τετραδίτας,
1690 1128 1783 1180 καὶ

219 1220 275 1272 Ἀ
287 1220 729 1287 πολλιναριστὰς.
755 1219 986 1289 ἐπείπερ
1007 1216 1187 1288 ὲξίσης
1213 1217 1345 1288 ἡμῖν
1365 1217 1443 1286 τῷ
1464 1216 1592 1285 Θείῳ
1619 1215 1786 1268 τελει-

202 1312 396 1364 οῦνται
421 1311 780 1380 βαπτίσματι,
800 1310 901 1362 οὐκ
923 1310 1095 1362 οἴεται
1111 1308 1222 1362 δεῖν
1244 1308 1466 1369 τούτους
1485 1308 1787 1361 ἀναῦαπτί-

203 1404 348 1465 ζειν,
377 1403 534 1463 ἀλλὰ,
573 1404 711 1469 μετὰ
743 1403 830 1453 τὴν
866 1402 959 1466 τῆς
992 1402 1259 1469 σφετέρας
1290 1400 1554 1468 αἱρέσεως
1586 1397 1785 1465 ἔγγρα-

202 1514 305 1562 φον
346 1494 812 1563 ἀναθεματισμδν,
863 1492 938 1558 τῷ
970 1494 1110 1560 ἁγίῳ
1145 1492 1321 1559 χρίειν
1366 1491 1521 1560 μύρῳ
1566 1488 1783 1543 κελεύει

197 1588 266 1640 τό
293 1604 351 1638 τε
387 1588 639 1654 μέτωπον
687 1584 889 1645 αὐτῶν,
924 1584 1020 1638 καί
1046 1585 1169 1647 τοὺς
1189 1581 1525 1652 ὀφθαλμοὺς,
1553 1584 1651 1634 καὶ
1684 1581 1785 1643 τὰς

203 1682 387 1749 ῥῖνας,
419 1680 481 1730 τὸ
506 1677 682 1743 στόμα
726 1692 810 1738 τε,
840 1677 933 1728 καὶ
970 1674 1039 1727 τὰ
1076 1670 1211 1737 ὦτα,
1251 1678 1343 1726 καὶ
1376 1672 1782 1745 σφραγίζοντας

197 1770 389 1839 λέγειν
408 1785 423 1801 ο
457 1769 706 1839 Σφραγὶς
737 1768 945 1835 δωρεᾶς
971 1766 1289 1837 Πνεύματος
1310 1765 1493 1834 ἁγίου.

704 1880 838 1946 Περὶ
865 1878 1277 1945 Εὐνομιανῶν.

280 1972 649 2043 Εὖνομιανούς
682 1990 743 2039 γε
794 1972 922 2040 μὴν,
955 1973 1080 2033 τοὺς
1122 1971 1202 2035 είς
1252 1970 1548 2024 κατάδυσιν
1579 1970 1781 2037 βαπτι-

199 2068 473 2134 ζομένους
513 2067 662 2133 μίαν,
696 2066 790 2117 καὶ
824 2063 1225 2126 Μοντανιστὰς,
1251 2067 1377 2125 τοὺς
1408 2064 1810 2132 καλουμένους.

196 2161 449 2228 Φρύγας,
502 2161 597 2212 καὶ
648 2159 1063 2222 Σαϐελλιανοὺς,
1117 2158 1245 2220 τοὺς
1280 2156 1633 2221 διδάσκοντας
1684 2156 1783 2227 τὴν

198 2254 555 2323 υἱοπατρίαν,
606 2257 701 2306 καὶ
756 2255 885 2315 τοὺς
944 2250 1371 2321 παραπλησίους
1422 2250 1657 2321 τοᾲτοις,
1708 2253 1785 2312 ὡς

194 2348 358 2399 οὐδὲν
388 2347 615 2414 ἄμεινον
657 2345 766 2397 τῶν
808 2344 1162 2398 ἁϐαπτίστων
1212 2344 1478 2414 Ἐλλήνων
1524 2343 1783 2415 ἀληθείας

196 2440 536 2505 δικαζούσης
586 2438 992 2507 διακειμένους,
1029 2438 1094 2505 τῇ
1142 2434 1403 2505 καθολικῇ
1455 2436 1783 2505 προσιόντας

208 2530 539 2599 Ἐκκλησία,
572 2529 731 2590 εὐθὺς
764 2529 977 2580 κελεύει
1007 2526 1370 2596 βαπτίζεσθαι
1396 2541 1410 2555 ⁶
1445 2526 1477 2596 ἦ
1508 2529 1616 2594 γὰρ
1645 2528 1782 2589 ὅλως

197 2623 304 2674 οὐκ
340 2621 729 2682 ἐϐαπτίσαντο,
763 2622 794 2688 ἢ
831 2622 924 2671 καὶ
961 2619 1361 2688 βαπτισάμενοι
1388 2618 1448 2668 οὐ
1481 2618 1626 2670 κατὰ
1654 2619 1780 2678 τοὺς

198 2714 448 2783 θεσμοὺς
482 2714 580 2783 τῆς
628 2714 738 2767 τῶν
767 2712 1062 2782 ὀρδοδόξων
1108 2710 1441 2777 Ἐκκλησίας
1478 2710 1783 2778 ὲνεσημάν-

198 2804 384 2874 θησαν
402 2823 416 2837 ·
438 2806 613 2875 ταύτῃ
635 2823 719 2858 τοι
750 2807 844 2857 καὶ
868 2803 1169 2872 ἀφώτιστοι
1198 2804 1310 2865 τοῖς
1335 2801 1505 2864 θείοις
1534 2802 1782 2871 Πατράσι

196 2895 536 2964 λογίζονται.

722 3009 862 3077 Περὶ
911 3008 1252 3077 Ἀρειανῶν.

283 3102 557 3172 ’Ᾱρειανοὶ
593 3101 692 3169 μὲν
718 3098 808 3153 οὖν
841 3104 978 3153 εἰσιν
1011 3102 1059 3153 oi
1086 3101 1153 3152 τὰ
1180 3100 1396 3169 Ἀρείου
1429 3101 1776 3172 φρονοῦντες,

1887 576 2161 643 quomodo
2216 590 2312 629 eos
2360 574 2454 643 qui
2501 590 2567 628 ex
2624 575 2817 630 haeresi
2872 578 3466 639 rerertuntur,admit~

1888 676 2005 721 tere
2063 677 2333 736 eporteat.
2366 667 2582 722 Etenim
2642 667 2927 723 heereticos
2982 684 3175 722 omnes
3232 668 3290 723 in
3349 671 3461 724 duo

1887 772 2085 827 genera
2158 759 2524 828 distinguens.
2580 758 2717 812 alios
2758 760 2882 813 oleo
2943 760 3152 831 inungi,
3179 763 3313 815 alios
3368 778 3465 816 auo

1888 857 1997 904 tem
2095 850 2417 920 rebaptizari
2508 852 2771 905 deﬁnivit.
2838 851 3071 905 Arianos
3151 856 3333 924 itaque
3406 869 3466 911 et

1886 939 2323 1002 Macedonianos,
2358 949 2413 993 et
2456 938 2839 1005 Sabbatianos,
2896 954 2950 996 et
2984 941 3313 998 Novatianos
3366 947 3461 1015 qui

1886 1046 2026 1096 sese,
2055 1030 2105 1083 hi
2134 1032 2421 1094 Catharos,
2461 1031 2531 1084 illi
2565 1032 2830 1087 Sinistros
2875 1035 3183 1097 nominant,
3215 1044 3270 1088 et
3295 1036 3463 1101 Quar-

1889 1126 2277 1178 tadecumanos
2342 1124 2457 1178 sive
2496 1125 2845 1189 Quartanos,
2914 1135 2969 1179 et
3024 1127 3460 1197 Apollinaristas,

1887 1215 2146 1285 quoniam
2216 1230 2284 1269 ex
2346 1232 2505 1284 aequo
2569 1217 2856 1271 nobiscum
2924 1232 3081 1270 sarro
3133 1219 3463 1287 baptismate

1888 1308 2268 1377 perﬁciuntur,
2303 1308 2483 1363 denuo
2530 1310 2812 1378 baptizare
2865 1312 3185 1377 neutiquam
3240 1328 3461 1366 necesse

1887 1400 2184 1464 existimat,
2238 1415 2430 1454 verum
2476 1414 2593 1461 eos,
2656 1412 2939 1469 postquam
2988 1402 3193 1470 scripto
3242 1419 3461 1457 omnem

1888 1506 2041 1544 suam
2111 1490 2362 1546 haeresim
2440 1494 3046 1559 anathematizaverint,
3115 1511 3273 1549 sacro
3342 1494 3464 1550 oleo

1887 1581 2152 1651 inungere
2195 1582 2371 1648 jubet.
2400 1580 2633 1636 {mntem
2671 1592 2725 1636 et
2768 1585 2957 1638 oculos
3014 1594 3069 1638 et
3100 1601 3261 1639 nares
3317 1596 3374 1638 et
3403 1602 3461 1640 os

1886 1683 1942 1725 et
1992 1687 2173 1737 aures,
2230 1682 2286 1726 et
2321 1671 2599 1739 signantes
2651 1674 2881 1730 dicere:
2930 1676 3282 1747 Signaculum
3334 1678 3461 1732 doni

1889 1762 2123 1834 Spiritus
2192 1765 2389 1820 sancti.

2413 1877 2488 1931 De
2551 1878 2921 1937 Eunomianis.

1956 1968 2327 2023 Eunomianos
2378 1986 2527 2037 vero,
2589 1973 2681 2043 qui
2748 1990 2853 2028 una
2885 1977 3230 2033 demersione
3285 1980 3465 2048 baptio

1886 2072 2099 2125 zantur,
2145 2071 2200 2115 et
2243 2061 2622 2128 Montanistas,
2681 2066 2775 2135 qui
2815 2074 2870 2120 et
2902 2068 3140 2139 Phryges
3180 2071 3459 2130 dicuntur.

1883 2166 1939 2209 et
1990 2155 2326 2213 S'ibcllianos
2380 2160 2471 2227 qni
2520 2160 2736 2215 Patrem
2784 2161 2927 2217 idem
2969 2179 3089 2218 esse
3147 2181 3271 2221 eum
3327 2167 3460 2222 Filio

1885 2248 2104 2313 docent,
2168 2249 2341 2319 iisque
2397 2252 2730 2316 consimiles,
2778 2263 2834 2307 ut
2886 2255 2974 2323 qui
3044 2256 3215 2312 nihilo
3272 2262 3450 2313 melin-

1883 2355 2044 2408 quam
2144 2344 2339 2411 pagani
2410 2360 2519 2397 non
2615 2346 2893 2414 baptizali,
2958 2351 3183 2404 vmilate
3254 2353 3452 2421 jlllliCt‘.

1883 2429 2064 2482 allecti
2133 2432 2263 2493 sint,
2326 2433 2391 2485 ad
2457 2432 2751 2487 Ecclesiam
2789 2438 3110 2492 catholicam
3142 2442 3459 2497 accedentes

1883 2518 2069 2570 statim
2145 2518 2404 2586 baptizari
2474 2522 2646 2588 jubet.
2704 2522 2797 2580 Vel
2856 2528 2999 2581 enim
3059 2545 3165 2584 non
3240 2535 3464 2588 omnino

1884 2608 2142 2678 baptizati
2193 2624 2370 2678 erant;
2409 2615 2490 2668 vel
2551 2616 2592 2669 si
2654 2617 2915 2686 baptizati
2978 2619 3211 2686 fuerant,
3263 2639 3463 2680 secun.

1884 2702 2011 2754 dum
2072 2703 2331 2759 Ecclesia:
2402 2709 2721 2763 orthodoxa:
2783 2714 3206 2771 constitutiones
3248 2734 3354 2772 non
3389 2720 3462 2773 si-

1882 2794 2209 2861 gnabantur;
2261 2806 2315 2849 et
2392 2802 2461 2851 ob
2500 2816 2617 2853 eam
2685 2803 2949 2857 rationem
3017 2823 3045 2860 a
3106 2810 3311 2865 sanctis
3361 2810 3463 2866 Ρι-

1887 2887 2056 2941 tribns
2109 2904 2203 2957 pro
2268 2904 2375 2943 non
2442 2892 2761 2947 illuminatis
2823 2896 2995 2952 habiti
3053 2908 3202 2953 sunt.

2492 3005 2565 3059 De
2616 3007 2853 3064 Ariauis.

1954 3092 2091 3147 Sunt
2172 3105 2352 3149 autem
2420 3097 2604 3152 Ariani
2661 3101 2751 3169 qui
2819 3117 2942 3157 cum
3017 3105 3148 3159 Ario
3191 3108 3455 3164 sentiunt.

192 3196 257 3259 ὃς
286 3194 665 3263 πρεσὸύτερος
691 3191 766 3244 ὢν
794 3193 894 3258 τῆς
941 3192 1059 3246 κατ’
1096 3190 1509 3262 ’Δλεξάνδρειαν
1538 3193 1774 3263 Ἐκκλη-

1882 3183 2130 3239 Ecclesia:
2192 3186 2573 3245 Alexandrinae
2640 3193 2975 3263 presbytero,
3024 3197 3119 3266 qui
3199 3198 3294 3253 Dt-i
3370 3199 3461 3255 Fio

194 3289 342 3350 σίας,
396 3286 488 3338 τὸν
520 3283 642 3337 Υίόν
672 3287 768 3338 τοῦ
803 3283 940 3335 Θεοῦ
971 3284 1065 3335 καὶ
1112 3283 1172 3335 τὸ
1213 3283 1369 3342 ἅγιον
1401 3284 1630 3351 Πνεῦμα
1662 3286 1774 3336 ἑτε-

194 3377 397 3444 ροὺσια
423 3374 501 3446 τῷ
547 3375 724 3446 Πατρὶ
754 3376 849 3427 καὶ
900 3374 1178 3442 κτίσματα
1209 3376 1236 3427 ὁ
1265 3374 1494 3444 βέὁηλος
1534 3376 1773 3444 ἐδογμάο

190 3466 333 3531 τιζε.

396 3579 533 3647 Περὶ
568 3578 1036 3633 Μακεδονιανῶν
1062 3580 1163 3633 καί
1205 3578 1572 3647 Ἦμιαρείων.

264 3672 672 3727 Μακεδονιανοὶ
704 3672 762 3725 δι
787 3672 836 3724 οἱ
870 3670 1001 3737 περὶ
1030 3670 1130 3739 μὶν
1153 3671 1247 3723 τοῦ
1276 3669 1407 3724 Υἱοῦ
1433 3672 1601 3739 ὑγιῶς
1633 3684 1771 3742 φρο-

191 3763 436 3829 νοῦντες,
465 3764 528 3818 τὸ
546 3763 602 3817 δὲ
629 3763 784 3831 ἆγιον
806 3761 1032 3832 Πνεῦμα
1052 3763 1272 3816 κτιστδν
1294 3763 1766 3833 βλασφημοῦντες,

192 3857 287 3911 καὶ
314 3855 601 3924 ἀλλότριον
629 3855 730 3924 τῆς
771 3854 1048 3923 θεότητος,
1091 3854 1222 3925 παρ’
1254 3854 1283 3907 ὃ
1320 3856 1414 3908 καὶ
1455 3856 1768 3927 Ἠμιάρειοι

192 3948 495 4001 ἐκαλοῦντο
516 3963 532 3977 ο
558 3946 790 4015 ταυτησὶ
832 3945 890 3998 δὲ
919 3945 1020 4013 τῆς
1052 3944 1300 4013 κλήσεως
1326 3945 1422 3999 καὶ
1468 3945 1633 4016 ἑτέρα
1659 3948 1769 3999 τῶν

190 4039 502 4105 ἐξαγίστων
548 4036 812 4105 αἱρέσεων
851 4034 1044 4104 ἔτυχεν
1065 4051 1080 4066 ·
1108 4034 1157 4088 οἶ
1200 4036 1265 4104 δὴ
1294 4036 1386 4088 τὸν
1428 4034 1556 4087 Υίὸν
1585 4035 1679 4089 καὶ
1708 4036 1769 4088 τὸ

196 4130 425 4198 Πνεῦμα
453 4128 517 4181 τὸ
546 4127 722 4195 ἆγιον,
749 4125 873 4181 οὔτε
907 4127 1185 4195 κτίσματα
1206 4127 1281 4190 ὡς
1308 4128 1336 4179 6
1371 4128 1434 4179 ’Δ
1447 4144 1608 4196 ρειος,
1641 4126 1766 4180 οὔτε

193 4222 300 4294 μὴν
324 4220 592 4291 ὀμοούσια
624 4219 702 4291 τῷ
743 4220 914 4289 Πατρὶ
936 4218 1181 4283 δοξάζειν
1223 4216 1521 4287 ἠνείχοντο,
1553 4217 1688 4289 ξένῳ
1708 4219 1766 4273 δέ

187 4334 294 4368 τινι
329 4315 523 4385 τρόπῳ
563 4312 827 4383 ὁμοούσια
868 4311 948 4381 τῷ
978 4310 1184 4380 Πατρί·
1218 4311 1494 4365 ἐδεδίεσαν
1526 4312 1657 4382 γὰρ,
1687 4310 1763 4375 ὡς

188 4407 455 4473 ἔφασκον,
482 4404 556 4474 μὴ
583 4403 756 4467 πάθος
785 4402 919 4471 περὶ
952 4401 1045 4454 τὸν
1071 4401 1294 4472 Πατέρα
1327 4401 1418 4456 διὰ
1444 4400 1542 4473 τῆς
1573 4402 1765 4471 γεννή-

192 4514 330 4558 σεως
353 4494 616 4567 νομισθῇ.

749 4696 888 4765 Περὶ
921 4696 1215 4753 Ναὸἀτου.

259 4785 514 4848 Ναςάτος
541 4785 600 4839 δὲ
650 4786 1021 4858 πρεσϐύτερος
1069 4784 1147 4838 ὣν
1197 4784 1295 4854 τῆς
1350 4785 1593 4851 παλαιᾶς
1631 4787 1769 4841 Ῥὡο

194 4892 321 4948 μης,
355 4878 457 4947 τῆς
503 4876 616 4929 τῶν
660 4876 970 4944 λεγομένων
1005 4875 1279 4944 Καθαρῶν
1312 4876 1580 4945 αἱρέσεως
1607 4872 1763 4948 ἦρξε,

192 4971 552 5043 σχισματιιιὸς
574 4970 650 5024 ὦν
676 4971 903 5041 κυρίως,
930 4971 1029 5041 οὐχ
1057 4970 1334 5040 αἱρετικός
1357 4987 1370 5001 ·
1401 4972 1461 5022 οὐ
1493 4970 1600 5043 γὰρ
1634 4972 1763 5041 περί

188 5084 239 5118 τι
266 5066 378 5119 τῶν
410 5064 590 5134 ὀρθῶν
616 5064 902 5132 δογμάτων
927 5066 1037 5126 τοῖς
1066 5065 1276 5125 πιστοῖς
1295 5061 1593 5130 διεφέρετο,
1626 5063 1763 5117 ἀλλὰ

189 5159 301 5219 τοῖς
330 5160 392 5209 δν
442 5155 522 5226 τῷ
553 5155 778 5226 διωγμῷ
815 5153 1126 5224 ὑποκύψασι
1162 5155 1253 5207 καὶ
1286 5153 1515 5207 Θύσασιν
1556 5155 1763 5223 ἀπηγό-

194 5267 318 5318 ρευε
350 5248 451 5318 τὴν
484 5248 777 5317 μετάνοιαν
801 5265 815 5278 ο
845 5250 957 5309 τοῖς
999 5264 1059 5299 τε
1106 5247 1360 5314 διγάμοις
1410 5249 1510 5298 οὐκ
1542 5246 1764 5298 ἐκοινώ-

191 5356 310 5393 νει·
344 5339 465 5393 ἀνθ’
506 5333 605 5403 ὧν,
638 5340 687 5392 εί
732 5338 828 5392 καὶ
856 5338 932 5407 μὴ
964 5338 1089 5407 περὶ
1134 5337 1232 5407 τὴν
1262 5339 1462 5403 ,πίστιν
1501 5337 1753 5405 ἓσφαλτο,

187 5433 276 5484 διὰ
325 5432 513 5500 μέντοι
562 5431 625 5484 τὸ
667 5430 994 5500 ἀσυμπαθὴς
1045 5428 1209 5482 αὑτοῦ
1261 5430 1353 5481 καὶ
1406 5429 1754 5497 μισάδελφον,

192 5524 409 5576 συνόδου
470 5524 772 5591 γενομένης
826 5524 884 5575 ὲν
924 5522 1112 5592 Ῥώμῃ
1171 5522 1262 5573 ἐπὶ
1318 5521 1618 5590 Κορνηλίου
1664 5520 1755 5571 τοῦ

190 5616 416 5677 πάππα,
449 5614 642 5667 Δεκίου
684 5614 1085 5685 βασιλεύοντος,
1127 5613 1412 5683 ἀπεϐλήθη
1450 5615 1540 5664 καὶ
1571 5612 1759 5664 ἁνεοε-

190 5707 452 5777 ματίσϐη,
480 5706 557 5769 ὡς
586 5709 615 5760 ὁ
642 5706 737 5759 τοῦ
783 5707 1070 5777 Παμφίλου
1098 5707 1354 5769 Εὐσέϐιος
1387 5708 1608 5771 ἱστορεῖ.

506 5887 775 5951 Parion.
827 5890 940 5951 Gn.
978 5888 1149 5951 CXLI
1164 5892 1209 5951 ι’

1881 3273 2010 3327 lium
2096 3282 2148 3329 et
2208 3275 2468 3345 Spiritum
2547 3290 2795 3334 sanetum
2871 3282 3137 3338 diversam
3203 3302 3233 3339 a
3300 3288 3460 3344 Patro

1878 3363 2173 3418 essentiam
2203 3365 2423 3433 habere,
2449 3377 2503 3422 et
2530 3379 2811 3427 creaturas
2840 3387 2962 3428 esse
2990 3374 3217 3444 profane
3247 3377 3453 3433 docuit.

2116 3556 2194 3612 De
2255 3560 2646 3619 Macedonian“
2708 3576 2757 3620 et
2820 3566 3192 3631 Sentiarianis.

1948 3646 2319 3706 Macedoniam
2388 3672 2542 3722 vero,
2569 3658 2660 3728 qui
2724 3659 2794 3715 de
2848 3660 2987 3717 Filio
3026 3666 3247 3734 quidem
3300 3680 3451 3722 recte

1878 3751 2186 3807 senserunt,
2218 3743 2481 3814 Spiritum
2509 3756 2691 3805 autem
2723 3762 2972 3808 sanctum
3000 3766 3303 3812 creaturam
3333 3774 3453 3813 esse

1877 3843 1933 3887 et
1983 3848 2016 3888 ι
2076 3834 2366 3893 divinitate
2438 3839 2678 3896 alienum
2739 3842 3056 3916 blaspheme
3105 3851 3447 3905 asserebant:

1876 3926 2022 3979 unde
2079 3936 2135 3981 et
2196 3928 2516 3985 Semiariani
2546 3932 2675 3990 dicti
2708 3945 2855 3992 sunt.
2889 3935 3030 4002 Quin
3080 3948 3136 3993 et
3197 3942 3448 3995 eamdem

1875 4019 2293 4087 appellationem
2332 4025 2437 4078 alia
2465 4028 2634 4080 etiam
2700 4043 2763 4082 ex
2798 4028 2977 4098 impiis
3006 4031 3305 4087 lmresibus
3334 4050 3451 4089 sor—

1876 4112 1974 4165 tita
2032 4120 2135 4176 est,
2189 4128 2378 4168 eorum
2432 4132 2626 4187 nempe
2685 4121 2778 4187 qui
2830 4119 3024 4175 Filium
3062 4132 3117 4177 et
3179 4124 3442 4194 Spiritum

1875 4211 2146 4267 sanctum,
2200 4218 2310 4258 non
2363 4215 2643 4263 creaturas
2669 4226 2791 4264 cum
2844 4214 2994 4277 Ario,
3035 4229 3137 4268 nec
3205 4217 3446 4282 ejusdem

1873 4309 1996 4348 cum
2030 4293 2187 4349 Patre
2234 4298 2570 4363 substantiae.
2599 4302 2691 4355 sed
2723 4306 3009 4373 peregrino
3035 4308 3264 4374 quodam
3297 4326 3450 4363 more

1873 4387 2066 4443 similis
2097 4404 2220 4444 cum
2250 4390 2409 4447 Patre
2430 4394 2747 4448 substantiae
2779 4396 3109 4453 sentiebant.
3134 4397 3447 4456 Metuebant

1872 4477 2042 4544 enim,
2074 4479 2148 4533 uti
2200 4479 2476 4544 dicebant,
2515 4499 2584 4538 ne
2613 4485 2966 4542 aﬂ'ectionem
3006 4489 3240 4559 aliquam
3296 4491 3442 4547 Patri

1873 4585 1973 4640 per
2017 4573 2425 4642 generationem
2474 4576 2544 4630 ab
2594 4577 2662 4632 iis
2712 4580 2940 4635 attribui
2993 4583 3116 4651 quis
3170 4593 3405 4653 putaret.

2487 4688 2567 4743 De
2616 4690 2667 4745 Ν
2672 4703 2823 4747 ovato

1937 4773 2176 4833 Novatus
2229 4790 2409 4836 autem
2442 4785 2640 4840 veteris
2673 4785 2855 4841 Roma:
2879 4788 3179 4861 presbyter,
3210 4792 3440 4849 haaresin

1867 4882 2076 4930 eorum,
2109 4871 2201 4940 qui
2255 4871 2476 4928 Cathari
2517 4876 2792 4944 dicuntur,
2841 4896 3069 4936 exorsus
3122 4892 3224 4949 est;
3262 4886 3439 4941 sellis»

1868 4961 2101 5015 maticns
2146 4962 2203 5032 9
2258 4965 2496 5034 proprie,
2532 4982 2640 5021 non
2698 4968 2989 5025 hereticus
3044 4989 3058 5026 :
3121 4988 3226 5026 non
3290 4976 3436 5029 enim

1866 5053 2008 5107 circa
2060 5053 2251 5124 dogma
2304 5057 2521 5127 aliquod
2569 5075 2597 5112 a
2641 5060 2890 5116 ﬁdelibus
2942 5064 3435 5131 dissentiebat,scd

1866 5144 1932 5197 iis
1988 5145 2080 5213 qui
2130 5146 2183 5199 in
2243 5151 2624 5215 persecutione
2671 5152 2808 5221 lapsi
2873 5166 3021 5219 sunt,
3052 5166 3105 5210 et
3163 5158 3438 5213 sacriﬁca-

1864 5250 2011 5300 runt,
2050 5241 2423 5310 pmnitentiam
2478 5246 2731 5315 negabit.
2754 5259 2810 5303 et
2857 5250 3083 5320 digamis
3132 5268 3238 5305 non
3290 5269 3440 5307 com-

1866 5333 2194 5387 municabat.
2252 5334 2434 5400 Quare
2492 5337 2618 5393 licet
2669 5342 2813 5395 circa
2866 5343 3026 5395 ﬁdem
3103 5358 3209 5396 non
3280 5360 3436 5399 erra-

1864 5424 2021 5486 verit,
2057 5434 2236 5478 tamen
2296 5438 2519 5496 propter
2574 5432 3082 5488 immisericordiam
3113 5446 3166 5488 et
3205 5436 3432 5490 fratrum

1862 5514 2067 5573 odium,
2106 5516 2309 5583 synodo
2360 5517 2545 5572 Roma:
2590 5522 2768 5575 habita
2820 5522 2921 5576 sub
2964 5523 3219 5579 Cornelio
3274 5541 3430 5595 papa.

1862 5609 2023 5661 Dec-io
2070 5610 2392 5679 imperante,
2422 5614 2628 5683 ejectus
2667 5626 2780 5669 erat
2832 5627 2887 5670 et
2922 5618 3269 5673 anathemate
3313 5636 3433 5689 pe!-

1858 5717 2069 5765 cussus,
2132 5713 2189 5757 ut
2255 5703 2527 5763 Eusebius
2599 5707 2865 5778 Pamphili
2923 5710 2976 5763 iu
3045 5711 3273 5766 historia
3336 5728 3429 5765 sua

1863 5800 2065 5845 narrat.

2958 5890 3032 5950 33
