4198 6448
200 414 342 486 103⁸1

1129 398 1543 467 SYNTAGMA
1575 390 2211 459 ALPIIABE'I‘ICUM.
2239 410 2309 426 ’-
2337 391 2406 448 Α.

3298 384 3435 450 1038

200 527 551 599 Ἰερουσαλὴμ
571 525 742 593 αὐτὴν
762 522 1043 593 ὠνόμαζον
1064 539 1076 553 ο
1105 514 1252 575 οὗτοι
1280 520 1375 571 καὶ
1402 515 1526 576 τοὺς
1551 512 1759 581 γάμους

1868 513 2079 576 parcnt,
2110 503 2515 572 Pepuzenorum
2542 516 2757 567 quoque
2788 516 2983 553 nomen
3010 512 3242 554 assecuti
3291 509 3436 552 sunt.

186 623 338 675 λύειν
366 622 690 690 ἐπέτρεπον,
721 619 817 672 καὶ
840 616 1143 687 βρωμάτων
1176 613 1325 665 ἐστιν
1357 604 1434 663 ὧν
1462 603 1761 675 ἀπέχεσθαι

184 715 502 767 ἐδίδασκον·
549 711 609 764 τὸ
656 710 842 779 πάσχα
877 708 1193 776 διέπρεφον
1215 720 1229 735 ο
1272 705 1351 764 είς
1386 701 1444 752 ἓν
1468 698 1761 768 πρόσωπον

185 806 287 875 τὴν
341 806 501 870 ἁγίαν
553 804 597 855 Τ
604 802 762 874 ριάδα
797 801 1060 869 συνῄρουν
1112 814 1170 850 τε
1203 800 1296 848 καὶ
1351 793 1636 860 συνέχεον·
1667 787 1763 840 καὶ

186 892 333 965 αἱμα
380 894 569 956 παιδὸς
624 892 1079 960 ἐκκεντουμένου,
1138 887 1352 955 ἀλεύρῳ
1384 883 1763 952 συμφύροντες

188 993 287 1043 καὶ
305 985 723 1057 ἀρτοποιοῦντες
751 984 1109 1054 προσέφερον,
1151 982 1245 1032 καὶ
1279 975 1446 1031 αὑτοῦ
1484 972 1761 1044 μετελάμ-

189 1082 381 1135 6ανον.

665 1258 805 1326 Περὶ
831 1253 1270 1311 Σαϐελλιανῶν.

263 1351 640 1413 Σαδελλιανοὶ,
681 1352 880 1412 οῖτινες
940 1348 1047 1403 ἀπὸ
1102 1344 1391 1399 Σαϐελλίου
1443 1342 1538 1394 τοῦ
1569 1339 1766 1401 Λίϐυος

188 1445 637 1513 ὠνομάσθησαν.
694 1444 751 1505 ὃς
803 1441 1169 1510 Πτολεμαΐδος
1216 1438 1317 1506 τῆς
1371 1431 1766 1491 Πενταπόλεως

190 1539 493 1600 ἐπίσκοπος
552 1535 792 1604 γεγονὼς
823 1574 837 1599 ,
899 1533 1225 1602 συναλοιφὴν
1290 1531 1385 1583 ἐπὶ
1453 1528 1552 1595 τῆς
1605 1524 1769 1592 ἁγίας

190 1630 426 1699 Τριάδος
466 1630 560 1682 καὶ
622 1627 886 1697 σύγχυσιν
913 1625 1271 1693 ὲδογμάτιζε·
1305 1622 1401 1684 τὰς
1445 1621 1595 1688 τρεῖς
1638 1618 1766 1667 ὐπο-

192 1722 418 1783 στάσεις
448 1721 546 1786 τῆς
578 1720 716 1783 μιᾶς,
732 1718 919 1778 οὐσίας
946 1718 1041 1771 καὶ
1070 1715 1324 1782 θεότητος
1376 1713 1453 1776 εἰς
1496 1711 1555 1763 ἓν
1603 1710 1773 1779 πρόσ-

191 1829 351 1864 ωπον
373 1814 648 1881 συναιρῶν
681 1814 774 1864 καὶ
801 1810 1066 1878 συγχέων,
1099 1806 1402 1874 τριώνυμον
1459 1804 1553 1857 τὸν
1607 1802 1771 1855 αὐτὸν

193 1904 399 1970 λέγων,
454 1904 547 1956 νῦν
578 1903 676 1971 μέν
704 1900 775 1964 ὡς
828 1902 1052 1969 Πατέρα
1106 1898 1415 1966 φαίνεσθαι,
1448 1895 1545 1948 νῦν
1601 1896 1658 1948 δέ
1695 1896 1771 1958 ὡς

195 1996 351 2056 Υίὺν,
409 1994 527 2047 ἐστι
570 1995 619 2048 δ’
648 1996 735 2047 ὅτε
786 1991 863 2053 ὡς
914 1992 1071 2059 ἆγιον
1099 1990 1343 2059 Πνεῦμα,
1379 1988 1569 2043 ἄλλοτε
1598 1989 1772 2051 άλλως

202 2085 732 2155 μεταμορφούμινον
762 2086 857 2137 καὶ
888 2080 1508 2152 μετασχηματιζόμενον
1529 2095 1544 2110 ⁸
1584 2079 1661 2142 ὡς
1709 2082 1774 2132 ἐκ

200 2179 301 2247 τῆς
333 2178 528 2245 καινῆς
581 2178 789 2247 ταύτης
840 2174 1154 2236 ἀναλύσεως
1203 2174 1235 2244 ἢ
1278 2173 1604 2235 συνθέσεως,
1636 2170 1775 2224 κατὰ

200 2269 296 2320 τὸν
330 2268 581 2335 θεολόγον
618 2268 655 2320 Γ
660 2270 936 2339 ρηγόριον,
982 2265 1057 2334 μὴ
1098 2264 1298 2333 μᾶλλον
1330 2262 1388 2314 ἒν
1416 2264 1484 2315 τὰ
1513 2263 1716 2319 πάντα.
1742 2259 1773 2329 ἦ

206 2359 374 2427 μηδὲν
406 2359 635 2411 ἕκαστον
685 2354 823 2410 εἶναι
854 2355 1203 2425 ὁριζόμενος·
1263 2351 1456 2420 φεύγει
1488 2354 1599 2421 γὰρ
1637 2346 1774 2402 εἶναι

204 2452 343 2520 ὅπερ
380 2453 547 2515 ἐστὶν,
583 2452 662 2513 είς
692 2449 900 2519 ἄλληλα
926 2447 1204 2517 χωροῦντα
1225 2447 1319 2498 καὶ
1352 2443 1776 2514 μεταϐαίνοντα.

205 2541 384 2611 ψιλῶν
415 2540 897 2610 καταλειπομένων
916 2537 1024 2589 τῶν
1058 2537 1360 2602 ὀνομάτων.

658 2717 795 2785 Περὶ
829 2716 1379 2770 Παυλιανισάντων.

299 2812 357 2863 Ὀ
387 2811 440 2863 δὲ
466 2812 562 2877 τῆς
585 2815 635 2861 α’
668 2810 888 2862 συνόδου
926 2807 987 2860 ιο¹
1018 2808 1217 2871 κανὼν,
1246 2808 1343 2861 καὶ
1375 2808 1501 2869 τοὺς
1539 2810 1779 2862 Παυλια-

215 2904 496 2965 νίσαντας,
520 2898 637 2954 εἶτα
660 2904 725 2972 τῇ
756 2901 1012 2970 καθολικῇ
1039 2902 1528 2969 προσπεφευγὸτας
1552 2901 1784 2971 Ἐκκλη-

216 2997 333 3065 σία,
383 2995 711 3063 προστάττει
744 2992 1209 3057 ἀναὸαπτίζεοθαι
1233 3010 1245 3022 ·
1298 2996 1570 3064 σκοπῆσαι
1598 2994 1653 3046 δέ
1678 2995 1780 3058 δεῖ,

215 3088 370 3148 τίνας
417 3087 446 3137 ό
497 3085 676 3137 κανὼν
729 3084 1126 3149 ἀναδαπτίζειν
1161 3088 1470 3156 ἐπιτρέπει,
1522 3088 1649 3148 τοὺς
1675 3088 1783 3138 ἀπὸ

1864 596 1946 649 Ab
1974 595 2078 648 illis
2133 592 2367 646 divortia
2420 591 2709 660 conjugum
2765 590 3050 659 permissa,
3081 598 3137 642 et
3191 604 3221 641 a
3277 588 3443 642 certis

1863 685 2185 756 quibusdam
2239 683 2487 736 ciborum
2531 679 2824 749 generibus
2879 680 3207 733 abstinentia
3273 678 3443 745 impc-

1867 792 2002 848 rata,
2024 781 2302 835 Paschalis
2346 778 2462 832 dies
2491 778 2545 831 in
2576 778 2817 831 alienum
2868 784 3081 845 tempus
3129 775 3355 842 rejecta,
3384 782 3443 827 et

1865 875 1917 929 in
1948 891 2108 928 unam
2141 888 2426 943 personam
2460 880 2806 925 sacrosancta
2825 868 3063 922 Trinitas
3086 876 3364 920 contraeta
3389 876 3446 919 et

1865 966 2113 1021 confusa.
2150 965 2224 1018 Illi
2266 965 2429 1018 etiam
2458 963 2779 1031 sanguinem
2810 959 3256 1031 pueri-acnleolis
3291 973 3445 1012 com-

1868 1058 2055 1127 pnncti
2115 1072 2237 1111 cum
2266 1057 2441 1110 farina
2477 1055 2794 1116 miscentes,
2826 1068 2889 1106 ac
2920 1054 3111 1121 p‘ancm
3134 1050 3261 1103 inde
3279 1051 3447 1102 conli-

1867 1149 2093 1211 cientes,
2128 1159 2239 1200 tum
2268 1145 2594 1210 oﬂerebant,
2628 1153 2740 1195 tum
2798 1156 2863 1195 ex
2909 1155 2975 1195 co
3023 1139 3442 1210 participabant.

2442 1237 2517 1290 De
2550 1235 2899 1290 Sabellianis.

1938 1332 2231 1387 Sabelliani
2262 1340 2442 1385 autem
2507 1346 2536 1384 a
2580 1328 2818 1383 Sabellio
2854 1343 2920 1381 ex
2989 1324 3155 1394 Libya
3211 1318 3448 1378 oriundo

1868 1424 2201 1479 denominati
2254 1431 2404 1487 sunt,
2434 1420 2528 1489 qui
2595 1418 2971 1482 Ptolemaidis,
3019 1432 3143 1485 quze
3177 1416 3307 1469 urbs
3364 1423 3450 1468 est

1870 1514 2203 1584 Pentapolis.
2234 1514 2543 1583 epiSCOpus,
2586 1511 3023 1565 commistionetn
3071 1507 3363 1577 quamdam
3393 1514 3448 1560 et

1872 1609 2252 1663 confusionem
2289 1608 2341 1661 in
2368 1614 2719 1660 sacrosancta
2749 1604 3011 1659 Trinitate
3047 1603 3302 1665 asseruit,
3336 1611 3449 1655 tres

1872 1700 1992 1755 illas
2038 1700 2356 1769 hypostases
2390 1700 2550 1754 unius
2589 1699 2909 1753 substantiae
2951 1707 3006 1751 et
3059 1696 3359 1751 divinitatis
3392 1686 3450 1748 in

1875 1807 2035 1845 unam
2065 1806 2351 1861 personam
2382 1792 2717 1846 contrahens
2780 1800 2833 1844 et
2861 1787 3227 1848 confundens,
3284 1802 3446 1856 quam

1873 1884 2037 1937 trium
2088 1898 2209 1938 esse
2236 1881 2517 1936 nominum
2548 1882 2705 1945 dixit,
2750 1892 2799 1936 e'
2828 1880 3119 1951 aliquando
3151 1890 3210 1933 ut
3231 1880 3447 1933 Patrem

1873 1976 2215 2043 apparuisse,
2255 1975 2545 2044 aliquando
2575 1984 2633 2029 ut
2678 1975 2893 2036 Filium,
2928 1972 3220 2042 aliquando
3267 1981 3447 2026 autem

1876 2075 1934 2118 ut
1988 2065 2248 2131 Spiritum
2306 2075 2591 2128 sanctum,
2664 2074 2718 2119 et
2744 2065 2878 2119 alias
2900 2065 3056 2117 aliter
3091 2064 3449 2117 transforma-

1876 2168 1987 2211 tum
2027 2158 2608 2226 transfiguratumque;
2642 2172 2736 2227 per
2795 2157 3032 2226 ineptam
3059 2157 3200 2210 hanc
3245 2158 3451 2211 resolu-

1877 2249 2080 2302 tionem
2111 2248 2226 2303 sive
2261 2248 2740 2317 compositionem,
2799 2252 3097 2304 secundum
3130 2250 3447 2319 Gregorium

1877 2340 2234 2410 Theologum,
2270 2357 2463 2395 omnes
2502 2357 2765 2411 personas
2799 2358 2909 2398 non
2957 2352 3065 2397 tam
3108 2359 3271 2397 unam
3328 2358 3450 2398 esse

1878 2450 2039 2503 quam
2075 2434 2316 2505 singulas
2351 2434 2487 2487 nihil
2530 2434 2817 2489 definiens.
2854 2434 3119 2489 Desinunt
3152 2436 3296 2489 enim
3328 2451 3451 2490 esse

1878 2540 1998 2591 quae
2038 2526 2091 2578 in
2124 2541 2182 2580 se
2220 2525 2455 2579 invicem
2492 2526 2699 2580 cedunt
2728 2535 2785 2580 et
2840 2535 3237 2595 permutantur,
3293 2528 3452 2583 nudis

1880 2616 2140 2669 duntaxat
2169 2615 2478 2668 nominibus
2527 2615 2745 2670 relictis.

2412 2703 2490 2757 De
2526 2704 2897 2759 Pauliam’stis.

1952 2795 2139 2849 Canon
2172 2804 2349 2849 autem
2403 2798 2468 2851 l9
2501 2798 2688 2867 prima:
2716 2798 2924 2867 synodi,
2973 2797 3329 2855 Paulianistas
3358 2800 3448 2869 qui

1886 2899 2073 2957 postea
2114 2889 2178 2942 ad
2236 2890 2529 2943 Ecclesiam
2579 2890 2899 2944 catholicam
2949 2892 3330 2962 confugerunt,
3362 2908 3449 2946 re—

1889 2981 2146 3050 baptizari
2172 2982 2347 3050 jubet.
2386 2979 2580 3034 Verum
2623 2982 2709 3035 hic
2732 2982 3113 3051 inquirendum
3153 2994 3257 3049 est,
3290 3000 3453 3054 quos-

1892 3088 2015 3125 nam
2046 3088 2219 3125 canon
2264 3072 2442 3125 denuo
2475 3072 2737 3140 baptizari
2782 3075 3045 3143 praecipit,
3103 3090 3171 3129 an
3206 3092 3300 3131 eos
3357 3077 3451 3147 qui

214 3174 515 3244 όρθοδὸξων
567 3175 1051 3237 Παυλιανίσαντας,
1114 3175 1146 3243 ἢ
1200 3175 1328 3237 τοὺς
1375 3176 1432 3240 ἐξ
1485 3175 1663 3269 ἀρχῆς
1687 3177 1767 3245 τῆς

1888 3180 1950 3218 ex
1978 3165 2295 3218 orthodoxis
2324 3165 2389 3217 ad
2420 3164 2776 3219 Paulianistas
2828 3166 3162 3232 defecerunt,
3220 3170 3303 3223 vel
3356 3172 3450 3240 qui

216 3269 449 3321 ἐκείνων
468 3267 663 3329 ἐθάδας
692 3268 978 3336 αἱρέσεως.
1010 3268 1069 3320 Ei
1097 3268 1150 3320 δέ
1181 3283 1325 3328 τινες
1363 3266 1562 3329 αὐτῶν,
1595 3266 1780 3335 φησὶν,

216 3361 278 3411 ἐν
301 3358 382 3426 τῷ
410 3358 595 3428 κλήρῳ
625 3355 1020 3426 ἐξητάσθησαν,
1046 3358 1429 3425 ἀγνοησάντων
1476 3357 1602 3420 ἴσως
1637 3357 1785 3418 ὃπως

219 3443 369 3518 εἶχον
396 3450 648 3511 ἀσεϐείας
708 3449 816 3501 τῶν
867 3449 1063 3511 αὐτοὺς
1113 3451 1626 3519 χειροτονησάντων,
1691 3449 1786 3501 καὶ

218 3542 442 3601 τούτους
482 3540 619 3609 μετὰ
667 3539 729 3591 τὸ
771 3539 1078 3607 γνωσθῆναι
1125 3538 1246 3591 δέον
1298 3538 1784 3603 ἀναὸαπτίζεσθαι,

223 3631 394 3701 μηδὲν
419 3632 483 3682 ἐκ
512 3631 612 3699 τῆς
668 3628 1003 3700 χειροτονίας
1045 3630 1446 3695 ἀποναμένουςο
1483 3630 1577 3680 καὶ
1608 3630 1657 3681 εἰ
1689 3628 1789 3697 μὲν

221 3722 502 3792 εὑρεθεῖεν
528 3722 665 3791 μετά
689 3723 748 3775 τὸ
772 3721 1053 3790 βάπτισμα
1080 3722 1173 3774 καὶ
1196 3721 1337 3773 κατά
1358 3721 1448 3773 τὸν
1471 3720 1586 3790 βίον
1611 3720 1793 3791 ἀμεμ-

224 3832 370 3879 πτοι,
404 3814 824 3883 χειροτονεῖσθαι
852 3814 955 3866 ὑπὸ
981 3814 1074 3867 τοῦ
1104 3814 1403 3867 ἐπισκόπου
1462 3814 1563 3881 τῆς
1587 3813 1787 3881 ἐκκλη-

225 3910 372 3973 σίας,
406 3902 782 3979 ᾖπροσῆλθον,
815 3906 924 3959 τίδ’
944 3901 1059 3972 οὖν,
1084 3907 1179 3960 τοῦ
1206 3907 1412 3979 κλήρου
1443 3905 1581 3960 εἶναι
1603 3909 1789 3961 ἀπεω-

227 3998 485 4068 σμένους.

722 4091 861 4157 Περὶ
894 4088 1332 4143 Παυλικιανῶν.

299 4181 661 4236 Παυλικιανοὶ
684 4181 739 4235 δὲ
764 4183 814 4235 οι
844 4183 1134 4251 Μανιχαῖοι
1157 4181 1655 4250 μετωνομάσθησαν
1684 4181 1794 4234 ἀπό

224 4292 392 4326 τινων
431 4273 677 4343 ἀδελφῶν
713 4272 827 4337 δύο,
864 4272 1077 4325 Παύλου
1112 4273 1205 4325 καὶ
1242 4273 1510 4335 Ἰωάννου,
1536 4273 1795 4342 ὁρμωμέ-

226 4384 335 4418 νων
356 4366 426 4416 ἐκ
449 4364 802 4433 Σαμοσάτων,
833 4364 967 4417 υἱῶν
996 4364 1253 4431 γυναικός
1282 4379 1427 4425 τινος
1460 4363 1790 4432 Μανιχαίας,

232 4456 573 4524 Καλλινίκης
619 4454 883 4525 τοῦνομα,
935 4455 1223 4524 δυσσεϐείᾳ
1257 4454 1457 4522 μᾶλλον
1495 4456 1527 4524 ἢ
1558 4455 1791 4522 γάλακτι

227 4550 358 4611 τοὺς
410 4550 558 4608 υἱοὺς
591 4546 959 4616 θρεψαμένης.
1002 4540 1163 4600 Οὗτοι
1224 4547 1321 4599 ἕνα
1345 4543 1485 4599 εἶναι
1507 4546 1639 4599 Θεὸν
1664 4549 1796 4616 ὲκή-

233 4655 460 4709 ρυσσον.
495 4639 734 4707 Πατέρα,
774 4638 899 4690 Υίδν
948 4638 1043 4690 καὶ
1069 4636 1223 4704 ᾶγιον
1259 4637 1486 4705 Πνεῦμα
1513 4637 1603 4689 τὸν
1634 4636 1799 4691 αὐτὸν

232 4728 780 4799 προσαγορευόμενον
800 4744 813 4759 ·
869 4723 948 4788 εἷς
980 4727 1089 4797 γάρ
1113 4728 1269 4795 φησὶ,
1302 4726 1459 4788 Θεὸς,
1496 4727 1591 4779 καὶ
1613 4728 1641 4778 ὀ
1670 4727 1801 4789 Υἱὸς

234 4821 403 4874 αὐτοῦ
440 4824 498 4874 ὲν
525 4818 692 4890 αὐτῷ,
725 4819 799 4882 ὡς
817 4822 845 4873 ὁ
867 4819 1020 4888 λόγος
1050 4821 1108 4872 ὲν
1135 4819 1425 4890 ἀνθρώπῳ.
1458 4820 1515 4871 '0
1543 4819 1599 4871 δὲ
1628 4819 1801 4886 Λόγος

234 4908 389 4975 οὗτος
424 4912 517 4964 ἐπὶ
547 4912 648 4980 γῆς
677 4910 866 4972 ἐλθὼν,
919 4911 977 4961 ἐν
1027 4911 1296 4980 ἀνθρώπῳ
1330 4910 1569 4979 ᾤκησεν,
1621 4909 1799 4976 Ἰησοῦ

236 5004 582 5072 καλουμένῳ,
634 5002 729 5054 καὶ
765 5002 862 5071 τὴν
888 5003 1197 5068 οἰκονομίαν
1248 4999 1563 5070 πληρώσας,
1580 5000 1801 5067 ’ἀνῆλθε

239 5094 375 5161 πρὸς
421 5092 513 5143 τὸν
554 5089 770 5158 Πατέρα
796 5105 810 5121 ’
860 5091 889 5142 ὁ
913 5089 968 5142 δὲ
993 5088 1200 5159 Ἰησοῦς
1237 5084 1411 5151 οὗτος,
1457 5089 1703 5140 κάτωθεν
1734 5085 1802 5158 ἦν

239 5183 345 5235 ἀπὸ
372 5182 588 5252 Μαρίας
615 5180 919 5249 ἀρξάμενος
938 5196 954 5210 υ
982 5180 1091 5233 ἀπὸ
1120 5179 1298 5232 τοίνυν
1323 5179 1431 5231 τῶν
1456 5179 1548 5230 δύο
1574 5180 1802 5231 τουτωνὶ

243 5273 458 5326 Παύλου
506 5272 602 5325 καὶ
643 5272 917 5337 Ἰωάννου,
952 5274 1067 5333 τοῖς
1119 5271 1268 5336 σφῶν
1299 5268 1569 5338 μαθηταῖς
1627 5272 1658 5338 ἡ
1693 5271 1803 5323 τῶν

242 5362 621 5419 Παυλικιανῶν
658 5363 887 5431 ἐπετέθη
911 5360 1290 5431 προσωνυμία,
1322 5359 1802 5429 βαρϐαρικώτερον

242 5454 601 5508 συντεθεῖσα·
652 5454 773 5507 ἀντὶ
825 5454 932 5523 γάρ
970 5453 1390 5513 Παυλοῖωάννοι,
1448 5452 1804 5504 [ιτιιυλικιανολ⁸

241 5546 743 5615 κατονομάζονται*
785 5546 929 5600 τάηδέ
964 5546 1064 5615 τῆς
1100 5543 1306 5596 τούτων
1362 5544 1630 5612 αἱρέσεως
1684 5544 1803 5596 Φῶ-

242 5655 356 5701 τιος
377 5641 406 5691 ό
425 5637 773 5707 πατριάρχης
794 5634 1410 5696 Κωνσταντινουπόλεως
1433 5635 1803 5705 χρηματίσας,

246 5734 302 5783 ἐν
333 5729 506 5797 ίκανῷ
530 5729 830 5798 στηλιτεύει
857 5729 1024 5800 λόγῳ.

314 5822 455 5886 τοὺς
486 5815 582 5876 οὖν
621 5821 744 5893 ἄρτι
770 5824 864 5877 καὶ
891 5826 1174 5896 προσεχῶς
1221 5825 1484 5896 ῥηθέντας
1510 5822 1677 5892 ἄμφω
1708 5837 1800 5873 κα⁸

1887 3260 1956 3311 ab
2006 3257 2159 3311 initio
2190 3258 2378 3311 hrcresi
2417 3273 2604 3311 eorum
2646 3258 2847 3314 assueti
2902 3270 3048 3314 sunt.
3094 3261 3148 3313 Si
3176 3263 3267 3330 qui
3302 3278 3452 3325 vero,

1888 3348 2081 3417 inquit,
2114 3364 2177 3401 ex
2209 3348 2274 3403 iis
2313 3350 2365 3401 in
2393 3350 2714 3403 clericorum
2754 3365 2984 3405 numero
3011 3344 3455 3422 erant,ignoran-

1889 3441 2033 3493 tibus
2064 3440 2241 3493 forsan
2283 3441 2347 3493 iis
2382 3457 2412 3493 a
2442 3441 2642 3509 quibus
2668 3441 2900 3495 ordinati
2921 3452 3067 3507 sunt,
3118 3460 3277 3513 quam
3303 3446 3454 3515 impii

1887 3542 2093 3599 essent,
2124 3534 2283 3586 etiam
2318 3548 2376 3587 re
2408 3533 2621 3603 cognita
2665 3534 2990 3603 rebaptizari
3016 3536 3240 3602 debent,
3269 3539 3338 3592 ab
3362 3555 3455 3593 or-

1890 3624 2165 3678 dinatione
2206 3640 2304 3677 sua
2360 3626 2493 3679 nihil
2545 3626 2736 3694 adjuti.
2763 3624 2905 3692 Quin
2952 3628 3061 3681 imo
3095 3629 3139 3683 si
3174 3640 3296 3698 post
3325 3631 3458 3700 bap-

1894 3716 2203 3769 tismumah
2263 3718 2412 3771 omni
2472 3718 2899 3787 reprehensione
2946 3716 3220 3774 immunes
3277 3723 3458 3790 quoad

1892 3806 2104 3860 vivendi
2135 3809 2406 3863 rationem
2439 3810 2645 3866 inventi
2674 3812 2893 3875 fuerint,
2933 3816 3001 3867 ab
3028 3814 3284 3883 episcopo
3315 3815 3458 3869 illius

1893 3900 2159 3965 ecclesiae,
2178 3901 2233 3955 in
2274 3918 2380 3971 qua
2430 3918 2628 3958 nomen
2678 3905 2963 3969 dederunt,
2986 3907 3457 3973 ordinentur;sin

1892 3990 2096 4055 minus,
2134 4006 2165 4044 a
2193 3992 2337 4047 clero
2366 3994 2675 4062 ejiciantur.

2401 4085 2475 4136 De
2512 4082 2860 4140 Paulicianis.

1966 4175 2131 4229 Porro
2156 4166 2209 4229 et
2232 4174 2514 4232 Manichzei
2550 4177 2847 4234 Pauliciani
2877 4180 3006 4235 dicti
3068 4191 3213 4247 sunt,
3240 4198 3272 4236 a
3325 4182 3463 4237 duov-

1896 4265 1998 4321 bus
2026 4265 2282 4321 fratribus
2313 4266 2481 4323 Paulo
2512 4280 2567 4324 et
2589 4270 2802 4326 Joanne
2827 4288 2893 4326 ex
2942 4271 3241 4328 Samosatis
3273 4276 3462 4329 oriun-

1898 4363 2004 4424 dis,
2034 4356 2155 4413 [iliis
2188 4358 2432 4414 mulieris
2459 4361 2743 4430 cujusdam
2770 4361 3095 4428 Manich'eae,
3124 4364 3208 4418 cui
3256 4380 3459 4419 nomen

1901 4462 2017 4510 erat
2054 4450 2329 4514 Callinice,
2364 4465 2483 4519 quae
2508 4467 2614 4506 non
2645 4462 2749 4507 tam
2778 4453 2919 4507 lacte
2968 4469 3129 4521 quam
3182 4456 3462 4525 impietate

1905 4546 2040 4600 filios
2078 4559 2206 4600 suos
2247 4543 2490 4597 enutriit.
2525 4543 2589 4596 Hi
2646 4560 2812 4598 unum
2849 4560 2971 4598 esse
2998 4545 3163 4600 Deum
3196 4548 3462 4616 pnedica-

1900 4645 2047 4702 runt,
2075 4637 2166 4707 qui
2195 4646 2251 4692 et
2307 4636 2465 4689 Pater
2513 4643 2569 4689 et
2636 4631 2804 4695 Filius
2830 4644 2887 4689 et
2937 4637 3173 4705 Spiritus
3239 4650 3463 4693 sanctus

1900 4729 2041 4782 idem
2057 4729 2273 4783 dicitur.
2294 4728 2449 4783 Unus
2465 4727 2635 4793 enim,
2671 4728 2942 4795 inquiunt,
2973 4736 3056 4782 est
3084 4730 3247 4795 Deus,
3280 4740 3335 4785 et
3370 4729 3462 4783 Fi-

1900 4820 2004 4874 lius
2029 4820 2145 4888 ejus
2179 4820 2233 4872 in
2272 4818 2390 4887 ipso
2438 4827 2542 4881 est,
2612 4819 3069 4886 quemadmodum
3132 4820 3183 4872 in
3242 4822 3464 4875 homine

1902 4927 2101 4966 sermo.
2157 4911 2261 4965 Iste
2292 4920 2470 4964 autem
2505 4909 2699 4963 Sermo
2731 4910 2786 4963 in
2823 4918 2992 4965 terras
3025 4913 3248 4967 veniens
3277 4914 3332 4967 in
3367 4917 3461 4968 ho-

1902 5003 2049 5057 mine
2084 5002 2362 5067 habitavit,
2420 5002 2511 5071 qui
2543 5001 2718 5055 dictus
2770 5013 2887 5057 erat
2917 5001 3095 5067 Jesus,
3130 5014 3185 5058 et
3240 5020 3461 5059 (nconow

1904 5094 2010 5147 mia
2041 5094 2309 5161 completa
2341 5093 2586 5146 accendit
2614 5094 2679 5145 ad
2742 5092 2974 5148 Patrem.
3008 5095 3110 5149 liic
3161 5106 3339 5150 autem
3370 5098 3462 5151 Je-

1903 5201 1996 5239 sus
2020 5186 2089 5238 ab
2124 5184 2262 5237 infra
2297 5186 2435 5245 erat.
2458 5197 2486 5235 a
2515 5178 2679 5236 Maria
2710 5184 2973 5254 originem
3003 5187 3229 5241 ducens.
3256 5189 3299 5240 A
3323 5188 3462 5242 duo-

1904 5277 2007 5331 bus
2051 5275 2215 5346 igitur
2271 5276 2386 5329 istis
2420 5275 2585 5329 Paulo
2620 5283 2675 5328 et
2701 5274 2928 5342 Joanne,
2956 5276 3238 5346 discipulis
3268 5295 3459 5334 eorum

1902 5370 2338 5424 Paulicianorum
2364 5386 2559 5424 nomen
2584 5371 2814 5425 barbare
2832 5373 3193 5439 compositum
3221 5374 3319 5441 ιι
3360 5373 3463 5427 im—

1904 5463 2228 5532 ponebatur,
2275 5461 2566 5515 Pauliciant
2611 5468 2755 5517 enim
2796 5478 2894 5531 pro
2925 5462 3091 5518 Paulo
3115 5464 3306 5518 Joanni
3348 5465 3464 5519 dic-

1905 5557 1941 5609 ti
1966 5562 2110 5606 sunt.
2157 5552 2354 5607 Eorum
2394 5561 2573 5607 autem
2616 5554 2864 5606 haeresim
2897 5554 3120 5608 Photius
3161 5557 3463 5623 patriarcha

1903 5643 2535 5713 Constantinopolitanus
2564 5643 2707 5712 justa
2734 5644 2977 5698 oratione
3019 5646 3353 5716 perstringit.

1976 5822 2141 5877 l‘orro
2188 5834 2426 5876 canones
2470 5821 2658 5876 ambos
2700 5821 3133 5891 sulxsequentes.
3205 5820 3462 5878 nimirum
