4198 6448
206 414 344 480 1041

1128 407 1542 469 SYNTAGMA
1585 406 2208 468 ALPHABETICUM.
2250 411 2411 466 -A.

3320 399 3457 462 1012

204 524 630 599 μετεμψύχωσιν
653 524 923 588 ἐδίδασκε.
956 523 1188 595 βοτάνας
1227 523 1318 578 καὶ
1349 521 1493 588 ὕδωρ
1526 523 1620 573 καὶ
1660 519 1774 571 δέν-

1887 519 2198 573 Animarum
2224 534 2252 574 α
2280 518 2601 590 corporibus
2620 516 2675 571 itt
2699 516 2803 574 alia
2823 529 3049 585 corpora
3076 512 3454 582 migrationem

200 623 306 691 δρα
336 620 556 691 ἔμψυχα
585 614 727 672 εἶναι
758 617 1003 688 φάσκων.

404 793 542 861 Περὶ
566 791 1087 857 οῠαλεγτινιανῶν
1118 792 1249 860 ἤτοι
1290 792 1581 861 solum.

238 928 243 933 .
279 884 733 936 Οὖαλεντινιανοὶ.
749 883 826 942 δὲ,
858 883 892 951 ἡ
926 882 1070 934 κατά
1095 880 1223 943 τοὺς
1249 882 1475 950 χρόνους
1516 880 1611 932 τοῦ
1646 883 1784 933 Usa-

206 975 449 1026 λεντίνου
497 976 587 1025 καὶ
650 974 952 1033 Οὐάλεντος
1004 972 1355 1043 βλαστήσασα
1411 972 1624 1041 αἵρεσις
1678 974 1783 1023 τῶν

209 1066 527 1133 Βογομίλων
557 1067 675 1135 ἦτοι
698 1066 1105 1119 Μασσαλιανῶν
1127 1082 1138 1094 ο
1180 1065 1340 1118 τοῦτο
1362 1065 1418 1118 δὲ
1448 1065 1786 1135 ἐξελληνιζό-

210 1172 378 1223 μενον
408 1155 641 1225 Εὑχίτας
670 1156 821 1224 δηλοῖ
843 1172 857 1186 ⁸
892 1156 1024 1209 πολὺ
1076 1157 1188 1225 γὰρ
1218 1156 1349 1223 παρ’
1391 1157 1575 1219 αὐτοῖς
1604 1157 1663 1209 τὸ
1687 1158 1786 1225 τῆς

207 1248 380 1314 εὐχῆς
400 1247 595 1315 δνομα,
618 1248 685 1319 ἢν
706 1248 801 1301 καὶ
822 1251 932 1309 τοῖς
958 1248 1173 1309 πολλοῖς
1197 1248 1440 1333 ποιηῦσιν
1463 1249 1783 1317 ἀνέκφορονο

209 1337 509 1391 καλοῦνται
536 1339 592 1390 δὲ
617 1342 681 1391 ὲκ
709 1338 806 1392 τοῦ
844 1340 1172 1408 πράγματος
1196 1343 1290 1392 καὶ
1330 1340 1744 1393 Ἐνθουσιασταί
1769 1355 1784 1371 ’

206 1429 467 1497 δαίμονος
524 1430 632 1498 γὰρ
686 1431 968 1497 ἐνέργειαν
1017 1430 1414 1498 λαμσάνοντες,
1475 1433 1789 1499 Πνεύματος

208 1523 374 1588 ἁγίου
406 1520 545 1575 εἶναι
589 1524 794 1593 ταύτην
822 1525 1317 1594 ὑπολαμϐάνουσιν.
1368 1526 1431 1577 0i
1463 1528 1569 1595 γὰρ
1605 1526 1790 1580 τέλεον

206 1613 312 1679 τὴν
353 1613 506 1664 νόσον
536 1613 740 1682 ταύτην
766 1615 1185 1684 είσδεδεγμένοι,
1207 1618 1644 1685 ἀποστρέφονται
1693 1618 1790 1685 μὲν

206 1700 314 1770 τὴν
348 1702 460 1755 τῶν
489 1702 685 1773 χειρῶν
710 1703 974 1772 ἐργασίαν
1021 1704 1098 1766 ὡς
1153 1708 1397 1775 πονηράν
1418 1721 1431 1735 ·
1464 1705 1616 1775 ὕπνῳ
1644 1706 1697 1758 δὲ
1721 1706 1789 1760 τὰ

208 1793 389 1844 πολλὰ
425 1797 568 1861 σφᾶς
625 1795 827 1853 αὐτοὺς
880 1796 1202 1859 ἐκδιδόντες,
1259 1798 1652 1867 ἐνθουσιασμὸν
1689 1802 1789 1863 τὰς

208 1884 324 1937 τῶν
357 1886 587 1955 ὀνείρων
608 1888 911 1955 φαντασίας
933 1889 1299 1941 ἀποκαλοῦσι·
1352 1891 1512 1959 φύσει
1537 1892 1787 1958 λέγουσιν

208 1971 361 2027 εἶναι
414 1978 483 2031 τὰ
511 1979 676 2038 κακὰ,
713 1980 807 2031 καὶ
835 1981 890 2032 ὲν
923 1980 1138 2049 ἑκάστῳ
1185 1980 1461 2051 ἀνθρώπῳ
1490 1982 1710 2052 πνεῦμὰ
1733 2002 1786 2035 τι

208 2066 359 2118 θεῖον
392 2070 681 2129 οπο-κεῖν,
706 2071 799 2120 καὶ
829 2070 1058 2139 δαίμονα
1083 2086 1097 2102 ⁸
1125 2071 1251 2134 τοὺς
1281 2073 1634 2139 τικτομένους
1656 2075 1787 2127 παῖ-

206 2156 309 2216 δας
341 2160 404 2210 ὲκ
442 2159 537 2210 τοῦ
586 2162 932 2232 προπάτορος
984 2161 1164 2216 ἕλκειν
1212 2163 1408 2233 Ἀδὰμ,
1446 2164 1635 2236 ὥσπερ
1686 2166 1787 2236 τὴν

207 2249 399 2316 φύσιν,
451 2250 593 2303 οὕτω
643 2252 705 2322 δὴ
737 2256 831 2307 καὶ
863 2253 960 2322 τὴν
997 2254 1131 2321 πρὸς
1182 2254 1311 2316 τοὺς
1372 2256 1636 2325 δαίμονας
1669 2257 1787 2310 δουο

206 2341 389 2405 λείαν,
445 2343 539 2395 καὶ
596 2344 1035 2411 συνουσιωμένον
1065 2345 1257 2415 φέρειν
1309 2345 1539 2415 δαίμονα
1572 2347 1787 2418 ἑκάστῳ

204 2432 420 2486 τούτων
474 2436 825 2487 συνοικοῦντα
878 2439 972 2490 καὶ
1032 2436 1541 2500 κατεξουσιάξοντα.
1586 2441 1696 2491 Καὶ
1724 2441 1785 2493 τὸ

210 2524 316 2593 μὲν
349 2522 635 2595 βάπτισμα
667 2527 942 2590 ἀδυνάτως
990 2527 1136 2597 ἔχειν
1188 2530 1497 2596 ἐξελαύνειν
1530 2531 1716 2593 αὑτὸν,
1751 2532 1782 2601 ἢ

207 2617 313 2677 τὰς
344 2616 500 2685 ῥίζας
522 2619 772 2688 ἀνασπᾷν
796 2619 904 2671 τῶν
930 2620 1367 2689 ἁμαρτημάτων,
1401 2623 1570 2691 μόνην
1598 2622 1655 2675 δὲ
1688 2624 1786 2694 τὴν

208 2709 618 2780 ἐπιτεταμένην
646 2711 811 2779 εὐχὴν
860 2712 1067 2765 έκεῖνὸν
1105 2728 1165 2764 τε
1193 2713 1415 2776 ἐξωθεῖν
1461 2718 1553 2767 καὶ
1586 2716 1787 2777 ταύτας

209 2798 536 2867 καθαίρειν⁸
582 2802 675 2853 καὶ
706 2801 847 2869 μετά
875 2801 973 2872 τὴν
1010 2804 1310 2873 γενομένην
1342 2809 1454 2867 τοῖς
1480 2806 1664 2859 αὐτῶν
1699 2824 1787 2859 τε·

208 2889 489 2958 λεοτέροις
543 2892 840 2949 ἀπάθειαν.
897 2895 1187 2963 ὲπιφοιτᾷν
1247 2898 1431 2957 αὐτοῖς
1471 2899 1681 2967 ὁρατῶς
1726 2899 1787 2951 τὸ

209 2976 374 3043 ἅγιον
398 2980 645 3051 Πνεῦμα,
667 2984 759 3034 καὶ
787 2984 884 3051 τῆς
903 2983 1009 3037 τῶν
1037 2985 1223 3037 παθῶν
1244 2988 1512 3056 κινήσεως
1538 2988 1597 3039 τὸ
1627 2990 1785 3057 σῶμα

208 3070 555 3140 ἐλευθεροῦν,
589 3072 664 3135 ὠς
693 3075 889 3142 μηκέτι
919 3074 1105 3127 λοιπὸν
1128 3076 1333 3129 δεῖσθαι
1367 3079 1503 3147 μήτε
1533 3082 1785 3147 νησεείας

1886 612 2126 673 tradidit,
2158 612 2373 676 herbas,
2416 612 2638 668 arbores
2676 619 2731 665 et
2776 624 2972 679 aquam
3020 621 3108 662 res
3154 619 3276 658 esse
3345 605 3456 657 ani«

1886 712 2060 754 matas
2086 700 2381 755 allirtnans.

2124 794 2226 861 12
2284 791 2361 845 De
2396 790 2781 844 Valentiniani;
2836 787 2943 840 sive
2987 785 3244 840 Euchitt‘s.

1962 882 2321 939 Valentiniani
2376 898 2542 947 vero,
2576 898 2637 936 ea
2704 896 2824 950 quae
2879 878 3209 947 temporibus
3263 876 3461 929 Valen-

1891 974 1989 1028 tini
2022 985 2076 1029 et
2107 976 2347 1029 Valentis
2412 973 2697 1043 pullulatit
2752 983 2896 1026 secta
2930 969 3327 1037 Bugumilorum
3349 968 3463 1020 sive

1889 1067 2358 1131 Massalianorum,
2389 1080 2620 1135 quorum
2653 1078 2875 1127 nomen,
2898 1064 2942 1116 si
2978 1063 3031 1115 in
3060 1062 3296 1127 linguam
3316 1059 3463 1113 Cra--

1888 1174 2006 1213 cam
2042 1157 2419 1221 transferatur,
2466 1156 2726 1213 Euchitas
2754 1155 3039 1223 signiﬁcat.
3068 1153 3283 1221 Quippe
3319 1166 3463 1219 utag-

1890 1264 2018 1303 num
2071 1249 2212 1317 apud
2268 1263 2365 1301 eos
2412 1258 2497 1301 est
2549 1246 2882 1317 precationis
2940 1259 3158 1307 nomen,
3214 1258 3373 1311 quam
3409 1242 3461 1293 in

1892 1341 2083 1411 vulgus
2129 1340 2307 1395 eli'erri
2350 1348 2556 1394 vetant.
2590 1340 2867 1393 Vocantur
2913 1338 3077 1392 etiam
3127 1335 3196 1389 ab
3260 1335 3372 1404 ipsa
3406 1349 3464 1388 re

1893 1430 2289 1495 Enthusiastzr;
2337 1444 2463 1481 nam
2525 1429 2819 1497 agitatione
2880 1430 3142 1482 damonis
3190 1427 3460 1495 occupati.

1893 1528 2084 1590 putant
2113 1535 2231 1573 eam
2264 1534 2385 1574 esse
2420 1519 2657 1589 Spiritus
2701 1519 2893 1574 sancti.
2926 1520 3079 1584 Quod
3121 1519 3164 1573 si
3195 1533 3333 1588 quos
3367 1518 3463 1571 ista

1894 1614 2116 1666 morbus
2142 1627 2369 1680 prorsus
2397 1612 2677 1675 invaserit,
2704 1626 2958 1665 manuum
2994 1612 3209 1679 quidem
3247 1628 3462 1663 omnem

1893 1703 2135 1756 laborem
2171 1703 2335 1757 velut.
2395 1702 2594 1757 malum
2625 1712 2983 1763 aversantur;
3047 1717 3241 1755 somno
3279 1716 3387 1755 aun
3412 1719 3461 1755 ut

1895 1796 2217 1865 plerumque
2250 1811 2307 1850 se
2337 1796 2620 1860 dedentes,
2659 1810 2721 1849 ea
2753 1796 3091 1850 somniorum
3124 1797 3236 1849 visa
3268 1808 3464 1849 meant

1889 1889 2311 1944 enlhusiasmos.
2351 1888 2487 1942 Mala
2540 1888 2832 1958 perhibent
2861 1888 3130 1943 exsistere
3161 1897 3368 1941 natura.
3409 1898 3460 1939 et

1892 1982 1945 2034 in
1977 1982 2222 2051 quolibet
2272 1981 2492 2035 homine
2534 1979 2694 2034 simul
2727 1979 2973 2033 habitare
3025 1978 3278 2047 spiritum
3322 1978 3459 2030 diii-

1891 2088 2017 2126 nttm
2058 2087 2121 2126 ac
2149 2073 2475 2127 daamonem.
2529 2072 2734 2126 Pueros
2763 2071 2856 2135 qui
2886 2073 3120 2124 eduntur
3163 2071 3217 2123 in
3256 2071 3431 2123 lucem

1887 2180 1953 2218 ex
1985 2165 2163 2233 primo
2202 2171 2357 2232 patre
2390 2163 2618 2230 Adamo,
2652 2172 2709 2217 ut
2735 2171 3009 2229 naturam,
3044 2162 3116 2214 ita
3151 2161 3314 2216 etiam
3347 2176 3453 2214 seru

1887 2259 2110 2313 vitutetn
2138 2273 2266 2327 erga
2321 2258 2597 2311 daemonas
2639 2257 2890 2320 trahere;
2929 2256 3181 2325 adeoque
3226 2254 3453 2309 COIISt.b-

1886 2342 2196 2403 stantintum
2213 2356 2426 2419 gestare
2451 2346 2777 2413 daemonem,
2806 2345 2898 2416 qui
2930 2360 3054 2401 cum
3086 2345 3329 2415 quo'ibct
3367 2344 3461 2396 Ita»

1888 2442 2039 2506 bitet,
2074 2456 2139 2496 ac
2168 2440 2460 2510 imperium
2506 2439 2559 2494 in
2592 2455 2715 2493 eum
2757 2446 3029 2494 exerceat.
3083 2438 3150 2492 Et
3204 2437 3455 2506 baptismi

1888 2534 2104 2602 quidem
2159 2548 2250 2587 eas
2308 2548 2416 2587 non
2483 2546 2603 2587 esse
2658 2532 2849 2595 vires,
2921 2540 2980 2585 ut
3047 2531 3199 2585 illum
3268 2531 3426 2599 exprl

1888 2626 1996 2677 lere
2061 2623 2268 2692 possit,
2341 2630 2434 2675 aut
2501 2629 2851 2692 peccatorum
2914 2619 3128 2675 radices
3174 2620 3455 2683 evellere;

1887 2716 1980 2769 sed
2019 2717 2190 2768 solam
2224 2714 2358 2784 ipsis
2391 2713 2693 2783 injunctam
2740 2714 3128 2784 precationem,
3164 2724 3279 2769 tum
3303 2715 3456 2768 illum

1886 2807 2175 2875 expellere,
2210 2818 2322 2860 tum
2368 2806 2578 2862 radices
2638 2808 2800 2862 hasce
2854 2822 3110 2876 purgare.
3162 2805 3457 2875 Postquam

1888 2909 2068 2953 autem
2126 2896 2483 2968 perfectiores
2527 2898 2671 2952 inter
2716 2897 2866 2967 ipsos
2913 2907 3112 2952 statum
3172 2910 3456 2967 expertem

1888 2992 2178 3047 alfectuum
2218 2991 2518 3061 attigerint,
2553 2990 2816 3060 Spiritum
2854 2999 3103 3045 sanetum
3151 2989 3353 3060 aspect.
3378 2990 3455 3043 bi—

1890 3085 2011 3138 liter
2037 3099 2200 3152 super
2229 3097 2324 3137 eos
2352 3082 2535 3135 venire
2568 3082 2805 3141 tradunt,
2837 3090 2890 3133 ct
2908 3079 2977 3134 ab
3008 3079 3295 3134 aﬂ'ectuum
3324 3080 3428 3133 inci

210 3162 512 3232 πιεζούσης
557 3165 709 3229 αὐτὸ,
748 3168 885 3236 μήτε
915 3166 1263 3231 διδασκαλίας
1294 3172 1642 3239 χαλινούσης,
1691 3175 1783 3225 καὶ

1891 3177 2091 3230 tatiune
2120 3191 2317 3245 corpus
2346 3175 2419 3227 ita
2451 3174 2702 3237 liberare,
2737 3182 2792 3226 ttt
2818 3172 3073 3241 deinceps
3095 3187 3202 3226 non
3221 3173 3456 3242 amplius

213 3254 293 3323 μὴ
324 3255 530 3324 βαίνειν
579 3258 789 3311 ἄτακτα
824 3260 1222 3328 παιδευούσηςο
1279 3262 1340 3313 ού
1372 3261 1477 3330 μὴν
1526 3262 1661 3314 ἀλλὰ
1696 3266 1786 3315 καὶ

206 3348 569 3403 αἰσθάνεσθαι
624 3350 845 3414 τούτους
896 3354 995 3420 τῆς
1039 3353 1134 3405 τοῦ
1187 3355 1515 3423 ἐπουρανίου
1548 3356 1783 3423 νυμφίου

210 3442 525 3504 κοινωνίας,
553 3442 797 3513 ὥσπερὴ
828 3447 966 3513 γυνὴ
994 3446 1092 3511 τῆς
1122 3444 1216 3498 τοῦ
1251 3446 1539 3515 ἀνθρώπου
1593 3464 1783 3500 συνου-

210 3532 361 3595 σίας,
397 3536 494 3587 καὶ
510 3533 611 3602 τὴν
638 3534 797 3601 ἁγίαν
839 3534 1045 3604 Τριάδα
1076 3536 1356 3607 αἰσθητοῖς
1409 3540 1541 3607 ὁρᾷν
1586 3539 1785 3607 ὀφθαλ-

213 3626 360 3691 μοῖς,
396 3627 578 3694 μόνοις
605 3628 713 3696 γὰρ
743 3630 851 3690 τοῖς
894 3628 1155 3690 τοιούτοις
1198 3630 1288 3682 ὑπ’
1324 3630 1447 3698 ὄψιν
1491 3634 1785 3699 ἐμφανίζε-

212 3717 343 3771 σθαι
376 3718 605 3789 ταύτην,
637 3719 933 3772 κάντεῦθεν
978 3720 1048 3773 τὰ
1097 3721 1360 3788 μέλλοντα
1405 3718 1619 3783 τούτοις
1650 3741 1786 3793 προ-

214 3809 461 3864 ϐλέπειν.
483 3809 853 3880 Νομοθετοῦσι
876 3810 951 3881 μὴ
979 3812 1089 3864 δεῖν
1117 3812 1452 3880 μεταδιδόναι
1481 3817 1591 3877 τοῖς
1622 3833 1788 3885 προσ-

211 3900 484 3963 αιτοῦσιν,
523 3901 639 3954 ἀλλ’
671 3903 883 3963 ἑαυτοῖς
920 3903 1127 3971 μόνοις,
1158 3904 1387 3967 ἑαυτοὺς
1425 3901 1563 3957 εἶναι
1603 3907 1788 3974 λέγον·

210 4008 307 4054 τες
330 3993 584 4062 πτωχοὺς
606 3993 683 4063 τῷ
712 3994 1004 4062 πνεύματι,
1040 3994 1135 4056 οὓς
1168 3997 1195 4047 ὁ
1219 3995 1424 4064 Κύριος
1454 3997 1782 4067 ὲμακάρισε’

211 4081 409 4135 λύουσι
461 4085 588 4146 τοὺς
645 4086 857 4154 γάμους
879 4102 895 4119 ⁶
958 4086 1248 4155 ὀμνύουσιν
1284 4087 1456 4150 ἀδεῶς
1486 4090 1576 4140 καὶ
1605 4092 1790 4160 ἐπιορ-

213 4175 376 4226 κοῦσι
397 4187 412 4201 ⁸
445 4178 542 4229 καὶ
591 4174 758 4243 ἒτερα
793 4177 961 4244 μυρία
991 4176 1379 4246 τερατεύονται
1407 4181 1503 4232 καὶ
1544 4198 1785 4251 παρανο-

214 4266 437 4334 μοῦσιν,
491 4266 527 4322 ἂ
581 4272 675 4324 καὶ
731 4269 995 4338 φιλοθέων
1046 4273 1237 4333 ἀκοαῖς
1297 4272 1650 4342 παραδιδόναι
1688 4276 1784 4328 οὐκ

210 4360 433 4427 ευαγές.

713 4454 852 4522 Περὶ
889 4456 1250 4525 Βογομίλων.

1888 3278 2044 3336 egeat
2096 3268 2307 3335 jejunio
2363 3282 2469 3334 quo
2531 3273 2827 3335 prematur,
2886 3280 2985 3319 nec
3038 3265 3287 3319 d0etrina
3337 3282 3457 3334 qua:

1890 3360 2101 3413 frenum
2143 3358 2370 3441 injiciat,
2406 3367 2461 3411 et
2487 3357 2702 3412 erudiat
2739 3371 2806 3411 ne
2857 3357 3096 3411 ambulet
3128 3350 3451 3411 inordinate.

1888 3444 2196 3510 Quinetiam
2246 3461 2304 3500 sc
2342 3446 2783 3500 communionem
2840 3461 2963 3499 cutn
2992 3446 3205 3501 cwlesti
3254 3462 3457 3516 sponso

1888 3543 2089 3597 sentire
2116 3542 2323 3605 dicunt,
2378 3542 2839 3610 quemadmodum
2894 3536 3089 3596 mulier
3144 3543 3322 3596 mariti
3372 3544 3455 3598 sui

1887 3634 2297 3698 commercium,
2355 3645 2407 3687 et
2458 3644 2700 3687 sanetam
2750 3632 3067 3688 Trinitatem
3104 3636 3457 3689 sensibilihus

1888 3726 2061 3781 oculis
2097 3726 2281 3780 ridere
2334 3726 2424 3796 (iis
2460 3725 2605 3780 enim
2640 3725 2770 3780 solis
2802 3726 2891 3780 illa
2927 3726 3030 3782 sub
3058 3728 3230 3781 visum
3267 3728 3454 3798 cadit).

1888 3833 1951 3871 ac
1982 3817 2103 3872 inde
2136 3817 2315 3871 futura
2347 3818 2683 3886 ptostticere.
2736 3820 2930 3873 Vetant
2966 3820 3119 3889 quasi
3155 3821 3356 3882 edicto.
3386 3838 3457 3875 ne.

1887 3910 2010 3976 quis
2042 3909 2245 3979 aliquid
2273 3910 2709 3965 mendicantibus
2730 3910 3011 3980 largiatur.
3035 3912 3136 3965 nisi
3162 3912 3278 3966 suis
3311 3913 3421 3967 dun
3443 3943 3455 3955 -

1890 4011 2056 4065 taxat,
2102 4016 2221 4054 cum
2270 4015 2391 4055 sese
2425 4000 2607 4054 dicant
2632 4016 2751 4055 esse
2784 4000 2905 4055 illus
2940 4001 3130 4071 Spiritu
3191 4018 3456 4072 pauperis

1888 4107 2025 4161 quos
2055 4092 2313 4146 Dominus
2340 4094 2525 4147 beatus
2550 4092 2885 4161 praedicarit.
2919 4093 3320 4147 Matrimonium
3345 4095 3454 4147 sol-

1887 4194 2043 4247 vunt,
2083 4183 2352 4253 intrepide
2378 4185 2564 4253 jurant
2607 4194 2663 4239 et
2710 4185 2952 4253 pejeraut
2984 4203 2998 4239 :
3028 4195 3081 4240 et
3112 4186 3316 4239 inliuita
3353 4187 3454 4240 alia

1891 4285 2140 4346 portenta
2192 4278 2702 4341 comminiscuntur,
2736 4279 3142 4346 adtnittuntqne
3189 4280 3453 4341 facinora,

1891 4385 2009 4439 qua:
2032 4368 2128 4422 Dei
2159 4369 2456 4423 amantium
2494 4371 2722 4424 auribus
2750 4370 2948 4423 olTerre
2973 4371 3123 4424 nefas
3149 4383 3308 4425 esst-t.

2467 4459 2546 4514 De
2565 4459 2876 4529 Bogomt’lt's.

299 4545 360 4601 ἸΙ
394 4547 453 4601 δὲ
478 4546 587 4599 τῶν
608 4546 922 4615 Βογομίλων
960 4524 1177 4618 αἵρεσις*
1201 4552 1262 4602 οὐ
1291 4551 1398 4620 πρὸ
1430 4550 1628 4603 πολλοῦ
1657 4569 1782 4605 συν-

1964 4550 2118 4604 Secta
2166 4562 2347 4620 autem
2388 4551 2786 4620 Bogontilorum
2835 4568 2938 4604 non
2974 4554 3140 4606 multo
3190 4565 3315 4607 ante
3359 4572 3451 4604 tm“

211 4640 346 4706 έστη
379 4639 478 4705 τῆς
523 4638 646 4690 καθ’
680 4640 828 4706 ἡμᾶς
882 4642 1093 4706 γενεᾶς.
1144 4641 1310 4711 μέρος
1342 4642 1478 4695 οῦσα
1524 4645 1624 4711 τῆς
1674 4645 1783 4697 τῶν

212 4729 641 4792 Μασσαλιανῶν,
679 4732 771 4781 καὶ
795 4734 1191 4803 συμφερομένη
1215 4734 1281 4785 τὰ
1312 4735 1481 4786 πολλὰ
1507 4738 1618 4797 τοῖς
1641 4736 1785 4788 ὲκεί-

212 4840 323 4875 νων
360 4822 629 4889 δόγμασιν
653 4836 668 4851 ·
723 4820 839 4874 ἔστι
872 4822 930 4874 δὲ
959 4822 993 4875 ἀ
1050 4824 1145 4875 καὶ
1199 4825 1657 4894 προσεξευροῦσα,
1691 4827 1784 4879 καὶ

212 4915 317 4983 τὴν
343 4913 528 4981 λύμην
557 4912 859 4983 αύξήσασα.
891 4914 990 4981 Εῖη
1013 4915 1058 4967 δ’
1084 4915 1149 4967 ἂν
1172 4916 1489 4985 Βογόμιλος,
1520 4921 1657 4970 κατᾶ
1682 4919 1783 4986 τὴν

210 5006 321 5059 τῶν
352 5005 557 5060 Μυσῶν
579 5005 853 5073 γλῶσσαν,
886 5008 914 5058 ὁ
938 5005 1031 5058 τοῦ
1062 5006 1198 5059 Θεοῦ
1245 5007 1335 5059 τὸν
1366 5008 1517 5060 ἔλεον
1541 5008 1783 5061 ἐπισπώ-

217 5114 381 5166 μενος
401 5114 414 5127 ·
445 5097 552 5164 Βδγ
580 5097 687 5165 γὰρ
711 5097 962 5149 καλεῖται
991 5098 1123 5166 παρ’
1152 5099 1333 5161 αὐτοῖς
1362 5101 1390 5151 ὁ
1417 5100 1571 5163 Θεὸς,
1601 5101 1780 5169 μίουλι

212 5188 290 5248 δὲ.
325 5189 355 5240 ὁ
386 5187 566 5249 ἔλεοςο
599 5180 743 5240 οὗτοι
776 5188 876 5250 τὰς
902 5189 1004 5257 τῆς
1042 5189 1283 5251 Παλαιᾶς
1316 5191 1409 5243 καὶ
1432 5192 1640 5260 Καινῆς
1660 5190 1784 5244 ἀθε-

213 5279 367 5333 τοῦσι
425 5279 659 5347 βίϐλους,
719 5280 857 5349 μετά
893 5279 990 5333 τοῦ
1045 5280 1104 5332 έν
1135 5282 1329 5344 αὐταῖς
1386 5284 1779 5351 γεγραμμένου

214 5371 373 5437 Θεοῦ,
434 5372 509 5434 ὡς
567 5373 689 5425 κατ’
740 5374 1027 5426 ἐπίπνοιαν
1068 5374 1371 5442 γραφείσας
1418 5373 1512 5426 τοῦ
1544 5376 1777 5437 Σατανᾶ,

214 5464 356 5531 πλὴν
388 5462 567 5532 μόνων
594 5464 752 5525 ἑπτὰ,
783 5457 857 5517 ὧν
889 5466 1004 5516 ἐστι
1035 5466 1211 5518 κα“ι’τδ
1242 5465 1573 5532 Εὐαγγέλιον
1601 5483 1614 5495 ·
1644 5483 1782 5535 παρ-

213 5553 580 5623 ερμηνεύουσι
601 5553 658 5607 δὲ
684 5556 780 5607 καὶ
805 5555 1010 5617 ταύτας
1052 5555 1393 5625 βλασφήμοις
1434 5558 1662 5621 ἐννοίαις
1689 5558 1782 5612 καὶ

218 5648 512 5714 μυσαραῖς,
538 5646 790 5714 καὶπρὸς
812 5645 872 5697 τὸ
899 5645 1086 5698 δοκοῦν
1115 5646 1298 5710 αὐτοῖς
1360 5647 1778 5717 μεταφέρουσιν·

215 5736 542 5804 ἀτιμάζουσι
568 5737 659 5789 τὸν
690 5737 833 5789 θεῖον
856 5737 1111 5807 σταυρὸν,
1134 5738 1210 5799 ὡς
1231 5739 1522 5809 ἀναιρετην
1547 5737 1642 5790 τοῦ
1672 5741 1781 5791 Κυ-

221 5825 333 5894 ρίου
355 5843 368 5857 ⁸
402 5827 482 5880 ἔτι
508 5827 562 5881 δὲ
591 5828 687 5881 καὶ
730 5830 829 5897 τὴν
855 5827 1089 5898 φρικτὴν
1124 5827 1435 5899 ἱερουργίαν
1467 5826 1561 5881 τοῦ
1588 5828 1779 5881 δεσπο-

1887 4652 2052 4695 stram
2086 4651 2299 4693 aetatem
2323 4655 2442 4694 esse
2459 4640 2641 4707 carpit,
2675 4654 2736 4693 ac
2766 4655 2891 4708 pars
2918 4644 3164 4709 quaedam
3188 4651 3264 4694 est
3293 4655 3452 4696 secta:

1890 4733 2057 4785 Massa
2084 4733 2355 4793 iauorum,
2382 4740 2437 4785 et
2484 4732 2538 4785 in
2593 4733 2870 4799 p'erisque
2902 4748 3025 4786 cum
3066 4733 3278 4786 illorum
3322 4734 3447 4800 (itth

1890 4824 2050 4877 matis
2089 4824 2365 4878 consentit
2420 4841 2435 4876 :
2486 4838 2609 4877 cum
2668 4832 2930 4889 praeterea
2987 4825 3233 4891 quaedam
3286 4823 3449 4875 etiam

1888 4915 2182 4975 invenerit.
2246 4929 2310 4968 ac
2370 4924 2576 4983 pestem
2644 4913 2948 4966 adauxerit.
3013 4887 3222 4966 Diciiur
3270 4923 3449 4968 autem

1888 5010 2068 5076 lingua
2098 5006 2372 5077 Mysorum
2404 5006 2734 5071 Bogomilus,
2766 5004 2860 5073 qui
2895 5005 2986 5057 Dei
3018 5004 3446 5059 misericordiam

1886 5100 1986 5155 sibi
2010 5098 2283 5153 conciliat.
2319 5099 2587 5165 Bogenitn
2626 5096 2774 5166 apud
2802 5111 2918 5161 eos,
2950 5096 3091 5150 Deus
3119 5103 3365 5159 vocatur,
3393 5105 3451 5148 et

1885 5190 2090 5252 bliouli,
2152 5188 2547 5242 misericoruia.
2584 5179 2665 5239 Hi
2723 5185 3054 5240 Testatnenti
3118 5184 3333 5239 Veteris
3392 5196 3447 5238 ct

1883 5278 2020 5333 Novi
2053 5278 2240 5342 libros,
2272 5293 2375 5330 una
2399 5293 2523 5329 cum
2557 5278 2873 5345 praescripto
2924 5276 2978 5328 in
3016 5274 3083 5328 iis
3111 5275 3245 5340 Deo,
3284 5276 3446 5329 abro-

1884 5380 2030 5439 gant,
2065 5371 2210 5422 velut
2245 5368 2424 5421 alllatn
2466 5369 2681 5423 Satanae
2718 5378 2995 5433 exaratos,
3042 5367 3284 5436 exceptis
3306 5368 3443 5422 duu-

1886 5471 2029 5514 taxat
2061 5468 2286 5527 septem.
2318 5460 2460 5513 inter
2479 5474 2614 5527 quos
2651 5471 2735 5512 est
2761 5469 2815 5512 et
2849 5459 3025 5528 ipsum
3052 5458 3439 5528 Evangelium:

1884 5567 2067 5607 verum
2111 5554 2212 5606 bos
2244 5553 2392 5620 ipsos
2426 5566 2645 5620 quoque
2682 5552 2814 5606 falsa
2847 5551 3295 5620 interpretatione
3319 5569 3432 5607 cor-

1883 5652 2163 5713 rumpunt,
2183 5652 2236 5696 et
2266 5642 2596 5711 blasphemis
2617 5656 2680 5695 ac
2710 5640 2957 5696 scelestis
2991 5640 3356 5696 intellectibus
3377 5642 3440 5695 ad

1882 5735 1933 5788 id
1964 5734 2103 5803 quod
2137 5734 2268 5802 ipsis
2292 5734 2525 5797 videtur,
2555 5740 2887 5799 pervertunt.
2908 5730 3209 5800 Ignominia
3226 5746 3442 5786 crucem

1883 5841 2089 5882 sacram
2125 5825 2380 5891 alliciunt,
2414 5824 2580 5880 veluti
2621 5838 2742 5893 qua:
2793 5822 3085 5880 Dominum
3125 5823 3437 5894 pet-emerit,
