4198 6448
767 349 911 419 1043

1955 362 2325 423 ΜᾹΤΤΗΑΞΙ
2366 365 2797 425 BLASTARIS

3866 363 4005 427 ιω

761 464 1000 534 itemque
1041 462 1383 518 fortnidabi'e
1422 477 1633 519 sacrum
1684 464 1949 520 Doniinici
2002 469 2249 537 corporis
2279 479 2326 522 et

2436 469 2587 522 τικοῦ
2640 471 2889 537 σώματος
2940 470 3033 523 καὶ
3085 471 3338 539 αἵματος.
3369 469 3475 521 τῶν
3508 470 3862 523 ἐνοιιιοῦντων
3888 475 4005 529 τοῖς

760 556 1065 624 sanguinis,
1123 554 1268 623 quod
1316 554 1731 609 inhabitantium
1775 557 1970 625 templa
2020 558 2325 611 daemonum

740 647 994 700 hostiam
1038 646 1348 713 appellant;
1394 646 1549 701 aiunt
1597 647 1743 701 enim
1776 647 1828 700 in
1867 648 2124 702 omnibus
2155 650 2328 705 sacris

740 738 978 807 “templis
1029 737 1277 792 habitare
1323 738 1617 792 daemonas.
1685 738 2017 808 Baptismum
2075 752 2325 793 nostrum

755 831 983 886 Joannis
1002 829 1336 899 baptismum
1354 839 1573 891 vocant,
1597 846 1755 884 suum
1779 840 1979 893 autem,
2000 831 2324 900 baptismum

758 922 1103 982 Servatoris;
1140 921 1357 974 unicam
1400 920 1772 990 precationem
1814 920 1960 973 i'lam
2000 932 2323 989 agnoscunt,

758 1013 923 1067 Pater
950 1020 1152 1075 noster;
1188 1020 1415 1064 czeteras
1447 1014 1730 1079 abrogant,
1774 1020 1829 1063 et
1854 1012 2100 1065 inutilem
2133 1026 2325 1079 garru-

757 1102 960 1154 litatem
988 1100 1281 1169 appellant.
1312 1099 1571 1167 Deiparos
1600 1109 1798 1153 vocant
1823 1117 1917 1154 eos
1942 1102 2030 1169 qui
2054 1102 2328 1155 cuisten-

758 1203 865 1246 tem
888 1194 1027 1260 apud
1079 1192 1222 1259 ipsos
1276 1191 1507 1245 incolam
1555 1192 1835 1245 consecuti
1884 1201 2011 1246 sunt
2061 1194 2325 1261 Spiritum

758 1294 1029 1345 sanctum,
1062 1285 1227 1337 veluti
1259 1284 1350 1352 qui
1389 1299 1694 1337 sermonem
1716 1285 1769 1337 iit
1802 1285 2049 1338 docendo
2078 1286 2323 1354 gignant.

755 1374 870 1429 Non
912 1375 1077 1428 modo
1107 1391 1205 1444 per
1251 1377 1519 1444 quietem,
1574 1390 1761 1429 verum
1811 1377 1976 1430 etiam
2042 1377 2327 1444 vigilantes

756 1464 941 1517 videre
970 1460 1027 1516 se
1064 1465 1274 1517 Patrem
1302 1465 1614 1530 perhibent,
1649 1475 1708 1517 ut
1738 1480 1925 1519 senem
1959 1466 2115 1536 cujus
2140 1466 2328 1518 admo-

755 1554 884 1607 dum
913 1556 1118 1623 prolixa
1152 1556 1318 1609 barba
1345 1557 1437 1619 sit,
1468 1555 1664 1611 Filium
1697 1559 1933 1612 similem
1967 1560 2016 1612 ei
2054 1559 2146 1626 qui
2180 1558 2329 1611 lanu-

758 1647 937 1717 ginem
973 1647 1199 1713 primam
1226 1661 1418 1701 recens
1441 1649 1754 1714 mutaverit,
1781 1649 2047 1717 Spiritum
2076 1658 2326 1702 sanctum

760 1736 1092 1803 utjuvenem
1128 1738 1303 1792 nudas
1351 1739 1644 1792 admodum
1672 1739 1773 1808 13
1810 1753 1979 1809 genas
2009 1738 2323 1801 habentem,

2435 562 2583 623 ναοῖς
2629 561 2899 629 δαιμόνων
2964 558 3151 613 Θυσίαν
3199 558 3404 628 ταύτην
3439 557 3845 616 ἀποκαλοῦντες
3872 578 3885 587 ·
3918 560 4005 609 λέ-

2433 666 2589 716 γουσι
2640 651 2748 721 γὰρ
2805 650 2864 702 ἐν
2892 651 3023 701 πᾶσι
3050 651 3165 711 τοῖς
3214 648 3376 717 ἱεροῖς
3405 650 3553 710 ναοῖς
3576 648 3700 710 τοὺς
3737 648 4003 715 Enipeu:

2434 744 2743 794 κατοικεῖν’
2806 742 2902 793 καὶ
2955 742 3014 793 τδ
3066 741 3167 809 μὲν
3210 739 3341 808 παρ’
3380 742 3514 809 ἡμῖν
3557 741 3843 809 βάπτισμα
3908 740 4003 792 te;

2416 833 2691 907 ,Ἰωάννου
2718 832 2985 899 λέγοντες,
3016 832 3077 884 τδ
3108 832 3162 886 δὲ
3198 831 3329 900 παρ’
3357 833 3564 893 αὐτοῖς,
3594 832 3689 910 tot?

2434 927 2603 993 μόνην
2634 924 2960 991 ὀνομάζουσι
3002 924 3307 993 προσευχὴν
3334 923 3414 985 τὸ,
3462 923 3644 991 Πάτερ
3669 924 3861 990 ἡμῶν,
3902 927 4001 979 ei:

2430 1016 2476 1068 δ’
2503 1017 2668 1078 ἄλλας
2706 1014 2981 1075 ἁθετοῦσι,
3014 1014 3367 1082 βαττολοτίαν
3394 1013 3817 1075 ἀποκαλοῦντες.
3863 1013 4000 1064 Θεαι-

2430 1108 2621 1170 τόκους
2650 1107 2870 1173 λέγουσι
2924 1108 3050 1168 τοὺς
3080 1107 3208 1175 παρ’
3242 1106 3424 1167 αὐτοῖς
3476 1106 3682 1156 ἔνοικον
3717 1107 4001 1172 κτησαμέ-

2432 1215 2552 1260 νους
2580 1199 2639 1250 τὸ
2668 1199 2823 1263 ἆγιον
2854 1197 3095 1260 Πνεῦία,
3150 1199 3225 1260 ὡς
3253 1198 3317 1249 ἂν
3336 1197 3427 1249 τὸν
3468 1197 3623 1262 λόγον
3653 1199 3711 1248 ἐν
3739 1196 3815 1263 τῷ
3850 1197 3999 1247 δι.δὰ-

2434 1306 2584 1340 σκειν
2614 1289 2937 1355 γεννῶντας.
2970 1289 3234 1354 Λέγουσιν
3265 1289 3325 1340 οὑ
3360 1289 3522 1356 μόνον
3548 1288 3701 1354 ὄναρ,
3744 1288 3882 1339 ἀλλὰ
3912 1291 3999 1337 καὶ

2432 1377 2582 1447 ὕπαρ
2615 1379 2852 1448 βλέπειν,
2876 1380 2965 1432 τὸν
2995 1379 3093 1448 μὲν
3124 1379 3366 1447 Πατέρα,
3411 1378 3487 1439 ὡς
3534 1378 3766 1446 γέροντα
3816 1378 4002 1428 καθει-

2435 1471 2595 1538 μένον
2625 1470 2824 1531 ἱκανῶς
2844 1471 2941 1537 τὴν
2962 1470 3195 1539 ὑπήνην,
3231 1470 3323 1521 τὸν
3353 1469 3405 1524 δὲ
3436 1470 3585 1529 Υίδν,
3621 1471 3747 1537 ἄρτι
3772 1470 3869 1521 τὸν
3896 1470 4002 1519 Ξου-

2429 1561 2521 1613 λον
2541 1562 2935 1631 παραμείϐοντι
2984 1562 3227 1614 ἐοικότα’
3267 1562 3328 1615 τὸ
3374 1561 3431 1614 δὶ
3459 1561 3612 1628 ἆγιον
3642 1561 3895 1628 Πνεῦμα,
3927 1561 3999 1622 ὡς

2432 1653 2648 1705 νεανίαν
2668 1653 2853 1715 δεινίῖις
2882 1652 3219 1723 ἐψιλωμένον
3247 1654 3346 1715 τὰς
3379 1653 3636 1722 παρειὰς,
3671 1653 3783 1703 τῶν
3809 1653 4003 1718 δαιμὸο

2431 1758 2539 1794 νων
2572 1742 2743 1805 οὕτως
2773 1743 3171 1806 ἐξαπατώντων
3224 1744 3444 1809 αὐτοῦς,
3485 1743 3579 1795 καὶ
3610 1742 3996 1801 διδασκόντων,

759 1828 1097 1882 άειιιοιιίὺυε
1130 1829 1200 1882 ita
1243 1843 1337 1883 eos
1368 1830 1943 1892 circunivenientibus,
2004 1840 2058 1885 et
2090 1833 2326 1899 inaequa-

2430 1832 2612 1884 ἄνισον
2644 1828 2903 1903 εἶναιτὴν
2931 1834 3089 1902 ἁγίαν
3110 1834 3315 1904 Τριάὸα
3343 1834 3485 1887 κατὰ
3515 1834 3613 1903 τὴν
3646 1834 3753 1885 τῶν
3786 1835 3994 1901 σχημά-

758 1919 864 1972 lem
925 1935 1047 1975 esse
1103 1929 1347 1974 sanctam
1397 1921 1716 1975 Trinitatem
1768 1921 2112 1984 docentibus,
2168 1922 2325 1987 juxta

757 2010 1049 2066 discrimen
1082 2012 1273 2065 harttm
1310 2012 1626 2081 ﬁgurarum.
1671 2011 1879 2068 Omitto
1932 2012 2084 2083 plura
2134 2013 2325 2067 horum

757 2110 813 2155 et
869 2102 1323 2159 Massalianorum
1374 2105 1540 2174 impia
1594 2108 1870 2175 dogmata.
1936 2121 2007 2160 ne
2059 2106 2324 2160 lectorum

758 2209 921 2249 aures
957 2197 1190 2265 amplius
1220 2196 1513 2251 obtundam
1554 2215 1569 2251 :
1597 2198 1691 2266 qui
1727 2211 1857 2251 vero
1887 2198 2201 2253 eorumdem
2235 2199 2325 2252 de-

759 2287 877 2341 liria
904 2303 1007 2341 non
1042 2288 1093 2340 in
1134 2288 1387 2351 transitu,
1440 2288 1535 2343 sed
1573 2289 1789 2358 penitus
1814 2304 2141 2360 cognoscere
2170 2289 2323 2352 velit,

760 2378 956 2433 librum
987 2379 1052 2433 ile
1079 2378 1147 2439 iis
1176 2387 1495 2433 tractantem
1527 2379 1788 2447 revolvat,
1820 2390 1879 2435 et
1904 2379 2107 2436 clarius
2133 2380 2324 2437 eadem

752 2474 1071 2544 perspiciet.

832 2565 1055 2633 Insuper
1105 2565 1136 2615 7
1180 2580 1280 2620 nec
1330 2580 1436 2619 non
1486 2564 1518 2619 8
1559 2580 1729 2620 canon
1766 2566 1955 2637 synodi
2004 2566 2325 2623 Laodicenat

758 2674 855 2713 eos
908 2658 997 2727 qui
1017 2674 1080 2712 ex
1110 2659 1303 2713 haeresi
1332 2658 1625 2729 Phrygum.
1647 2660 1713 2711 de
1728 2659 1926 2727 quibus
1941 2668 2098 2714 antea
2121 2660 2322 2713 dictum

756 2757 843 2806 est
870 2758 1281 2811 convertuntur,
1314 2749 1562 2815 quamvis
1607 2750 1657 2799 iu
1696 2749 1842 2802 clero
1863 2763 1984 2803 esse
2009 2749 2327 2802 existiman-

760 2852 869 2895 tttr.
906 2849 962 2893 ct
1002 2839 1223 2893 maximi
1276 2842 1416 2907 apud
1478 2839 1600 2893 illos
1644 2839 1921 2902 dicuntur,
1970 2847 2028 2891 ut
2059 2840 2150 2907 qui
2192 2839 2327 2892 alios

762 2931 1115 2990 auteccllant,
1149 2942 1203 2983 et
1226 2931 1367 2984 inter
1392 2945 1486 2985 eos
1503 2933 1785 2985 doctorum
1814 2932 2061 2985 ordinem
2085 2938 2323 2995 teneant,

760 3020 1083 3089 tebaptizari
1104 3022 1307 3074 volunt.

837 3112 903 3165 Ut
945 3127 1050 3163 uno
1080 3114 1246 3166 verbo
1278 3113 1480 3177 dicam,
1513 3128 1704 3167 omnes
1747 3115 1840 3182 qui
1883 3115 1949 3167 ab
1981 3112 2327 3168 heterodoxis

760 3219 867 3257 una
900 3202 1248 3257 immersioue
1268 3205 1631 3273 baptizantur,
1653 3215 1707 3259 et
1730 3208 1793 3258 ad
1822 3206 2116 3261 Ecclesiam
2137 3208 2328 3259 catho-

764 3297 917 3349 licam
951 3298 1238 3359 accedunt,
1291 3299 1430 3351 sacri
1463 3312 1701 3351 canones
1733 3299 1929 3352 iterum
1978 3298 2331 3366 baptizanilos

760 3401 884 3439 esse
915 3386 1239 3441 decernunt.

832 3479 974 3544 Quin
1024 3490 1076 3533 et
1120 3479 1406 3544 praidictus
1459 3495 1579 3550 syn.
1632 3495 1667 3534 tt
1713 3496 1837 3534 can.
1876 3483 1932 3544 ‘l,
1970 3481 2022 3534 in
2050 3485 2226 3550 capite
2267 3481 2333 3536 de

760 3572 1061 3625 orthodoxa
1101 3573 1224 3632 liile,
1257 3572 1592 3625 anathemati
1628 3572 1848 3640 subjicit
1909 3582 2111 3627 sectam
2148 3571 2332 3627 F.qu-

761 3664 1065 3716 mianoruui
1096 3666 1208 3716 sive
1240 3662 1704 3729 Euiloxiauorum,
1738 3679 1837 3718 nec
1874 3680 1979 3718 non
2035 3664 2331 3718 Semiaria-

765 3769 956 3808 norum
1013 3754 1130 3806 sive
1201 3754 1441 3822 Spiritus
1512 3756 1686 3811 sancti
1753 3756 2218 3819 adversariorum,
2278 3760 2337 3811 et

762 3846 1219 3910 Sabelliauorum,
1254 3857 1310 3901 et
1345 3847 1837 3914 Marcellianorum,
1887 3858 1943 3904 et
1979 3848 2335 3904 PliOtiniano-

765 3952 905 3997 rum.
943 3946 997 3991 et
1024 3938 1556 4007 Apollinaristarum.

844 4024 851 4030 ’
1359 4029 1433 4081 De
1465 4027 1729 4083 Eudoxio.

836 4118 913 4171 De
941 4119 1292 4175 Eunumiauis
1314 4122 1517 4174 dictum
1546 4122 1838 4208 est..lidem
1860 4133 2040 4177 autem
2068 4122 2337 4177 Eudoxia.

768 4210 821 4265 ni
867 4211 1227 4277 vocabantur,
1285 4212 1352 4265 ab
1393 4212 1639 4268 Eudoxio
1686 4215 1946 4283 quodam,
1994 4215 2180 4268 eadem
2230 4228 2331 4282 qua

768 4302 1071 4359 Eunmuius
1101 4303 1293 4356 haeresi
1326 4304 1593 4369 infectus;
1618 4306 1708 4373 qui
1743 4320 1866 4359 cum
1891 4315 2037 4359 esset
2066 4304 2336 4359 Constan-

766 4391 1158 4459 tinopolitanus
1187 4393 1496 4462 episcopus,
1528 4393 1861 4451 Eunomium
1899 4392 2080 4465 Cyzici
2108 4393 2332 4464 pontiﬁ-

766 4498 882 4535 cem
902 4482 1208 4537 constituit.

1358 4573 1435 4630 De
1462 4578 1744 4632 Anoman's.

837 4664 903 4719 lii
940 4667 1104 4719 etiam
1158 4665 1407 4721 Auommi
1442 4669 1888 4733 nominabantur,
1916 4667 2058 4738 quod
2092 4668 2335 4721 dicerent

768 4755 961 4815 Filium
993 4768 1047 4811 et
1087 4757 1346 4827 Spiritum
1402 4769 1649 4813 sanctum
1709 4762 1909 4814 nullam
1969 4776 2090 4815 cum
2152 4760 2332 4821 Patre.

767 4848 943 4918 quoad
978 4848 1357 4911 substantiam,
1381 4851 1789 4905 similitudinem
1831 4853 2032 4906 habere

1298 4940 1375 4994 De
1423 4943 1807 4998 Marcellianis.

841 5029 1002 5084 Secta
1044 5039 1222 5084 autem
1258 5028 1725 5086 Marcellianorum
1788 5034 2075 5103 quemdam
2106 5032 2334 5089 Marcel-

767 5119 878 5173 lum
929 5120 1197 5178 haereseos
1256 5130 1532 5174 auctorem
1592 5121 1803 5186 habuit,
1868 5124 1957 5191 qui
2007 5138 2071 5176 ex
2122 5124 2331 5194 Ancyra

768 5210 1001 5265 Galatiae
1046 5213 1177 5266 urbe
1213 5213 1501 5275 oriundus,
1546 5213 1785 5279 ejusdem
1822 5216 2109 5283 episcopus
2159 5227 2275 5271 erat
2316 5233 2330 5267 :

770 5304 1022 5370 idemque
1046 5301 1186 5370 quod
1219 5306 1505 5372 praedictus
1535 5306 1803 5360 Sabellius
1831 5308 2118 5363 sentiebat.

1366 5396 1442 5452 De
1496 5397 1737 5454 Photiuo.

846 5491 1155 5548 Pbotiniani
1209 5498 1387 5543 autem
1448 5504 1475 5542 a
1542 5490 1772 5543 Pbotino
1835 5492 2333 5546 denominationem

772 5583 1099 5643 habuerunt,
1141 5580 1228 5649 qui
1268 5593 1333 5631 ex
1375 5578 1574 5633 Sirmio
1621 5583 1837 5649 quidem
1888 5582 2171 5642 oriundus,
2228 5582 2336 5637 illic

774 5676 1142 5742 episcopatum
1180 5672 1369 5738 gessit,
1404 5681 1457 5725 et
1491 5672 1541 5723 iu
1574 5674 1760 5725 eadem
1794 5672 2049 5741 opinione
2100 5673 2198 5726 fuit
2227 5689 2331 5743 qua

781 5766 1061 5839 praedictus
1091 5762 1284 5822 Paulus
1311 5763 1715 5818 Samosntenns.

2428 1941 2539 1975 των
2568 1924 2774 1976 τούτων
2814 1924 3099 1992 διαφοράν.
3149 1925 3259 1977 Καὶ
3284 1925 3353 1976 τά
3381 1924 3551 1976 πλείω
3590 1924 3869 1990 παρείσθω
3908 1942 3997 1992 μοι

2426 2016 2526 2084 τῆς
2584 2014 2788 2068 τούτων
2831 2016 3047 2084 καὶτῆς
3098 2016 3207 2069 τῶν
3235 2015 3629 2069 Μασσαλιανῶν
3657 2015 3996 2079 δυσσεόείας,

2427 2105 2516 2157 ἵνα
2552 2103 2626 2174 μὴ
2658 2106 2749 2156 ἐπὶ
2777 2104 3031 2157 πλεῖστον
3060 2105 3156 2165 τάς
3205 2105 3313 2157 τῶν
3362 2105 3803 2173 ἐντυγχανόντων
3831 2106 3999 2157 ἀκοὰς

2426 2198 2708 2249 ἀποκναίω
2732 2214 2747 2227 ⁸
2775 2197 2922 2257 ὅστις
2948 2197 3003 2256 δὲ
3030 2199 3105 2266 μὴ
3130 2200 3187 2248 ἐν
3217 2198 3482 2267 παρέργῳ
3503 2180 3629 2258 τοὺς
3650 2197 3831 2249 αὐτῶν
3856 2197 3998 2261 γνῶ-

2427 2306 2516 2343 ναι
2549 2288 2794 2359 βούλεται
2849 2289 3067 2359 λήρους,
3101 2290 3201 2358 τὴν
3248 2292 3375 2358 περὶ
3422 2290 3628 2342 τούτων
3690 2289 3997 2353 διεξιοῦσαν

2429 2380 2612 2453 βίϐλον
2637 2380 2975 2445 ἀνελιττίτω,
2999 2382 3091 2434 καὶ
3132 2380 3461 2451 σαφέστερον
3494 2382 3719 2435 τίσεται.
3794 2454 3806 2466 ⁸

2512 2556 2675 2610 Ἀλλὰ
2697 2559 2790 2611 καὶ
2826 2559 2855 2610 ό
2888 2555 2933 2620 ζ’
2962 2557 3160 2619 κανὼν,
3194 2559 3274 2612 ἔτι
3300 2560 3354 2612 δέ
3391 2561 3479 2612 καὶ
3504 2562 3531 2612 ό
3556 2567 3605 2630 η’
3631 2561 3730 2628 τῆς
3771 2563 3831 2615 ἐν
3859 2566 3996 2616 Λαο-

2426 2652 2605 2723 δικείᾳ
2638 2652 2876 2714 συνόδου,
2905 2653 3030 2713 τοὺς
3063 2654 3482 2721 ἐπιστρίςοντας
3512 2655 3620 2705 τῶν
3646 2657 3984 2727 προρρηθέν-

2427 2762 2537 2799 των
2583 2744 2832 2813 Φρυγῶν,
2870 2746 2918 2796 εί
2951 2744 3045 2797 καὶ
3072 2743 3321 2814 κληρικοὶ
3362 2747 3673 2815 νομίζονται
3703 2745 3867 2810 εἶναι,
3900 2752 3992 2801 καὶ

2432 2838 2678 2907 μέγιστοι
2717 2838 2848 2907 παρ’
2902 2836 3080 2889 αὐτῶν
3131 2837 3509 2906 ὀνομάζονται,
3562 2839 3637 2900 ὡς
3686 2840 3993 2894 τῶνᾶλλων

2428 2930 2774 2998 προέχοντες,
2805 2930 2899 2982 καὶ
2926 2928 3259 2983 διδασκάλων
3311 2932 3368 2983 ἐν
3396 2932 3622 2994 ἐκείνοις
3660 2932 3993 3003 πληροῦντες

2427 3022 2604 3086 τάξιν,
2641 3019 3108 3076 άναΰαπτίζεσθαι
3140 3020 3403 3085 ἀξιοῦσιν.

2502 3114 2594 3165 Ἐν
2620 3114 2901 3184 κεφαλαίῳ
2945 3114 2999 3165 δὲ
3050 3115 3246 3173 εἰπεῖν.
3300 3115 3545 3178 ἅπαντας
3588 3116 3714 3175 τοὺς
3759 3117 3843 3179 είς
3870 3117 3996 3185 μίαν

2436 3205 2727 3259 κατάδυσιν
2760 3206 2895 3271 πρὸς
2920 3204 3028 3256 τῶν
3052 3204 3371 3274 ἑτεροδόξων
3412 3205 3871 3273 βαπτισαμὲνους,
3905 3208 3996 3258 καὶ

2431 3298 2498 3363 τῇ
2528 3294 2786 3362 καθολικῇ
2815 3294 3138 3361 προσιόντας
3182 3292 3502 3365 Ἐκκληᾳίᾳ,
3554 3294 3707 3357 αὖθις
3737 3294 3995 3363 ﬂag-4:3-

2434 3384 2558 3439 σθαι
2582 3383 2799 3437 οί’Θεῖοι
2826 3382 3050 3443 κανόνες
3077 3381 3413 3446 Θεσπίζουσι.

2506 3476 2616 3527 Καὶ
2640 3477 2668 3526 ό
2699 3473 3121 3544 προδιαληφθεὶς
3144 3473 3198 3526 δὲ
3234 3474 3334 3539 τῆς
3381 3472 3425 3543 β’
3452 3475 3668 3527 συνόδου
3703 3481 3751 3528 α’
3793 3476 3998 3541 κανὼν,

2434 3570 2492 3620 ἐν
2520 3568 2599 3637 τῷ
2633 3571 2760 3639 περὶ
2799 3569 2897 3637 τῆς
2939 3566 3220 3637 ὀρθοδόξου
3270 3567 3506 3630 πίστεως
3560 3569 3865 3639 κεφαλαίῳ,
3898 3570 4002 3621 ὑπὸ

2435 3660 2682 3728 ἀνάθεμα
2711 3659 2892 3728 τίθησι
2921 3659 3018 3726 τὴν
3043 3658 3151 3709 τῶν
3177 3658 3527 3726 Εὐνομιανῶν
3554 3659 3787 3727 αἵρεσιν,
3825 3660 4004 3710 είτουν

2437 3751 2792 3815 Εὒδοξιανῶν,
2821 3751 2913 3803 καὶ
2944 3749 3041 3820 τὴν
3071 3748 3181 3819 τῷν
3211 3747 3567 3817 Ἥμιαρείων,
3590 3750 3709 3818 ἤτοι
3750 3750 4010 3819 Πνευμαο

2434 3844 2709 3912 τομάχιον,
2737 3842 2831 3894 καὶ
2852 3841 2952 3911 τὴν
2983 3840 3089 3892 τῶν
3121 3838 3514 3902 Σαϐελλιανῶν,
3538 3841 3630 3891 καὶ
3654 3840 4009 3910 Μαρκελλια-

2437 3936 2563 4001 νῶν,
2596 3933 2967 3988 Φωτεινιανῶν
2997 3949 3055 3985 τε
3109 3932 3202 3984 καὶ
3233 3930 3745 4001 Ἀπολλιναριστῶν.

2970 4023 3106 4091 Περὶ
3136 4023 3457 4087 Εὺδοξίου.

2509 4118 2619 4170 Καὶ
2642 4116 2771 4184 περὶ
2824 4116 2923 4185 μὲν
2958 4115 3069 4168 τῶν
3104 4113 3453 4182 Εὑνυμιανῶν
3492 4116 3704 4183 εἴρηται
3730 4129 3743 4143 ·
3772 4116 3821 4166 oi
3848 4116 4008 4168 αὐτοὶ

2437 4207 2494 4263 δὲ
2528 4208 2621 4259 καὶ
2681 4205 2991 4270 Εὑδοξιανοὶ
3029 4205 3335 4267 ἐκαλοῦντο,
3392 4204 3499 4256 ἀπό
3544 4221 3686 4266 τινος
3722 4206 4004 4269 Εὑδοξίον,

2439 4298 2858 4370 συναιρεσιώτου
2887 4299 2964 4368 τῷ
2992 4297 3255 4367 Εὐνομίῳ,
3283 4295 3342 4357 ὃς
3384 4297 4009 4361 Κωνσταντινουπόλιως

2436 4390 2673 4457 γεγονὼς
2700 4388 3015 4454 ἐπίσκοπος,
3048 4387 3139 4441 τὸν
3168 4386 3430 4456 Εὐνόμιον
3476 4387 3716 4449 Κυζίκου
3743 4389 4009 4459 ἀρχιερέα

2366 4504 2411 4559 D
2440 4478 2796 4546 κατέστησεν.

2957 4569 3094 4637 Περὶ
3140 4568 3473 4638 Ἀνομοίων.

2512 4662 2575 4715 Oi
2597 4660 2642 4713 δ’
2673 4661 2829 4714 αὐτοὶ
2856 4660 2951 4713 καὶ
2972 4661 3241 4728 ’Δνόμοιοι
3285 4661 3649 4730 ὠνομάζοντο,
3705 4660 3795 4713 διὰ
3832 4660 3894 4713 τὸ
3925 4662 4011 4713 lto

2439 4768 2558 4821 γειν
2595 4753 2685 4804 τὸν
2718 4752 2844 4804 Υἱὸν
2873 4754 2966 4804 καὶ
2995 4751 3056 4803 ea
3085 4751 3239 4817 ἅγιον
3270 4750 3494 4819 Πνεῦμα
3526 4750 3796 4821 μηδεμίαν
3820 4750 4011 4819 ὁμοιό-

2437 4863 2573 4909 τητα
2596 4844 2718 4899 κατ’
2743 4845 2929 4898 οὐσίαν
2966 4844 3112 4914 ἐχειν
3143 4844 3278 4913 πρὸς
3308 4843 3399 4895 τὸν
3423 4845 3665 4915 Πατέρα.

2874 4936 3013 5003 Περὶ
3040 4938 3097 4988 Μ
3101 4933 3532 5003 αρκελλιανῶν.

2520 5030 2587 5083 'H
2612 5028 2667 5081 δὲ
2699 5027 2808 5079 τῶν
2835 5026 3264 5096 Μαρκελλιανῶν
3341 5025 3659 5094 Μάρκελλόν
3693 5042 3817 5103 τινα
3848 5026 4009 5096 ἔσχεν

2439 5122 2821 5192 αἱρεσιάρχην,
2850 5119 2907 5182 ὃς
2938 5118 2995 5184 ἐξ
3025 5116 3301 5186 ’Δγκὺρας
3337 5118 3436 5186 μὲν
3464 5117 3690 5187 ὥρμητο
3713 5119 3813 5186 τῆς
3835 5119 4010 5172 Γαλα.

2439 5217 2580 5277 τίας,
2613 5214 2708 5267 καὶ
2731 5213 2898 5281 αὐτῆς
2946 5210 3239 5271 ἐπίσκοπος
3287 5212 3526 5276 ἐγεγόνει
3549 5224 3564 5238 ·
3616 5211 3813 5280 ἐπίσης
3834 5212 3891 5266 δὲ
3928 5212 4010 5283 τῷ

2443 5296 2806 5383 πρὸρῤηθὲντι
2840 5302 3160 5373 ἐδογμάτιζε
3188 5301 3477 5368 Σαϐελλίῳ.

2980 5396 3119 5462 Περὶ
3147 5392 3462 5447 Φωτεινοῦ.

2512 5490 2573 5540 Οἱ
2605 5487 2659 5539 δὲ
2690 5487 3035 5539 Φωτεινιανοὶ
3057 5485 3167 5538 ἀπὸ
3212 5483 3482 5537 Φωτεινοῦ
3534 5477 3715 5537 εἷλκον
3748 5485 3850 5553 τὴν
3878 5485 4010 5554 κλῆ-

2441 5596 2546 5641 σιν,
2579 5579 2642 5630 ἐκ
2667 5576 2902 5647 Συρμίου
2946 5575 3045 5643 μὲν
3093 5575 3433 5645 ὁρμωμένου.
3467 5574 3744 5628 κᾶνταῦοα
3785 5578 4010 5628 ἐπισκο-

2440 5673 2732 5741 πήσαντος.
2757 5668 2825 5720 τὰ
2850 5668 2987 5720 αὐτὰ
3016 5667 3072 5719 δὲ
3103 5667 3177 5735 τῷ
3210 5665 3555 5737 προλεχθέντι
3582 5666 3779 5737 Παύλῳ
3802 5670 4005 5739 φρονῇς

2446 5779 2630 5824 σπντος
2673 5760 2743 5831 τῷ
2774 5762 3091 5831 Σαμοπατιῖ.
