4198 6448
230 396 373 468 10ιῦ

362 512 567 580 ὀπως
589 514 687 570 δεῖ
714 516 997 588 δέχεσθαι
1024 505 1167 589 ἑοὺς
1195 525 1313 578 ἀπὸ
1348 522 1645 578 Ναϐιὶτου.

303 601 365 655 ’0
390 603 447 657 δὲ
472 604 525 675 η’
547 608 646 677 τῆς
674 609 901 681 πρώτης
948 614 1167 667 συνόδου
1198 613 1399 677 κανὼν,
1436 615 1529 676 οὓς
1556 614 1787 683 φθάσαν·

210 707 306 754 τες
335 694 564 765 εἴπομεν
610 698 897 770 Καθαροὺς
926 703 1043 773 ἦτοι
1092 704 1486 768 Ναϐατιανοὺς,
1523 709 1589 775 τῇ
1628 706 1781 759 καθοι

208 781 339 853 λικῇ
366 788 689 855 προσιόντας
712 791 1031 866 Ἐκκλησία,
1066 797 1361 867 έγγράφως
1408 797 1623 850 κελεύει
1655 799 1785 866 ὁμο-

207 873 411 943 λογετν,
465 878 541 941 ὡς
589 881 845 951 ἀσφαλῶς
897 886 966 939 τά
994 886 1240 956 δόγματα
1272 889 1450 943 πάντα
1482 891 1781 960 τηρήσουσι

204 964 435 1032 ταύτης,
459 971 585 1034 τοὺς
606 973 699 1024 τὸν
728 972 962 1045 Χριστόν
991 994 1048 1030 τε
1079 979 1491 1050 ἀρνησαμένους
1518 980 1777 1051 ἐπιστρέ-

204 1072 409 1124 φοντας
431 1060 696 1127 δέξονται.
731 1068 826 1121 καὶ
842 1070 983 1123 κατά
1007 1071 1135 1132 τοὺς
1163 1072 1501 1142 ὡρισμένους
1520 1075 1586 1144 τῇ
1616 1089 1783 1143 μετα-

202 1150 328 1221 νοίᾳ
361 1153 469 1205 τῶν
498 1161 1019 1226 παραπεπτωκότων
1072 1166 1317 1234 καιροὺς,
1375 1165 1617 1228 ἐκείνους
1641 1166 1783 1219 οἰκο-

201 1244 529 1312 νομήσουσι,
560 1250 672 1310 τοῖς
722 1266 780 1302 τε
820 1251 1074 1320 διγὰμοις
1123 1255 1533 1326 κοινωνήσουσι.
1587 1257 1695 1310 Καὶ
1733 1257 1781 1309 εἰ

199 1334 420 1396 τούτοις
472 1339 913 1407 συγκατάθοιντο,
959 1344 1087 1407 τοὺς
1109 1345 1345 1408 οίκείους
1397 1342 1546 1409 αὖθις
1580 1346 1780 1417 ἐκκλη-

205 1427 527 1490 σιαστικοὺς
553 1430 962 1497 ἀπολαμϐάνειν
984 1434 1244 1503 βαθμοὺς,
1270 1435 1364 1498 οὓς
1397 1436 1590 1507 πρώην
1613 1454 1783 1491 κατα·

200 1510 513 1582 λελοίπασι,
555 1522 915 1592 πρεσϐύτεροι
951 1525 1127 1594 δήπου
1160 1526 1518 1596 τυγχάνοντες
1541 1526 1572 1596 ἢ
1596 1528 1782 1581 διάκο-

203 1619 290 1655 νοι
308 1620 323 1634 ο
350 1606 398 1657 εί
427 1606 486 1659 δὲ
515 1610 610 1662 καὶ
638 1611 947 1677 ἐπίσκοποι,
976 1617 1071 1667 καὶ
1093 1616 1303 1681 τούτοις
1322 1620 1439 1680 ταῖς
1471 1618 1627 1681 ίδίαις
1651 1620 1777 1672 ἐπι-

205 1699 448 1758 σκοπαῖς
477 1702 970 1769 ἀποκαθίστασθαι,
1006 1708 1163 1777 εἴπερ
1218 1708 1293 1778 μὴ
1341 1710 1545 1772 ταύτας
1608 1710 1666 1760 ὲν
1698 1709 1776 1779 τῷ

206 1786 418 1850 μεταξὺ
456 1790 850 1859 μετειλήφασιν
873 1795 957 1848 ἐἶτε
967 1813 1043 1859 ροι
1055 1836 1069 1850 .

377 1882 577 1947 Ὅπως
605 1884 720 1951 χρὴ
747 1885 1029 1953 δέκεσθαι
1055 1888 1196 1954 τοὺς
1230 1892 1615 1958 Δονατιστάς.

289 1969 353 2022 '0
375 1972 432 2024 δὲ
463 1971 539 2037 νζ¹
564 1978 653 2028 καὶ
680 1976 708 2027 ό
737 1977 819 2044 ξη⁸
848 1980 947 2046 τῆς
980 1981 1037 2033 ἑν
1064 1982 1413 2053 Καρθαγένῃ.
1444 1983 1570 2047 τοὺς
1591 1986 1653 2036 ὲκ
1680 1984 1781 2054 τῆς

201 2064 476 2133 αἱρέσεως
511 2068 619 2120 τῶν
656 2072 991 2125 Δονατιστῶν
1012 2076 1078 2144 τῇ
1114 2074 1375 2144 όρθοδόξῳ
1402 2076 1581 2129 πίστει
1612 2092 1782 2145 προσ-

203 2157 563 2224 ερχομένους,
598 2162 760 2230 μήτε,
792 2164 841 2215 εί
867 2163 958 2216 τοῦ
990 2164 1118 2218 λαοῦ
1150 2162 1279 2229 εἷεν,
1315 2167 1781 2231 ἀναϐαπτίζεσθαι

200 2246 610 2314 διατάττονται,
665 2254 756 2305 καὶ
802 2256 926 2320 τοὺς
982 2256 1280 2326 κληρικοὺς
1304 2258 1447 2328 ἔχειν
1473 2257 1627 2319 αὖθις
1658 2260 1784 2322 τοὺς

206 2336 523 2405 ἱερατικοὺς
555 2340 817 2410 βαθμοὺς,
874 2347 1097 2418 προνοίᾳ
1126 2348 1219 2401 τοῦ
1260 2349 1515 2412 πλείονας
1542 2348 1685 2402 οὕτω
1716 2352 1783 2421 τῇ

203 2424 479 2499 καθολικῇ
506 2430 790 2500 προσιέναι
821 2434 1021 2489 πίστει.

780 2526 919 2593 Περὶ
952 2529 1239 2584 Δονάτου.

281 2605 502 2662 Τούτων
528 2613 889 2692 αίρεσιὰρχης
915 2616 982 2689 ἦν
1008 2620 1238 2684 Δονάτος
1281 2640 1364 2686 τις
1394 2625 1588 2695 ὄνομα,
1612 2625 1671 2688 ὃς
1707 2626 1783 2696 μὴ

202 2696 390 2762 ἄλλως
420 2700 529 2753 τῶν
580 2702 743 2759 θείων
798 2711 1237 2781 μεταλαμϐάνειν
1291 2714 1539 2768 ἐδίδασκε
1577 2733 1781 2787 μυστη-

209 2787 369 2859 ρίων,
397 2792 447 2845 εί
478 2794 553 2865 μή
590 2812 695 2863 τις,
746 2797 940 2853 ὀστοῦν
972 2803 1313 2873 ἀνθρώπινον
1364 2809 1607 2878 κατέχων
1631 2810 1688 2860 ὲν
1714 2811 1781 2880 τῇ

208 2883 385 2951 χειρὶ,
418 2883 578 2939 τοῦτο
599 2889 815 2958 πρῶτον
841 2892 1158 2961 ἀσπάζοιτο,
1195 2898 1285 2949 καὶ
1323 2897 1467 2952 οὕτω
1501 2900 1783 2969 μεταλαμ-

206 2972 339 3027 ϐἀνε
348 2994 418 3030 ιν.

283 3116 287 3129 ι
734 3078 873 3145 Περὶ
919 3079 1283 3149 Ἀγογελιτὼν.

294 3169 354 3223 Ὀ
384 3170 441 3223 δὲ
477 3171 577 3240 τῆς
625 3172 685 3225 ἐν

1149 410 1564 473 SYNTAGMA
1612 404 2235 468 ALPIIABETICUM.
2280 412 2432 466 --A.

3323 406 3460 472 tow

2065 517 2337 582 Quomodo
2372 516 2696 573 Nooatianos
2722 519 3003 574 admittere
3023 527 3280 588 oporteat.

1972 606 2164 662 Prinne
2205 610 2392 679 synodi
2414 624 2589 665 canon
2618 610 2652 664 8
2676 610 2940 665 Catharos
2963 610 3079 664 sive
3104 608 3460 673 Novatianos.

1897 701 1965 755 de
1986 700 2187 769 quihus
2205 701 2456 769 superius
2484 701 2686 757 dictum
2716 711 2821 764 est.
2854 701 2920 755 ad
2952 700 3249 757 Ecclesiam
3272 703 3459 756 catho-

1897 793 2054 846 licam
2086 792 2424 859 accedentes,
2467 793 2520 847 in
2572 794 2791 863 scriptis
2830 793 3068 861 proﬁteri
3114 794 3285 861 jubet,
3317 791 3461 861 quod

1893 884 2076 937 omnia
2132 883 2373 953 ejusdem
2424 882 2642 939 decreta
2702 900 2799 951 pro
2856 893 3009 938 certo
3067 883 3459 947 observabunt,

1893 987 2093 1043 eosque
2137 975 2230 1043 qui
2260 974 2541 1028 Christum
2575 983 2871 1045 negarunt,
2915 983 2972 1027 et
3008 972 3262 1028 conversi
3312 982 3466 1037 sunt,

1896 1064 2229 1130 suscipient;
2269 1065 2458 1133 utique
2487 1067 2629 1135 quod
2666 1067 2818 1135 juxta
2852 1076 3095 1135 tempora
3128 1064 3463 1131 paenitentiae

1894 1155 2061 1224 lapsis
2093 1156 2377 1221 prmllnita,
2408 1173 2493 1211 res
2525 1172 2711 1211 eorum
2743 1159 3225 1222 administrabant,
3256 1166 3308 1210 et
3336 1171 3459 1209 cum

1892 1247 2120 1315 digamis
2172 1249 2676 1302 communicahunt.
2707 1246 2764 1303 Si
2801 1248 2980 1316 itaque
3014 1248 3101 1302 his
3130 1247 3459 1301 assentiant.

1890 1337 2091 1404 gradus
2126 1351 2255 1391 suos
2288 1337 2687 1392 ecclesiasticos
2725 1353 2866 1408 quos
2899 1345 3060 1392 antea
3095 1338 3456 1402 reliquerunt.

1888 1425 2089 1480 iterum
2141 1442 2416 1489 resumere
2454 1427 2627 1494 jubet,
2671 1430 2714 1482 si
2759 1429 3063 1499 presbyteri
3114 1427 3325 1482 scilicet
3379 1427 3457 1478 vel

1890 1517 2102 1571 diaconi
2138 1518 2339 1571 l'ucrint
2372 1535 2387 1573 :
2421 1520 2504 1573 sin
2553 1528 2735 1572 autem
2769 1519 3030 1589 episcopi,
3064 1519 3227 1572 etiam
3270 1524 3325 1569 et
3366 1532 3460 1569 eos

1889 1608 2005 1662 suis
2025 1608 2427 1677 episcopatibus
2457 1609 2827 1665 restituendos
2843 1622 2987 1672 esse,
3013 1609 3119 1664 nisi
3137 1609 3225 1663 alii
3254 1610 3457 1661 interea

1884 1699 2105 1754 eosdem
2129 1701 2532 1769 occupaverint.

1998 1874 2103 1947 ιά.
2133 1874 2403 1947 Quomodo
2437 1875 2742 1932 Donatistae
2773 1878 3052 1930 admittere
3092 1882 3353 1944 oporteat.

1961 1943 2212 2023 Canones
2259 1943 2440 2023 Jutem
2470 1969 2536 2023 57
2583 1980 2639 2023 et
2666 1970 2735 2024 68
2789 1970 2976 2040 synodi
3023 1968 3279 2037 Carthag.
3326 1982 3459 2036 prm-

1889 2060 2121 2129 cipiunt,
2151 2069 2211 2114 ut
2242 2061 2337 2128 qui
2367 2075 2432 2115 ex
2464 2073 2609 2116 secta
2644 2062 3047 2116 Donatistarum
3083 2059 3239 2114 ﬁdem
3272 2058 3458 2111 ortho-

1886 2152 2081 2207 doxam
2117 2152 2545 2221 amplectuntur,
2580 2154 2626 2209 si
2659 2154 2780 2208 laici
2806 2153 2940 2218 sint,
2978 2167 3084 2205 non
3120 2149 3455 2219 rebaptizan-

1890 2251 1980 2296 tur
2000 2259 2030 2306 ς,
2052 2251 2109 2296 et
2131 2252 2189 2297 ut
2217 2242 2400 2297 clerici
2424 2259 2611 2299 sacros
2636 2245 2834 2313 gradus
2859 2246 3164 2305 obtineant,
3200 2240 3459 2294 nimirum

1889 2342 1948 2386 nt
1978 2334 2080 2388 hac
2114 2334 2327 2389 ratione
2360 2334 2543 2405 plures
2579 2336 2645 2390 ad
2697 2337 2854 2391 [idem
2878 2334 3202 2390 catholicam
3231 2332 3422 2387 accedr

1895 2433 2033 2480 rent.

2437 2518 2440 2529 ’
2478 2520 2582 2575 ςοθ
2616 2520 2846 2574 Donato.

1959 2612 2162 2673 lim-um
2202 2623 2408 2670 sectam
2456 2628 2686 2669 exorsus
2731 2625 2815 2669 est
2848 2614 3092 2684 quidam,
3132 2611 3220 2667 cui
3260 2625 3453 2665 nomen

1885 2717 2001 2761 erat
2030 2707 2291 2772 Donatus,
2324 2708 2417 2776 qui
2465 2722 2571 2762 non
2602 2707 2763 2762 aliter
2803 2707 2979 2761 sacris
3009 2705 3283 2775 mysteriis
3313 2719 3410 2757 cun
3434 2734 3448 2743 -

1887 2797 2274 2851 mttn'tcandtttn
2329 2810 2451 2852 esse
2496 2798 2700 2862 docuit,
2759 2795 2863 2850 nisi
2912 2795 3035 2865 quis
3062 2810 3124 2848 os
3159 2794 3456 2848 humanum

1886 2905 2051 2941 manu
2090 2898 2304 2953 tenens,
2347 2889 2398 2942 id
2433 2890 2604 2958 ipsum
2641 2890 2794 2959 prius
2823 2887 3257 2952 exoscularetur,
3296 2895 3461 2955 atque

1888 2979 1989 3033 hoc
2020 2982 2179 3034 tundo
2209 2992 2550 3035 sacramenta
2585 2980 2909 3050 perciperet.

2474 3070 2553 3124 De
2588 3072 2871 3141 Angelicis.

736 3173 1028 3243 Λαοδικείᾳ
1080 3174 1174 3241 λε’,
1244 3177 1302 3229 '0
1349 3176 1449 3249 τὴν
1498 3177 1593 3231 τοῦ
1623 3178 1780 3241 Θεοῦ,

1956 3162 2143 3217 Canon
2186 3172 2363 3217 autem
2394 3164 2464 3218 55
2492 3164 2681 3233 synodi
2726 3164 3070 3226 Laodicente,
3101 3162 3230 3231 Qui,
3259 3165 3384 3231 inqu
3419 3190 3449 3215 η

206 3263 371 3330 φησὶ,
398 3264 825 3333 καταλιμπάνων
846 3266 1200 3337 Ἐκκλησίαν,
1246 3273 1341 3321 καὶ
1364 3271 1629 3339 ἀγγέλους
1655 3275 1781 3324 ἐπο-

1888 3253 2186 3307 Εειιθείιιιιι
2227 3254 2320 3308 Dei
2358 3255 2641 3322 relinquit,
2673 3264 2729 3308 et
2763 3257 2984 3326 angelos
3005 3258 3257 3311 nominat
3302 3258 3405 3312 inn

207 3353 468 3421 νομὰζων
517 3355 611 3407 καὶ
646 3357 1100 3424 ἐπικαλούμενος,
1167 3358 1416 3422 συνάξεις
1462 3377 1522 3413 τε
1572 3361 1783 3425 τούτοις

205 3444 498 3509 ἐπιτελῶν,
527 3447 619 3498 καλ⁵
644 3449 711 3516 τῇ
738 3448 1094 3517 κεκρυμμένῃ
1111 3449 1285 3519 ταύτῃ
1326 3451 1601 3520 σχολάζων
1631 3453 1784 3506 εἰδω-

206 3536 522 3607 λολατρείᾳ,
545 3536 685 3590 ἔστω
705 3538 974 3609 ἀνάθεμα,
1001 3542 1099 3612 οὐχ
1125 3541 1199 3605 ὡς
1230 3544 1328 3611 τῆς
1359 3543 1493 3612 πρὸς
1516 3544 1782 3613 ἀγγέλους

204 3628 385 3699 τιμῆς
441 3629 886 3700 είδωλολατρείας
936 3632 1127 3703 οὔσης,
1181 3634 1316 3688 ἀλλά
1370 3636 1533 3707 τέχνη
1590 3654 1674 3699 τις
1714 3633 1782 3705 ἦν

206 3718 371 3772 τοῦτο
419 3719 720 3791 τηνικαῦτα
744 3720 837 3775 τοῦ
870 3723 1133 3795 πονηροῦ,
1171 3725 1425 3793 ἀγγέλοις
1455 3728 1635 3797 μόνοις
1665 3733 1783 3783 πεί-

205 3807 399 3870 θοντος
455 3810 832 3880 προσανέχειν,
880 3814 976 3866 καὶ
1031 3816 1106 3884 μὴ
1132 3815 1224 3867 τὸν
1250 3816 1483 3885 Χριστὸν
1505 3820 1783 3881 ἐπικαλεῖ-

208 3898 358 3961 σθαι,
400 3898 490 3951 ῐνα
516 3900 642 3962 τοὺς
675 3900 1034 3971 πειθομένους
1075 3903 1217 3957 κατά
1239 3906 1434 3976 μικρὸν
1485 3908 1565 3970 είς
1592 3909 1654 3961 τὸ
1683 3911 1783 3979 τῆς

206 3986 656 4057 εἰδωλολατρείας
708 3988 885 4043 λαθὼν
938 3992 1204 4065 έκκυλίσῃ
1263 3993 1572 4066 βάραθρον·
1640 4000 1785 4067 φιλεῖ

205 4073 342 4141 γὰρ,
369 4072 443 4134 ὡς
472 4074 696 4140 ἐπίπαν,
730 4078 794 4129 ὲκ
820 4077 927 4130 τῶν
943 4078 1131 4142 δεξιῶν
1149 4082 1508 4136 ύποκλέπτειν
1539 4088 1566 4137 ὁ
1585 4087 1780 4151 δόλιος.

207 4167 494 4233 Ἐφασκον
515 4171 619 4239 γὰρ
647 4172 695 4223 οί
726 4172 924 4240 μύσται
945 4173 1036 4226 τοῦ
1060 4175 1285 4243 πλάνου,
1307 4178 1382 4249 μὴ
1396 4179 1507 4232 δεῖν
1531 4181 1623 4233 τὸν
1644 4184 1688 4234 Χ
1697 4203 1782 4255 ρι-

206 4260 358 4325 στὸν,
391 4260 514 4322 τοὺς
543 4260 599 4313 δὲ
654 4262 919 4329 ἀγγέλους
949 4267 1028 4328 είς
1076 4268 1329 4336 βοήθειαν
1380 4271 1778 4340 ἐπικαλεῖσθαι,

207 4350 308 4401 καὶ
336 4350 418 4411 είς
450 4350 550 4420 τὴν
595 4356 965 4424 προσαγωγὴν
1001 4357 1103 4427 τὴν
1132 4359 1268 4427 πρὸς
1289 4362 1381 4414 τὸν
1429 4362 1646 4433 Πατέρα
1668 4380 1684 4396 ο
1720 4367 1781 4417 τὸ

205 4440 320 4509 γὰρ
351 4441 728 4496 ἐπικαλεῖσθαι
758 4445 853 4498 τὸν
895 4447 1128 4516 Χριστὸν
1165 4452 1223 4502 ὲν
1249 4453 1481 4519 τούτοις,
1530 4457 1715 4524 μεῖζον
1744 4458 1777 4529 ἢ

1886 3350 2098 3409 eatque,
2150 3349 2205 3396 et
2249 3346 2702 3412 congregationes
2741 3344 2808 3399 iis
2854 3347 3084 3415 peragit,
3131 3355 3187 3400 et
3233 3348 3439 3401 occulta

1885 3432 2206 3487 idololatriae
2238 3444 2413 3498 vacat,
2443 3435 2515 3488 sit
2537 3434 2850 3491 anathema.
2878 3436 2997 3490 Non
3021 3438 3170 3506 quod
3194 3437 3372 3493 honor
3403 3442 3456 3491 in

1883 3525 2105 3591 angelos
2134 3525 2208 3580 sit
2237 3526 2567 3588 idololatria.
2588 3531 2682 3582 sed
2711 3529 2857 3598 quod
2888 3528 3016 3583 mali
3049 3529 3339 3584 artiﬁcium
3362 3531 3455 3589 sit.

1885 3615 1977 3685 qui
2007 3617 2139 3671 solis
2166 3618 2391 3688 angelis-
2411 3617 2706 3682 conlidere,
2732 3626 2789 3673 et
2821 3616 3099 3673 Christum
3142 3634 3253 3674 non
3298 3622 3455 3673 invo-

1885 3720 2012 3761 care
2055 3707 2366 3795 persuadet,
2409 3716 2467 3760 ut
2513 3722 2606 3762 eos
2633 3708 2723 3777 qui
2756 3708 2805 3762 ei
2842 3717 3058 3779 parent,
3093 3710 3351 3778 paulatim
3388 3715 3455 3765 ad

1888 3798 2206 3854 idololatriae
2245 3799 2564 3855 barathrum
2609 3800 2751 3854 clam
2781 3801 3056 3857 devolvat.
3094 3802 3268 3857 Malus
3307 3805 3452 3858 enim

1888 3891 2237 3960 utplurimum
2284 3906 2387 3947 nos
2435 3907 2465 3946 a
2497 3894 2702 3947 dextris
2725 3895 2924 3951 adoriri
2970 3905 3144 3953 amat.
3194 3896 3458 3954 Dicebant

1885 3983 2032 4036 enim
2096 3983 2260 4051 hujus
2310 3983 2515 4038 erroris
2562 3986 2838 4053 discipuli,
2887 3988 3034 4056 quod
3075 4003 3186 4044 non
3239 4000 3458 4059 oportet

1887 4077 2191 4141 Christum,
2224 4082 2317 4133 sed
2349 4080 2570 4148 angelos
2602 4079 2669 4135 ad
2701 4080 2959 4137 auxilium
3004 4083 3282 4150 invocare,
3310 4095 3365 4138 et
3396 4095 3455 4137 ut

1886 4170 2091 4222 aditum
2121 4168 2186 4221 ad
2213 4168 2432 4222 Patrem
2459 4170 2774 4226 habeamus.
2794 4170 3070 4228 Christum
3091 4176 3238 4229 enim
3261 4190 3454 4230 eorum

1886 4272 2048 4311 causa
2077 4258 2435 4328 interpellare
2467 4259 2641 4326 majus
2667 4261 2926 4328 quiddam
2948 4271 3052 4327 est,
3078 4278 3242 4333 quam
3274 4274 3332 4319 ut
3352 4281 3453 4319 nos

1886 4350 2202 4405 homunculi
2237 4351 2287 4405 id
2316 4359 2669 4407 attentemus.
2702 4351 2878 4422 Hujus
2911 4354 3180 4411 haereseos
3207 4358 3450 4426 (antiqua

1886 4442 2033 4494 enim
2064 4440 2205 4511 erat)
2231 4443 2451 4497 divinus
2498 4445 2661 4499 etiam
2700 4444 2992 4513 Apostolus
3028 4447 3081 4500 in
3114 4446 3351 4513 Episto'a
3385 4450 3450 4502 ad

206 4530 334 4584 καθ’
363 4533 531 4601 ἡμᾶς.
568 4534 787 4607 Ταύτης
819 4537 917 4607 τῆς
948 4539 1212 4609 αἱρέσεως
1250 4545 1481 4611 (παλαιά
1517 4547 1624 4616 γάρ
1658 4545 1775 4620 .ἧν)

1886 4531 2239 4588 Culossenses
2256 4534 2522 4597 metninit,
2543 4534 2731 4589 dicens
2757 4551 2771 4589 :
2802 4554 2821 4587 ι
2847 4535 3016 4591 Nemo
3034 4554 3130 4591 vos
3149 4540 3396 4600 seducet,
3428 4558 3443 4585 ι

207 4622 307 4676 καὶ
335 4626 365 4675 ὁ
411 4624 553 4688 Θεῖος
595 4626 915 4691 Ἀπόστολος
954 4630 1012 4681 ἐν
1039 4635 1104 4700 τῇ
1134 4634 1269 4703 πρὸς
1300 4635 1636 4699 Κολασσαεῑς
1664 4638 1781 4691 ὲπι-

208 4713 372 4782 στολῇ
401 4717 699 4785 μέμνηται,
732 4716 941 4785 λέγων·
968 4720 1173 4789 Μηδεὶς
1197 4724 1345 4791 ἡμᾶς
1375 4726 1781 4797 καταϐραϐευέ-

204 4818 287 4855 τω
316 4804 377 4855 ὲν
405 4806 874 4877 ταπεινοφροσύνῃ
903 4810 994 4860 καὶ
1045 4809 1308 4881 θρησκείᾳ
1352 4814 1461 4867 τῶν
1505 4817 1775 4882 ἀγγέλων,

204 4892 244 4947 ἃ
272 4896 348 4963 μὴ
369 4891 616 4964 ἑώρακεν
632 4897 953 4967 ἐμϐατεύων
972 4915 987 4929 ·
1017 4899 1137 4971 ἤτοι
1168 4904 1354 4971 μηδεὶς
1381 4906 1510 4973 ὑμῖν
1540 4908 1777 4976 ἐπηρεα-

205 4984 373 5048 ζέτω,
399 4987 624 5041 νικῶσιν
658 4991 715 5040 έν
737 4993 801 5060 τῇ
834 4992 1119 5063 ἀμωμήτῳ
1151 4996 1330 5047 πίστει
1374 4999 1476 5054 ⁴καὶ
1508 5000 1773 5070 πολιτείᾳ,

208 5076 349 5146 μηδὲ
381 5076 474 5130 τοῦ
500 5077 757 5149 βραϐείου
792 5082 1185 5151 ἀποστερείτω,
1218 5088 1309 5137 ἐπὶ
1353 5086 1511 5152 ξένας
1544 5091 1775 5159 παραδό-

206 5185 323 5231 σεις
354 5172 677 5241 μεταφέρων
703 5174 869 5242 ὑμᾶς,
897 5176 961 5227 ἐκ
981 5179 1078 5247 τῆς
1109 5177 1276 5246 όρθῆς
1316 5179 1513 5251 δηλαδὴ
1546 5182 1775 5245 πίσῑεως

202 5261 289 5325 είς
324 5264 425 5331 τὴν
447 5264 555 5315 τῶν
598 5265 845 5332 ἀγγέλων
881 5267 1178 5339 θρησκείαν
1206 5272 1292 5324 διά
1350 5277 1774 5344 ταπεινοφροσύ-

202 5370 325 5424 νης,
370 5354 446 5415 ὡς
488 5356 627 5425 ὑπὲρ
654 5360 802 5426 ἡμᾶς
833 5358 983 5422 ὄντος
1009 5362 1101 5414 τοῦ
1137 5363 1511 5417 ἐπικαλεῖσθαι
1544 5369 1633 5417 τὸν
1662 5368 1773 5420 Κύ-

205 5462 345 5515 ριον,
399 5447 495 5498 καὶ
550 5449 700 5519 αύτῷ
736 5453 1038 5521 κεχρῆσθαι
1081 5455 1215 5522 πρὸς
1247 5456 1336 5508 τὸν
1362 5459 1526 5510 αὑτοῦ
1558 5460 1776 5528 Πατέρα

203 5541 543 5608 προσαγωγῇ
568 5553 582 5566 ’
624 5540 1057 5609 καταϐραϐεύειν
1089 5543 1134 5595 δ’
1160 5544 1277 5597 ἔστι
1326 5547 1387 5597 τὸ
1422 5547 1496 5616 μὴ
1521 5546 1598 5616 τῷ
1621 5550 1775 5617 νική-

206 5643 366 5678 σαντι
394 5627 456 5679 τὸ
482 5629 755 5698 βραϐεῖον,
776 5631 892 5688 ἀλλ’
937 5635 1108 5705 ἑτέρῳ
1144 5634 1369 5701 διδόναι,
1413 5638 1773 5707 ἀδικουμένου

201 5714 301 5766 τοῦ
335 5718 623 5784 ἀριστέως.
663 5720 752 5783 Ὠς
784 5721 843 5773 δὲ
877 5724 906 5773 ό
934 5722 1090 5791 ἅγιος
1136 5724 1454 5793 Ἑπιφάνιος
1485 5728 1687 5797 ἱστορεῖ
1716 5731 1771 5781 ἑν

205 5805 283 5875 τῷ
313 5805 504 5878 βιϐλίῳ
524 5809 633 5864 τῶν
663 5812 972 5883 Παναρίων,
1014 5814 1227 5883 αἰρεσιν
1255 5811 1394 5870 εἶναι
1440 5818 1632 5886 ἑτέραν
1663 5819 1768 5875 τῶν

1885 4623 1937 4674 in
1976 4622 2282 4676 humilitate
2324 4633 2378 4677 et
2409 4625 2556 4677 cultu
2592 4626 2933 4694 angelorum,
2961 4630 3012 4682 in
3046 4645 3107 4683 ea
3165 4645 3285 4698 quae
3343 4646 3447 4683 ιιυιι

1882 4712 2015 4765 vidit
2060 4714 2250 4781 pedem
2303 4713 2584 4778 inferens;
2614 4719 2727 4770 sive
2774 4733 2933 4772 nemo
2967 4721 3123 4774 vobis
3163 4722 3449 4775 insidietur

1884 4805 1933 4856 iu
1961 4805 2062 4859 title
2094 4815 2147 4858 et
2191 4806 2599 4872 dispensatione
2633 4808 2904 4877 inculpata
2949 4814 3314 4872 vincentibus,
3353 4831 3447 4867 nec

1882 4897 2105 4961 pra-min
2139 4897 2337 4964 privet,
2380 4898 2433 4951 in
2473 4902 2788 4967 peregrinas
2812 4903 3129 4957 traditiones
3152 4919 3245 4957 vos
3272 4905 3444 4957 addu-

1880 5005 2033 5051 cens,
2075 5005 2103 5042 a
2146 5005 2271 5043 vera
2328 4992 2541 5047 scilicet
2590 4993 2699 5047 [ide
2753 4995 2819 5048 ad
2869 4995 3076 5049 cultum
3128 4999 3442 5066 angelorum

1881 5093 2099 5152 propter
2130 5083 2513 5147 humilitatem,
2555 5086 2707 5154 quasi
2739 5102 2900 5155 supra
2948 5104 3047 5143 nos
3081 5099 3225 5143 esset
3261 5091 3443 5143 Duriti-

1882 5190 2007 5227 num
2037 5176 2312 5239 invocare,
2340 5191 2515 5244 eoque
2540 5179 2679 5246 apud
2713 5177 2931 5233 Patrem
2963 5182 3313 5237 conciliatore
3344 5188 3442 5235 uti.

1881 5264 1972 5318 Est
1991 5276 2168 5319 autem
2193 5267 2646 5336 καταϐραϐεύειν,
2672 5271 2952 5338 praemium
2983 5287 3087 5324 non
3110 5273 3323 5338 victori,
3352 5276 3444 5327 sed

1881 5357 1950 5410 illi
1996 5373 2090 5426 per
2130 5358 2390 5427 injuriatn
2420 5372 2669 5430 ereptum
2704 5361 2861 5415 alteri
2893 5364 3148 5430 cuiquam
3201 5367 3439 5435 elargiri.

1877 5448 2066 5503 Tradit
2094 5461 2275 5505 autem
2308 5450 2367 5505 S.
2400 5451 2739 5521 Epiphanius
2773 5453 2829 5507 in
2856 5453 3017 5517 libro,
3049 5459 3137 5524 qui
3173 5455 3441 5510 Panorion

1875 5545 2102 5607 dicitur.
2132 5546 2297 5600 aliam
2333 5562 2454 5602 esse
2489 5548 2874 5618 Angelicorum
2925 5551 3126 5605 dictam
3182 5553 3437 5609 haeresin.

1873 5638 1964 5705 qui
2001 5652 2059 5691 se
2085 5638 2157 5692 ita
2184 5640 2559 5703 nominabant,
2585 5642 2831 5712 velquod
2854 5658 2913 5697 se
2943 5646 3260 5715 angelorum
3290 5663 3438 5699 Inou-

1874 5731 2073 5793 vivere,
2117 5731 2198 5785 vel
2238 5731 2308 5786 ab
2352 5732 2558 5802 angelis
2598 5733 2650 5787 in
2685 5736 2848 5790 rebus
2894 5734 3095 5794 divinis
3144 5738 3440 5794 instructos

1875 5820 2175 5877 crederent.
