4198 6448
777 378 921 444 1055

1966 381 2333 442 ΜΑΤΤΠΑΞΙ
2378 380 2804 442 BLASTARIS

3886 374 4030 438 1056

771 494 873 547 riis
925 492 1176 548 Patribus
1240 490 1515 561 prohibita
1565 500 1705 545 erat.
1766 488 2104 560 Ἀκούμϐιτα
2159 501 2341 544 autem

2458 489 2740 552 λατινικῶς
2805 485 3101 560 στρωμνὰς
3158 485 3241 552 είς
3310 484 3447 557 ὕψος
3508 480 3759 556 ήρμὲνας
3830 481 4019 552 δηλοῖ.

774 582 966 635 Latine
1027 581 1197 633 lectos
1237 580 1290 633 in
1343 580 1513 645 altum
1573 580 1815 635 elevatos
1860 581 2170 650 signiﬁcant
2207 594 2225 633 ι
2257 598 2347 632 ac-

776 675 959 726 rmubo
992 674 1138 726 enim
1178 673 1321 742 apud
1356 683 1455 727 eos
1501 673 1640 726 idem
1664 681 1749 726 est
1781 674 1925 742 quod
1962 676 2272 727 ἀναπίπτω.

847 766 1045 818 Eadem
1104 765 1266 817 etiam
1333 764 1526 834 synodi
1577 764 2023 832 Carthaginiensis
2075 783 2247 819 canon
2280 764 2350 818 42

778 858 1005 918 statuit,
1046 858 1292 909 convivia
1326 858 1377 909 in
1410 855 1643 910 ecclesia
1675 859 1936 912 celebrari
1963 856 2201 911 omnino‘
2223 874 2350 928 pro-

776 945 969 998 hibens
1024 948 1179 999 :nisi
1220 947 1508 1014 quisquam
1569 963 1795 1016 peregre
1853 948 1956 1001 iter
1998 948 2241 1009 iaciens,
2294 956 2350 1001 et

776 1038 1080 1090 diversorio
1135 1039 1405 1116 indigens,
1462 1055 1573 1107 prae
1609 1040 1938 1094 necessitate
1968 1040 2021 1093 in
2061 1041 2347 1095 ecclesiam

777 1129 1061 1198 ingressus
1092 1128 1274 1181 fuerit.

992 1238 1145 1294 CAP.
1176 1240 1263 1294 IV.
1328 1242 1412 1294 'De
1432 1243 1691 1310 emptione
1722 1260 1784 1295 ac
1810 1244 2124 1298 venditione.

1378 1311 1538 1379 Leges
1564 1315 1608 1365 ci
1617 1315 1761 1366 viles.

847 1398 1065 1467 Emptio
1097 1409 1150 1452 et
1179 1400 1417 1453 venditio
1442 1405 1661 1459 lit.cum
1699 1413 1928 1468 utraque
1951 1400 2346 1469 paeisceutinm

777 1505 907 1558 pars
936 1492 1001 1543 de
1029 1492 1203 1558 pretio
1243 1493 1585 1545 consenserit
1623 1509 1636 1544 :
1680 1491 1769 1543 bic
1802 1493 2035 1559 pretium
2067 1493 2345 1557 solvendo,

777 1582 871 1637 ille
925 1584 1067 1652 quod
1121 1585 1398 1637 venditum
1449 1594 1532 1637 est
1562 1584 1850 1638 tradendo.
1883 1583 2019 1639 Data
2050 1596 2231 1648 autem
2264 1603 2352 1640 ar-

780 1674 902 1736 rha,
933 1684 989 1728 et
1047 1674 1356 1727 venditione
1381 1675 1641 1735 reseissa,
1677 1674 1722 1727 si
1766 1674 1985 1742 quidem
2022 1686 2237 1744 emptor
2271 1678 2343 1730 sit

780 1764 875 1831 qui
907 1780 1025 1818 eam
1078 1764 1413 1829 dissolverit,
1437 1765 1659 1818 arrbam
1692 1766 1923 1830 amittit;
1958 1766 2002 1819 si
2034 1781 2165 1820 vero
2218 1782 2346 1819 ven-

780 1858 945 1920 ditor,
990 1859 1167 1911 arrlne
1219 1868 1455 1924 acceptae
1509 1857 1734 1927 duplmn
1776 1858 2068 1911 reStituere
2110 1860 2346 1925 cogitur.

855 2124 959 2189 ριιι
1014 2125 1256 2178 ot'ticium
1306 2125 1536 2193 adeptus
1583 2132 1669 2178 est
1715 2123 1768 2176 in
1834 2122 2143 2192 provincia,
2181 2124 2235 2178 in
2290 2139 2353 2178 ea

785 2229 903 2268 rem
936 2216 1192 2269 mobilem
1234 2215 1317 2269 vel
1364 2216 1723 2280 immobilem,
1753 2217 1838 2271 vel
1876 2233 1970 2287 per
2011 2234 2072 2274 se
2124 2220 2204 2273 vel
2259 2235 2357 2289 per

785 2308 973 2370 alium,
1022 2324 1202 2364 emere
1250 2325 1358 2362 non
1417 2318 1633 2378 potest,
1696 2320 2054 2379 praeterquam
2098 2327 2127 2365 a
2188 2310 2352 2378 ﬁsco;

788 2417 913 2453 nam
968 2410 1018 2454 et
1062 2416 1174 2455 rem
1226 2401 1447 2466 amittit,
1488 2411 1542 2455 et
1582 2405 1765 2456 datum
1817 2405 2053 2472 pretium
2102 2418 2211 2457 non
2263 2420 2354 2459 re-

785 2495 943 2559 petit.

858 2581 958 2645 Qui
1018 2597 1133 2635 rem
1186 2584 1450 2652 rapuerit,
1484 2585 1567 2638 vel
1626 2600 1723 2654 per
1756 2584 1864 2637 vim
1920 2584 2229 2647 abstulerit,
2250 2586 2356 2641 nisi

786 2688 907 2728 eam
943 2675 1218 2738 restituat,
1247 2675 1517 2729 inutiliter
1541 2678 1789 2729 eamdem
1825 2677 1978 2729 emit.

862 2764 918 2818 Si
958 2768 1120 2818 liscus
1173 2764 1242 2818 ob
1279 2765 1461 2819 debita
1511 2766 1715 2820 ﬁscalia
1778 2782 1866 2819 res
1922 2766 2188 2821 debitoris
2237 2766 2355 2821 dis-

787 2858 1035 2922 traxerit,
1071 2870 1171 2912 nec
1207 2858 1319 2925 ipse
1372 2858 1583 2911 debitor
1622 2873 1722 2912 nec
1762 2858 1999 2912 creditor
2032 2858 2228 2913 oﬂ'erre
2258 2859 2354 2913 de-

792 2951 989 3009 bitum,
1046 2965 1242 3018 resque
1292 2950 1575 3003 vindicare
1641 2959 1839 3018 potest.
1896 2951 2163 3005 Omnibus
2208 2952 2355 3006 enim

793 3042 974 3111 potior
1000 3052 1083 3095 est
1118 3041 1302 3096 ﬁscus.

868 3223 923 3274 Si
958 3223 1284 3275 tributorum
1322 3232 1545 3275 exactor
1586 3239 1742 3290 )ussu
1778 3226 2129 3293 magistratus
2162 3245 2352 3293 agrum

791 3330 913 3384 οιιιε
943 3317 1034 3381 ιιιιί
1069 3316 1120 3366 in
1158 3315 1485 3367 tributorum
1523 3316 1793 3369 solutione
1813 3330 2012 3383 cessat,
2034 3320 2354 3384 vendiderit,

793 3408 1033 3461 venditio
1082 3424 1190 3460 non
1230 3408 1562 3461 rescinditur
1612 3410 1801 3475 :qnod
1854 3409 1900 3462 si
1944 3414 2150 3478 alisque
2196 3415 2354 3482 jussu

795 3499 1144 3565 magistratus
1178 3500 1268 3550 ﬁat
1299 3499 1561 3562 veniitio,
1593 3501 1676 3553 vel
1730 3501 1879 3566 dolo,
1930 3502 2010 3554 vel
2051 3505 2170 3559 sine
2207 3508 2357 3575 justo

795 3590 991 3657 pretio,
1030 3588 1374 3641 rescinditur.

867 3680 1085 3734 Minoris
1141 3696 1227 3733 res
1282 3680 1581 3735 innuobilis
1638 3680 1777 3735 bene
1823 3683 2079 3737 venditur
2142 3696 2360 3755 propter

796 3772 1075 3841 preprinm
1103 3772 1292 3846 Aipsius
1322 3771 1587 3835 debitum,
1623 3772 1705 3825 vel
1736 3783 1954 3841 propter
1987 3776 2226 3828 debitum
2265 3794 2359 3846 pa-

798 3864 923 3925 tris,
953 3863 1031 3915 vel
1069 3838 1286 3930 p’roplcr
1316 3863 1530 3924 liscum,
1566 3862 1814 3916 videlicet
1859 3875 1981 3932 post
2014 3866 2357 3922 manifestum

789 3950 990 4019 iudicis
1023 3952 1369 4005 sententiam.

864 4041 1125 4109 Quamvis
1183 4043 1364 4096 minor
1411 4042 1587 4098 mtatis
1647 4044 1859 4098 veniam
1914 4049 2189 4115 postulet,
2246 4066 2358 4105 rem

796 4136 1132 4189 immobilem
1190 4136 1398 4203 absque
1446 4136 1667 4189 decreto
1728 4151 1837 4189 non
1906 4138 2131 4204 vendit,
2186 4157 2363 4209 neque

797 4228 1008 4297 pignori
1065 4226 1179 4281 dat.
1231 4227 1385 4293 Quod
1430 4227 1475 4280 si
1522 4228 1854 4293 vendiderit,
1883 4246 1992 4283 non
2025 4233 2203 4286 solum
2248 4235 2363 4303 ipse

796 4318 891 4371 sed
922 4325 975 4369 et
1008 4317 1248 4370 lueredes
1278 4316 1558 4370 venditum
1599 4331 1926 4391 recuperare
1962 4332 2193 4389 possunt
2223 4324 2360 4379 intra

798 4423 999 4463 annum
1031 4416 1152 4475 post
1181 4422 1357 4461 annos
1381 4406 1471 4459 25.
1508 4407 1773 4462 Similiter
1823 4412 1969 4478 quod
2024 4413 2161 4466 male
2208 4416 2356 4481 emit,

2451 582 2716 651 ἁκούμϐω
2755 582 2862 651 γάρ
2895 580 3027 651 παρ’
3066 580 3317 644 ἐκείνοις,
3349 578 3411 633 τὸ
3446 578 3758 634 ἀναπίπτω.

2522 764 2603 816 Τά
2632 765 2770 817 αὖτά
2800 764 2895 817 καὶ
2920 767 2947 817 ὁ
2975 762 3075 833 τῆς
3105 764 3162 815 ὲν
3186 760 3515 832 Καρθαγένῃ
3542 757 3630 828 μβ⁹
3650 759 4023 818 διατάττεται,

2451 855 2677 907 κωλύων
2714 856 2849 917 ὅλως
2883 858 2942 907 ιν
3009 854 3278 923 ἐκκλησίᾳ
3331 850 3930 921 συμπόσια-γίνεσθαι·
3978 850 4027 901 εί

2454 950 2638 1018 μήπου
2684 966 2768 1010 τις
2802 950 2859 999 ἐν
2912 947 3188 1017 ἀλλοδαπῇ
3243 946 3469 1009 ὁδεύων,
3523 942 4025 1010 καὶ-καταγωγίων

2450 1041 2696 1109 ἀπορῶν,
2730 1040 2811 1101 εἰς
2852 1040 3185 1111 Ἐκκλησίαν
3224 1039 3287 1104 ἐξ
3310 1037 3556 1107 ἀνάγκης
3585 1035 3838 1089 εἰσέλθοι.

2627 1244 2875 1298 ΚΕΦΑΛ.
2909 1245 2981 1298 Δ’.
3016 1245 3153 1313 Περὶ
3178 1244 3399 1312 ἀγορῆς
3421 1244 3515 1297 καί
3543 1242 3844 1310 πράσεως.

2966 1316 3149 1384 Νόμοι
3176 1318 3496 1368 πολιτικοί.

2532 1407 2837 1477 Ἀγορασία
2866 1407 2961 1462 καὶ
2989 1410 3194 1478 πρᾶσις
3232 1408 3573 1470 συνίσταται,
3601 1408 3765 1475 ἠνὲκα
3803 1408 3874 1459 ἃν
3899 1408 4026 1476 περὶ

2450 1498 2547 1551 τοῦ
2574 1501 2892 1568 τιμήματος
2928 1500 3193 1569 ἑκάτερον
3226 1498 3335 1551 τῶν
3366 1497 3806 1563 συμφωνούντων
3836 1515 4023 1550 συναι-

2452 1590 2626 1643 νέσειε
2671 1591 2871 1660 μέρος⁶
2903 1591 2931 1644 6
2978 1591 3079 1659 μὲν
3160 1589 3259 1658 τὴν
3305 1588 3613 1657 καταϐολὴν
3655 1589 4025 1659 ποιησάμενος

2450 1681 2544 1734 τοῦ
2571 1682 2906 1751 τιμήματος,
2939 1683 2969 1735 6
3016 1682 3074 1735 δὲ
3144 1681 3419 1751 παραδοὺς
3457 1682 3517 1733 τὸ
3546 1681 4025 1749 πιπρασκόμενον·

2450 1772 2770 1842 ἀρραὄῶνος
2801 1772 2859 1826 δὶ
2900 1772 3171 1838 δοθέντος,
3203 1774 3297 1826 καὶ
3340 1771 3697 1839 διαλυομένης
3749 1773 3851 1837 τῆς
3896 1775 4029 1841 πρά-

2458 1880 2617 1928 σεως,
2658 1866 2707 1917 εί
2744 1865 2842 1931 μὲν
2885 1865 2915 1916 6
2956 1850 3271 1934 ἀγοραστής
3302 1863 3387 1930 είη
3416 1866 3443 1915 ὀ
3480 1862 3732 1926 διαλύων,
3766 1864 4026 1916 ἀπόλλυσι

2456 1955 2545 2007 τὸν
2590 1955 2888 2026 ἀρραϐῶνα
2912 1973 2925 1990 ο
2955 1958 3004 2009 εί
3048 1956 3105 2009 δὲ
3140 1959 3168 2009 6
3203 1960 3441 2025 πράτης,
3471 1953 3691 2007 διπλοῦν
3735 1954 3797 2007 ὃν
3834 1954 4028 2007 ἔλασεν

2456 2047 2756 2117 ἀρραϐῶνα
2787 2048 3096 2117 παρασχεῖν
3123 2047 3520 2115 ἀναγκάζεται.

2534 2140 2599 2191 '0
2630 2139 2851 2209 κρατῶν
2879 2138 3135 2206 ὀφφίκιον
3168 2142 3225 2191 έν
3256 2140 3497 2209 ἐπαρχία
3530 2139 3588 2192 οὗ
3615 2138 3840 2192 δύναται
3872 2158 4029 2203 κινη-

2456 2230 2547 2282 τὸν
2594 2228 2627 2299 ἢ
2678 2229 2935 2295 ἀκίνητον
2968 2231 3025 2282 ὲν
3079 2229 3217 2297 αὐτῇ
3249 2228 3547 2298 ἀγοράζειν
3599 2232 3855 2298 πρᾶγμα,
3891 2230 3926 2299 ἢ
3964 2230 4028 2281 δι’

2456 2320 2648 2375 ἑαυτοῦ
2678 2321 2711 2392 ἢ
2743 2321 2814 2374 δι’
2843 2322 3054 2392 ἑτέρου,
3087 2323 3137 2374 εί
3174 2320 3249 2390 μὴ
3284 2320 3436 2389 παρὰ
3468 2320 3561 2373 τοῦ
3600 2320 3894 2387 δημοσίους·
3937 2322 4029 2374 καὶ

2455 2417 2565 2484 γάρ
2614 2415 2712 2468 καὶ
2751 2414 2849 2468 τοῦ
2890 2415 3221 2486 πράγματος
3248 2415 3525 2480 ὲκπίπτει,
3553 2417 3642 2467 καὶ
3668 2416 3726 2466 τὸ
3755 2415 3914 2467 δοθὲν
3946 2418 4028 2469 τί·

2459 2524 2532 2575 μη
2542 2524 2618 2575 μα
2654 2506 2753 2560 οὐκ
2791 2506 3191 2575 ἀναλαμϐάνει.

2535 2600 2596 2652 '0
2623 2600 2879 2669 ἀρπάσας
2918 2601 3153 2668 πρᾶγμα
3200 2600 3233 2670 ἦ
3288 2598 3380 2669 βίᾳ
3411 2600 3771 2667 ἀφελόμενος,
3823 2601 3923 2652 seu
3954 2601 4030 2671 μή

2456 2690 2887 2761 ἀποκαταστήσῃ
2922 2690 3104 2754 τοῦτο,
3137 2690 3447 2761 ἀνισχύρως
3483 2691 3617 2744 αὐτὸ
3647 2690 3940 2761 ἀγοράζει.

2538 2782 2664 2834 Ἐἀν
2693 2783 2721 2834 6
2746 2782 3006 2851 δημόσιος
3034 2782 3125 2835 διά
3162 2782 3400 2851 δημόσια
3442 2784 3578 2853 χρέη
3630 2783 3860 2855 πωλήση
3890 2786 4033 2854 πρά-

2458 2890 2646 2942 γματα
2670 2874 2765 2926 τοῦ
2796 2872 3095 2943 χρεώστου,
3140 2864 3262 2927 οὐδὲ
3304 2875 3466 2936 αὐτὸς
3498 2876 3525 2925 6
3566 2874 3872 2944 χρεώστης,
3909 2877 4029 2927 οὐδὲ

2456 2967 2485 3018 6
2515 2966 2802 3032 δανειστὴς
2833 2966 3060 3020 δύναται
3104 2970 3481 3037 προσαγαγεῖν
3508 2966 3568 3018 τὸ
3600 2966 3781 3035 χρέος,
3815 2966 3912 3018 καὶ
3942 2969 4031 3018 ὲκ-

2457 3057 2679 3125 δικῆσαι
2709 3060 2779 3110 τά
2818 3058 3161 3129 πράγματα·
3214 3058 3434 3110 πάντων
3469 3058 3580 3127 γὰρ
3625 3057 4029 3127 προτιμότερις

2386 3165 2429 3221 c
2463 3150 2610 3200 ἐστιν
2644 3152 2671 3202 ὀ
2702 3150 2982 3219 δημόσιος.

2540 3240 2667 3292 Ἐάν
2694 3243 2722 3293 6
2749 3242 2860 3293 τῶν
2888 3242 3168 3310 δημοσίων
3215 3242 3546 3311 ἀπαιτητὴς,
3596 3241 3734 3293 κατά
3782 3239 4035 3291 κέλευσεν

2459 3329 2553 3380 τοῦ
2593 3330 2853 3399 ἄρχοντος
2882 3332 3113 3402 πωλήσῃ
3146 3333 3241 3387 τὸν
3269 3333 3441 3400 ἀγρὸν
3460 3331 3555 3382 τοῦ
3585 3328 4035 3398 ἀγνωμονοῦντος

2460 3423 2517 3473 ὲν
2540 3424 2650 3484 τοῖς
2682 3423 2985 3490 δημοσίοις,
3028 3425 3127 3476 οὐκ
3160 3424 3535 3494 ἀνατρέπεται
3582 3425 3615 3492 η
3665 3424 3869 3493 πρᾶσις
3892 3437 3906 3449 ·
3942 3422 4035 3473 ἐάν

2459 3515 2515 3566 δὲ
2546 3518 2715 3584 [topic
2747 3516 3051 3577 κελεὺσεως
3082 3515 3176 3568 τοῦ
3205 3517 3467 3585 ἄρχοντος
3518 3516 3766 3583 γένηται,
3814 3516 3846 3580 ἧ
3891 3516 4035 3565 κατὰ

2459 3606 2630 3665 δόοον,
2656 3608 2686 3673 ἣ
2716 3610 2834 3675 δίχα
2862 3610 3193 3675 τιμήματος,
3220 3609 3611 3676 ἀνατρέπεται.

2531 3695 2603 3745 Τὸ
2625 3695 2716 3746 τοῦ
2738 3696 3005 3764 ἀφήλικος
3031 3698 3286 3765 ἀκίνητον
3304 3700 3500 3767 πρᾶγμ
3515 3698 3744 3761 χςκαλῶς
3771 3697 4033 3750 πωλεῖται

2460 3785 2528 3836 δι’
2556 3786 2687 3839 ἴδιον
2714 3787 2882 3838 αὑτοῦ
2912 3789 3086 3857 χρέος,
3124 3788 3156 3858 ἢ
3204 3789 3292 3841 διὰ
3326 3790 3604 3859 πατρῷον,
3654 3791 3687 3857 ἦ
3726 3790 3819 3841 διὰ
3858 3790 4037 3857 δημόν

2464 3891 2601 3940 σιον,
2637 3877 2878 3947 δηλονότι
2907 3879 2999 3931 ἐπὶ
3031 3881 3273 3948 φανερᾶς
3300 3882 3489 3946 κριτοῦ
3532 3882 3879 3947 ἀποφάσεως.

2536 4045 2654 4099 Κᾶν
2695 4046 3024 4117 συγγνώμην
3058 4047 3277 4117 ἡλικίας
3321 4051 3605 4121 ἀπαιτήσῃ
3658 4052 3686 4101 6
3734 4053 3941 4120 ἥττων,
3974 4059 4034 4109 οὐ

2465 4136 2635 4188 πωλεῖ
2671 4137 2932 4206 ἀκίνητον
2963 4140 3199 4207 πρᾶγμα
3245 4138 3418 4208 χωρὶς
3449 4140 3733 4209 δεκρέτου,
3769 4140 3889 4194 ἀλλ’
3914 4147 4036 4199 οὐδὲ

2467 4222 2777 4276 ὑποτίθεται
2796 4240 2811 4255 ⁸
2849 4226 2898 4277 εί
2926 4225 2982 4277 δὲ
3015 4227 3281 4296 πωλήσει,
3311 4227 3536 4281 δύναται
3564 4230 3624 4282 οὐ
3663 4231 3827 4299 μόνον
3843 4232 4037 4298 αὐτὸς,

2463 4318 2602 4372 ἀλλά
2635 4320 2731 4372 καὶ
2774 4321 2825 4373 ei
2860 4321 3188 4391 κληρονόμοι
3235 4324 3297 4376 τὸ
3328 4323 3537 4393 πραθὲν
3564 4325 3871 4393 ἀνατρέψαι
3901 4328 4039 4379 εἴσω

2465 4411 2717 4464 ἐνιαυτοῦ
2754 4414 2893 4479 μετά
2943 4419 3019 4465 κε’
3072 4413 3189 4482 ἔτη.
3225 4414 3505 4478 Ὡσαύτως
3552 4416 3607 4468 δὲ
3648 4418 3744 4470 καὶ
3791 4418 3820 4470 6
3851 4418 4039 4480 κακῶς

799 4498 884 4551 vel
906 4499 1255 4565 permutavit,
1284 4512 1609 4565 recuperare
1644 4507 1846 4566 potest,
1871 4501 2009 4555 intra
2044 4505 2352 4569 praedictum

2467 4504 2742 4573 ἠγόρασεν
2770 4505 2803 4574 ἢ
2846 4504 3107 4574 ἐνήλλαξε
3130 4546 3144 4571 ,
3178 4505 3401 4559 δύναται
3440 4508 3571 4561 αὐτὸ
3604 4510 3933 4579 ἀνατρέψαι,
3982 4511 4043 4562 τὸ

800 4596 1037 4655 tempus,
1087 4589 1318 4656 pretium
1363 4588 1669 4655 depositum
1716 4599 1989 4656 repetens.
2035 4593 2217 4646 Debita
2259 4612 2359 4649 au-

800 4689 908 4732 tem
966 4678 1236 4731 restitutio
1286 4678 1450 4732 etiam
1488 4680 1554 4731 ad
1603 4678 1844 4733 bwredes
1899 4679 2017 4746 ejus
2078 4691 2360 4741 transmit-

801 4782 949 4823 ιειιιι·.

876 4861 1097 4915 Veuiatn
1158 4870 1337 4913 autem
1396 4861 1572 4915 aetatis
1638 4864 1899 4930 postulat,
1948 4866 2029 4918 vir
2062 4867 2278 4935 quidem
2332 4883 2361 4921 a

802 4956 1060 5009 vicesimo
1105 4956 1282 5009 artatis
1338 4970 1517 5015 anno,
1574 4956 1774 5009 femina
1822 4968 2004 5012 autem
2064 4977 2093 5013 a
2149 4962 2364 5016 decimo

801 5058 1017 5100 octavo.
1050 5045 1203 5101 Scias
1250 5057 1433 5101 autem
1470 5048 1685 5117 plenam
1713 5058 1926 5106 aetatem
1965 5066 2089 5107 esse
2119 5056 2187 5110 ab
2221 5072 2366 5112 anno

802 5140 1064 5191 vicesimo
1093 5139 1307 5207 quinto.

879 5230 984 5305 ιθ
1016 5228 1224 5293 Tutor,
1262 5230 1337 5283 vel
1374 5239 1612 5296 curator,
1650 5233 1732 5287 vel
1775 5247 2095 5303 procurator
2141 5240 2365 5306 Orphani

804 5338 917 5375 rem
948 5336 1127 5374 emere
1155 5331 1451 5389 nequeunt.

877 5410 1111 5465 Minores
1178 5413 1311 5466 bene
1379 5414 1694 5469 rescindunt
1778 5418 2138 5472 venditionem
2205 5437 2367 5491 quam

806 5510 1087 5555 cmatores
1119 5514 1303 5553 eorum
1343 5516 1438 5570 per
1465 5503 1646 5556 dolum
1688 5506 1827 5558 male
1863 5507 2124 5562 fecerunt.

878 5590 1038 5645 Parta
1065 5592 1183 5644 sine
1206 5594 1329 5645 dolo
1356 5604 1640 5660 ronventa,
1666 5612 1892 5665 qumque
1920 5598 2129 5668 legibus
2153 5613 2372 5655 eontra-

811 5680 890 5735 ria
922 5695 1029 5734 non
1064 5688 1213 5747 sunt,
1250 5686 1446 5736 valent.

877 5771 980 5836 Qui
1029 5786 1253 5828 annona:
1302 5774 1647 5839 insidiantur,
1710 5777 1835 5831 dum
1867 5780 2072 5833 venalia
2123 5792 2371 5835 (Ὂὲιιιυιιί

2462 4596 2804 4666 καταϐληθὲν
2845 4596 3321 4665 ἐπαναλαμϐάνων
3349 4600 3568 4668 τίμημα
3594 4600 3728 4653 εἴσω
3760 4600 3854 4654 τοῦ
3882 4604 4041 4671 εἰρη-

2468 4689 2629 4754 μένου
2661 4688 2854 4755 χρόνον
2877 4702 2892 4717 ο
2927 4689 2960 4756 ή
2993 4687 3051 4739 δὲ
3080 4687 3399 4756 ἀρμὸζουσά
3420 4706 3527 4741 τινι
3589 4692 4043 4753 ἀποκατάστασις

2466 4779 2899 4846 παραπέμπεται
2929 4779 3020 4830 καὶ
3059 4779 3152 4830 ἐπὶ
3176 4780 3304 4842 τοὺς
3334 4778 3501 4832 αὐτοῦ
3531 4782 3935 4851 κληρονόμους.

2538 4870 2884 4939 Συγγνώμην
2911 4869 2968 4922 δὲ
2994 4869 3213 4940 ήλικίας
3260 4871 3421 4932 αίτετ,
3455 4873 3483 4924 6
3516 4871 3618 4941 μὲν
3658 4872 3803 4941 ἀνὴρ
3842 4873 3956 4925 ἀπὸ
3994 4881 4039 4927 κ’

2468 4960 2643 5023 ἔτους.
2668 4963 2699 5030 ή
2729 4962 2783 5013 δὲ
2808 4961 2993 5030 θήλεια
3037 4962 3148 5015 ἀπὸ
3193 4959 3284 5032 ιη’.
3332 4962 3403 5015 Σὺ
3425 4961 3483 5015 δὲ
3511 4961 3680 5030 γνῶθι
3710 4964 3811 5032 τήν
3828 4964 4042 5020 τελείαν

2467 5052 2685 5119 ἠλικίαν
2714 5049 2855 5105 εἶναι
2887 5053 2993 5105 ἀπὸ
3031 5051 3110 5106 κε’
3137 5052 3312 5116 ἔτους.

2554 5229 2880 5297 Ἑπίτροπος
2900 5230 2959 5281 οὐ
2984 5229 3208 5305 δύναται
3230 5231 3470 5302 ὀρφανοῦ
3492 5232 3764 5301 ἀγοράσαι
3782 5237 3939 5306 πρᾶγ
3948 5256 4040 5307 μα,

2471 5322 2504 5390 ἢ
2542 5322 2850 5391 κουράτωρ,
2893 5322 2927 5393 ἢ
2964 5325 3387 5395 προκουράτωρ.

2550 5413 2746 5476 Καλῶς
2777 5415 3176 5483 ἀνατρέπουσιν
3199 5418 3248 5469 oi
3279 5418 3501 5487 ἥττονες
3541 5420 3684 5490 εἰπερ
3715 5423 3863 5474 κατά
3895 5425 4041 5476 δόλον

2476 5506 2659 5565 κακῶς
2695 5504 2984 5574 ὲπώλησαν
3011 5508 3059 5559 οί
3084 5505 3265 5559 αὐτῶν
3294 5508 3615 5579 κηδεμόνες.

2548 5598 2629 5650 Τὰ
2677 5598 2847 5666 χωρὶς
2890 5597 3044 5650 δόλου
3081 5597 3373 5667 σύμφωνα,
3423 5603 3516 5653 καὶ
3565 5602 3639 5670 μὴ
3700 5606 3817 5667 τοῖς
3864 5609 4040 5677 νόμοις

2479 5689 2888 5755 ἐναντιούμενα,
2918 5689 3178 5757 ἒρῥωται.

2551 5778 2614 5829 Οἱ
2644 5780 2713 5849 τῇ
2740 5778 2962 5848 εὑθηνὲα
2992 5777 3432 5842 ὲτιιϐιυλεῦοντες
3461 5779 3548 5833 διὰ
3578 5780 3673 5833 τοῦ
3734 5786 4039 5855 προαγορά-
