4198 6448
748 382 883 448 ιοεν

1930 379 2302 441 ΜΑΤΤΗίΕΙ
2348 376 2777 439 BLASTARIS

3850 376 4015 439 1060

739 509 921 551 autem
958 506 1149 567 praeter
1201 493 1306 549 boc
1340 492 1520 548 facere
1550 490 1793 563 aggressi
1842 490 2067 558 fuerint,
2099 505 2322 546 excom-

2436 491 2520 545 ἐπὶ
2571 491 2665 543 τοῦ
2712 490 2965 560 ἄμϐωνος
3009 491 3327 561 ἱστάμενος·
3383 490 3509 553 τοὺς
3553 489 3614 543 δὶ
3666 489 3816 559 παρά
3851 489 4022 541 τοῦτο

743 586 1100 641 nmnicationi
1127 584 1510 655 subjiciantur.

816 679 1068 734 Decimus
1102 687 1331 747 quantus
1357 689 1537 731 autem
1578 692 1699 747 syn.
1723 676 1755 727 6
1784 691 1981 739 canon,
2039 692 2215 745 neque
2275 676 2324 732 ei

741 772 884 841 quia
908 771 1192 839 juventute
1215 779 1426 831 tonsus,
1457 769 1535 822 vel
1562 770 1731 835 nigris
1746 770 2011 832 vestibus,
2033 769 2113 822 vel
2142 770 2325 823 habitu

751 862 1065 917 mouacbalt
1091 865 1317 915 indutus
1353 861 1538 923 fuerit,
1577 861 1680 915 boc
1708 862 1882 915 lacere
1908 862 2189 929 permittit,
2223 862 2326 914 nisi

740 955 1065 1009 abantistite
1083 954 1450 1023 ad0ptionem.
1481 953 1593 1007 sive
1629 968 1888 1006 manuum
1919 954 2324 1021 impositiouom

740 1035 1032 1116 acceperit.
1090 1046 1231 1112 Quin
1275 1058 1327 1098 et
1377 1045 1649 1115 prmleclis
1694 1047 2016 1099 saterdotali
2067 1046 2329 1113 dignitate

740 1140 949 1191 ornatis
979 1138 1058 1191 fas
1099 1152 1217 1191 esse
1250 1138 1381 1190 dicit
1406 1138 1457 1189 in
1492 1139 1725 1206 propriis
1777 1137 2126 1190 monasteriis
2165 1137 2331 1187 lecto-

744 1244 828 1281 res
850 1228 1123 1288 ordinare,
1146 1228 1189 1281 si
1211 1229 1541 1281 tuonasleria
1573 1228 1786 1281 scilicet
1810 1227 1863 1279 in
1909 1227 2140 1281 desertis
2158 1225 2331 1279 seduli-

741 1329 862 1373 cata
892 1320 1020 1374 sint.
1057 1319 1201 1372 Idem
1238 1319 1402 1372 ctiam
1440 1318 1621 1372 facere
1655 1320 2062 1386 rborcpiscopis
2103 1318 2331 1387 permis-

743 1427 865 1465 sum
889 1421 994 1465 est.
1039 1411 1228 1473 Quaere
1262 1421 1423 1478 caput
1476 1411 1510 1463 4
1567 1411 1754 1464 litterae
1789 1411 1827 1461 Γ
1855 1420 1907 1463 et
1936 1409 1999 1463 21
2034 1409 2225 1462 littera
2257 1408 2328 1472 Χ,

741 1510 798 1556 et
828 1504 883 1557 in
919 1517 1037 1572 cap.
1080 1502 1114 1556 5
1157 1501 1348 1555 littera:
1383 1503 1421 1552 Δ
1466 1517 1729 1556 canonem
1760 1502 1816 1555 5i
1860 1501 2043 1570 magni
2071 1499 2279 1554 Basilii.

1460 1689 1587 1743 Lex.

815 1783 981 1838 Jubet
1010 1794 1188 1838 autem
1240 1783 1533 1839 Iustiniani
1569 1786 1807 1850 novella,
1860 1795 1919 1839 ut
1948 1800 2108 1840 nemo
2158 1788 2325 1842 lector

2432 585 2609 634 ποιεῖν
2644 583 2961 652 τολμῶντας
2985 582 3277 653 ἀφορισμῷ
3305 580 3724 635 ύποδάλλεσθαι.

2514 670 2576 725 Ὀ
2606 672 2661 724 δὲ
2688 673 2787 739 τῆς
2832 674 2875 736 ζ’
2908 673 3127 725 συνόδου
3180 672 3240 724 ιδ’
3270 672 3391 724 οὐδὲ
3428 672 3523 723 τὸν
3570 671 3927 740 κεκαρμένον
3959 672 4024 723 ἐκ

2434 762 2723 829 μειρακίου
2777 762 2809 831 ἦ
2864 764 2997 832 φαιά
3036 764 3361 831 ἐνημμένον,
3402 762 3436 832 ἢ
3484 762 3775 830 μοναχνκδν
3806 764 4023 830 ἠμφιε-

2432 854 2627 920 σμένον
2659 854 2867 924 σχῆμα,
2902 857 3061 909 τοῦτο
3100 860 3275 909 ποιεῖν
3324 857 3531 925 ἐφίησι,
3596 856 3672 924 μὴ
3720 855 3856 923 πρὸς
3920 854 4017 905 τοῦ

2429 946 2735 1016 ἀρχιερέως
2754 947 2850 1016 τὴν
2872 947 3211 1016 χειροθεσίαν
3234 947 3546 1017 δεξάμενον.
3579 949 3815 1013 Ἐξεῖναι
3834 948 3893 1000 δὲ
3923 947 4023 1001 rat

2429 1036 2750 1105 ἡγουμένοις
2796 1040 2961 1107 φησὶν
3010 1040 3281 1109 ἱερωσύνῃ
3360 1040 3805 1108 σεμνυνομένως,
3882 1041 4023 1092 ἁνα-

2431 1129 2682 1192 γνὼττας
2713 1131 2770 1181 ἐν
2798 1133 2910 1192 τοῖς
2954 1130 3173 1194 οἰκείοις
3217 1133 3608 1201 μοναστηρὶοις
3652 1133 4019 1201 χειροτονεῖν,

2432 1220 2481 1269 εί
2540 1216 2629 1269 ἐπ’
2690 1220 2924 1289 ἐρημίας
2975 1218 3129 1289 οἶμαι
3187 1222 3255 1273 τὰ
3298 1224 3640 1292 μοναστήρια
3674 1223 4023 1291 τυγχάνουσι

2433 1308 2682 1377 κείμενα.
2713 1311 2883 1365 Τοῦτο
2907 1312 2963 1366 δὲ
2993 1313 3089 1365 καὶ
3112 1314 3555 1383 χωρεπισκόποις
3584 1314 3757 1365 ποιεῖν
3775 1314 4018 1382 ἐφεῖται.

2440 1402 2600 1469 Ζήτει
2628 1402 2723 1456 καὶ
2755 1402 2815 1455 τὸ
2846 1404 2888 1453 δ’
2927 1421 3051 1473 κεφ.
3087 1405 3181 1457 τοῦ
3210 1405 3249 1457 Γ
3282 1404 3567 1473 στοιχείου,
3596 1405 3690 1457 καὶ
3712 1406 3773 1457 τὸ
3801 1412 3888 1457 κα⁹
3918 1404 4019 1457 τοῦ

2432 1494 2477 1546 Χ
2522 1496 2814 1565 στοιχείου,
2854 1495 2947 1548 καὶ
2977 1499 3034 1550 ἐν
3067 1496 3143 1567 τῷ
3172 1496 3215 1548 ε’
3242 1498 3525 1567 κεφαλαίῳ
3552 1494 3647 1549 τοῦ
3673 1499 3712 1549 Δ
3740 1497 4017 1567 στοιχείου

2432 1586 2634 1637 κανόνα
2666 1585 2759 1639 τοῦ
2805 1588 3045 1657 μεγάλου
3074 1587 3357 1641 Βασιλείου
3390 1594 3493 1642 ναθ.

3109 1681 3328 1749 Νόμος.

2515 1768 2581 1822 'll
2610 1770 2665 1822 δὲ
2702 1770 3131 1835 ’1ουστινιάνειος
3173 1773 3365 1841 Νεαρά
3408 1770 3620 1824 κελεύει
3654 1770 3731 1840 μὴ
3761 1768 4018 1837 γίνεσθαί

744 1875 861 1939 ﬁat,
896 1876 1000 1930 nisi
1028 1876 1118 1944 qui
1153 1877 1223 1930 sit
1254 1878 1320 1930 18
1378 1892 1552 1931 annos
1584 1888 1766 1931 natus.
1794 1848 1993 1944 Quaere
2037 1881 2204 1934 etiam
2262 1881 2324 1935 l3

2436 1878 2555 1913 τινα
2587 1862 2942 1930 ἀναγνώστην
2973 1866 3021 1916 εί
3048 1866 3123 1934 μὴ
3162 1870 3231 1934 ιη’
3265 1863 3403 1917 ἐτῶν
3445 1863 3677 1932 γένοιτο.
3727 1864 3893 1933 Ζήτει
3922 1862 4019 1915 καὶ

744 1985 870 2039 cap.
910 1969 1098 2023 littera:
1134 1968 1199 2022 K.

1139 2061 1293 2116 CAP.
1331 2060 1437 2114 VII.
1474 2061 1546 2115 De
1587 2064 1942 2116 anathemate.

814 2153 1009 2217 Quaere
1034 2168 1200 2219 super
1240 2153 1342 2205 hoc
1374 2152 1429 2206 iu
1472 2154 1829 2220 inscriptione
1863 2152 2055 2224 synodi
2086 2153 2326 2222 Gangre-

744 2259 851 2308 me,
880 2259 1002 2312 qua:
1036 2244 1088 2298 in
1146 2243 1413 2313 principio
1445 2244 1775 2312 reliquarum
1810 2245 2146 2315 synodorum
2173 2255 2326 2299 cata-

745 2335 867 2403 logo
892 2349 1304 2407 annumeratur.

797 2428 951 2481 CAP.
989 2428 1120 2484 VIII.
1164 2431 1237 2483 De
1293 2430 1632 2485 Antiminsiis
1668 2447 1758 2484 seu
1820 2428 2273 2482 Promensalibus.

827 2522 1205 2577 Prnmcnsalia
1242 2525 1350 2577 vim
1386 2525 1755 2577 sanetilicandi
1790 2533 1969 2585 nacta,
1996 2536 2158 2590 quam
2192 2533 2325 2575 tem-

745 2617 962 2684 plorum
995 2616 1063 2668 de
1099 2632 1240 2668 novo
1274 2626 1679 2669 exstructorum
1713 2616 2075 2675 consecratio,
2116 2624 2169 2667 et
2199 2629 2325 2681 sep-

747 2722 854 2762 tem
885 2710 1095 2761 dierum
1134 2708 1496 2761 ministerium
1547 2708 1615 2760 iis
1653 2707 1848 2759 ibidem
1880 2706 2108 2759 servatis
2131 2704 2325 2773 elargi-

746 2812 856 2865 tur,
907 2800 1219 2867 ubicunque
1274 2799 1340 2853 iis
1388 2814 1525 2866 Opus
1578 2802 1760 2860 luerit,
1793 2800 1913 2850 sine
1965 2796 2328 2864 prohibitione

749 2895 1221 2945 transmittuntur:
1286 2897 1341 2942 et
1394 2906 1501 2942 non
1546 2890 1597 2942 in
1651 2890 1752 2943 bac
1790 2889 1871 2942 vel
1905 2888 1993 2941 illa
2048 2887 2326 2955 provincia

746 2983 1277 3039 circumscribuntur
1309 3022 1324 3046 ,
1362 2982 1457 3035 sed
1499 2990 1582 3034 et.
1618 2991 1770 3035 trans
1824 2996 1976 3034 mare
2036 2979 2329 3033 mittuntur

746 3076 893 3133 sicut
925 3086 979 3130 et
1012 3076 1193 3129 oleum
1223 3084 1279 3128 et
1336 3075 1542 3143 reliqua
1594 3090 1770 3128 sacra.
1811 3073 1889 3127 lta
1945 3085 2125 3126 autem
2183 3071 2329 3125 dicta

2432 1958 2493 2011 τὸ
2528 1966 2597 2028 ιγ’
2627 1978 2752 2030 κεφ.
2780 1961 2874 2015 τοῦ
2905 1964 2953 2016 Κ
2987 1980 3160 2034 στοιχ.

2739 2055 2993 2111 ΚΕΦΔΛ.
3029 2060 3104 2112 Z'.
3146 2057 3286 2126 Περὶ
3308 2058 3703 2126 ἀναθέματος.

2506 2145 2669 2215 Ζήτει
2700 2147 2769 2201 τὰ
2797 2150 2927 2219 περὶ
2948 2148 3142 2203 τούτου
3176 2151 3234 2203 ἐν
3253 2154 3319 2221 τῇ
3339 2152 3617 2223 ἐπιγραφῇ
3651 2155 3751 2220 τῆς
3782 2153 3844 2206 ὲν
3874 2154 4019 2223 Γάγ-

2434 2252 2541 2307 γρα
2574 2238 2816 2304 συνόδου,
2855 2242 2977 2310 ἥτις
3022 2242 3101 2312 τῷ
3135 2243 3419 2314 καταλόγῳ
3447 2244 3558 2297 τῶν
3606 2245 3815 2299 λοιπῶν
3861 2248 4019 2300 συνόο

2432 2327 2541 2381 δων
2574 2329 2632 2381 ἐν
2664 2333 2727 2400 τῇ
2758 2332 2900 2403 ἀρχῇ
2940 2335 3366 2405 συνηρίθμηται.

2722 2424 2975 2482 ΚΕΦΛΛ.
3017 2428 3098 2481 H'.
3132 2429 3269 2495 Περὶ
3299 2429 3712 2496 ἁντιμινσίων.

2506 2524 2587 2577 Τὰ
2618 2522 2953 2591 ἀντιμίνσια,
3001 2520 3098 2588 τῆς
3144 2522 3473 2592 ἁγιαστικῆς
3508 2524 3807 2591 μετέχοντα
3856 2524 4021 2577 am-

2437 2633 2605 2683 μεως.
2647 2615 2714 2684 ἢν
2768 2615 2952 2675 αὐτοῖς
2991 2614 3025 2683 ἡ
3078 2612 3178 2680 τῆς
3233 2615 3620 2684 καθιερώσεως
3653 2616 3764 2667 τῶν
3820 2618 4021 2669 νεωστὶ

2434 2707 2866 2777 ἀνεγειρομένων
2893 2706 3038 2758 ναῶν
3068 2706 3361 2759 ἀκολουθία
3395 2708 3489 2759 καὶ
3514 2708 3546 2775 ἡ
3580 2708 3830 2776 ἐπταήμε
3844 2725 3933 2774 ρος
3962 2710 4022 2758 ἐν

2435 2802 2512 2866 τῷ
2546 2803 2659 2851 ἐκεῖ
2682 2800 3060 2868 θυσιαστηρίῳ
3084 2799 3361 2867 κειμένοις
3390 2799 3673 2869 ἱερουργία
3706 2798 4022 2869 χαρίζεται,

2437 2890 2564 2943 ἔνθα
2598 2893 2664 2943 ἂν
2718 2891 2879 2961 χρεία
2936 2891 3163 2956 γένηται
3212 2889 3438 2954 τούτοιν,
3486 2890 3782 2952 ἀκωλύτως
3840 2908 4024 2961 παρα-

2437 2984 2769 3051 πέμπονται,
2800 2980 2893 3033 καὶ
2926 2982 2986 3034 οὐ
3014 2981 3419 3051 περιγράφεται
3455 2982 3513 3033 ἐν
3547 2983 3670 3050 τῇδε
3702 2986 3769 3050 τῇ
3805 2984 4020 3051 ἐνορία,

2437 3074 2469 3143 ἢ
2502 3076 2558 3125 ἐν
2592 3074 2797 3142 ἐκείνῃ,
2830 3072 2970 3125 άλλά
3006 3072 3102 3124 καὶ
3140 3073 3409 3142 ὑπερόρια
3460 3072 3723 3139 γίνονται.
3762 3073 3913 3126 καθὰ
3957 3074 4024 3143 δὴ

747 3177 895 3231 sunt,
955 3168 1097 3235 quod
1153 3168 1354 3220 nmltas
1430 3166 1698 3234 ejusmodi
1746 3180 1964 3218 mensas
2022 3163 2330 3232 exprimant

2439 3167 2530 3219 καὶ
2564 3165 2625 3216 τὸ
2658 3164 2815 3233 ἆγιον
2853 3164 3045 3234 μύρον,
3084 3166 3175 3217 καλ⁵
3208 3164 3373 3234 ἕτερα
3407 3165 3573 3232 ᾰγια·
3618 3166 3939 3236 ἐκιήθησαν
3967 3166 4025 3219 δὲ

750 3261 1120 3328 referantque,
1185 3274 1304 3327 qua:
1376 3268 1621 3312 sanctam
1699 3257 2034 3311 Dominicam
2086 3270 2330 3309 mensam

2436 3255 2627 3317 οὕτως,
2655 3255 2730 3315 ὡς
2778 3254 3171 3322 ἁντιπρόσωπα
3216 3255 3312 3306 καὶ
3345 3256 3613 3307 ἀντίτυπα
3659 3256 3768 3307 τῶν
3807 3257 4025 3309 πολλῶν

751 3351 1064 3420 perﬁciunt.
1097 3349 1239 3415 Quin
1300 3358 1355 3403 ct
1416 3365 1616 3403 nomen
1679 3349 1800 3418 ejus
1866 3364 1897 3403 a
1956 3347 2331 3403 Romanorum

749 3456 941 3497 mensa
1007 3441 1279 3495 ducitur:
1337 3440 1558 3510 proprie
1620 3450 1801 3493 autem
1889 3440 1941 3492 in
2010 3454 2105 3493 eas
2177 3454 2329 3491 men-

751 3548 843 3588 sas
888 3541 1191 3600 ponuntur,
1227 3546 1367 3602 quas
1398 3532 1741 3586 consecratio
1789 3529 2029 3584 nondum
2090 3530 2335 3585 sanctiﬁ-

751 3624 932 3679 cavit.

746 3826 904 3882 CAP.
951 3825 1043 3883 IX.
1104 3824 1181 3880 De
1243 3824 1658 3906 peregrinatione
1707 3823 2066 3892 episcoporum
2117 3832 2168 3875 et
2223 3823 2332 3876 cle-

1452 3909 1705 3947 raeorum.

819 3990 994 4044 Porro
1023 4003 1126 4042 nec
1198 3988 1580 4057 episcoporum
1626 3994 1680 4039 et
1728 3986 2052 4040 clericorum
2089 3984 2335 4053 peregri-

751 4082 900 4134 natio
938 4095 969 4132 a
1002 4078 1255 4133 Patribus
1307 4076 1768 4147 praetermittenda
1805 4076 2111 4129 videbatur.
2143 4074 2333 4129 Canon

750 4174 898 4227 enim
945 4172 1009 4225 16
1035 4170 1227 4241 synodi
1257 4186 1377 4239 qua;
1408 4171 1582 4239 prima
1642 4179 1699 4222 et
1744 4167 1986 4223 secunda
2045 4166 2189 4220 dicta
2229 4176 2333 4233 est,

751 4266 1076 4336 Episcopus,
1129 4264 1330 4331 inquit,
1364 4263 1455 4331 qui
1491 4261 1783 4331 plusquam
1816 4276 1911 4314 sex
1945 4260 2229 4315 mensibus
2268 4262 2336 4314 ab

748 4358 982 4411 ecclesia
1034 4370 1132 4410 sua
1183 4354 1440 4416 abfuerit,
1505 4362 1561 4406 et
1601 4352 1658 4406 in
1689 4352 1791 4405 alia
1822 4352 2041 4420 regione
2087 4362 2336 4406 versatus

751 4449 938 4511 fuerit,
978 4462 1076 4501 nec
1104 4448 1245 4517 regis
1278 4454 1373 4499 aut
1401 4444 1725 4514 patriarchae
1751 4444 1909 4511 jussu
1940 4444 2215 4504 detentus,
2243 4454 2337 4497 aut

2436 3346 2695 3399 τοιούτων
2731 3347 2958 3415 μίνσων,
2991 3346 3099 3399 τῶν
3136 3346 3571 3415 καταρτιζόντων
3606 3347 3705 3419 τὴν
3735 3349 3907 3415 ἁγίαν
3940 3350 4027 3402 δε-

2438 3438 2703 3508 σποτικὴν
2729 3438 3012 3507 τράπεζαν
3033 3452 3048 3468 ⁸
3080 3438 3215 3490 ἀλλά
3242 3439 3337 3490 καὶ
3368 3439 3476 3493 ἀπὸ
3499 3439 3593 3492 τοῦ
3619 3440 3743 3492 κατ’
3779 3440 4024 3502 Ἰταλοὺς

2439 3530 2630 3599 μίνσου
2660 3529 2693 3597 η
2738 3528 2943 3581 τούτων
2994 3527 3251 3598 παρήχθη
3292 3529 3668 3601 προσηγορία*
3704 3531 3918 3603 κυρίως
3964 3531 4023 3584 δὲ

2436 3619 2522 3671 ἐπ’
2550 3618 2776 3671 ἐκείνων
2804 3619 2916 3672 τῶν
2961 3618 3257 3686 τραπεζῶν
3283 3620 3545 3686 τίθενται,
3584 3621 3650 3684 ἃς
3682 3622 4024 3693 καθιέρωσις

2435 3708 2536 3777 οὐχ
2570 3709 2821 3777 ἡγίασεν.
2904 3739 2910 3747 ο

2508 3824 2761 3877 ΚΕΦΔᾹ.
2796 3822 2871 3877 Θ¹.
2906 3824 3047 3894 Περὶ
3085 3826 3430 3891 ἀποδημίας
3459 3825 3817 3880 ἐπισκόπων
3846 3828 3949 3881 καί

3058 3894 3382 3963 κληρικῶν.

2510 3988 2643 4041 Οὐδὲ
2668 3986 2734 4039 τα
2761 3987 2862 4055 τῆς
2893 3985 3210 4055 ἀποδημίας
3250 3986 3358 4037 τῶν
3402 3986 3719 4039 ἐπισκόπων
3751 3989 3783 4057 ἢ
3826 3993 4025 4059 κληρι·

2439 4079 2553 4131 κῶν
2581 4080 2872 4148 παροπτέα
2899 4080 3013 4139 τοῖς
3044 4078 3329 4148 ιιατράσιν
3356 4079 3548 4149 ἐκρίθη
3574 4096 3586 4108 ο
3614 4082 3643 4131 ό
3669 4082 3777 4150 γὰρ
3821 4089 3900 4147 ις’
3925 4084 4026 4150 τῆς

2437 4168 2738 4239 λεγομένης
2773 4168 2820 4224 α’
2842 4171 2936 4223 καὶ
2962 4170 3007 4238 β’
3040 4170 3259 4223 συνόδου
3291 4171 3491 4233 κανὼν,
3537 4173 3598 4224 '0
3628 4174 3790 4226 πλέον
3818 4177 3933 4229 τῶν
3964 4176 4027 4239 εξ

2444 4261 2649 4331 μηνῶν,
2709 4261 2864 4332 φησι,
2917 4261 3019 4327 τῆς
3076 4259 3268 4314 ἐαυτοῦ
3353 4262 3647 4332 ἐκκλησίας
3715 4266 4027 4334 ἀποδημῶν

2440 4353 2758 4414 ἐπίσκοπος,
2793 4354 2889 4405 καὶ
2938 4355 2995 4405 ἐν
3029 4353 3303 4423 ἀλλοδαπῇ
3334 4353 3647 4424 διατρίϐων,
3680 4358 3755 4427 μὴ
3803 4360 4023 4427 βασιλι-

2443 4443 2541 4496 κοῦ
2574 4443 2605 4511 ἢ
2658 4444 3063 4511 πατριαργικοῦ
3114 4446 3390 4513 εἴργοντος
3422 4447 3585 4499 αὐτὸν
3614 4450 4022 4517 ἐπιτάγματος,

752 4556 782 4593 a
839 4539 985 4607 gravi
1011 4540 1224 4601 morbo,
1272 4547 1331 4591 ut
1358 4538 1581 4591 omnino
1610 4536 1842 4606 pedibus
1874 4536 1950 4589 uti
1994 4548 2101 4588 non
2135 4536 2326 4602 possit,

2436 4535 2466 4603 ἢ
2524 4534 2751 4604 βαρείας
2788 4535 2945 4587 νόσου
3000 4536 3296 4605 κλινοπετῆ
3352 4536 3526 4590 διόλου
3582 4540 3881 4608 ποιούσης,
3941 4544 4021 4608 ὡς

750 4627 895 4679 lecto
926 4625 1137 4686 aﬂixus.
1174 4641 1203 4678 a
1252 4625 1561 4679 sacerdotio
1618 4625 1971 4689 alienabitur,
2004 4633 2057 4678 ct
2107 4625 2247 4679 alius
2281 4627 2334 4680 in

748 4715 1122 4785 episcOpatum
1160 4716 1281 4787 ejus
1313 4716 1709 4773 introducetur.

818 4892 925 4962 21
962 4890 1236 4960 Septimus
1264 4901 1444 4947 autem
1470 4877 1899 4963 synodiSardic.
1951 4913 2152 4963 canon,
2200 4899 2331 4969 Epi-

750 5000 977 5054 scopus.
1013 4984 1208 5052 inquit,
1251 4985 1354 5038 nisi
1417 4986 1611 5040 litteris
1661 4989 1826 5056 regiis
1898 5001 2232 5054 accersatur,
2265 4992 2332 5046 ad

753 5094 935 5146 regem
976 5077 1243 5146 proﬁcisci
1303 5093 1372 5132 ne
1461 5078 1681 5143 audeat,
1753 5083 2050 5150 praesertim
2112 5094 2336 5154 propter

752 5171 1044 5238 dignitates
1075 5185 1195 5237 qure
1226 5169 1580 5224 szecularibus
1611 5187 1718 5225 non
1779 5174 1961 5228 minus
2023 5192 2183 5243 quam
2216 5177 2335 5245 epi-

753 5259 937 5326 scopis
977 5258 1331 5312 conveniunt.
1366 5259 1521 5325 Quod
1550 5260 1595 5313 si
1633 5262 1793 5330 plane
1811 5274 2034 5334 propter
2070 5267 2332 5322 auxilium

756 5350 956 5416 injuria
1020 5350 1338 5403 allectorum
1423 5352 1817 5424 viduarumque
1847 5365 1902 5410 et
1959 5357 2333 5426 orpbauorum

749 5442 820 5498 ad
853 5458 1030 5511 regem
1084 5443 1297 5498 mittere
1336 5446 1388 5498 iu
1454 5445 1639 5502 animo
1696 5448 1915 5513 habeat,
1953 5459 2050 5503 aut
2116 5451 2327 5504 veniam

750 5546 1078 5588 exmaturus
1118 5537 1190 5590 sit
1223 5551 1320 5605 pro
1358 5539 1423 5592 iis
1466 5542 1559 5608 qui
1612 5540 1684 5593 ob
1744 5540 1941 5595 delicta
1985 5543 2039 5595 in
2077 5544 2331 5622 exsilium

751 5626 1044 5694 deportati,
1080 5638 1172 5680 aut
1230 5629 1351 5682 aliis
1393 5631 1567 5697 pcenis
1606 5632 1826 5687 obnoxii
1900 5635 2119 5698 fuerint,
2151 5649 2181 5687 a
2241 5651 2331 5689 sa-

752 5724 839 5771 nis
871 5718 1181 5771 hominibus
1218 5721 1428 5777 Iaudem
1478 5723 1657 5791 potius
1714 5741 1877 5794 quam
1944 5727 2329 5796 reprehensio~

757 5825 883 5865 "(illi
922 5820 1179 5865 meretur.

2438 4626 2709 4695 ἀκινήτως
2753 4626 2890 4695 πρὸς
2940 4626 3240 4696 μετάϐασιν
3292 4626 3459 4696 ἔχειν,
3512 4629 4019 4702 ἀλλοτριωθήσεται

2436 4718 2535 4784 τῆς
2571 4717 2897 4787 ἱερωσύνης,
2940 4722 3031 4770 καὶ
3072 4718 3260 4790 ἕτερος
3289 4721 3367 4781 εἰς
3400 4720 3498 4789 τὴν
3526 4724 3837 4795 ἐπισκοπὴν
3870 4728 4024 4781 ἐκεί.

2438 4823 2531 4859 νου
2564 4809 3073 4877 ἀντεισαχθήσεται.

2524 4900 2581 4952 '0
2608 4899 2663 4952 δὲ
2690 4901 2788 4969 τῆς
2817 4904 2873 4953 ὲν
2899 4902 3136 4973 Σαρδικῇ
3170 4903 3234 4968 ζ’,
3264 4906 3323 4958 ει
3357 4907 3435 4978 μὴ
3469 4908 3762 4978 γράμμασι
3803 4908 4020 4977 βασιλι-

2436 4994 2554 5054 κοῖς
2588 4993 3032 5063 μεταπεμφθείη,
3092 4997 3282 5065 φησὶν,
3338 5000 3368 5050 ὁ
3419 5002 3740 5065 ἐπίσκοπος,
3791 5002 4022 5054 ἀπιέναι

2442 5089 2516 5155 μὴ
2547 5086 2800 5154 τολμάτω
2832 5087 2966 5155 πρὸς
3010 5087 3256 5158 βασιλέα,
3291 5091 3619 5160 ἀξιωμάτων
3653 5094 3817 5146 ’ἑνεκα
3859 5094 4019 5163 μάλι-

2441 5192 2561 5238 στα,
2594 5176 2629 5229 ἀ
2668 5177 2731 5247 δὴ
2769 5183 3056 5246 κοσμικοῑς
3097 5181 3194 5249 οὐχ
3233 5176 3394 5251 ἦττον
3426 5183 3457 5253 ῆ
3493 5185 3811 5247 ἐπισκόποις
3849 5204 4022 5254 προσ-

2440 5270 2583 5337 ήκει.
2623 5267 2686 5320 El
2737 5270 2792 5322 δὲ
2840 5270 2908 5322 δι’
2947 5272 3271 5341 ἐπικουρίαν
3315 5275 3608 5343 προφανῶς
3640 5275 4021 5345 ἀδικουμένων

2439 5361 2712 5430 πενήτων.
2738 5362 2925 5432 χηρῶν
2965 5380 3025 5415 τε
3069 5364 3162 5415 καὶ
3196 5364 3473 5433 ὀρφανῶν,
3509 5365 3606 5435 τὴν
3637 5366 3712 5428 ὡς
3738 5368 3829 5419 τὸν
3864 5370 4023 5436 βασι⁸

2438 5452 2532 5504 λέα
2560 5452 2872 5506 στείλασθαι
2900 5454 3301 5523 προθυμηθείη,
3327 5454 3359 5523 ἢ
3387 5456 3865 5526 παραιτησόμενος
3888 5461 4017 5521 τοὺς

2438 5542 2530 5593 ἐπὶ
2566 5541 2908 5612 πταίσμασιν
2941 5543 3126 5614 ἐξορίᾳ
3162 5546 3689 5615 παραπεμφθὲντας,
3725 5547 3757 5615 ἦ
3798 5549 4018 5618 ἑτέραις

2437 5634 2861 5704 ἐξεταζομένους
2887 5636 3193 5699 κολάσεσιν,
3225 5638 3538 5702 ἐπαιειετέος
3573 5639 3773 5707 μᾶλλον
3807 5640 3840 5709 ἦ
3878 5660 4021 5712 μεμ-

2440 5729 2602 5790 πτέος
2628 5729 2734 5791 τοῖς
2760 5745 2820 5795 γε
2859 5728 2985 5780 νοῦν
3017 5728 3254 5796 ἔχουσιν.
