4198 6448
752 386 889 445 10θὸ

1966 371 2347 433 ΜΑΤΤΙΙᾹΞΙ
2372 372 2796 433 BLASTARIS

3905 363 4054 424 Itlﬁi

752 495 1006 560 senserit,
1037 504 1090 550 et
1126 489 1405 563 synodalis
1461 489 1706 558 cognitio
1762 490 1813 545 id
1860 489 2173 545 faciendum
2220 506 2343 545 esse

2458 492 2722 562 θόρμητον
2758 490 3156 561 μεταϐαίνοντα
3212 489 3508 544 κατοικεῖν,
3548 486 3614 553 ἢν
3648 484 3721 553 μὴ
3775 482 4055 546 βασιλεῦξ

748 585 1089 660 iudicaverit.

823 679 928 748 22
965 676 1152 730 Canon
1197 682 1378 728 autem
1414 672 1481 725 ια
1510 672 1701 743 synodi
1737 672 2078 726 Sardicensis
2132 672 2349 740 episco-

756 786 910 836 pum,
941 767 1033 835 qui
1059 766 1125 817 σοι
1165 763 1475 817 immobiles
1497 777 1625 815 suas
1669 761 2048 830 possessiones
2078 778 2197 830 qua'
2221 771 2349 814 sunt

758 859 812 911 in
848 858 1054 910 exteris
1084 854 1405 923 regiooibus
1449 866 1676 919 peregre
1710 853 1844 914 abit,
1876 861 1930 905 ut
1968 850 2175 904 l’rurtus
2216 866 2348 904 suos

756 950 1011 1015 colligat,-
1049 948 1353 1013 habeatque
1418 945 1564 997 unde
1631 944 1965 1011 pauperibus
2013 943 2345 1011 suppetitet,

759 1038 933 1093 tribtts
969 1047 1179 1091 tantum
1234 1034 1531 1087 Dominicis
1562 1035 1774 1098 abesse,
1827 1042 1879 1086 et
1904 1034 2107 1086 interea
2172 1033 2348 1101 regio-

759 1132 1030 1186 nis°istius
1086 1130 1470 1198 presbyterum
1512 1128 1684 1185 adire.
1727 1137 1783 1179 et
1813 1124 2013 1178 ibidem
2038 1141 2145 1179 una
2208 1140 2335 1179 cum

762 1224 1013 1278 ﬁdelibus
1042 1237 1204 1275 orare
1238 1230 1294 1274 et
1316 1219 1548 1289 psallere
1596 1216 1772 1285 jubet;
1830 1233 1898 1269 ne
1958 1218 2012 1270 iu
2079 1231 2343 1269 canonem

763 1314 1049 1384 impingat,
1095 1312 1191 1382 qui
1247 1319 1492 1379 segregat
1530 1324 1655 1361 eum
1687 1309 1779 1379 qui
1839 1308 2017 1361 tribus
2047 1306 2345 1361 Dominicis

763 1407 1090 1461 abecclesia
1123 1421 1219 1460 sua
1253 1404 1513 1459 abfuerit.
1540 1404 1688 1457 ldt-m
1725 1402 1859 1455 dicit
1883 1402 1940 1453 Η
1964 1416 2087 1454 can.
2119 1401 2346 1471 hujusce

764 1499 979 1569 synodi.
1026 1498 1167 1563 Qttin
1204 1505 1257 1550 et
1283 1496 1621 1566 frequentius
1655 1495 1930 1549 civitatem
1967 1495 2127 1547 istius
2167 1493 2346 1561 regio-

766 1594 850 1646 nis
892 1606 958 1644 ne
1005 1590 1197 1652 adeat;
1232 1590 1305 1643 ita
1360 1589 1528 1648 enim.
1562 1588 1702 1640 bona
1750 1600 1847 1640 sua
1875 1585 2093 1639 assidue
2121 1600 2345 1639 conser-

764 1698 924 1748 vans,
965 1681 1103 1735 uibil
1137 1681 1451 1735 detrimenti
1477 1679 1738 1747 patietur,
1812 1686 1867 1731 et
1923 1677 2040 1744 ejus
2106 1677 2345 1747 regionis

764 1774 1054 1845 episc0pus
1083 1788 1205 1826 eum
1270 1772 1449 1825 inanis
1510 1770 1699 1840 gloria:
1729 1780 1783 1823 et
1845 1768 2177 1837 arrogantia:
2232 1782 2342 1821 non

767 1868 1120 1931 insimulabit,
1178 1874 1434 1933 tanquam
1486 1866 1575 1917 cui
1631 1863 1685 1916 in
1728 1863 1913 1916 animo
1959 1871 2124 1927 esset,
2172 1876 2350 1930 popu-
2384 1857 2424 1908 Β

766 1965 876 2017 lum
963 1962 1010 2014 ei
1087 1959 1395 2028 subjectum
1465 1957 1817 2019 erudiendo,
1886 1956 2063 2024 ipsum
2145 1954 2350 2023 pudore

766 2054 1103 2109 suli'untlere.

838 2146 1144 2199 Balsamon.
1235 2142 1294 2195 In
1364 2140 1741 2195 immobilibus
1825 2140 1973 2193 enim
2047 2142 2349 2195 alienarunt

764 2238 1121 2293 ecclesiarum
1192 2233 1670 2303 possessionibus,
1733 2232 1883 2286 lllius
1938 2232 2177 2299 regionis
2235 2235 2353 2300 epi-

768 2345 966 2398 st-0pus
1011 2328 1134 2397 jura
1169 2328 1493 2396 episcopalia
1523 2335 1760 2387 exercet,
1804 2325 1909 2377 nisi
1940 2326 2084 2393 quod
2126 2324 2225 2377 soli
2256 2339 2350 2391 pa-

770 2421 1026 2475 triarcha:
1060 2418 1754 2485 Cotistantinopolitauoex
1787 2415 1942 2484 longa
1962 2414 2355 2467 consuetudine

773 2512 1097 2579 permissum
1118 2510 1208 2571 sit,
1229 2508 1358 2562 dare
1388 2508 1478 2576 jus
1513 2506 1709 2575 ligendi
1747 2521 1966 2559 crucem
1997 2544 2010 2568 ,
2042 2514 2095 2557 et
2128 2505 2357 2556 oblatio.

773 2620 896 2659 nem
944 2603 1288 2669 nominisque
1340 2601 1669 2653 mentionem
1724 2598 1968 2659 habere;
2028 2597 2191 2665 idque
2252 2613 2355 2649 non

775 2697 950 2749 solum
981 2696 1034 2748 in
1096 2693 1314 2763 prietliis
1380 2694 1493 2745 suis
1552 2707 1674 2759 qure
1724 2688 2359 2759 possidet,,ubicunque

778 2789 879 2839 situ
899 2786 1119 2847 fuerint,
1156 2794 1209 2837 et
1243 2782 1684 2853 possessionibus
1729 2780 2105 2834 immobilibus
2162 2795 2357 2832 mona-

779 2879 1078 2932 steriorum
1118 2877 1220 2930 sibi
1292 2876 1688 2944 subjectorum,
1740 2874 1832 2926 sed
1863 2873 1995 2923 etin
2060 2871 2357 2940 provinciis

779 2968 1155 3037 metropoleon
1186 2980 1437 3025 suarum,
1470 2964 1783 3031 ubicunque
1812 2963 2021 3015 scilicet
2056 2963 2122 3014 ab
2148 2961 2354 3029 aliquo,

779 3062 872 3129 qui
910 3061 1197 3114 ecclesiam
1246 3056 1504 3116 exstruit.
1536 3067 1765 3109 vocatus
1798 3054 1981 3108 fuerit.

922 3154 1063 3216 Quid
1115 3153 1182 3205 sit
1226 3150 1529 3210 translatio,
1577 3148 1826 3199 discessio
1867 3154 1916 3198 et
1958 3143 2180 3197 ittvasr'o.

844 3245 903 3300 Si
940 3254 1122 3299 autem
1159 3243 1482 3311 quidquam,
1514 3242 1654 3293 ultra
1707 3238 2203 3309 peregrinationem
2245 3251 2353 3289 non

784 3338 1139 3400 laboriosam,
1171 3335 1242 3389 ab
1311 3332 1587 3403 episc0pis
1637 3330 2004 3395 innovetur,id
2040 3330 2121 3383 vel
2180 3339 2362 3385 trans-

785 3430 916 3484 latio
966 3428 1188 3492 dieitur,
1242 3428 1322 3479 rel
1373 3424 1661 3487 discessio,
1725 3425 1809 3476 vel
1865 3423 2104 3478 ittvasio.

850 3521 918 3575 Et
966 3519 1253 3576 translatio
1304 3519 1524 3587 quidem
1566 3516 1646 3581 ῆι,
1714 3516 1933 3584 quando
1974 3514 2179 3583 aliquis
2208 3514 2361 3567 ami-

790 3616 911 3669 nori
958 3612 1187 3668 ecclesia
1237 3611 1303 3663 ad
1378 3610 1639 3678 majorem
1698 3607 1916 3660 viduam
2004 3604 2357 3668 transfertur,

787 3710 882 3778 qui
923 3708 1135 3761 scilicet
1181 3704 1348 3756 verbo
1415 3711 1471 3755 et
1520 3700 1789 3769 sapientia
1846 3697 2082 3761 excellit,
2160 3698 2364 3767 quique

793 3800 1045 3871 pietatem
1124 3798 1522 3866 periclitantem
1609 3794 1932 3847 conﬁrmare
2000 3779 2196 3861 possit.
2273 3790 2360 3845 Uti

794 3910 991 3962 magno
1042 3890 1305 3959 Gregorio
1336 3889 1431 3957 qui
1479 3887 1791 3955 Tbeologns
1839 3886 2019 3938 dictus
2054 3894 2193 3943 erat.
2227 3899 2362 3937 con-

791 3980 933 4052 tigit,
1001 3998 1161 4051 quem
1221 3994 1384 4034 nemo
1468 3993 1638 4033 sanus
1714 3978 1887 4030 virum
1953 3991 2077 4029 esse
2151 3989 2361 4028 summa

792 4078 952 4131 laude
1001 4076 1223 4144 dignum
1263 4071 1563 4140 negaverit.
1800 4140 1804 4143 _

867 4170 981 4223 lloc
1020 4176 1331 4222 sanctorum
1384 4164 1755 4231 apostolorum
1819 4176 1994 4215 canon
2057 4160 2121 4213 Ην
2173 4176 2365 4215 neces-

796 4264 1004 4317 sarium
1056 4275 1180 4315 esse
1234 4260 1457 4327 iudicat,
1509 4256 1697 4308 dicens
1739 4269 1845 4307 non
1871 4254 2033 4307 licere
2084 4254 2363 4322 epiSCOpO,

798 4357 989 4411 relicta
1041 4368 1141 4407 sua
1198 4351 1436 4421 parmcia
1509 4348 1665 4402 alteri
1731 4347 1979 4408 insilire,
2035 4346 2249 4399 etiamsi
2335 4361 2364 4398 a

799 4450 1048 4516 pluribus
1098 4455 1322 4499 coactus
1356 4444 1446 4505 sit,
1518 4440 1623 4492 nisi
1707 4439 1864 4490 detur
1942 4453 2106 4490 causa
2167 4438 2364 4505 aliqua

2456 588 2584 655 ἐφῇ,
2622 586 2717 638 καὶ
2754 585 3047 652 διάγνωσις
3092 581 3349 653 ἐπικρίνῃ
3401 577 3563 632 τοῦτο
3605 575 3896 644 συνοδική.

2540 679 2598 729 '0
2623 677 2680 730 δὲ
2712 677 2778 746 ιβ’
2821 677 2918 743 τῆς
2952 677 3010 727 ἐν
3058 674 3320 744 Σαρδικῇ,
3347 673 3455 724 Τὸν
3488 671 3568 733 εἰς
3616 668 3923 734 ἀκινήτους
3950 664 4058 716 αὖ·

2452 769 2548 822 τοῦ
2586 771 2811 835 κτήσεις
2862 767 3092 820 ἀπιόντα
3147 768 3468 823 ἐπίσκοπον,
3510 759 3836 830 ὑπερορίους
3869 754 4056 814 οὔσας

2453 859 2553 926 τῆς
2585 858 2753 912 αὑτοῦ
2801 859 3098 927 ἐπαρχίας.
3138 857 3233 909 ἐπὶ
3286 855 3364 923 τῷ
3413 852 3753 920 συγκομίσαι
3792 847 3933 907 τοὺς
3965 846 4055 897 oi-

2456 952 2636 1011 κείους
2679 953 2947 1019 καρποὺς,
2995 951 3071 1013 ὼς
3130 950 3196 1003 ἂν
3247 948 3348 1017 ἔχῃ
3393 950 3506 1009 τοῖς
3539 944 3817 1013 δεομένοις
3854 943 4055 1005 ἐπαρο

2454 1047 2593 1105 κεῖν,
2623 1046 2714 1097 ἐπὶ
2738 1044 2884 1113 τρισὶ
2906 1046 3001 1097 καὶ
3033 1045 3225 1114 μόναις
3264 1041 3574 1111 Κυριακαῖς
3599 1034 3813 1089 κελεύει
3839 1031 4055 1085 τοῦτον

2452 1134 2530 1203 τῷ
2560 1138 2660 1204 τῆς
2691 1135 2963 1203 ἐπαρχίας
3001 1134 3217 1201 ἐκείνης
3250 1130 3608 1200 πρεσϐυτέρῳ
3643 1122 4053 1193 συνέρχεσθαι,

2454 1228 2550 1280 καὶ
2599 1229 2713 1289 τοῖς
2752 1226 2987 1279 ἐνταῦθα
3048 1228 3262 1287 πιστοῖς
3325 1220 3683 1292 συνεύχεσθαι
3768 1217 3864 1269 καὶ
3903 1232 4053 1282 συμ-

2453 1317 2718 1385 ψάλλειν,
2760 1318 2845 1369 ἵνα
2889 1316 2963 1387 μὴ
3019 1314 3487 1385 προσκεκρουκὼς
3539 1311 3682 1384 ᾖτῷ
3717 1308 4049 1377 ἀφορίζοντι

2454 1410 2638 1462 κανόνι
2693 1411 2786 1463 τδν
2836 1410 2930 1464 ἐπὶ
2991 1400 3157 1478 τρισῖ
3190 1409 3498 1478 Κυριακαῖς
3560 1404 3659 1471 τῆς
3733 1400 4049 1470 ἐκκλησίας

2451 1503 3016 1572 ἁπολιμπανόμενον’
3072 1502 3188 1554 ἐστι
3240 1502 3297 1554 δέ
3352 1501 3448 1552 καὶ
3498 1491 3655 1560 οὗτος
3693 1496 3909 1565 ταύτης
3946 1490 4044 1546 ια”

2451 1595 2514 1647 οὗ
2552 1594 2658 1664 μὴν
2685 1595 2822 1648 ἀλλὰ
2870 1595 2966 1647 καὶ
3002 1595 3224 1656 πυκνῶς
3269 1595 3348 1654 εἰς
3394 1592 3493 1660 τὴν
3522 1590 3676 1642 πόλιν
3708 1587 3811 1650 τῆς
3849 1585 4045 1656 χώρας

2452 1688 2671 1758 ἐκείνης
2712 1689 2787 1757 μὴ
2842 1687 3099 1741 ἀπιέναι·
3156 1684 3300 1739 οὕτω
3351 1686 3459 1754 γὰρ
3516 1683 3614 1736 καὶ
3666 1680 3878 1750 ζημίαν
3934 1679 4043 1747 οὐκ

2453 1781 2868 1851 ὑποστήσεται,
2920 1778 3315 1851 συνεχέστερον
3389 1776 3669 1845 ἐπιτηρῶν
3714 1774 3783 1826 τὰ
3834 1774 4041 1835 οἰκεῖα,

2455 1872 2549 1925 καὶ
2596 1874 2624 1925 ὁ
2667 1872 2933 1942 ἐγχώριος
2981 1874 3281 1936 ἐπίσκοπος
3335 1870 3502 1936 κενῆς
3536 1867 3694 1937 δόξης
3740 1870 3835 1918 καὶ
3865 1866 4044 1934 ὕπερο

2454 1962 2615 2030 οψίας
2641 1964 2807 2015 αὑτὸν
2839 1964 2900 2017 οὐ
2935 1965 3230 2035 γράψεται,
3262 1963 3337 2024 ὼς
3369 1962 3436 2015 ἂν
3464 1965 3540 2023 εἰς
3569 1959 3735 2014 αὑτοῦ
3767 1957 4044 2027 αἰσχύνην

2456 2056 2544 2107 τὸν
2570 2055 2662 2107 ὑπ’
2693 2056 2843 2120 αὐτῷ
2871 2056 2999 2108 λαὸν
3024 2056 3298 2109 διδάσκειν
3333 2053 3605 2107 ἐθέλοντα.

2528 2146 2891 2216 Βαλσαμὼν.
2924 2149 3017 2209 Εἰς
3055 2148 3166 2216 γὰρ
3203 2147 3303 2209 τὰς
3333 2148 3630 2216 ἀκινήτους
3663 2145 3890 2210 κτήσεις
3928 2142 4044 2192 τῶν

2455 2239 2754 2308 ἀλλοτρίων
2824 2241 3136 2308 ἐκκλησιῶν
3194 2241 3223 2292 ὁ
3283 2241 3549 2309 ἐγχώριος
3607 2240 3909 2299 ἐπίσκοπος
3970 2238 4045 2287 τὰ.

2457 2333 2826 2402 ἀρχιερατικὰ
2860 2336 3075 2402 ἐνεργεῖ
3105 2334 3311 2386 δίκαια.
3344 2332 3504 2401 Μόνῳ
3526 2331 3581 2382 δὲ
3608 2331 3685 2398 τῷ
3714 2330 4046 2398 πατριάρχη

2406 2478 2409 2481 .
2461 2427 3091 2485 Κωνσταντινουπόλεως
3152 2428 3215 2478 ἐκ
3242 2425 3529 2494 συνηθείας
3554 2425 3765 2490 ἐφεῖται
3794 2424 4043 2491 μακρᾶς,

2462 2517 2841 2585 σταυροπήγιά
2894 2534 2954 2570 τε
3001 2518 3240 2579 διδόναι,
3298 2519 3392 2571 καὶ
3444 2518 3543 2586 τὴν
3598 2517 3882 2587 ἀναφορὰν
3948 2517 4049 2568 καὶ

2465 2614 2684 2679 μνήμην
2712 2610 2807 2662 τοῦ
2840 2610 3109 2679 ὀνόματος
3149 2611 3315 2662 αὐτοῦ
3350 2612 3515 2679 ἔχειν,
3546 2611 3605 2663 οὐ
3643 2613 3805 2680 μόνον
3838 2608 3926 2677 ἐφ’
3962 2604 4048 2668 οἷς

2463 2701 2732 2770 κέκτηται
2765 2701 2916 2763 ἰδίοις
2964 2701 3186 2771 χωρίοις
3217 2702 3555 2770 ὁπουδήποτε
3605 2705 3909 2770 κειμένοις,
3944 2706 4049 2753 καὶ

2461 2795 2573 2855 τοῖς
2625 2794 2907 2863 ἀκινήτοις
2975 2795 3219 2862 κτήμασι
3272 2794 3381 2846 τῶν
3428 2795 3811 2863 ὑποκειμένων
3862 2797 4048 2864 τούτῳ

2466 2886 2876 2955 μοναστηρίων,
2908 2885 3045 2938 ἀλλὰ
3082 2888 3178 2938 καὶ
3225 2889 3283 2937 ἐν
3333 2890 3452 2949 ταῖς
3506 2887 3612 2939 τῶν
3650 2889 4049 2957 μητροπόλεων

2466 2977 2633 3029 αὑτοῦ
2670 2978 2927 3081 impiam“
2965 2976 3097 3030 ἔνθα
3125 2977 3189 3030 ἂν
3218 2980 3369 3047 παρὰ
3414 2979 3509 3031 τοῦ
3541 2982 3631 3032 τὶν
3666 2979 3801 3031 νεὼν
3830 2981 4051 3048 ἀνεγεί-

2468 3085 2655 3137 ροντος
2684 3069 2886 3140 δηλαδὴ
2900 3069 3308 3139 “προσκληθείη.

2471 3161 2531 3212 Τι’
2585 3162 2718 3213 ἐστι
2772 3160 3120 3226 μετάθεσις,
3190 3161 3541 3229 μετάϐασις,
3584 3161 3681 3214 καὶ
3734 3163 4045 3227 ἐπίϐασις.

2536 3253 2598 3305 Ei
2636 3252 2693 3303 δέ
2739 3270 2793 3303 τι
2831 3254 3146 3324 περαιτέρω
3178 3257 3278 3324 τῆς
3315 3256 3792 3325 ἀπραγματεύτου
3831 3259 4046 3325 ἀποδη-

2468 3341 2597 3409 μίας
2628 3343 3061 3414 καινοτομηθείη
3118 3347 3233 3409 τοῖς
3287 3347 3638 3412 ἐπισκόποις,
3677 3348 3709 3419 ἢ
3748 3349 4049 3416 μετάθεσις

2404 3425 2411 3432 ’
2463 3431 2678 3498 λέγεται
2710 3435 2891 3500 τοῦτο,
2925 3436 2956 3507 ἢ
3009 3438 3336 3506 μετάϐασις,
3370 3440 3401 3509 ἢ
3446 3440 3713 3502 ἐπίϐασις.

2538 3525 2649 3577 Καὶ
2685 3525 2975 3593 μετάθεσις
3002 3527 3103 3596 μέν
3131 3530 3268 3591 ἐστι,
3300 3529 3359 3581 τὸ
3383 3528 3442 3591 ἐξ
3484 3528 3771 3590 ἐλάττονος
3839 3530 4047 3597 ἐκκλη-

2470 3617 2593 3679 σίας
2630 3617 2712 3679 ei;
2750 3617 2974 3684 μείζονα
3025 3619 3375 3687 χηρεύουσαν
3427 3618 3731 3689 ἀναχθῆναι
3780 3636 3910 3671 τινα
3940 3618 4049 3671 τῶν

2464 3710 2608 3777 λόγῳ
2664 3710 2763 3763 καὶ
2803 3711 2969 3781 σοφίᾳ.
3016 3711 3386 3780 διαφερόντων
3418 3749 3430 3773 ,
3476 3713 3571 3763 καὶ
3605 3711 3702 3779 τὴν
3758 3711 4050 3764 εὐσέϐειαν

2467 3801 2893 3854 κινδυνεύουσαν
2922 3802 3240 3868 δυναμένων
3266 3801 3542 3871 στηρίξαι.
3577 3796 3664 3855 οἷα
3689 3803 3784 3854 καὶ
3807 3803 3877 3856 τά
3904 3807 4049 3858 κατὰ

2465 3892 2562 3945 τὶν
2594 3893 2771 3961 μέγαν
2817 3892 2945 3961 ἔσχε
2987 3894 3319 3965 Γρηγόριον,
3358 3893 3450 3946 τὸν
3482 3894 3580 3963 τῆς
3629 3893 3918 3960 θεολογίας
3952 3899 4051 3948 ἐπ-

2466 3983 2704 4049 ώνυμον,
2747 3983 2814 4051 ἢν
2851 3984 2951 4034 οὐκ
2989 3983 3054 4035 ἀν
3107 4002 3193 4046 τις
3242 3982 3300 4036 εὖ
3355 3985 3567 4054 φρονῶν
3623 3986 3751 4055 εῐπῃ
3810 3986 3888 4055 μὴ
3940 3987 4051 4039 τῶν

2469 4075 2675 4143 σφόδρα
2709 4076 3118 4143 ἐπαινουμένων
3141 4071 3301 4130 εἶναι.

2539 4166 2713 4218 Τοῦτο
2755 4167 2851 4218 καὶ
2883 4166 2911 4216 ό
2935 4168 2995 4219 ιδ’
3026 4169 3136 4219 τῶν
3161 4169 3334 4234 ἁγίων
3361 4169 3670 4221 ἀποττὲλων
3698 4169 3885 4221 κανὼν
3938 4170 4052 4221 τῶν

2470 4258 2786 4325 ἀναγκαίων
2821 4253 2963 4311 εἶναι
3001 4259 3199 4329 κρίνει,
3246 4259 3321 4329 μὴ
3375 4262 3574 4323 ἐξεῖναι
3614 4261 3789 4327 λέγων
3825 4261 4055 4311 ἐπίσκο-

2472 4365 2575 4401 πον
2606 4349 2981 4401 καταλιπόντα
3005 4350 3105 4419 τὴν
3137 4350 3331 4403 ἑαυτοῦ
3356 4352 3686 4422 επαροικίαν,
3722 4352 3895 4422 ἑτέρᾳ
3934 4354 4053 4404 ἐπι-

2473 4441 2672 4508 πηδᾷν,
2711 4443 2812 4493 κᾶν
2874 4443 2979 4494 ὑπὸ
3033 4443 3297 4495 πλειόνων
3332 4444 3733 4512 ἀναγκάζηται.
3766 4446 3813 4495 εἰ
3848 4447 3925 4513 μή
3968 4460 4053 4503 τις

798 4539 1111 4595 neCessaria
1176 4551 1298 4603 quze
1341 4549 1465 4586 eum
1523 4530 1676 4584 adid
1743 4529 2049 4582 iaciendum
2133 4541 2355 4583 moveat:

2474 4536 2754 4602 ἀναγκαία
2786 4536 2878 4601 εἴη
2917 4533 3067 4587 αἰτία
3118 4536 3150 4603 ἡ
3199 4535 3357 4587 τοῦτο
3387 4540 3562 4589 ποιεῖν
3591 4538 3753 4589 αὐτὸν
3781 4536 4051 4588 κατεπεί-

799 4633 878 4684 uti
913 4629 1058 4696 quod
1103 4642 1291 4681 eorum
1319 4624 1410 4692 qui
1466 4623 1665 4676 ibidem
1691 4621 1918 4687 degunt,
1951 4621 2205 4689 pietatem
2241 4636 2369 4687 pro-

799 4735 1020 4775 movere
1048 4719 1237 4786 possit.
1281 4719 1451 4769 Porro
1488 4728 1623 4767 ‘non
1664 4712 1913 4781 privatim
1950 4713 2233 4781 eligendus
2262 4721 2367 4775 est,

798 4815 893 4868 sed
938 4828 1062 4865 cum
1105 4810 1399 4863 multorum
1433 4808 1817 4875 episcoporum
1856 4804 2063 4873 judicio
2093 4817 2146 4858 et
2177 4804 2371 4858 idonea

799 4904 1204 4959 adhortatione.

880 4998 973 5052 Est
1004 5007 1186 5051 autem
1244 4992 1533 5056 discessio,
1566 4990 1783 5059 quando
1814 4990 2103 5060 episcopus
2152 4991 2374 5061 aliquis,

802 5092 1034 5150 :crlesia
1071 5105 1166 5143 sua
1187 5104 1216 5141 a
1240 5086 1466 5157 paganis
1482 5087 1772 5152 prehensa.
1794 5100 1916 5137 cum
1940 5097 2210 5137 consensu
2229 5084 2379 5137 illius

806 5184 1046 5252 regionis
1078 5179 1484 5248 episcoporum,
1535 5175 1599 5227 ad
1633 5174 1793 5227 aliam
1845 5189 2071 5226 vacuam
2109 5174 2376 5239 discedit;

805 5277 951 5344 quod
980 5287 1114 5328 sana
1139 5270 1283 5323 circa
1318 5269 1475 5321 tidem
1498 5267 1855 5319 orthodoxam
1880 5266 2189 5332 cognitione
2215 5275 2269 5319 et
2300 5266 2378 5318 le-

807 5382 933 5436 gum
965 5363 1461 5418 ecclesiasticarum
1520 5360 1975 5426 decretorumque
2017 5358 2243 5410 scientia
2278 5358 2380 5409 im-

808 5460 1027 5511 buatur.
1076 5454 1217 5520 Quin
1243 5462 1297 5505 et
1334 5453 1448 5503 inec
1502 5451 1633 5503 nulli
1695 5449 2103 5518 repreln-usioni
2144 5450 2378 5503 obnoxia

806 5557 911 5602 est:
946 5548 1024 5600 ttti
1061 5547 1281 5600 diSscrit
1314 5545 1557 5613 synodus
1622 5544 1876 5595 Antioch.
1931 5544 1983 5594 iu
2020 5541 2156 5594 150'.
2185 5542 2256 5594 22
2288 5558 2382 5595 ca—

813 5656 979 5703 none,
1009 5639 1223 5693 tliceus,
1258 5651 1361 5686 non
1396 5643 1645 5700 oportere
1665 5632 2064 5700 episcoporum]
2088 5632 2245 5684 aliam
2270 5648 2386 5700 pro-

816 5728 1048 5783 vinciam
1092 5724 1388 5795 prolieisei,
1442 5735 1494 5776 et
1535 5722 1913 5775 ordinationes
1955 5720 2158 5783 facere,
2186 5721 2289 5774 nisi
2316 5721 2385 5773 ab

819 5821 982 5877 istius
1007 5817 1248 5884 regionis
1282 5817 1537 5885 episeopo
1572 5815 1623 5869 id
1683 5816 1731 5869 ei
1783 5827 2105 5868 concessum
2178 5812 2382 5875 fuerit;

2472 4634 2672 4692 γονσα,
2707 4621 2797 4679 οἷα
2832 4627 3134 4695 δυνάμενον
3171 4631 3281 4688 τοῖς
3312 4630 3428 4681 ἐκεῖ
3457 4629 3527 4680 τά
3558 4646 3618 4696 γε
3651 4632 3729 4690 εἰς
3758 4630 4051 4681 εὖσέὗειαν

2477 4718 2862 4771 συλλαϐέσθαι·
2897 4722 2991 4771 καὶ
3025 4720 3186 4771 τοῦτο
3222 4722 3278 4771 δὲ
3330 4721 3429 4772 οὐκ
3460 4723 3671 4772 οἴκοθεν
3700 4722 3919 4775 ἑλέσθαι
3946 4726 4050 4792 δεῖ,

2473 4808 2611 4861 ἀλλὰ
2634 4811 2725 4861 καὶ
2756 4810 2935 4879 κρίσει
2987 4811 3201 4864 πολλῶν
3231 4813 3572 4877 ἐπισκόπων,
3604 4816 3698 4867 καὶ
3741 4817 3905 4885 ίκανῇ
3948 4834 4051 4869 πα-

2480 4899 2651 4971 ρακλή
2661 4917 2741 4950 σει

2554 4989 2869 5045 Μετάϐασις
2922 4989 3021 5053 δὲ,
3073 4989 3202 5042 ὅταν
3252 5008 3334 5052 τις
3407 4993 3517 5043 τῶν
3573 4995 3909 5059 ἐπισκόπων,
3954 5000 4052 5068 τῆς

2438 5084 2439 5087 “
2478 5081 2775 5148 ἐκκλησίας
2815 5081 2981 5133 αὑτοῦ
3044 5083 3485 5151 κατα>.η;ρθείσης
3551 5086 3655 5137 ὑπὸ
3688 5086 3879 5149 ἐθνῶν,
3911 5090 4052 5155 γνὼ-

2484 5190 2558 5242 μῃ
2592 5173 2702 5223 τῶν
2736 5174 2876 5224 κατά
2902 5172 3000 5241 τὴν
3046 5172 3231 5242 χώραν
3278 5177 3592 5227 ἐπισκόπων
3627 5179 3706 5240 είς
3750 5182 4053 5248 σχολάζου-

2484 5282 2581 5316 σαν
2613 5263 2806 5332 ἑτέραν
2844 5264 3077 5332 μεταϐῇ,
3146 5264 3232 5315 διά
3270 5282 3328 5316 τε
3379 5266 3441 5316 τὸ
3488 5268 3616 5335 περὶ
3688 5268 3787 5334 τὴν
3835 5272 4051 5336 ὀρθοδσ-

2482 5354 2600 5420 ξίαν
2644 5354 2807 5406 αὑτοῦ
2860 5355 3035 5419 ὑγιὲς,
3106 5356 3201 5404 καὶ
3249 5357 3347 5423 τὴν
3397 5358 3507 5408 τῶν
3579 5360 4053 5425 ἐκκλησιαστικών

3774 5453 3930 5521 Ἐχει
4000 5457 4051 5507 δὲ

2486 5540 2577 5590 καὶ
2639 5538 2775 5607 αὓτη
2808 5538 3024 5601 παντως
3053 5539 3109 5591 τὸ
3164 5540 3543 5609 ἀνεπίκλητον,
3590 5542 3663 5604 ὡς
3716 5544 3747 5609 ἡ
3819 5548 3876 5596 ἐν
3938 5546 4053 5599 Ἀν-

2485 5632 2693 5699 τιοχεέᾳ
2761 5631 2975 5693 σύνοδος
3033 5635 3089 5683 ἐν
3146 5632 3222 5701 τῷ
3284 5630 3349 5698 ιγ’
3407 5632 3587 5685 κανόνι
3652 5634 3748 5686 καὶ
3821 5635 3903 5702 κβ⁹
3952 5639 4052 5690 διέ-

2490 5721 2648 5787 ξεισι,
2685 5723 2766 5792 μὴ
2800 5723 2930 5787 δεῖν,
2986 5723 3243 5790 λέγουσα,
3308 5725 3443 5792 πρὸς
3504 5725 3698 5792 ἐτέραν
3757 5727 4052 5781 ἐπίσκοπον

2493 5815 2760 5882 ἐπαρχίαν
2792 5815 3010 5867 ἀπιέναι
3046 5816 3133 5866 καῖ
3166 5816 3495 5883 χειροτενῖας
3536 5818 3733 5881 ποιεῖν,
3766 5818 3813 5870 ει
3848 5819 3924 5887 μή
3956 5835 4048 5870 ττι-υ

2484 5449 2793 5514 ἐπιστήμην
2870 5447 3052 5514 νόμων
3110 5463 3169 5497 τε
3244 5448 3337 5498 καὶ
3389 5449 3693 5515 δογμάτων.
