4198 6448
200 400 335 468 Ιοῦθ

1195 397 1594 457 SYNTAGMA
1630 395 2338 459 ALPllABETlCUM.-
2378 400 2444 454 .-\'.

3304 404 3441 468 1070

194 514 328 580 ερησὶ
391 511 492 579 τῆς
551 509 682 565 ἰδίας
740 510 1132 581 ἐκϐεϐλημένον
1190 513 1521 581 ἐπισκοπῆς.
1578 510 1758 581 ἦύπδ

1867 507 2086 576 injuste,
2120 508 2315 577 inquit,
2346 525 2374 561 a
2409 510 2627 579 proprio
2666 511 2987 581 episcopatu
3010 513 3216 581 cjectus
3250 512 3437 584 fuerit,

193 604 478 672 αἱρετικῆς
512 602 827 664 δυναστείας
887 606 1010 673 περὶ
1061 604 1302 666 πλείονος
1341 604 1409 657 τά
1455 607 1555 674 τῆς
1596 603 1765 673 ὀρθῆς

194 696 432 755 πίστεως
468 692 784 762 ποιούμενον
826 694 1093 764 δόγματα,
1146 696 1178 763 ἦ
1232 695 1310 764 τῷ
1348 697 1447 766 τὴν
1500 696 1764 766 ένσαρκον

192 788 509 856 οἰκονομίαν
540 786 848 854 ὁμολογεῖν,
885 789 1038 856 παρά
1060 787 1466 858 εἰδωλολατρῶν
1495 787 1759 852 ἐξωσθέν-

192 891 283 945 ταξ
318 880 356 949 ἢ
390 880 489 947 τῆς
531 879 789 949 ἀληθείας
831 878 928 933 καὶ
961 880 1307 950 δικαιοσύνης
1362 880 1763 949 μεταποιούμε-

194 988 308 1035 νον,
344 972 448 1025 ὑπὸ
486 970 594 1023 τῶν
627 970 815 1033 κακῶς
848 970 937 1025 τὸν
982 971 1212 1041 πλησίον
1254 974 1426 1023 ποιεῖν
1471 966 1762 1035 εἰωθότων,

193 1064 273 1123 ὡς
332 1062 777 1132 καθωσιωμένον,
838 1064 930 1115 καὶ
980 1065 1060 1125 εἰς
1109 1062 1330 1114 κόλασιν
1379 1059 1764 1130 ἀφωρισμένον

194 1153 864 1221 ἀπελαυνόμενον,,ἀθῶόν
892 1170 954 1219 γε
990 1152 1097 1222 μὴν
1127 1152 1289 1205 αύτδν
1318 1136 1580 1221 ἀλίηθείας
1605 1151 1764 1204 δικα-

193 1245 399 1313 ζούσης
459 1244 770 1315 ὑπάρχοντα
808 1287 822 1309 ,
879 1246 971 1297 τὸν
1037 1246 1100 1312 δὴ
1198 1244 1440 1298 τοιοῦτον
1491 1246 1549 1296 ἐν
1600 1245 1765 1315 ἑτέρα

190 1339 493 1409 διατρίϐειν
532 1340 686 1392 πόλει
721 1341 795 1409 μὴ
843 1338 1171 1400 κωλύεσθαι,
1208 1337 1404 1408 μέχρις
1449 1336 1516 1391 ἂν
1543 1339 1622 1399 εἰς
1664 1338 1765 1405 τὴν

191 1427 407 1481 οἰκείαν
438 1429 690 1498 ὲπανηκῃ
711 1470 724 1490 ,
756 1429 848 1479 τὸν
897 1428 1063 1495 φόϐον
1109 1428 1333 1497 διαδράς
1366 1425 1462 1479 τοῦ
1494 1424 1762 1489 κινδύνου,

194 1524 291 1574 καὶ
349 1522 449 1591 τὴν
509 1520 776 1574 δοκοῦσαν
827 1522 891 1573 ὲκ
964 1523 1063 1586 τῆς
1122 1519 1338 1590 ὲξορίας
1398 1518 1766 1588 ἀποτρίψηται

194 1610 387 1680 ὓϐριν·
436 1611 671 1681 σκληρὸν
724 1612 831 1678 γὰρ
880 1612 976 1664 καὶ
1010 1610 1409 1681 ἀπάνθρωπον,
1431 1608 1522 1660 τὸν
1567 1608 1767 1669 ἀδίκως

190 1704 294 1769 τῆς
330 1701 496 1753 αὑτοῦ
521 1701 727 1763 πόλεως
760 1700 1171 1770 ἀπεληλαμένον
1209 1700 1284 1770 μὴ
1332 1701 1469 1767 πρὸς
1499 1697 1607 1750 τῶν
1642 1713 1770 1748 συν-

193 1793 513 1845 επισκόπων
546 1792 747 1860 ἰλαρῶς
775 1794 869 1844 καὶ
901 1792 1241 1861 φιλοφρόνως
1264 1790 1588 1856 ξενίζεσθαι.

1869 601 1950 653 vel
1982 616 2081 668 per
2111 598 2419 654 haereticam
2448 603 2767 671 potentiam,
2792 604 2937 672 quod
2963 615 3122 659 recta:
3159 605 3280 661 ﬁdei
3308 607 3443 678 dog-

1870 704 2011 744 mata
2070 692 2122 745 in
2166 692 2342 761 prezio
2400 693 2615 758 habeat,
2658 705 2751 748 aut
2788 694 3185 756 incarnationis
3221 714 3441 755 (ncolae-

1869 783 2031 840 miam
2074 783 2421 849 conﬁteatur,
2470 785 2539 839 ab
2581 785 2850 840 idolorum
2897 789 3198 844 cultoribus
3248 793 3436 862 expel-

1870 874 2046 929 latur:
2077 876 2163 930 vel
2193 876 2337 944 quod
2366 877 2608 932 veritatis
2635 888 2690 932 et
2737 878 2967 948 justitaa
3016 881 3235 936 decreta
3274 884 3439 949 colat,

1870 966 1939 1020 ab
1966 966 2031 1020 iis
2069 967 2160 1035 qui
2196 967 2374 1021 vicino
2402 983 2503 1023 suo
2541 970 2863 1025 malefaccre
2906 972 3107 1037 solent,
3169 985 3228 1028 ut
3285 990 3443 1031 exsc-

1869 1057 2096 1111 crationi
2132 1059 2431 1127 subjectus,
2457 1068 2511 1113 et
2544 1061 2608 1115 ad
2638 1077 2851 1130 pmnam
2916 1072 3229 1135 segregatus
3262 1066 3442 1137 abigu-

1872 1159 1977 1212 tur,
2015 1165 2139 1203 cum
2171 1166 2358 1205 revera
2412 1150 2676 1208 innocens
2704 1152 2900 1221 fuerit;
2960 1155 3015 1209 in
3063 1156 3166 1210 alia
3223 1156 3441 1212 civitate

1877 1240 2081 1294 versari
2113 1256 2181 1294 ne
2206 1243 2584 1310 prohibeatur,
2616 1244 2793 1297 donec
2818 1246 3040 1314 periculi
3072 1256 3278 1301 metum
3308 1248 3443 1302 elin-

1868 1328 2022 1398 giens
2063 1330 2129 1382 ad
2189 1345 2344 1384 suam
2395 1320 2718 1398 revertatur,
2786 1345 2841 1388 et
2899 1337 3314 1405 contumeliam,
3371 1339 3441 1392 ab

1869 1418 2059 1473 exsilio
2091 1418 2293 1485 justam
2331 1432 2705 1490 apparentem,
2756 1422 2966 1477 diluere
2999 1423 3191 1493 possit.
3233 1425 3436 1480 Durum

1869 1510 2015 1564 enim
2047 1520 2129 1565 est
2156 1520 2210 1564 et
2242 1510 2315 1565 ab
2373 1513 2521 1565 omni
2551 1511 2888 1568 humanitate
2936 1515 3196 1581 alienum,
3228 1526 3288 1570 ut
3348 1518 3440 1586 qui

1872 1603 2075 1670 injuste
2114 1602 2181 1655 ab
2219 1604 2350 1656 urbe
2379 1619 2473 1657 sua
2506 1608 2770 1674 expulsus
2795 1604 2888 1671 sit,
2923 1621 2953 1659 a
2989 1607 3315 1678 coepiscopo
3341 1624 3440 1663 suo

1871 1712 1978 1750 non
2023 1697 2330 1750 humaniter
2350 1707 2404 1751 et
2430 1697 2691 1753 benevole
2724 1699 3047 1768 excipiatur.
3476 1696 3479 1697 ⁷

279 1887 341 1937 ὐ
364 1887 423 1937 δὲ
456 1886 553 1952 τῆς
595 1884 757 1954 ἕκτης
806 1885 1026 1937 συνόδου
1070 1882 1249 1936 κανὼν
1281 1891 1347 1952 ιη’
1396 1885 1521 1946 τοὺς
1556 1885 1765 1952 προφά-

1932 1879 2116 1932 Cauon
2151 1890 2328 1933 autem
2362 1880 2428 1934 18
2454 1890 2621 1935 sexta:
2644 1897 2767 1952 syn.
2801 1883 3093 1953 episcopos
3152 1886 3233 1938 vel
3285 1886 3442 1940 cleri-

196 1997 279 2031 σει
325 1978 664 2048 βαρϐαρικῆς
698 1977 968 2048 ὲφόδου,ἦ
1008 1978 1315 2047 φορολόγων
1344 1976 1765 2047 ἀπανθρωπίας,

194 2072 228 2141 ἦ
264 2069 428 2138 λιμοῦ
463 2070 734 2138 ἀνάγκης,
762 2068 797 2137 ἢ
848 2067 1188 2137 ήσδηποτοῦν
1218 2068 1388 2137 ἄλλης
1424 2069 1604 2129 αἰτίας
1632 2068 1768 2136 πρὸς

196 2164 507 2229 ἀλλοδαπὴν
556 2163 877 2230 ἀπάραντας
920 2161 1292 2223 ἐπισκόπους,
1352 2160 1384 2227 ἢ
1433 2160 1764 2230 κληρικοὺς,

198 2258 295 2309 καὶ
327 2257 425 2323 τῆς
465 2255 646 2315 αἰτίας
700 2252 1070 2319 διαλυθείσης,
1118 2251 1195 2321 μὴ
1241 2253 1539 2321 ἔπανήκειν
1570 2250 1769 2321 προθυ-

199 2349 532 2418 μουμένους,
571 2343 925 2415 ἀφορίζεσθαι
955 2343 1189 2406 κελεύει,
1224 2344 1417 2413 μέχρις
1448 2343 1515 2396 ἂν
1561 2343 1640 2405 εἰς
1671 2343 1768 2412 τὴν

196 2439 501 2504 ἐκκλησίαν
541 2435 928 2500 ἐπανέλθωσιν,
963 2430 1030 2507 ἦς
1075 2436 1409 2505 μετανάσται
1458 2436 1764 2501 γεγόνασιν·

197 2532 263 2583 οὐ
296 2531 425 2601 μὴν,
463 2529 601 2583 ἀλλά
625 2528 720 2581 καὶ
746 2528 835 2581 τδν
866 2528 1263 2598 ὑποδεξάμενον
1293 2528 1517 2589 τούτους
1546 2527 1770 2579 ἐπίσκο-

205 2642 331 2689 πον,
368 2624 464 2675 καὶ
520 2624 688 2676 εἰσέτι
744 2621 996 2693 κατέχειν
1060 2622 1432 2694 πειρώμενον,
1478 2619 1770 2688 ἀφορισμῷ

200 2714 544 2782 ὑποτίθησιν.

282 2809 345 2860 '0
391 2808 448 2859 δὲ
480 2807 570 2873 κγ’
592 2807 690 2876 τῆς
717 2808 987 2876 τετάρτης
1045 2805 1286 2867 συνόδου,
1316 2805 1439 2866 τοὺς
1467 2802 1770 2871 ἀποδημεῖν

200 2898 494 2965 ἑλομένους
554 2891 628 2949 ὧν
694 2896 1065 2965 κεκλήρωνται
1111 2894 1417 2964 ἐκκλησιῶν
1472 2891 1771 2963 κληρικούς

198 3008 260 3044 τε
288 2994 384 3045 καὶ
418 2990 709 3060 μονςιχοῦς,
733 2989 886 3057 παρά
915 2989 1138 3057 γνώμην
1163 2986 1257 3039 τοῦ
1288 2986 1417 3039 ἰδίου
1447 2986 1769 3050 ἐπισκόπου,

201 3081 481 3151 προφάσει
529 3079 604 3143 ὡς
646 3080 721 3149 μὴ
751 3078 884 3148 παρ’
919 3078 1084 3137 αὑτοῦ
1140 3077 1408 3146 διοίκησιν
1463 3077 1772 3145 ἐγκεχειριο

204 3172 437 3239 σμένους
465 3168 608 3235 τινὰ,
639 3168 767 3231 ἰσως
802 3168 877 3239 μὴ
904 3168 1222 3237 ἐπιτηδείως
1252 3166 1395 3236 ἔχειν
1424 3167 1619 3228 αὐτοὺς
1644 3166 1771 3229 περὶ

200 3263 269 3314 τά
304 3258 532 3313 τοιαῦτα
567 3258 879 3329 κρίναντος,
911 3257 1028 3311 ἔστι
1054 3258 1101 3312 δ’
1129 3260 1216 3312 ὅτε
1248 3258 1343 3311 καὶ
1365 3258 1769 3327 ἀκοινωνήτους

202 3354 343 3421 πρὸς
380 3351 545 3405 αὐτοῦ
574 3351 922 3423 γενομένους,
957 3352 1051 3405 καὶ
1081 3352 1161 3415 εἰς
1193 3350 1584 3421 βασιλεύουσαν
1620 3351 1653 3420 ἦ
1693 3353 1771 3413 εἰς

200 3446 403 3514 ἑτέραν
454 3444 714 3505 ἀπιόντας
767 3443 945 3504 πόλιν,
997 3443 1091 3496 καὶ
1138 3444 1231 3495 ἐπὶ
1286 3444 1540 3496 πλεῖστον
1582 3441 1771 3495 αὐτόθι

196 3534 601 3603 διατρίϐοντας,
632 3533 728 3586 καὶ
770 3532 870 3603 τὴν
902 3532 1001 3601 τῆς
1046 3532 1344 3602 ἐκκλησίας
1397 3534 1771 3602 ταράσσοντας

199 3627 298 3679 καὶ
341 3624 711 3694 θορυϐοῦντας
761 3624 1120 3688 κατάστασιν,
1153 3624 1560 3693 άνατρέποντάς
1596 3625 1657 3675 τὲ
1686 3641 1770 3676 τι·-

200 3736 310 3771 νων
360 3716 543 3779 οἴκους
589 3715 668 3786 τῷ
718 3715 1083 3788 ἠμελημένως
1123 3714 1337 3784 βιῶναι,
1399 3717 1494 3768 καὶ
1541 3715 1772 3777 ἄκοντας

200 3810 525 3878 ἐξωθεῖσθαι
555 3808 851 3877 διορίζεται
887 3806 1039 3877 παρὰ
1079 3806 1180 3879 τῆς
1224 3809 1282 3860 ἐν
1325 3809 1391 3878 τῇ
1442 3808 1593 3861 πόλει
1647 3824 1772 3860 συν-

201 3906 353 3967 όδου,
379 3903 520 3956 ὥστε
556 3904 680 3965 τοὺς
707 3903 941 3966 οἰκείους
973 3902 1174 3962 τόπους
1215 3900 1561 3954 καταλαϐεῖν.

286 3994 349 4047 ’0
394 3992 452 4044 δὲ
504 3992 601 4061 τῆς
652 3990 695 4056 ζ’
732 3991 952 4044 συνόδου
988 3988 1019 4044 ι’
1073 3988 1328 4057 καθαιρεί
1371 3988 1432 4041 ού
1488 3987 1648 4056 μόνον
1683 3986 1773 4039 τὸν

200 4086 315 4139 ἀπ’»
346 4084 554 4146 πόλεως
593 4084 674 4145 εἰς
703 4082 860 4138 πόλιν
895 4083 1289 4152 μεταϐαίνοντα
1317 4081 1491 4150 ἰερὲα,
1517 4080 1653 4133 ἀλλὰ
1677 4080 1774 4131 καὶ

199 4174 295 4225 τόν
329 4173 410 4234 εἰς
440 4171 538 4242 τὴν
571 4170 965 4241 βασιλεύουσαν
992 4171 1251 4237 εἰσιόντα,
1283 4170 1379 4223 καὶ
1425 4170 1483 4221 ὲν
1523 4170 1635 4230 τοῖς
1681 4169 1774 4220 εὑ-

202 4266 450 4334 κτηρίοις
500 4265 668 4324 οἰκοις
714 4262 822 4317 τῶν
855 4264 1134 4333 ἀρχόντων
1181 4260 1599 4330 λειτουργοῦντα
1645 4262 1775 4314 ἀνευ

203 4357 431 4428 γνώμης
462 4354 557 4407 τοῦ
592 4354 720 4411 ἰδίου
751 4356 1054 4411 ἐπισκόπου
1082 4356 1177 4410 καὶ
1205 4356 1301 4411 τοῦ
1332 4354 1775 4407 Κωνσταντινου-

208 4449 443 4509 πόλεως.

289 4539 347 4589 ὐ
374 4537 428 4589 δὲ
468 4535 509 4593 δ’
554 4536 650 4605 τῆς
690 4536 955 4606 τετάρτης
998 4534 1215 4588 συνόδου
1270 4535 1583 4605 κληρικούς,

204 4629 307 4697 τῆς
357 4628 574 4682 οἰασοῦν
630 4627 923 4697 ἐκκλησίας
977 4628 1052 4697 μὴ
1114 4626 1313 4691 ἐξεῖναι
1360 4628 1440 4690 εἰς
1472 4627 1635 4695 ἄλλης
1678 4628 1776 4679 πό-

205 4723 345 4774 λεως
386 4719 676 4773 τάττεσθαι
714 4718 1032 4787 ἐκκλησίαν,
1065 4719 1200 4771 ἀλλά
1249 4718 1500 4788 στέργειν
1533 4720 1775 4787 ἐκείνην,

206 4818 266 4866 ἑν
390 4812 722 4880 λειτουργεῖν
780 4810 840 4873 ἐξ
876 4811 1049 4880 ἀρχῆς
1097 4810 1428 4880 ἠξιώθησαν,
1466 4811 1623 4872 ὶκτδς
1663 4813 1772 4863 τῶν

207 4906 331 4957 κατ’
359 4906 609 4971 ἀνάγκην
653 4905 753 4971 τῆς
805 4901 938 4963 ἰδίας
997 4902 1253 4969 πατρίδος
1299 4903 1769 4954 ικπεπτωκότων·

206 4999 506 5058 ἐπίσκοπος
532 4996 588 5049 δὲ
634 4994 724 5049 τὸν
750 4996 938 5063 ἑτέρου
979 4992 1267 5062 δεξάμενος
1300 4993 1583 5062 κληρικδν,
1621 4993 1774 5047 dico-.-

207 5094 447 5156 νώνητος
476 5088 638 5150 ἔστω,
671 5086 774 5148 ἕως
803 5086 870 5137 ἂν
897 5086 926 5137 ὁ
956 5084 1221 5153 κληρικὸς
1251 5086 1330 5145 εἰς
1368 5085 1434 5152 ὴν
1467 5083 1773 5138 καταλέλοιο

206 5196 309 5230 πεν
336 5177 636 5245 ἐκκλησίαν
666 5175 991 5247 ἐπιστρέψῃ.

285 5268 350 5319 ὐ
376 5268 431 5319 δὲ
458 5274 528 5333 ιγ’
551 5267 649 5335 τῆς
674 5268 732 5318 ὲν
759 5267 1165 5336 Νεοκαισαρείᾳ
1210 5265 1430 5317 συνόδου
1468 5268 1592 5328 τοὺς
1619 5267 1774 5328 ἱκτὸς

205 5358 527 5426 ἡστινοσοῦν
563 5359 765 5419 πόλεως
789 5358 1202 5427 πρεσϐυτέρους
1252 5361 1332 5419 εἰς
1363 5358 1563 5420 ταύτας
1597 5359 1777 5427 εἰσέρο

205 5457 401 5523 χεσθαι
435 5456 529 5505 καὶ
583 5454 912 5522 προσφέρειν
938 5491 954 5517 ,
998 5453 1032 5522 ἢ
1090 5453 1186 5521 τῆς
1222 5453 1372 5516 θείας
1430 5453 1774 5522 μεταδιδόναι

203 5551 314 5599 τινὶ
340 5547 624 5607 κοινωνίας
654 5550 756 5598 οὐκ
780 5546 1086 5613 ἐπιτρέπει,
1117 5546 1383 5614 παρόντος
1429 5545 1524 5597 τοῦ
1554 5546 1652 5615 τῆς
1678 5546 1772 5599 πό-

204 5639 344 5699 λεως
398 5636 697 5689 ἐπισκόπου
752 5636 785 5705 ἢ
841 5636 1249 5705 πρεσϐυτέρου·
1310 5638 1406 5688 ἐὰν
1455 5636 1512 5688 δὲ
1560 5638 1773 5690 ἀπῶσιν

206 5727 377 5791 οὗτοι,
411 5730 504 5781 καὶ
545 5730 626 5791 εἰς
672 5728 836 5799 εὐχὴν
869 5726 1043 5798 κληθῇ
1082 5730 1264 5796 μόνος,
1306 5728 1571 5781 εἰσελθεῖν
1608 5732 1771 5783 αὐτὸν

206 5824 268 5875 εὖ
299 5822 516 5879 κωλύει,
543 5824 635 5873 καὶ
668 5822 776 5874 τῶν
810 5821 1170 5891 ἁγιασμάτιυν
1200 5823 1308 5874 τισὶ
1345 5824 1687 5892 μεταδοῦναι,
1729 5828 1774 5876 εἰ

1868 1986 1960 2025 cos
1986 1972 2077 2040 qui
2117 1972 2407 2025 barbarica:
2435 1972 2765 2027 incursionis
2797 1985 3083 2043 prtetextu,
3134 1977 3219 2031 vel
3277 1977 3441 2031 inhu-

1869 2061 2127 2114 manitate
2158 2077 2346 2115 eorum
2378 2060 2469 2129 qui
2504 2060 2706 2115 tributa
2732 2062 2978 2132 exigunt,
3023 2063 3104 2117 vel
3146 2063 3310 2118 famis
3340 2079 3439 2118 ue-

1869 2158 2143 2220 cessitate,
2173 2156 2251 2209 vel
2276 2157 2345 2210 ob
2374 2158 2532 2210 altam
2566 2158 2840 2225 ejusmodi
2870 2174 3092 2213 causam
3120 2160 3174 2220 in
3205 2160 3438 2215 alienam

1871 2250 2142 2317 regionem
2167 2250 2387 2312 abeunt,
2418 2258 2471 2303 et
2503 2250 2591 2304 ubi
2621 2250 2856 2320 primum
2894 2267 3057 2307 causa
3084 2252 3175 2306 illa
3229 2256 3437 2307 sublata

1870 2338 2053 2405 fuerit,
2084 2342 2280 2395 reverti
2318 2341 2372 2394 in
2407 2341 2649 2396 animum
2683 2357 2792 2397 non
2841 2344 3129 2408 inducunt,
3166 2346 3439 2416 segregari

1864 2431 2037 2499 jubet,
2072 2433 2243 2487 donec
2264 2434 2330 2488 ad
2369 2436 2678 2499 ecclesiam,
2720 2452 2783 2488 ex
2815 2452 2919 2508 qua
2948 2439 3306 2507 emEgraruut,
3358 2453 3442 2491 re-

1870 2534 2189 2579 vertantur;
2239 2528 2369 2595 quin
2402 2536 2455 2581 et
2481 2528 2798 2596 episcopum
2829 2528 2919 2597 qui
2956 2544 3052 2583 eos
3096 2529 3355 2599 suscepit,
3388 2542 3444 2582 rt

1872 2614 2116 2670 detinere
2146 2629 2398 2681 conatur,
2423 2619 2784 2689 segregationi
2811 2620 3053 2689 subjicit.

1943 2800 2111 2854 Porro
2176 2815 2349 2855 canon
2389 2802 2459 2856 23
2496 2816 2617 2872 syu.
2653 2818 2703 2855 tv
2753 2802 2983 2856 clericos
3032 2814 3088 2857 et
3123 2805 3439 2870 monachos,

1871 2893 1963 2961 qui
1991 2892 2058 2945 ab
2088 2892 2334 2946 ecclesiis
2363 2892 2419 2946 in
2442 2894 2641 2963 quibus
2668 2894 2904 2948 ordinati
2933 2904 3092 2948 erant
3120 2934 3137 2960 ,
3206 2903 3445 2965 peregri-

1873 2992 2072 3038 nantur
2101 2998 2299 3054 ιιι-αξιοι·
2327 2985 2530 3054 proprii
2559 2985 2801 3055 episcopi
2836 2972 3183 3051 seni'entiam,
3238 2989 3441 3041 nullum

1874 3073 1974 3129 sibi
2007 3074 2076 3128 ab
2108 3089 2176 3128 eo
2229 3074 2491 3129 dimcesiu
2526 3076 2833 3130 mandatam
2888 3077 3148 3132 habentes
3211 3078 3235 3148 (
3261 3078 3444 3133 forsan

1877 3166 2019 3235 quod
2041 3165 2109 3219 ab
2141 3165 2396 3235 episcopo
2424 3165 2476 3219 ei
2525 3166 2970 3221 administranda:
3025 3167 3206 3225 minus
3260 3169 3441 3223 idonei

1825 3253 1840 3271 ⁴
1870 3253 2202 3323 judicentur,
2234 3266 2288 3307 et
2334 3255 2658 3325 quandoque
2694 3256 2762 3311 ab
2818 3257 3007 3311 eodem
3065 3261 3445 3313 excommuni-

1870 3344 1976 3397 cati
2015 3344 2287 3413 fuerint),
2319 3354 2376 3399 et
2400 3345 2469 3399 ad
2504 3346 2693 3400 urbem
2726 3348 3132 3416 imperatoriam
3166 3350 3250 3405 vel
3285 3351 3442 3407 alam

1871 3434 2106 3502 aliquam
2143 3434 2366 3496 abeunt,
2405 3446 2459 3488 et
2495 3434 2693 3489 ibidem
2744 3436 2835 3489 diu
2878 3446 3300 3504 commorantes,
3331 3451 3447 3495 tur-

1872 3524 1970 3580 bas
2011 3526 2270 3590 excitant,
2306 3535 2615 3594 statumque
2635 3527 3063 3584 ecclesiastirum
3102 3532 3444 3600 perturbant.

1876 3624 1931 3669 et
1962 3616 2319 3684 quorumdam
2350 3616 2543 3673 domos
2581 3618 2923 3683 subvertuut,
2963 3634 3084 3681 eos,
3123 3630 3181 3673 ut
3219 3622 3313 3689 qui
3346 3637 3447 3674 ne-

1873 3705 2087 3775 glectim
2120 3706 2324 3771 vivant,
2354 3708 2422 3761 ab
2450 3708 2600 3763 urbis
2620 3710 2827 3779 synodo
2861 3710 3063 3766 invitos
3100 3713 3295 3783 expelli
3347 3716 3444 3769 de-

1873 3798 2069 3863 cernit,
2104 3810 2163 3852 ut
2192 3800 2250 3853 in
2281 3800 2501 3870 propria
2528 3802 2644 3855 loca
2678 3813 3040 3858 revertantur.

1944 3983 2050 4055 25
2072 3983 2258 4038 Cauon
2287 3995 2467 4039 autem
2496 3986 2561 4038 l0
2587 4002 2658 4042 vu
2683 3988 2897 4057 synodi,
2927 4005 3034 4043 non
3067 3991 3239 4045 solum
3263 4007 3447 4047 sacer-

1875 4077 2056 4132 dotem
2088 4078 2332 4149 deponit,
2357 4080 2447 4147 qui
2478 4080 2545 4134 ab
2568 4080 2702 4134 urbe
2742 4081 2794 4133 in
2823 4081 3010 4135 urbem
3040 4085 3331 4149 transierit,
3354 4088 3446 4141 sed

1874 4180 1929 4223 et
1958 4185 2083 4224 eum
2119 4171 2281 4222 etiam
2315 4170 2403 4238 qui
2441 4172 2506 4224 ad
2542 4170 2875 4240 imperialem
2907 4173 3096 4227 urbem
3155 4176 3449 4244 proﬁcisci-

1876 4276 2004 4325 tur.
2063 4274 2115 4319 et
2163 4266 2216 4318 iu
2297 4266 2606 4335 principum
2664 4266 2917 4321 oratoriis
2988 4284 3139 4323 sacra
3198 4273 3444 4343 peragit,

1875 4358 2075 4423 absque
2136 4355 2289 4409 venia
2340 4356 2582 4426 epist-Opi
2627 4358 2830 4427 proprii
2882 4368 2937 4411 et
2984 4357 3447 4433 Constantinopo-

1878 4449 2048 4507 li:ani.

1641 4554 1772 4605 φησι
1806 4550 1847 4603 υ
1946 4539 2131 4593 Canon
2169 4555 2295 4591 vero
2330 4538 2357 4590 ί
2392 4555 2507 4607 syn.
2544 4554 2616 4600 tv,
2667 4538 2742 4593 Ne
2786 4540 2971 4605 liceat,
3005 4541 3201 4611 inquit,
3233 4542 3448 4598 clericis

1875 4633 2252 4697 cujuscunque
2278 4629 2520 4683 ecclesia:
2555 4630 2783 4694 fuerint,
2816 4631 2870 4683 in
2902 4632 3127 4688 alterius
3163 4634 3317 4687 urbis
3360 4652 3438 4689 ec-

1875 4721 2096 4777 clesiam
2156 4720 2419 4785 ordinari,
2486 4720 2581 4773 sed
2618 4735 2681 4773 ea
2739 4723 2976 4777 contenti
3015 4722 3122 4775 siut
3154 4724 3207 4776 in
3237 4739 3342 4793 qua
3380 4727 3449 4779 ab

1878 4814 2012 4867 intio
2045 4828 2201 4867 sacra
2238 4827 2497 4881 peragere
2522 4812 2667 4881 digni
2696 4813 3052 4877 habebantur,
3087 4819 3329 4885 exceptis
3381 4821 3449 4871 iis

1877 4905 1968 4974 qui
2005 4920 2111 4974 prae
2138 4902 2466 4958 necessitate
2495 4903 2725 4973 patriam
2759 4920 2909 4957 suam
2935 4905 3256 4963 amiserunt.
3329 4907 3448 4979 Epi-

1876 5012 2073 5067 scopus
2111 5005 2293 5050 autem
2318 4996 2410 5063 qui
2440 4996 2677 5049 alienum
2712 4996 2969 5048 clericum
3014 5001 3331 5067 susceperit,
3353 5018 3449 5056 ex-

1872 5088 2323 5149 communicetur,
2364 5089 2537 5142 donec
2580 5087 2818 5141 clericus
2876 5087 2943 5141 ad
2991 5089 3275 5145 ecclesiam
3327 5094 3419 5145 rcli

1874 5192 2014 5233 ctam
2048 5195 2305 5233 reversus
2331 5179 2512 5233 fuerit.

1944 5272 2129 5324 Cauon
2204 5281 2385 5324 autem
2446 5271 2510 5322 15
2564 5286 2687 5340 syn.
2748 5269 3048 5326 Neocaesar.
3124 5275 3449 5344 presbyteris

1873 5376 2022 5418 extra
2054 5364 2356 5432 quamlibet
2382 5364 2659 5417 civitatem
2700 5365 2982 5429 ordinatis,
3029 5366 3080 5418 in
3114 5382 3204 5419 eas
3235 5366 3252 5419 i
3278 5369 3447 5427 ngredi

1879 5456 2195 5524 ibidemque
2219 5456 2440 5519 oﬂ'erre,
2467 5456 2551 5508 vel
2575 5470 2782 5509 sacram
2811 5456 3253 5510 communionem
3283 5457 3448 5512 alicui

1875 5549 2154 5617 impertire
2186 5563 2296 5601 non
2350 5548 2639 5616 permittit,
2689 5557 2958 5617 praesente
2991 5548 3141 5601 urbis
3189 5549 3451 5619 epist-apo

1874 5641 1955 5692 vel
1983 5640 2318 5708 presbytero.
2349 5637 2507 5702 Quod
2536 5638 2581 5691 si
2611 5638 2772 5691 iidem
2813 5638 3108 5702 abfueriut,
3143 5640 3362 5693 ctsolus
3384 5644 3451 5694 ad

1876 5731 2243 5800 precationem
2284 5740 2512 5784 vocatus
2540 5730 2724 5795 fuerit,
2756 5745 2881 5783 eum
2911 5732 3144 5801 ingredi,
3170 5740 3225 5785 et
3268 5747 3453 5786 sacra-

1876 5837 2055 5877 menta
2084 5824 2246 5878 alicui
2303 5823 2581 5890 impertire
2631 5838 2737 5877 non
2770 5823 3049 5897 prohibet,
3082 5825 3128 5877 si
3190 5826 3353 5882 modo
3384 5840 3451 5885 ex
