4198 6448
242 426 391 487 liii?

1262 432 1660 490 SYNTAGMA
1709 432 2318 491 ALPHABE'I'ICUM.
2362 457 2427 466 -ο
2471 436 2531 490 .i.

3333 424 3475 490 1078

228 547 335 597 κὺν
376 546 656 614 ἀλλότριον
698 548 799 598 οὐκ
824 547 1008 615 ἐφίησι
1038 547 1309 615 δέχεσθαι,
1358 546 1452 598 καὶ
1484 563 1711 614 χειροτο·
1734 548 1806 598 εἴν

1916 546 2027 600 litis
2053 545 2306 599 clericum
2343 546 2578 599 alienum
2614 546 2892 614 suscipere
2937 557 3170 614 cumque
3200 544 3477 613 presbyte-

227 636 409 686 αὐτὸν
443 635 866 705 πρεσϐύτερονῆ
894 635 1161 699 διάκονον,
1192 636 1240 687 εί
1282 636 1465 704 μήπου
1494 652 1575 697 τις
1618 636 1807 703 χρήσι-

232 744 343 793 po;
396 729 474 788 εἰς
538 727 869 795 προστασίαν
918 726 1168 795 εὑρεθείη
1222 726 1388 779 λαοῦ·
1445 727 1632 779 τοῦτον
1702 728 1809 795 γὰρ

225 815 452 868 δέδοται
480 816 582 868 καὶ
627 815 704 885 τῷ
746 818 1012 886 ἀλλοτρίῳ
1041 819 1413 887 μητροπολίτῃ
1448 818 1811 886 μεταπέμψα-

229 900 389 964 σθαι,
429 904 545 969 εἴγε
596 903 910 973 βουληθεῖεν
961 907 1285 976 ἀμφότεροι,
1327 907 1420 959 καὶ
1464 906 1809 977 ἐπισκοπικῷ

226 995 475 1063 τιμῆσαι
497 995 767 1062 ἀξιώματι
792 1011 806 1027 ·
832 996 989 1049 τοῦτο
1010 997 1086 1061 δὲ,
1110 998 1266 1066 φησί,
1294 997 1708 1068 συγκεχώρηται
1734 999 1809 1069 τῷ

231 1083 320 1155 μὴ
364 1087 617 1140 τοσοῦτον
643 1089 950 1156 ἀναγκαίαν
1004 1085 1147 1142 εἶναι
1204 1090 1303 1153 τὴν
1336 1092 1442 1142 τῶν
1480 1090 1672 1159 ἱερέων
1718 1091 1808 1143 καὶ

226 1181 505 1232 διακόνων
521 1182 875 1250 χειροτονίαν,
888 1183 1012 1235 ὅσον
1029 1182 1125 1252 τὴν
1142 1182 1248 1234 τῶν
1269 1184 1602 1249 ἐπισκόπων,
1623 1183 1809 1252 καὶτῷ

230 1288 265 1321 σ
280 1272 483 1330 πανίως
497 1272 848 1340 εὑρίσκεσθαι
870 1275 995 1335 τοὺς
1012 1273 1341 1341 δυναμένους
1372 1273 1517 1344 ἔργῳ
1557 1276 1645 1327 καὶ
1667 1275 1809 1345 λόγῳ

226 1364 305 1415 δι’
327 1366 536 1417 ἑαυτῶν
567 1368 699 1436 πρὸς
726 1366 795 1420 τά
815 1369 1080 1438 κράτιστα
1112 1369 1235 1430 τοὺς
1254 1368 1415 1430 λαοὺς
1436 1369 1652 1437 ὁδηγεῖν
1676 1387 1688 1400 ο
1718 1371 1809 1423 τον

226 1455 289 1504 δὲ
329 1457 403 1524 μὴ
428 1456 718 1525 δεχόμενον
748 1456 1007 1526 κληρικθιν
1048 1459 1106 1510 τὸ
1133 1459 1233 1528 τῆς
1260 1462 1564 1529 ἐπισκοπῆς
1592 1459 1808 1529 ἀξίωμα

227 1547 572 1612 ἀναγκάζειν
606 1549 667 1601 οὐ
709 1548 868 1617 θέμις
895 1565 908 1579 ·
944 1549 1185 1618 οὐδαμοῦ
1212 1550 1319 1620 γὰρ
1353 1550 1580 1621 εὓρηται
1608 1550 1809 1606 ἄκοντά

226 1654 360 1687 τινα
394 1638 489 1689 καὶ
520 1638 613 1710 βίᾳ
659 1642 739 1702 εἰς
793 1641 891 1710 τὴν
944 1642 1152 1694 τοιάνδε
1205 1642 1500 1713 προεδρίαν
1559 1643 1804 1711 ἀνάγειν.

240 1727 640 1801 Ἐιριλοτιμήθη
662 1732 716 1785 δὲ
742 1736 833 1785 καὶ
852 1733 930 1802 τῷ
958 1736 1587 1799 Κωνσταντινουπόλεως
1606 1736 1804 1807 θρόνῳ,

228 1821 539 1890 λαμόάνειν
568 1823 888 1893 όθενδήποτε
947 1827 1058 1878 τῶν
1108 1827 1490 1897 ὑποκειμένων
1527 1828 1665 1898 αὐτῇ
1715 1828 1805 1879 ἐκ-

1914 652 2031 690 rum
2066 638 2142 690 vel
2172 638 2461 691 diaconum
2499 638 2752 690 ordinare
2782 652 2887 690 non
2923 636 3196 700 concedit,
3230 635 3331 689 nisi
3368 634 3478 703 28

1913 727 2036 796 quis
2062 727 2125 780 ad
2161 727 2342 796 populi
2378 726 2757 795 praefecturam
2793 728 2941 782 utilis
2966 727 3298 788 inveniatur;
3330 727 3476 777 hunc

1911 819 2055 872 enim
2087 819 2151 873 ad
2195 820 2434 872 alieumu
2466 820 2867 889 metrupulitam
2900 818 3136 883 mittere,
3167 822 3212 874 si
3257 817 3478 885 utrique

1911 910 2316 973 consenserint,
2346 918 2400 964 et
2446 910 2745 981 episcopali
2809 910 3071 980 dignitate
3100 923 3297 964 ornare
3326 908 3473 960 licet.

1911 1002 1965 1057 Id
1995 1012 2199 1070 autem,
2230 1003 2429 1073 inquit,
2462 1017 2783 1057 concessum
2809 1010 2911 1068 est,
2942 1000 3087 1071 quod
3125 998 3472 1055 sacerdotum

1908 1103 1963 1148 et
1992 1093 2346 1148 diaconorum
2380 1092 2659 1147 ordinatio
2710 1108 2815 1147 non
2876 1092 3015 1146 adeo
3043 1088 3350 1145 necessaria
3382 1088 3479 1148 sit.

1908 1199 1973 1239 ac
2027 1186 2447 1253 episcoporum;
2478 1193 2531 1238 et
2566 1183 2709 1254 quod
2751 1185 2929 1239 rarius
2978 1181 3349 1245 inveniantur,
3381 1179 3479 1249 qui

1910 1275 2121 1345 possint
2155 1275 2319 1328 verbo
2347 1285 2401 1329 et
2443 1290 2699 1330 sermone
2740 1290 2835 1344 per
2890 1290 2951 1329 se
2988 1274 3249 1345 populum
3281 1270 3347 1325 ad
3378 1285 3479 1339 op-

1908 1369 2039 1421 tima
2073 1367 2389 1435 perducere.
2424 1367 2693 1421 Clericum
2730 1376 2913 1421 autem
2968 1367 3062 1437 qui
3108 1362 3474 1435 episcopalem

1908 1461 2225 1526 dignitatem
2250 1462 2500 1526 accipere
2530 1468 2769 1521 recusat,
2793 1473 2989 1526 cogere
3022 1473 3127 1510 non
3150 1457 3299 1509 licet.
3327 1452 3478 1507 Νιιιι-

1909 1566 2071 1618 quatu
2101 1550 2246 1603 enim
2276 1551 2553 1619 cognitum
2581 1560 2685 1613 est,
2720 1564 3050 1618 quemquam
3082 1548 3312 1601 invitum
3342 1554 3395 1598 ct
3422 1543 3474 1595 vi

1909 1644 1974 1697 ad
2017 1642 2173 1696 talem
2205 1642 2588 1711 praefecturam
2623 1652 2875 1696 evectum
2907 1656 3050 1696 esse.
3086 1638 3227 1707 Quin
3260 1647 3313 1691 et
3342 1653 3476 1691 cou-

1908 1749 2124 1788 cessum
2176 1744 2295 1788 erat
2358 1736 2556 1789 throno
2603 1732 3211 1803 Constantinopolitano
3245 1729 3476 1785 clericos

1908 1828 2261 1881 ecclesiarum
2304 1827 2405 1882 sibi
2442 1827 2840 1895 subjectarum,
2892 1840 3035 1896 quos
3091 1823 3273 1887 vellet,
3330 1822 3474 1876 acci-

227 1913 478 1984 κλησιῶν
506 1914 601 1979 οὓς
642 1917 894 1987 βούλεται
927 1918 1250 1990 κληρικοὺς,
1288 1920 1385 1973 καὶ
1429 1922 1544 1984 τοῖς
1574 1922 1803 1983 οἰκείοις

1906 1936 2031 1990 pere
2069 1929 2121 1974 et
2147 1920 2264 1975 suis
2299 1920 2702 1973 adnumerare:
2752 1918 2939 1987 utique
2983 1930 3033 1971 et
3087 1915 3317 1971 antistiti
3349 1914 3473 1966 Bul-

229 2006 597 2078 συναριθμεῖν
623 2025 638 2041 ο
670 2011 731 2061 οὐ
775 2011 883 2080 μὴν
912 2010 1046 2064 ἀλλά
1082 2012 1173 2064 καὶ
1202 2011 1280 2079 τῷ
1311 2010 1668 2081 Βουλγαρίας,
1709 2013 1801 2065 καὶ

221 2097 311 2164 τῷ
349 2098 599 2167 Κύπρου,
648 2100 737 2154 διὰ
788 2103 888 2172 τὴν
955 2104 1030 2173 ρλ⁹
1078 2104 1509 2159 ’1ουστινιάνειον
1559 2105 1797 2174 Νεαρὰν,

226 2190 298 2256 ἦν
329 2188 421 2241 καὶ
457 2190 607 2259 ζήτει
648 2192 707 2246 ἐν
762 2194 842 2264 τῷ
884 2201 957 2248 ια’
986 2196 1269 2265 κεφαλαίῳ
1301 2196 1397 2249 τοῦ
1432 2197 1469 2248 Ε
1504 2196 1798 2265 στοιχείου.

236 2280 436 2351 Ἐδόθη
461 2283 513 2335 δὲ
548 2286 641 2336 καὶ
676 2286 753 2354 τῷ
782 2287 994 2354 βασιλεῖ
1022 2290 1117 2351 τὰς
1158 2288 1265 2344 τῶν
1305 2288 1583 2358 κληρικῶν
1620 2290 1800 2342 ὠσαύο

226 2387 343 2433 τως
373 2375 692 2441 μεταθέσεις
726 2381 923 2431 ποιεῖν.

761 2512 940 2582 Νόμοι
967 2517 1281 2570 πολιτικοί.

304 2650 429 2711 τοῖς
465 2648 900 2717 θεοφιλεστάτοις
926 2651 1246 2715 ἐπισκόποις
1273 2652 1367 2714 τάς
1399 2651 1602 2717 οἰκείας
1632 2672 1800 2709 κατα-

224 2744 525 2812 λιμπάνειν
575 2743 898 2813 ἐκκλησίας,
930 2746 1023 2797 καὶ
1054 2745 1131 2807 εἰς
1164 2746 1331 2808 ἄλλας
1374 2748 1646 2818 ἐπαρχίας
1697 2767 1799 2801 πα-

229 2833 576 2904 ραγίνεσθαι,
601 2835 1023 2906 ἀπαγορεύομεν
1046 2851 1061 2866 ο
1106 2838 1154 2889 εξ
1179 2837 1235 2889 δὲ
1266 2837 1479 2904 ἀνάγκη
1522 2856 1606 2901 τις
1629 2841 1799 2893 ἀπαι-

228 2930 316 2980 τεῖ
344 2926 502 2980 τοῦτο
564 2928 813 2998 ποιῆσαι,
854 2933 927 2996 μὴ
967 2927 1143 2990 ἄλλως
1192 2927 1223 2996 ἦ
1283 2928 1422 2997 μετά
1453 2932 1800 2999 γραμμάτων

228 3019 328 3071 τοῦ
356 3019 785 3089 μακαριωτάτου
834 3018 1015 3071 αὐτῶν
1053 3020 1397 3089 πατριάρχου
1442 3020 1474 3091 ἢ
1515 3038 1796 3093 μητροπο-

228 3111 403 3174 λίτου,
466 3109 683 3180 ἦκατά
743 3108 1032 3180 βασιλικὴν
1098 3110 1275 3178 δήπου
1333 3112 1583 3165 κέλευσιν
1642 3115 1798 3168 τοῦτο

230 3205 584 3258 ποιείτωσαν.
625 3205 788 3257 Ἀλλὰ
820 3204 958 3274 μηδὲ
1007 3207 1088 3268 είς
1138 3204 1235 3275 τὴν
1272 3205 1519 3275 βασιλίδα
1555 3209 1662 3261 τῶν
1701 3211 1796 3264 πό⁹

228 3296 369 3347 λεων
392 3296 567 3358 ἄλλως
584 3296 617 3365 ἢ
636 3294 808 3359 οὕτως
825 3295 1283 3365 ἐπιδημείτωσαν.
1315 3298 1455 3349 Ἀλλ’
1472 3300 1519 3352 εἰ
1543 3302 1633 3352 καὶ
1658 3302 1797 3354 κατὰ

226 3387 324 3438 τὸν
363 3388 563 3457 τρόπον
589 3386 778 3440 τοῦτον
811 3388 1113 3450 ἐπίσκοπος
1158 3389 1479 3459 οἱοσδήποτε
1514 3391 1799 3463 ἀποδημή-

230 3497 366 3542 σειε,
408 3482 482 3549 μὴ
508 3481 673 3533 πλέον
698 3481 816 3544 ἐνὸς
848 3480 1101 3534 ἐνιαυτοῦ
1148 3480 1245 3551 τὴν
1278 3481 1416 3535 ἰδίαν
1447 3484 1799 3554 καταλιμπα-

228 3572 368 3624 νέτω
424 3572 738 3641 ἐκκλησίαν.
795 3573 933 3635 Τοὺς
963 3573 1020 3626 δὲ
1078 3575 1432 3639 ἐπισκόπους,
1489 3576 1615 3638 τοὺς
1659 3578 1800 3629 κατᾶ

229 3664 328 3733 τὴν
357 3662 603 3733 βασιλίδα
651 3664 825 3726 πόλιν,
872 3665 946 3727 ὡς
993 3665 1236 3734 εἴρηται,
1296 3668 1797 3737 παραγινομένους,

230 3756 337 3807 κᾶν
357 3755 680 3825 οἱασδήποτε
703 3755 1023 3827 διοικήσεως
1048 3751 1173 3823 ὦσι,
1200 3757 1305 3828 προ
1338 3758 1557 3811 πάντων
1581 3760 1798 3811 ἀπιέναι

228 3848 311 3901 δεῖ
364 3846 501 3916 πρὸς
534 3852 624 3899 τὸν
677 3848 1101 3917 μακαριώτατον
1149 3851 1581 3919 ἀρχιεπίσκοπον
1646 3853 1798 3903 Κων-

232 3940 726 4002 σταντινουπόλεως
767 3942 859 3992 καὶ
894 3941 1258 4011 πατριάρχην,
1300 3945 1392 3995 καὶ
1422 3942 1565 3995 οὕτω
1606 3943 1673 3995 δι’
1704 3944 1799 3995 αὑ-

230 4034 324 4084 τοῦ
374 4034 517 4101 προς
548 4033 645 4101 τὴν
675 4035 955 4102 ἡμετέραν
1004 4034 1237 4086 εἰσιέναι
1273 4036 1634 4103 γαληνότητα.
1670 4036 1798 4097 Τοῖς

230 4126 288 4178 δὲ
324 4125 479 4194 παρὰ
515 4125 721 4193 ταύτην
760 4124 916 4193 ἡμῶν
968 4126 1068 4194 τὴν
1105 4125 1443 4178 διατύπωσιν
1488 4128 1799 4198 ἀποδημοῦ-

232 4233 339 4281 σιν,
365 4217 396 4284 ἢ
428 4217 567 4286 ὑπὲρ
599 4217 689 4268 τὸν
718 4216 1027 4286 ὡρισμένον
1058 4218 1151 4270 τοῦ
1184 4216 1437 4271 ἐνιαυτοῦ
1468 4220 1660 4289 χρόνον
1692 4220 1797 4284 ἔξω

230 4312 324 4379 τῆς
381 4309 516 4370 ἰδίας
570 4308 870 4375 ἐκκλησίας
922 4310 1173 4372 ποιοῦσι,
1236 4312 1531 4381 κελεύομεν
1581 4314 1797 4380 πρῶτον

235 4403 330 4469 μὲν
367 4400 443 4469 μὴ
471 4400 829 4470 χορηγεῖσθαι
869 4403 1021 4467 παρᾶ
1062 4401 1170 4453 τῶν
1198 4402 1498 4472 οἰκονόμων
1520 4402 1619 4473 τῆς
1663 4404 1796 4465 ἰδίας

232 4491 523 4561 ἐκκλησίας
576 4492 844 4555 δαπάνας,
879 4494 1070 4545 ἒπειτα
1128 4494 1649 4565 ὑπομιμνήσκεσθαι
1697 4496 1794 4548 αὐ-

230 4584 351 4646 τοὺς
376 4582 465 4635 διὰ
496 4584 838 4652 γραμμάτων
869 4584 975 4636 τῶν
1017 4584 1341 4655 ἀρχιερέων,
1380 4586 1467 4653 ὑφ’
1496 4585 1589 4648 οὓς
1614 4585 1795 4638 τελοῦ-

1907 2014 2069 2084 gariae
2104 2021 2158 2067 et
2184 2011 2367 2082 Cypri,
2425 2026 2519 2079 per
2549 2011 2818 2064 Noveilam
2849 2008 3140 2063 Iustiniani
3181 2008 3279 2062 I50
3309 2020 3471 2076 quam

1903 2110 2067 2161 etiam
2107 2120 2288 2175 quaere
2326 2106 2376 2157 in
2410 2119 2530 2170 cap.
2562 2103 2618 2156 Η
2658 2103 2853 2157 littera:
2879 2098 2942 2155 E.
2973 2098 3466 2169 lmperatoriinsu—

1902 2216 1999 2270 per
2023 2199 2206 2253 datum
2249 2207 2365 2253 erat
2401 2198 2725 2252 clericorum
2756 2196 3009 2250 similiter
3040 2191 3479 2264 permutatioues.

1902 2292 2097 2347 facere.

2494 2518 2651 2588 Leges
2685 2517 2881 2572 civiles.

1971 2658 2391 2715 Amantissimos
2434 2653 2526 2709 Dei
2578 2652 2865 2723 episcopos
2909 2649 3162 2721 proprias
3210 2646 3473 2704 ecclesias

1900 2753 2233 2820 relinquere,
2261 2747 2397 2802 etin
2438 2745 2576 2799 alias
2612 2741 2925 2813 provincias
2980 2740 3132 2795 abire
3177 2746 3467 2793 velamus:

1900 2843 1944 2896 si
1984 2855 2113 2897 vero
2163 2839 2461 2894 necessitas
2518 2836 2698 2903 aliqua
2738 2834 2787 2888 id
2825 2832 3083 2902 exegerit,
3134 2846 3242 2885 non
3312 2830 3469 2884 aliter

1899 2948 2062 3002 quam
2104 2946 2227 2986 cum
2280 2932 2474 2984 litteris
2516 2927 2814 2982 beatissimi
2860 2928 3099 2994 ipsorqu
3149 2923 3473 2994 patriarcha:

1900 3035 1992 3079 aut
2020 3022 2450 3093 metropolitani,
2478 3030 2571 3076 aut
2597 3017 3132 3089 principis-matulam
3158 3016 3208 3069 id
3243 3015 3463 3070 faciant.

1970 3119 2139 3173 Porro
2180 3131 2279 3170 nec
2308 3116 2374 3168 ad
2406 3114 2591 3168 urbem
2625 3112 2827 3182 regiam
2858 3112 3014 3165 aliter
3050 3124 3212 3179 quam
3247 3123 3311 3163 ea
3340 3124 3469 3161 cou-

1904 3210 2110 3264 ditione
2134 3207 2429 3273 accedant;
2470 3206 2601 3275 quin
2636 3212 2689 3258 et
2749 3203 2792 3258 si
2829 3203 2933 3258 hoc
2985 3202 3144 3256 modo
3175 3201 3470 3271 episcopus

1900 3301 2304 3372 qualiscunque
2335 3297 2656 3362 excesserit,
2690 3312 2757 3349 ne
2790 3295 3026 3364 amplius
3056 3310 3166 3348 uno
3194 3310 3340 3348 anno
3373 3310 3466 3349 ec-

1902 3395 2126 3448 clesiam
2168 3406 2323 3446 suam
2358 3390 2653 3459 relinquat.
2692 3387 2990 3459 Episcopos
3023 3401 3153 3442 vero
3181 3387 3273 3457 qui
3308 3386 3361 3441 in
3386 3403 3470 3442 re-

1901 3488 2043 3555 giam
2072 3485 2260 3538 urbem
2291 3484 2388 3551 (ita
2433 3494 2493 3536 ut
2534 3482 2739 3537 dictum
2789 3483 2893 3549 est)
2938 3479 3205 3545 venerint,
3240 3494 3303 3533 ex
3337 3493 3472 3549 qua-

1902 3592 2116 3646 cunque
2150 3575 2348 3629 fuerint
2379 3575 2622 3638 dimccsi,
2647 3581 2770 3627 ante
2805 3572 2989 3626 omnia
3026 3572 3178 3626 abire
3208 3572 3467 3641 iubemus

1900 3670 1965 3723 ad
2007 3669 2386 3724 beatissimum
2416 3666 2971 3735 Constantinopoleos
2995 3665 3465 3734 archiepiscopum

1900 3772 1953 3814 ct
1982 3761 2374 3831 patriarcham,
2408 3770 2571 3829 atque
2600 3759 2671 3811 ita
2698 3759 2763 3812 ad
2793 3767 3034 3812 nostram
3067 3757 3252 3811 venire
3272 3759 3472 3811 sereni-

1901 3862 2085 3906 tatem.
2129 3851 2454 3920 Quicunque
2521 3860 2703 3905 autem
2755 3860 2944 3904 contra
3017 3851 3465 3904 constitutionem

1901 3944 2041 3998 hanc
2104 3953 2345 3997 nostram
2408 3943 2767 4003 excesserint,
2825 3951 2917 3994 aut
2970 3956 3133 4010 supra
3183 3938 3466 3996 deﬁnitum

1899 4035 2028 4088 anni
2060 4034 2323 4105 spatium,
2353 4042 2567 4102 tempus
2602 4032 2818 4101 aliquod
2852 4042 3006 4086 extra
3044 4033 3318 4101 propriam
3372 4046 3467 4085 cc-

1899 4124 2124 4178 elcsiam
2157 4122 2406 4190 egerint.
2441 4122 2678 4191 primum
2709 4122 2927 4191 quidem
2970 4122 3103 4191 ipsis
3137 4124 3205 4176 ab
3244 4137 3468 4177 (nconc—

1901 4214 2007 4268 mis
2040 4214 2160 4283 ejus
2208 4214 2451 4268 ecclesia:
2477 4223 2727 4282 sumptus
2757 4229 2862 4267 non
2898 4213 3274 4267 administrari
3306 4214 3469 4282 jube-

1900 4322 2042 4371 mus,
2081 4305 2275 4360 deinde
2299 4305 2594 4374 signiﬁcari
2630 4304 2761 4373 ipsis
2796 4321 2889 4373 per
2915 4305 3127 4359 litteras
3155 4306 3467 4360 antistitum

1899 4399 2100 4468 quibus
2134 4398 2390 4459 subsunt,
2425 4407 2483 4450 ut
2515 4398 2579 4450 ad
2627 4398 2874 4467 proprias
2925 4397 3185 4451 ecclesias
3224 4396 3467 4451 redeant.

1899 4490 2055 4557 Quod
2084 4489 2128 4544 si
2169 4490 2400 4543 reditum
2460 4489 2734 4551 dili'eraut,
2788 4489 2943 4557 juxta
2978 4489 3195 4543 divinos
3227 4503 3470 4543 canones

1900 4585 2093 4638 iterum
2133 4592 2416 4647 vocentur,
2448 4590 2501 4636 et
2541 4583 2584 4636 si
2639 4582 2780 4635 intra
2837 4581 3120 4635 definitum
3152 4589 3365 4650 tempus
3401 4582 3468 4633 ad

234 4692 350 4737 σιν,
401 4673 544 4726 ὥστε
602 4675 919 4728 ἐπανελθεῖν
973 4678 1053 4739 εἰς
1111 4678 1210 4739 τὰς
1270 4677 1403 4739 ἰδίας
1454 4679 1790 4748 ἐκκλησίαςο

1899 4673 2154 4728 ecclesias
2205 4686 2334 4726 suas
2388 4686 2497 4725 non
2558 4670 2763 4725 reversi
2816 4669 3038 4735 fuerint,
3092 4669 3194 4738 ipsi
3248 4668 3469 4738 quidem

232 4766 685 4836 ὑπερτιθεμένους
708 4767 762 4819 δέ
785 4767 883 4837 τὴν
907 4767 1275 4837 ὑποστροφὴν,
1304 4768 1441 4820 κατὰ
1474 4771 1597 4831 τους
1619 4771 1796 4839 ἱεροὺς

232 4859 511 4913 καλεῖσθαι
542 4860 639 4911 x11
681 4855 837 4921 αὖθις
887 4859 1116 4922 κανόνας
1140 4875 1154 4888 ⁸
1190 4859 1286 4912 καὶ
1320 4863 1367 4913 εἰ
1404 4861 1478 4931 μὴ
1508 4861 1656 4924 ἐντὸς
1698 4862 1793 4915 τοῦ

232 4953 538 5021 ὡρισμένου
580 4952 774 5021 χρόνου
808 4952 1239 5020 ὑποστρέφουσιν
1265 4954 1343 5014 είς
1387 4955 1484 5015 τὰς
1538 4955 1672 5023 ᾤίας
1703 4956 1795 5007 ἐκ·

232 5040 478 5107 κλησίας,
531 5042 726 5103 αὐτοϋς
781 5040 881 5109 μὲν
928 5040 1027 5109 τῆς
1088 5042 1391 5111 ἐπισκοπῆς
1451 5044 1794 5110 ἐξωθεῖσθαι,

231 5132 418 5204 γνώμῃ
452 5133 543 5185 καὶ
578 5132 755 5201 κρίσει
789 5137 879 5183 καὶ
911 5134 1206 5203 δοκιμασία
1238 5134 1331 5187 τοῦ
1363 5136 1562 5188 οἰκείου
1609 5138 1796 5205 ἀρχιε.

233 5224 400 5293 ρὲωςο
436 5224 652 5293 ἐτέρους
684 5224 727 5277 δ’
759 5224 875 5276 ἀντ’
912 5225 1092 5277 αὐτῶν
1142 5226 1425 5289 καλλίονας
1474 5231 1802 5297 χειροτονεῖ-

1904 4762 2445 4831 sententia,judicio,
2491 4768 2544 4816 et
2582 4761 2903 4830 probatione
2941 4760 3148 4831 preprii
3197 4760 3470 4829 archiepi:

1902 4854 2051 4923 scopi
2088 4853 2156 4907 ab
2196 4853 2513 4922 episcopatu
2572 4851 2937 4920 expeilantur,
2983 4853 3183 4922 aliique
3215 4852 3469 4906 meliores

1901 4949 1956 5000 in
1990 4947 2228 5016 ipsorum
2270 4946 2448 4999 locum
2505 4945 2555 4999 vi
2600 4944 2731 5014 legis
2780 4944 3064 5013 prrescntis
3123 4942 3465 4998 ordinentur.

1902 5039 2026 5093 ihec
2062 5040 2115 5091 in
2166 5038 2417 5101 clericos,
2469 5037 2847 5106 cujuscunque
2892 5036 3177 5090 ministerii
3243 5034 3465 5095 fiteriut,

1902 5148 2112 5187 necnon
2156 5132 2456 5185 monachos
2507 5131 2751 5184 obtinere
2789 5129 3046 5198 jubemus
3080 5147 3092 5183 :
3141 5132 3344 5199 resque
3373 5130 3466 5199 qui

1900 5226 2224 5294 transgressi
2266 5224 2492 5288 fuerint,
2523 5238 2619 5276 sua
2653 5222 2916 5291 dignitate
2939 5222 3214 5276 excidere.

232 5314 351 5367 σθαι
382 5316 524 5367 κατὰ
558 5316 657 5381 τὴν
684 5316 780 5368 τοῦ
826 5317 1093 5383 παρόντος
1140 5317 1305 5386 νόμου
1338 5318 1605 5388 δύναμιν·
1643 5320 1818 5372 ταῦτα
1851 5318 1907 5370 δὲ
1952 5318 2044 5370 καὶ
2083 5318 2174 5368 ἐπὶ
2218 5314 2490 5383 κληρικῶν
2557 5312 2950 5381 οίασδηποτοῦν
2996 5312 3318 5380 ὑπηρεσίας,
3382 5311 3463 5364 ἔτι

230 5409 283 5460 δέ
311 5411 401 5460 καὶ
440 5406 709 5475 μοναχῶν,
733 5406 1030 5476 κελεύομεν
1070 5411 1289 5490 κρατεῖν
1318 5425 1329 5437 ⁸
1360 5411 1488 5473 τοὺς
1514 5412 1571 5464 δὲ
1611 5411 2047 5481 παραϐαίνοντας
2080 5406 2365 5459 ἐκπίπτειν
2399 5403 2490 5457 τοῦ
2521 5403 2722 5458 οἰκείου
2760 5405 3061 5474 σχήματος.

307 5502 462 5551 Ἀ).λά
498 5501 594 5552 καὶ
653 5501 821 5569 ἄμφω
873 5499 1044 5552 ταῦτα
1081 5502 1298 5571 δρῶμεν
1340 5503 1505 5556 τανῦν
1554 5504 1781 5557 ἀθετου-

234 5607 394 5660 μενα·
424 5591 546 5642 οὔτε
582 5590 688 5661 γὰρ
716 5592 765 5644 οἱ
810 5592 1084 5661 ἀρχιερεῖς
1146 5594 1234 5646 διὰ
1292 5595 1637 5664 γραμμάτιον
1689 5595 1783 5647 τοῦ

233 5684 565 5751 πατριάρχου
608 5685 686 5744 είς
713 5682 810 5752 τὴν
839 5682 1229 5752 βασιλεύουσαν
1260 5685 1641 5754 ἐπιδημοῦσιν,
1674 5686 1787 5737 ἀλλ’

236 5774 558 5843 αὖθόρμητοι
590 5776 1047 5845 παραγενόμενοι,
1084 5780 1172 5829 καὶ
1211 5780 1329 5837 ταῖς
1366 5778 1561 5838 πύλαις
1585 5778 1792 5848 ταύτης

238 5866 566 5927 τιοςιόντες.
626 5867 893 5934 ἰηηῦμιτι
974 5867 1069 5934 τὴν
1132 5871 1377 5929 τᾳετιιιτ·
1452 5871 1627 5921 ε’)ιντι
1724 5871 1792 5917 τιίι

1961 5499 2159 5554 Verum
2192 5500 2353 5551 ambo
2382 5500 2498 5552 bare
2549 5498 2762 5551 decreta
2812 5497 2974 5551 hodie
3031 5496 3269 5565 neglecta
3316 5494 3461 5547 viiii--

1894 5608 2032 5647 tuus.
2076 5590 2194 5645 Non
2232 5591 2376 5644 enim
2413 5590 2688 5645 antistites
2747 5605 2842 5658 per
2898 5590 3108 5644 litteras
3144 5590 3469 5659 patriarchse

1896 5685 1960 5738 ad
1999 5686 2241 5755 reginam
2278 5685 2495 5737 urbium
2552 5683 3002 5753 proﬁciscuntur,
3037 5681 3129 5736 sed
3166 5684 3468 5749 impetunsc

1901 5777 1964 5829 ad
1989 5787 2172 5845 portas
2197 5776 2315 5843 ejus
2345 5777 2741 5845 pervenientes,
2764 5775 2965 5830 iudicio
2993 5773 3281 5828 adventum
3306 5788 3467 5827 suum

1902 5870 2219 5932 patriarcha‘
2264 5880 2448 5925 notum
2497 5870 2722 5937 faciunt,
2752 5876 2805 5926 et
2858 5870 2932 5925 sic
2968 5870 3087 5926 sine
3119 5868 3357 5939 periculo
3397 5867 3469 5921 ad
