4198 6448
768 375 898 432 1οὶέιί

1953 371 2000 425 Pd
2017 371 2310 429 .-\'l"l‘}I.El
2364 374 2499 433 DLA
2514 378 2789 438 STARIS

3857 389 4001 452 108i

754 490 965 549 raptum
997 488 1112 532 erat
1146 475 1463 539 obtulerint,
1513 490 1619 531 non
1658 475 1918 541 admittit,
1956 478 2047 531 sed
2100 479 2152 531 in
2182 496 2316 549 qna-

2425 502 2512 539 και
2555 489 2658 558 πρὸ
2689 492 2990 562 καταδῖκης
3049 495 3423 562 προσάγοντας
3456 497 3514 550 τὸ
3561 499 3652 551 ὑπ’
3680 500 3857 553 αὐτῶν
3902 505 4003 573 ἁρ-

754 577 1005 646 dtuplum
1047 573 1223 644 punit.

825 760 878 812 Si
908 759 1029 825 quis
1059 770 1145 809 res
1177 752 1401 806 mobiles
1439 767 1534 819 per
1576 752 1682 805 vim
1734 752 1997 819 rapuerit,
2029 752 2170 806 intra
2199 754 2321 819 qui-

758 854 876 904 dem
921 863 1121 901 annum
1168 846 1220 898 in
1261 844 1624 913 quadruplum
1661 852 1905 907 tenetur,
1938 843 1982 897 si
2031 860 2125 911 per
2157 855 2321 899 testes

758 942 981 1009 probata
1014 939 1172 991 fuerit
1202 937 1476 1004 quantitas
1507 945 1560 988 et
1588 936 1795 1004 species
1852 936 2118 989 bonorum
2144 955 2159 1002 ;
2201 946 2320 1004 post

755 1047 959 1087 annum
986 1040 1162 1084 autem
1204 1030 1255 1082 in
1294 1029 1574 1096 simplum.
1617 1028 1671 1082 Si
1703 1043 1832 1081 vero
1872 1028 2058 1098 rapina
2099 1030 2317 1098 quidem

759 1125 975 1177 νίιίιιειη
1024 1122 1303 1191 probetur,
1330 1129 1497 1174 testes
1520 1129 1699 1172 autem
1736 1135 1824 1173 res
1855 1130 2043 1189 raptas
2076 1136 2184 1173 non
2221 1135 2319 1174 no-

760 1218 889 1272 rint,
910 1214 1279 1278 juramentnm
1305 1219 1522 1279 praestat
1546 1211 1589 1263 is
1608 1226 1635 1262 a
1656 1225 1765 1276 quo
1796 1225 1882 1263 res
1910 1211 1956 1262 vi
1982 1221 2145 1280 raptte
2168 1220 2315 1276 sunt,

758 1315 810 1357 ιιι
839 1321 865 1357 a
904 1313 1141 1370 raptore,
1169 1314 1510 1369 qurecunque
1535 1315 1563 1354 a
1603 1316 1662 1354 se
1695 1310 1849 1369 rapta
1895 1300 2065 1356 fuisse
2088 1302 2316 1371 jurabit,

760 1414 809 1447 Ill
850 1395 1103 1463 simplum
1136 1392 1341 1460 recipit.

829 1485 884 1540 Si
927 1487 1049 1554 quis
1090 1487 1296 1554 absque
1337 1484 1602 1537 sententia
1648 1484 1886 1552 iudiciali
1920 1500 2032 1538 rem
2087 1485 2318 1552 auferat,

757 1584 801 1631 si
847 1579 918 1631 rei
961 1578 1216 1632 dominus
1257 1577 1349 1641 sit,
1376 1577 1615 1630 dominio
1655 1594 1754 1633 suo
1786 1578 1985 1631 excidit
2021 1595 2035 1641 ;
2094 1579 2139 1632 si
2189 1595 2320 1634 vero

754 1672 929 1725 aliena
965 1674 1055 1733 sit,
1108 1684 1221 1723 rem
1278 1680 1331 1729 et
1386 1669 1620 1737 pretium
1664 1669 1783 1737 ejus
1836 1670 1948 1724 dat.
1998 1670 2182 1739 Itaque
2231 1672 2319 1726 bic

755 1763 940 1824 etiam,
965 1762 1009 1816 si
1048 1762 1263 1828 quidem
1293 1761 1433 1814 intra
1450 1776 1651 1814 annum
1677 1770 1886 1830 agatur,
1909 1776 2067 1830 poena
2096 1773 2318 1831 praesta-

2425 581 2622 647 παγὲν,
2651 580 2710 633 οὐ
2742 583 3045 652 προσίεται,
3071 585 3188 638 ἀλλ’
3211 591 3288 641 εἰς
3317 587 3377 640 τὸ
3402 590 3791 659 τετραπλάσιον
3824 611 4002 647 κατα-

2421 672 2655 736 δικᾴζει.

2508 764 2632 817 Ἐάν
2658 783 2740 829 τις
2772 766 2960 835 βιαίως
3002 768 3225 842 ἁρπάσῃ
3254 773 3453 842 κινητά
3482 775 3806 844 πρᾶγματα,
3838 779 3999 839 ἐντὶ-ς

2425 857 2523 924 μὲν
2549 858 2799 912 ἐνιαυτοῦ
2832 860 2913 922 είς
2943 861 3003 913 τὸ
3053 864 3389 931 τετραπλοῦν
3431 864 3699 935 ἐνέχεται,
3729 868 3824 921 ὲάν
3853 886 4000 938 μαρ-

2420 949 2631 1019 τυρηθῇ
2687 952 2719 1019 ἡ
2762 956 2992 1024 ποσότης
3048 957 3145 1007 καὶ
3192 958 3251 1009 τὸ
3283 954 3421 1021 εἶδος
3468 960 3576 1012 τῶν
3625 964 3993 1033 πραγμάτων,

2424 1044 2565 1110 μετά
2603 1044 2659 1096 δὲ
2717 1045 2808 1098 τὸν
2869 1048 3135 1110 ἐνιαυτὸν,
3190 1052 3271 1111 είς
3311 1052 3371 1105 τὸ
3426 1052 3652 1109 ἁπλοῦν.
3702 1056 3833 1107 Ἐὰν
3862 1056 3923 1108 δὲ
3961 1059 3994 1124 ἡ

2423 1132 2570 1201 βιαία
2598 1135 2818 1205 ἁρπαγὴ
2846 1138 3139 1204 δείκνυται,
3172 1145 3239 1195 τὰ
3260 1142 3317 1196 δὲ
3352 1145 3670 1212 ἁρπαγέντα
3699 1147 3997 1213 ἀγνοοῦσιν

2421 1225 2473 1276 oi
2502 1225 2800 1297 μάρτυρες,
2829 1229 3131 1297 ἐπόμνυται
3153 1234 3182 1284 δ
3206 1234 3303 1304 τὴν
3333 1234 3514 1302 βιαίαν
3538 1237 3830 1306 ἀφαίρεσιν
3865 1239 3997 1288 ὐπο-

2422 1315 2574 1378 στάς,
2630 1318 2725 1369 καὶ
2752 1318 3125 1387 ἀπολαμϐάνει
3167 1323 3273 1375 ἀπὸ
3302 1323 3394 1377 τοῦ
3427 1325 3677 1394 ἅρπαγος
3708 1327 3808 1377 ὅσα
3858 1327 3993 1377 ἐπο-

2424 1408 2645 1477 μόσεται
2676 1408 3071 1481 διαρπαγῆναι,
3106 1413 3184 1475 είς
3218 1416 3281 1465 τὸ
3309 1414 3535 1469 ἁπλοῦν.

2504 1480 2631 1553 Ἓάν
2658 1517 2738 1563 τις
2792 1480 2960 1571 χωρὶς
2985 1503 3307 1575 δικαστικῆς
3339 1506 3669 1574 ἀποφάσεως
3719 1505 3992 1575 ἀφέληταί

2419 1605 2472 1641 τι
2506 1591 2760 1659 πρᾶγμα,
2809 1593 2856 1643 εί
2887 1590 2985 1660 μὲν
3027 1592 3297 1664 δεσπότης
3343 1595 3462 1647 ἐστὶ
3508 1594 3605 1648 τοῦ
3636 1596 3992 1666 πράγματος,

2419 1678 2677 1733 ἐκπίπτει
2726 1680 2826 1749 τῆς
2874 1681 3196 1746 δεσποτείας
3248 1685 3449 1737 αὐτοῦ’
3490 1685 3539 1737 εί
3604 1686 3660 1737 δὲ
3712 1686 3996 1756 ἀλλότριόν

2420 1772 2537 1825 ἐστι
2578 1774 2638 1824 τὸ
2669 1775 2923 1844 πρᾶγμα,
2954 1775 3048 1827 καὶ
3077 1775 3174 1846 τὴν
3201 1776 3368 1847 τιμὴν
3400 1777 3567 1830 αὐτοῦ
3598 1778 3805 1833 δίδωσι.
3852 1782 3998 1832 Κάν-

758 1867 883 1921 tur;
919 1865 1041 1923 post
1068 1868 1269 1908 annum
1305 1868 1453 1917 vero,
1508 1868 1598 1908 res
1642 1854 1911 1908 duntaxat
1957 1868 2079 1908 cum
2115 1853 2318 1908 fructi-

2420 1864 2597 1917 ταῦθα
2629 1865 2831 1933 τοίνυν,
2870 1867 3075 1921 ἔσωθεν
3102 1867 3197 1922 τοῦ
3232 1869 3486 1923 ἐνιαυτοῦ
3531 1872 3862 1940 κινουμένης
3893 1872 3996 1939 τῆς

758 1945 882 1999 bus.

827 2125 929 2191 Qui
984 2135 1183 2179 terram
1226 2125 1391 2195 rapit,
1449 2127 1532 2181 vel
1582 2126 1845 2181 terminos
1893 2136 2089 2191 mutat,
2120 2127 2321 2197 rapina:

758 2219 981 2284 duplum
1013 2218 1271 2271 restituit.

830 2310 1091 2381 Quicum
1128 2313 1295 2365 armis
1346 2312 1540 2365 domos
1591 2321 1643 2365 et
1700 2328 1862 2381 agros
1903 2313 2108 2367 alienos
2167 2312 2319 2366 inva-

758 2405 897 2458 dunt
932 2403 1345 2471 devastantqne,
1388 2404 1565 2472 capite
1599 2406 1931 2474 plectuntur.

789 2563 888 2631 31
926 2562 1078 2617 CAP.
1123 2563 1263 2617 Xlll.
1310 2562 1383 2615 De
1421 2564 1485 2615 iis
1530 2563 1915 2645 quimiuiicres
1960 2566 2287 2620 matrimonii

1327 2650 1492 2687 causa
1532 2644 1769 2703 rapiunt.

835 2768 1166 2823 Undecimus
1211 2769 1403 2839 synodi
1440 2768 1640 2839 Ancyr.
1671 2782 1848 2823 canon
1877 2770 2177 2836 desponsas
2201 2770 2321 2827 aliis

762 2860 989 2924 pttcilas,
1022 2868 1074 2911 et
1092 2866 1277 2927 postea
1312 2858 1379 2911 ab
1410 2859 1532 2913 aliis
1566 2867 1769 2927 raptas,
1811 2859 2022 2913 etiamsi
2073 2869 2321 2928 raptores

760 2966 853 3003 vas
883 2950 1068 3017 inique
1102 2949 1495 3018 stupraverint,
1527 2949 1593 3003 iis
1624 2950 1826 3018 quibus
1857 2950 2144 3018 desponsa!
2166 2961 2322 3006 erant

760 3043 956 3095 iterum
1000 3042 1150 3095 reddi
1195 3042 1388 3110 jubet:
1434 3042 1688 3096 nimirum
1728 3043 1775 3099 si
1813 3059 1907 3099 eas
1954 3044 2197 3114 recipere
2230 3059 2322 3100 ve-

762 3134 894 3188 lint:
932 3134 1086 3188 inviti
1117 3134 1263 3188 enim
1297 3150 1405 3187 non
1432 3129 1713 3202 cogentur.

825 3315 1014 3368 Canon
1049 3322 1228 3367 autem
1253 3315 1433 3384 magni
1468 3314 1653 3369 Basilii
1703 3314 1796 3378 22,
1836 3313 1969 3369 Eum
2002 3316 2094 3385 qui
2127 3318 2323 3374 mulie-

758 3422 896 3464 rcat.
939 3405 1135 3475 inquit,
1160 3420 1221 3458 ex
1251 3416 1404 3475 raptu
1433 3406 1613 3470 liabet,
1645 3423 1749 3461 non
1794 3418 2009 3477 oportet
2038 3409 2102 3463 ad
2142 3413 2321 3478 poeni-

758 3500 980 3550 tentiatn
1035 3498 1343 3561 admittere,
1398 3499 1718 3568 priusquam
1773 3501 1843 3554 ab
1897 3514 1960 3556 ea
2014 3513 2317 3572 separetur.

756 3589 911 3654 Quod
948 3590 992 3644 si
1034 3590 1188 3643 alteri
1225 3592 1374 3658 prius
1401 3590 1674 3659 desponsa
1720 3591 1907 3651 fuerit,
1950 3594 2069 3662 ejus
2115 3594 2168 3647 in
2225 3610 2320 3663 po-

761 3691 1010 3735 testatem
1045 3680 1195 3734 reddi
1230 3681 1410 3744 debet,
1445 3683 1489 3735 si
1517 3682 1681 3735 modo
1716 3698 1834 3735 eam
1868 3688 2117 3751 accipere
2152 3687 2317 3748 velit;

758 3776 841 3827 sin
873 3783 1051 3827 autem
1078 3773 1212 3826 nulli
1240 3772 1417 3826 adhuc
1444 3773 1712 3841 desponsa
1747 3774 1942 3839 fuerat,
1970 3775 2035 3829 ad
2070 3786 2319 3845 parentes

758 3871 963 3928 redeat,
1004 3869 1084 3921 vel
1139 3868 1276 3922 alios
1327 3868 1419 3937 qui
1485 3867 1660 3921 eidem
1722 3871 1989 3936 sanguine
2040 3873 2317 3938 conjuncti

757 3971 906 4013 sunt.
927 3959 989 4013 Et
1018 3961 1061 4014 si
1096 3960 1313 4028 quidem
1350 3959 1425 4012 illi
1454 3962 1686 4029 raptoris
1712 3960 2022 4015 aﬂinitatent
2044 3975 2317 4034 expetant,

757 4052 1125 4106 constituatur
1168 4052 1603 4114 matrimonium,
1660 4054 1705 4107 si
1764 4055 1924 4107 modo
1968 4055 2053 4108 illa
2087 4072 2319 4111 consen-

760 4147 928 4209 serit;
961 4143 1119 4197 aliter
1149 4143 1294 4196 enim
1332 4160 1397 4197 ne
1431 4155 1682 4213 rogatur.
1713 4144 1805 4198 liie
1852 4155 2028 4199 autem
2067 4150 2159 4217 qui
2197 4166 2320 4203 mu-

763 4238 969 4297 liercnt,
998 4235 1078 4288 vel
1123 4251 1216 4301 per
1242 4235 1375 4301 vim,
1407 4237 1489 4290 vel
1519 4237 1660 4291 clam
1716 4240 2145 4294 consentientem
2194 4257 2320 4297 cor-

760 4326 985 4393 ruperit,
1022 4325 1411 4379 iornicatornm
1469 4343 1643 4396 pinnae
1691 4329 1963 4383 obnoxius
2003 4332 2108 4397 sit;
2161 4343 2214 4387 et
2263 4334 2316 4388 in

753 4429 995 4486 quatuor
1040 4417 1199 4470 annis
1246 4427 1483 4485 quatuor
1524 4419 1862 4486 poenitentia:
1909 4431 2146 4489 tempora
2204 4439 2321 4490 per-

2421 1955 2666 2023 ἀγωγῆς.
2713 1956 2969 2027 δίδοταιὴ
3002 1958 3163 2028 ποινὴ
3191 1975 3207 1989 ·
3242 1959 3384 2028 μετά
3413 1959 3469 2013 δὲ
3507 1958 3599 2011 τὸν
3634 1960 3909 2027 ἐνιαυτὸν,
3936 1965 3997 2014 τὸ

2423 2049 2567 2114 πρᾶγ
2580 2065 2655 2116 μα
2686 2049 2847 2118 μόνον
2866 2051 2965 2102 καὶ
2992 2051 3042 2102 οί
3069 2052 3293 2120 καρποί.

2501 2135 2560 2187 '0
2590 2137 2851 2204 ἁρπάζων
2884 2138 3010 2206 γῆν,
3041 2140 3073 2209 ἢ
3128 2141 3439 2209 μετατιθεὶς
3477 2143 3623 2214 ὅρια,
3658 2145 3859 2216 διπλῆν
3897 2146 3997 2217 τὴν

2422 2226 2677 2296 ἁρπαγὴν
2710 2229 3056 2288 ἀποδίδωσιν.

2493 2322 2555 2372 υἱ
2591 2320 2711 2386 μεθ’
2760 2321 2940 2376 ὅπλων
3002 2325 3271 2390 ἐπιόντες,
3329 2331 3426 2383 καὶ
3477 2332 3805 2402 πορθοῦντες
3845 2331 4001 2384 ἀλλο-

2421 2412 2602 2481 τρίους
2666 2414 2847 2477 οἴκους
2885 2414 2918 2484 ἢ
2950 2415 3173 2487 ἀγροὺς.
3210 2420 3289 2483 είς
3324 2423 3566 2492 κεφαλὴν
3592 2419 3996 2494 τιμωροῦνται.

2422 2571 2670 2626 ΚΕΦΛΛ.
2721 2573 2816 2629 ll".
2871 2575 3011 2644 Περὶ
3067 2574 3185 2629 τῶν
3222 2577 3615 2657 ρρπαζόντων
3672 2580 3772 2634 ἐπὶ
3832 2583 3999 2652 γάμῳ

3061 2663 3353 2716 γυναικας
3362 2691 3376 2703 .

2504 2781 2562 2833 '0
2598 2779 2662 2834 ια’
2695 2782 2879 2836 κανὼν
2910 2783 3008 2852 τῆς
3053 2785 3112 2837 ὲν
3154 2786 3399 2858 Ἀγκύρα
3455 2791 3675 2843 συνόδου
3722 2793 3824 2855 τὰς
3866 2812 4001 2863 μνη-

2425 2877 2743 2940 στευθείσας
2772 2876 2943 2948 κόρας
2974 2878 3136 2943 τισὶν,
3168 2876 3271 2933 εἷθ’
3301 2880 3396 2933 ὑπ’
3422 2882 3598 2936 ἄλλων
3628 2885 3996 2954 ἀρπαγείσας,

2423 2968 2471 3019 εί
2504 2971 2597 3020 καὶ
2649 2971 2986 3042 παρανόμως
3026 2972 3196 3035 αὐτὰς
3254 2975 3566 3041 ἐϐιάσαντο,
3624 2978 3838 3031 κελεύει
3885 2984 4001 3043 τοῖς

2426 3081 2732 3139 μνηστευσα
2743 3065 2925 3134 μένοις
2942 3062 3101 3129 αὖθις
3122 3068 3616 3130 ἀποκαθίστασθαι,
3643 3072 3757 3139 εἴγε
3788 3073 3967 3143 αίροίν
3982 3105 4000 3115 ς

2351 3177 2394 3235 c
2426 3176 2486 3210 το
2517 3156 2761 3223 δηλονότι
2802 3156 3002 3221 ταύτας
3057 3157 3275 3213 λαόείνο
3307 3163 3531 3224 ἄκοντες
3560 3165 3668 3233 γὰρ
3696 3164 3800 3217 οὐκ
3832 3167 3999 3232 ἀναγ-

2426 3248 2810 3316 κασθήσονται.

2507 3340 2566 3391 'O
2598 3338 2656 3390 δὲ
2691 3339 2786 3391 τοῦ
2811 3340 3051 3409 μεγάλου
3076 3341 3357 3395 Βασιλείου
3398 3342 3504 3412 κβ’,
3537 3344 3610 3397 Οὐ
3639 3345 3769 3416 χρὴ,
3802 3351 3996 3417 φησιν,

2423 3436 2500 3498 εἰς
2533 3436 2824 3506 μετάνοιαν
2870 3436 3197 3507 προσίεσθαι
3229 3440 3321 3490 τὸν
3350 3440 3409 3506 ἐξ
3443 3441 3702 3510 ἁρπαγῆς
3733 3425 3999 3511 είληῴότα

2422 3530 2679 3594 γυναῖκα.
2715 3528 2846 3598 πρὶν
2887 3528 2953 3580 ἂν
2986 3527 3188 3597 ταύτης
3220 3530 3531 3601 ἀφαιρεθῇ·
3570 3534 3662 3586 καὶ
3712 3534 3765 3585 εἰ
3800 3535 3904 3602 μὲν
3934 3531 4001 3604 ἦν’

2423 3619 2931 3689 προμνηστευθεῑσά
2962 3637 3089 3684 τινι,
3117 3620 3310 3690 ἐκείνῳ
3341 3624 3423 3684 είς
3471 3622 3717 3687 ἐξουσίαν
3753 3626 4002 3678 ἀποκαθ-

2425 3710 2695 3776 ίστασθαι,
2756 3712 2869 3779 εῐγε
2925 3710 3215 3782 βουληθείη
3278 3714 3483 3785 ταύτην
3539 3716 3759 3768 λαϐεῖν·
3837 3721 3887 3770 εἰ
3942 3720 3999 3771 δὲ

2425 3803 2593 3873 μήπω
2612 3803 2719 3856 τινὶ
2751 3806 3258 3874 προμεμνήστευτο,
3288 3807 3425 3875 πρὸς
3452 3810 3579 3871 τοὺς
3602 3809 3797 3876 γονέας
3825 3812 3851 3861 ὲ
3869 3829 4003 3863 παν-

2426 3892 2584 3955 ιέναι,
2618 3894 2649 3963 ἦ
2684 3893 2777 3944 καὶ
2815 3892 2990 3956 ἄλλως
3014 3894 3137 3946 καθ’
3169 3891 3309 3965 αἷμα
3356 3897 3528 3969 ταύτῃ
3575 3900 3997 3968 προσήκοντας·

2423 3980 2523 4034 κᾶν
2554 3982 2654 4050 μὲν
2699 3982 2926 4036 ἕλωνται
2976 3976 3144 4046 οὗτοι,
3175 3987 3534 4057 συναινούσης
3570 3989 3855 4058 κάκείνης,
3902 3993 4001 4059 τὴν

2429 4070 2651 4138 κηδείαν
2679 4069 2775 4123 τοῦ
2802 4072 3072 4141 ἅρπαγος,
3099 4074 3160 4125 τὸ
3190 4076 3523 4128 συωικέσιον
3554 4077 3805 4130 ἴστατθαι
3832 4097 3847 4109 σ
3881 4083 3932 4131 εἰ
3957 4082 4005 4133 δ’

2426 4155 2544 4224 οὖν,
2586 4161 2661 4231 μὴ
2699 4162 3006 4231 βιάζεσθαι.
3047 4164 3106 4217 '0
3144 4165 3330 4233 μέντοι
3387 4168 3731 4237 συμφθαρεὶς
3778 4177 4002 4238 γυναικὶ

2421 4249 2519 4305 εἴτ’
2548 4248 2641 4305 οὖν
2693 4253 2969 4322 λαθραίως
3003 4256 3226 4326 ἑκούσῃ,
3264 4255 3360 4310 εἴτ’
3401 4254 3495 4312 οὖν
3531 4260 3885 4330 βιασάμενος,
3924 4267 4002 4333 τῷ

2419 4344 2530 4397 τῶν
2588 4348 2961 4414 πορνευόντων
3000 4348 3262 4417 ἐπιτιμίῳ
3315 4349 3700 4404 ύποὸαλλὲσθω
3727 4368 3741 4381 °
3781 4355 3877 4405 καὶ
3944 4358 4003 4406 ἐν

2420 4436 2681 4506 τέσσαρσι
2714 4435 2927 4506 χρόνοις
2959 4439 3085 4499 τοὺς
3127 4438 3401 4508 τέσσαρας
3446 4442 3644 4504 τόπους
3692 4442 4003 4511 διερχὲσθω

757 4516 1002 4559 transeat
1040 4522 1193 4559 :uno
1233 4508 1452 4576 quidem
1491 4524 1634 4563 anno
1677 4525 1786 4578 prie
1829 4511 2038 4567 foribus
2069 4517 2316 4569 ecclesiae

2422 4524 2517 4591 τῆς
2542 4524 2850 4592 μετανοίας.
2884 4525 2963 4577 ἐνὶ
2992 4526 3087 4594 μὲν
3110 4525 3217 4590 ἔξω
3246 4528 3343 4596 τῆς
3365 4528 3534 4599 θύρας
3565 4530 3658 4582 τοῦ
3690 4530 3798 4583 νεὼ
3826 4550 4003 4601 προσ-

758 4599 969 4665 lugens,
1001 4612 1107 4649 uno
1132 4599 1272 4651 inter
1315 4601 1591 4654 auditores
1633 4610 1809 4666 stans,
1846 4604 2017 4660 altero
2046 4606 2111 4659 ad
2145 4609 2318 4675 pinni-

755 4689 986 4740 tentiam
1028 4698 1356 4756 prostratus,
1389 4699 1442 4743 et
1465 4702 1659 4760 quarto
1706 4704 1857 4748 stans
1884 4712 2009 4748 cum
2044 4697 2316 4763 ﬁdelibus,

750 4778 848 4831 sed
888 4794 918 4831 ιι
967 4780 1143 4833 sacris
1196 4782 1469 4849 mysteriis
1511 4783 1830 4849 abstinens;
1879 4805 2055 4858 eoque
2101 4790 2317 4843 demum

754 4878 969 4932 exacto,
992 4870 1111 4939 ejus
1142 4871 1286 4941 quod
1316 4871 1616 4940 perfectum
1648 4886 1731 4930 est
1762 4880 2037 4949 particeps
2071 4895 2210 4937 esto.

827 5049 1012 5102 Canon
1037 5058 1218 5104 autem
1252 5050 1320 5103 30
1361 5067 1454 5105 eos
1480 5053 1571 5121 qui
1608 5056 1863 5110 mulieres
1903 5061 2140 5127 rapiunt,
2194 5063 2321 5131 qni-

754 5158 866 5209 qne
916 5142 1061 5209 ipsos
1110 5142 1315 5196 auxilio
1365 5143 1579 5212 juvant,
1623 5148 1859 5202 triennio
1920 5161 2073 5203 extra
2130 5168 2321 5222 preca-

754 5232 932 5285 tiones
978 5247 1118 5293 esse.
1151 5241 1206 5286 et
1234 5235 1375 5287 inter
1424 5236 1699 5292 auditores
1745 5240 2046 5295 consistere
2108 5247 2319 5301 statuit.

753 5323 913 5388 Quod
947 5324 991 5378 si
1037 5323 1253 5389 mulier,
1300 5326 1497 5394 inquit,
1526 5330 1714 5384 volens
1746 5331 1981 5400 seipsam
2017 5336 2322 5401 tradiderit,

754 5432 880 5467 cum
909 5430 1010 5470 nec
1032 5425 1282 5484 stuprum
1311 5421 1670 5487 praecesserit,
1693 5424 1838 5491 quod
1873 5428 2091 5494 proprie
2121 5429 2189 5482 de
2213 5430 2325 5483 vir-

747 5506 980 5572 ginibus
1027 5507 1252 5571 dicitur,
1282 5525 1381 5562 nec
1411 5511 1639 5577 furtum,
1691 5515 1792 5569 hoc
1829 5527 1910 5571 est
1951 5518 2324 5578 clandestinus

755 5598 1104 5664 concubitus,
1152 5600 1243 5666 qui
1309 5600 1448 5655 banc
1493 5608 1781 5673 acceperit.
1832 5611 2009 5677 pomis
2047 5627 2076 5666 a
2117 5628 2325 5669 canone

759 5690 984 5745 inﬂictis
1027 5707 1135 5745 non
1175 5693 1279 5745 erit
1309 5694 1600 5761 obnoxius,
1640 5700 1838 5768 quippe
1870 5704 2015 5770 quod
2058 5707 2202 5758 nulla
2243 5709 2323 5760 vis

763 5784 1134 5837 intercesserit
1166 5803 1175 5836 :
1204 5794 1253 5837 et
1298 5788 1563 5854 prarripur
1600 5789 1640 5842 si
1686 5792 1766 5843 sui
1804 5791 1962 5854 juris,
2005 5795 2161 5849 vidua
2205 5798 2311 5852 for-

2424 4618 2643 4680 κλαίων,
2675 4619 2755 4670 ἐνὶ
2783 4618 2830 4670 δ’
2867 4617 3237 4688 ἀκροώμενος,
3276 4621 3448 4690 ἑτέρῳ
3494 4621 3539 4673 δ’
3568 4624 3647 4684 εἰς
3698 4627 4003 4691 μετάνοιαν

2423 4708 2768 4772 ὑποπίπτων,
2800 4709 2877 4778 τῷ
2904 4710 2961 4762 δὲ
2995 4711 3241 4781 τετάρτῳ
3291 4716 3402 4774 τοῖς
3438 4714 3538 4781 μὲν
3595 4719 3809 4777 πιστοῖς
3847 4734 4003 4768 συνι-

2423 4802 2708 4871 στάμενος,
2772 4803 2880 4855 τῶν
2928 4803 2986 4856 δὲ
3037 4804 3199 4857 θείων
3252 4804 3587 4875 ἀπεχόμενος
3632 4811 3957 4877 μυστηρίων
3987 4829 3999 4842 ·

2422 4894 2708 4963 ἐξήκοντος
2769 4895 2826 4948 δὲ
2891 4897 2987 4949 καὶ
3038 4896 3253 4963 τούτου,
3293 4898 3594 4968 τηνικαῦτα
3637 4900 3732 4952 τοῦ
3784 4903 3999 4955 τελείου

2421 4989 2760 5056 τυγχανέτω.

2503 5075 2563 5127 '0
2596 5076 2650 5128 δὲ
2686 5075 2729 5127 λ’
2754 5077 2879 5140 τοὺς
2906 5077 3248 5145 ἁρπάζοντας
3272 5081 3560 5147 γυναῖκας,
3591 5084 3683 5135 καὶ
3710 5084 3837 5145 τοὺς
3869 5100 3999 5139 συν-

2423 5168 2723 5236 εργοῦντας
2780 5169 2986 5232 αὐτοῖς,
3030 5169 3126 5223 ἐπὶ
3175 5172 3422 5240 τριετίαν
3476 5172 3669 5243 πόρῤω
3724 5174 3822 5243 μὲν
3888 5177 4003 5228 τῶν

2423 5260 2617 5331 εὐχῶν,
2655 5262 2791 5330 μετά
2844 5261 2902 5315 δὲ
2930 5262 3039 5314 τῶν
3075 5264 3444 5332 ἀκροωμένων
3503 5265 3756 5319 ἵστασθαι
3786 5270 4003 5321 κατεδί-

2425 5367 2613 5405 κασεν.
2656 5352 2716 5403 Ei
2742 5352 2928 5419 μέντοι
2961 5351 3187 5418 ἑκοῦσα,
3217 5354 3401 5423 φησὶν,
3432 5355 3760 5409 ἐπιδέδωκεν
3795 5359 4003 5426 ἑαυτὴν

2424 5442 2456 5511 ἡ
2486 5439 2644 5510 γυνὴ,
2677 5444 2813 5510 μήτε
2856 5441 3060 5511 φθορᾶς
3088 5444 3575 5515 προηγησαμένης,
3604 5446 3729 5516 ἥτις
3760 5449 3851 5499 ἐπὶ
3888 5451 4001 5501 τῶν

2427 5532 2709 5599 παρθένων
2746 5532 2950 5602 κυρίως
3000 5532 3241 5601 λέγεται,
3296 5536 3432 5605 μήτε
3468 5538 3579 5606 μὴν
3629 5539 3857 5606 κλοπῆς,
3910 5542 4003 5592 λ,-

2426 5623 2619 5693 θραίας
2642 5626 2807 5680 οἱονεὶ
2833 5626 3053 5694 μίξεως,
3084 5626 3376 5691 ἀνεύθυνος
3399 5630 3426 5680 ό
3447 5632 3657 5701 ταύτην
3684 5632 3866 5684 λαϐὼν
3891 5635 3999 5685 τῶν]

2427 5713 2489 5764 ἐκ
2520 5712 2612 5764 τοῦ
2646 5714 2867 5776 κανόνος
2897 5716 3210 5785 ἐπιτιμίων,
3250 5712 3337 5770 οἷα
3371 5720 3445 5788 μὴ
3483 5720 3603 5788 βίας
3658 5724 3998 5791 μεσολαϐοῦ-

2428 5818 2562 5873 οης·
2620 5806 2709 5857 καί
2762 5807 3014 5874 μάλιστα,
3067 5811 3112 5861 εἰ
3150 5809 3470 5874 αὖτεξονπῐα
3505 5812 3800 5877 ἒτΐτγανει
3837 5812 3971 5869 εἶτα
