4184 6444
219 394 371 463 1097

1194 412 1602 473 SYNTAGMA
1651 412 2273 478 ALPIMBETICUM.
2347 443 2387 450 ··
2433 419 2494 479 Β.

3363 419 3498 482 1098

213 518 322 585 τῆς
354 516 519 585 ἁγίας
549 521 854 584 κοινωνίας,
889 523 1016 590 πρὶν
1042 522 1161 592 ἂνὴ
1196 527 1347 577 αἰτία
1399 526 1605 597 δειχθῇ,
1638 527 1704 578 δι’
1737 527 1788 595 ἧι

1907 539 2096 584 sancta
2143 533 2538 586 communione
2585 546 2866 602 separare,
2896 530 3222 602 priusquam
3271 542 3495 589 ostensa

205 607 264 656 οἱ
305 608 752 674 ἑκκλησιαστικοὶ
785 616 1009 675 κανόνες
1041 615 1197 666 τοῦτο
1253 615 1501 683 γίνεσθαι
1551 617 1807 670 κελεύου-

210 715 336 752 σιν.
382 700 442 752 Εί
467 699 524 753 δέ
554 721 635 766 τις
666 706 813 773 παρά
841 705 1012 758 ταῦτα
1035 710 1137 776 τῆς
1172 706 1333 774 ἁγίας
1376 708 1661 770 κοινωνίας
1701 728 1805 779 χω-

208 790 369 857 ρίσει
427 794 572 855 τινά,
628 797 833 858 ἐκεῖνος
897 797 1102 865 μὲν,δς
1135 796 1336 859 ἀδίκως
1385 798 1484 862 τῆς
1520 799 1808 863 κοινωνίας

206 881 520 954 ἐχωρίσθη,
559 887 814 955 λυόμενος
847 889 939 941 τοῦ
971 890 1252 958 χωρισμοῦ
1289 889 1394 942 ύπὺ
1419 891 1515 942 τοῦ
1550 891 1801 958 μείζονος

210 973 437 1043 ἱερέως,
467 977 564 1044 τῆς
588 980 748 1044 ἁγίας
782 980 1053 1043 ἁξιούσθω
1087 980 1370 1043 κοινωνίας
1392 997 1405 1010 ⁸
1458 983 1485 1033 6
1514 981 1570 1034 δὲ
1601 981 1804 1043 ἀδίκως

203 1067 374 1128 τινάς
403 1068 606 1136 ταύτης
632 1070 860 1138 χωρίσαι
891 1071 1192 1139 τολμήσας,
1224 1070 1327 1124 ὑπὸ
1357 1071 1448 1124 τοῦ
1475 1072 1685 1142 ίερέως,
1711 1071 1804 1139 ὑφ’

203 1158 274 1210 ὃν
304 1159 587 1224 τέτακται,
617 1163 1022 1231 χωρισθήσεται
1077 1164 1176 1230 τῆς
1210 1164 1522 1227 κοινωνίας,
1557 1163 1643 1232 ἐφ’
1677 1166 1802 1220 ὅσον

205 1251 285 1302 ἀν
319 1252 508 1320 χρόνον
543 1254 742 1315 ἐκεῖνος
782 1255 989 1324 συνίδῃ,
1023 1254 1129 1317 ἵνα,
1155 1255 1292 1324 ὅπερ
1321 1255 1522 1319 ἀδίκως
1550 1257 1794 1328 ἐποίησε,

204 1342 449 1404 δικαίως
473 1343 767 1415 ὑπομείνῃ.

293 1435 369 1486 Οὐ
397 1437 477 1487 διῐ
506 1437 631 1499 τοὺς
687 1440 1022 1501 ἐπισκόπους
1053 1439 1085 1508 ἢ
1119 1439 1416 1511 κληρικοὺς
1465 1441 1798 1509 ἀναγκάζειν

203 1527 371 1588 τινας
432 1533 802 1599 καρποφορεῖν
842 1532 874 1599 ἢ
926 1531 1201 1600 ἀγγαρίας
1247 1533 1469 1595 διδόναι,
1501 1534 1532 1602 ἢ
1564 1537 1690 1596 τοὺς
1721 1536 1796 1606 μὴ

205 1617 359 1669 οῦτω
399 1619 683 1684 ποιοῦντας
722 1624 1041 1691 ἀφορίζειν,
1079 1625 1112 1693 ἢ
1168 1623 1613 1693 ἀναθεματίζειν,
1653 1626 1685 1695 ἣ
1720 1627 1796 1696 μὴ

207 1709 418 1764 διδόναι
447 1713 757 1781 κοινωνίαν,
793 1715 826 1785 ἢ
865 1717 938 1785 μὴ
966 1716 1277 1782 βαπτίζειν·
1313 1716 1575 1786 ἀθέμιτον
1597 1719 1726 1789 γάρ.

567 1889 780 1941 APXH—
795 1889 933 1944 ΤΟΥ
970 1891 1010 1942 Β
1049 1889 1442 1945 ΣΤΟΙΧΕΙΟΥ.

324 1978 576 2033 ΚΕΦΑΛ.
619 1979 694 2035 Α’.
734 1983 870 2050 Περὶ
906 1983 1013 2035 τοῦ
1037 1983 1212 2047 ἁγίου
1238 1983 1686 2052 βαπτίσματος.

307 2069 466 2122 Ἀλλά
493 2072 601 2143 γὰρ
629 2073 721 2124 ἐπὶ
755 2075 819 2125 τὸ
855 2074 982 2141 ἑξῆς
1026 2075 1126 2142 ἢδη
1192 2075 1470 2142 μετιόντες
1509 2079 1791 2147 στοιχεῖον,

205 2161 280 2211 τὰ
312 2162 442 2231 περὶ
464 2163 558 2214 τοῦ
587 2165 746 2230 ἁγίου
783 2165 1163 2234 βαπτίσματος
1196 2165 1470 2234 προύργου
1503 2163 1659 2236 οἶμαι
1709 2169 1789 2220 δι-

205 2253 432 2315 εξιέναι.

293 2343 355 2393 ’0
384 2344 469 2411 μζ¹
502 2345 610 2398 τῶν
640 2347 814 2414 ἁγίων
844 2348 1158 2402 ἀποστόλων
1203 2353 1382 2403 κανὼν
1422 2355 1513 2402 τὸν
1558 2351 1658 2419 μὲν
1699 2351 1792 2403 τοῦ

204 2433 444 2499 ἀληθοῦς
475 2434 779 2505 ἠξιωμένον
829 2437 1226 2507 βαπτίσματος,
1267 2441 1343 2503 ὡς
1373 2441 1432 2492 τὸ
1464 2439 1555 2493 τοῦ
1588 2442 1792 2510 Κυρίου

207 2524 496 2594 ἀπίταγμα
547 2530 638 2580 καὶ
667 2531 699 2598 ή
724 2529 830 2582 τῶν
855 2531 1170 2584 ἀποστόλων
1199 2533 1313 2601 ἔχει
1356 2533 1675 2603 παράδοσις,
1718 2537 1792 2605 μὴ

205 2617 603 2680 ἀναὸαπτέζειν
639 2622 852 2672 κελεύει
877 2636 891 2650 ⁸
914 2622 1003 2673 τὸν
1026 2621 1082 2674 δέ
1108 2639 1170 2689 γε
1212 2623 1486 2685 δυσσεϐῶς
1518 2625 1656 2693 πρὸς
1685 2627 1793 2677 τῶν

204 2706 422 2758 ἀσεὸῶν
482 2708 813 2775 μολυνθέντα
869 2711 1071 2778 μᾶλλον
1123 2712 1581 2780 ἢβαπτισθέντα,
1624 2717 1794 2784 μηδὲν

208 2799 617 2860 ὲπιδοιάζοντας
665 2800 1078 2865 ἀναϐαπτίζειν.
1115 2803 1174 2854 Ei
1227 2803 1282 2855 δὲ
1319 2804 1384 2854 τδ
1413 2805 1512 2873 μὲν
1540 2807 1793 2875 ἀληθινὸν

215 2885 312 2954 ήδη
340 2887 744 2957 βαπτισάμενος
778 2891 958 2960 ἔτυχε,
988 2891 1124 2961 πρὸς
1163 2893 1218 2944 δὲ
1251 2894 1359 2945 τῶν
1385 2897 1597 2949 ἀσεϐῶν
1627 2900 1796 2966 μεμό-

207 2975 400 3030 λυνται
426 2977 672 3048 ὕστερον,
701 2981 860 3050 μύρῳ
886 2982 1134 3052 χρίεσθαι
1163 2985 1323 3050 μόνον
1347 3003 1358 3016 ·
1391 2991 1482 3040 καὶ
1499 2989 1657 3042 τοῦτο
1685 2993 1793 3063 γὰρ

211 3068 372 3136 μέρος
405 3067 541 3122 εἶναι
572 3075 888 3124 πιστεύεται
919 3073 1011 3126 τοῦ
1064 3075 1209 3128 θείου
1252 3077 1657 3148 βαπτίσματος·
1699 3084 1790 3135 τοῦ

1913 611 2078 669 fuerit
2109 631 2274 672 causa
2301 629 2528 690 propter
2547 635 2711 690 quam
2732 621 3098 676 ecclesiastici
3120 635 3365 677 canones
3393 623 3496 678 hoc

1910 702 2025 757 ﬁeri
2093 707 2439 777 praecipiunt.
2502 707 2559 762 Si
2619 711 2743 778 quis
2803 719 2988 766 autem
3042 720 3242 780 praeter
3295 711 3414 766 haec
3463 727 3496 767 α

1909 805 2095 850 sancta
2159 799 2549 855 communione
2603 802 2921 871 quempiam
2986 803 3348 872 separaverit,
3404 805 3498 860 ille

1907 886 2127 953 quidem
2157 890 2250 957 qui
2294 890 2496 960 injuste
2523 906 2554 944 a
2584 893 2974 946 communione
3005 903 3300 959 separatus
3327 902 3432 956 est,
3465 911 3492 947 a

1907 978 2102 1047 majori
2132 981 2422 1037 sacerdote
2457 984 2807 1051 separatione
2831 984 3073 1048 solutus,
3111 995 3305 1040 sancta
3337 1002 3496 1041 com-

1907 1072 2172 1126 munione
2228 1074 2426 1144 dignus
2505 1076 2808 1140 habeatur;
2867 1077 2964 1146 qui
3029 1085 3214 1131 autem
3287 1078 3492 1148 injuste

1905 1161 2138 1231 aliquem
2188 1164 2257 1218 ab
2293 1180 2355 1219 ea
2401 1179 2662 1234 separare
2696 1181 2866 1221 ausus
2915 1166 3105 1232 fuerit,
3140 1181 3171 1220 a
3203 1172 3491 1224 sacerdote

1905 1254 1992 1306 cui
2037 1254 2248 1318 subest,
2312 1258 2702 1310 communione
2756 1257 3088 1324 movebitur,
3136 1258 3388 1326 quandiu
3437 1259 3486 1314 ei

1903 1345 2080 1398 visum
2115 1346 2301 1410 fuerit,
2335 1357 2393 1400 ut
2421 1350 2565 1416 quod
2597 1349 2799 1417 injuste
2829 1348 2975 1412 fecit,
3003 1351 3149 1419 jusre
3183 1352 3482 1406 sustineat.

1972 1438 2092 1491 Non
2123 1448 2342 1506 oportet
2365 1442 2656 1511 episcopos
2680 1442 2761 1496 vel
2790 1442 3024 1497 clericos
3049 1458 3244 1511 cegere
3269 1444 3486 1513 aliquos

1902 1531 2116 1584 fructus
2147 1532 2365 1595 oﬂ‘erre,
2405 1533 2484 1587 vel
2517 1535 2768 1603 angat-ias
2802 1536 2954 1600 dare,
2990 1534 3073 1588 vel
3106 1550 3201 1588 eos
3234 1536 3329 1604 qui
3375 1552 3484 1590 non

1901 1622 1975 1674 ita
2007 1622 2217 1675 faciunt
2241 1637 2554 1692 segregare,
2591 1624 2672 1675 vel
2700 1626 3188 1690 anathematizare,
3224 1626 3307 1679 vel
3329 1640 3487 1680 com-

1900 1715 2169 1768 munione
2226 1730 2466 1783 movere,
2518 1716 2600 1770 vel
2633 1731 2741 1769 non
2774 1716 3086 1786 baptizare;
3138 1715 3290 1770 nefas
3335 1718 3484 1771 enim

1900 1815 2004 1859 est.

2247 1897 2358 1968 33
2395 1896 2660 1954 INITIUM
2704 1899 3030 1955 LITTERE
3063 1900 3125 1955 Β.

2248 1989 2402 2044 CAP.
2439 1992 2480 2044 Ι.
2532 1991 2606 2046 De
2639 2009 2793 2045 sacro
2843 1994 3128 2061 baptismo.

1964 2080 2084 2137 Jam
2118 2097 2249 2138 vero
2282 2099 2408 2138 cum
2436 2085 2502 2138 ad
2528 2086 2838 2153 proximam
2877 2086 3115 2140 litteram
3155 2096 3478 2156 perventum

1897 2174 1991 2237 sit,
2011 2189 2188 2244 operae
2215 2177 2446 2244 pretium
2467 2178 2574 2231 erit
2601 2178 2669 2232 de
2696 2193 2856 2233 sacro
2886 2177 3160 2247 baptismo
3183 2181 3476 2236 disserere.

1967 2351 2156 2405 Canon
2187 2364 2502 2408 sanctorum
2531 2355 2908 2424 apostolorum
2940 2357 3008 2410 47
3039 2373 3164 2411 eum
3197 2362 3290 2428 qui
3319 2361 3474 2430 juxta

1896 2442 2113 2497 Domini
2141 2455 2474 2514 praeceptum
2499 2456 2546 2500 et
2575 2448 2928 2514 apostolicam
2958 2451 3311 2506 traditionem
3340 2468 3471 2508 vero

1897 2535 2166 2604 baptismo
2198 2537 2396 2607 dignus
2441 2539 2659 2594 habitus
2711 2540 2895 2604 fuerit,
2948 2558 3054 2596 non
3083 2545 3263 2599 denuo
3298 2547 3479 2618 bapti-

1897 2643 2024 2682 zare
2049 2629 2246 2696 jubet;
2292 2645 2416 2684 eum
2455 2642 2636 2686 autem
2676 2635 2767 2701 qui
2798 2635 2866 2688 ab
2906 2635 3089 2706 impiis
3128 2637 3336 2694 nefarie
3363 2643 3478 2711 pol-

1897 2719 2043 2772 Iulus
2088 2720 2268 2788 potius
2329 2737 2490 2790 quam
2530 2723 2843 2792 baptizatus
2891 2725 3082 2789 fuerit,
3133 2729 3253 2783 sine
3288 2732 3472 2801 aliqua

1896 2814 2217 2870 diﬂicultale
2248 2818 2615 2884 rebaptizare.
2653 2819 2809 2885 Quod
2855 2820 2898 2872 si
2949 2821 3240 2890 quisquam
3283 2838 3471 2876 verum

1898 2905 2231 2974 baptismum
2290 2919 2599 2967 assecutus.
2644 2911 2711 2962 ab
2776 2909 2959 2978 impiis
2998 2920 3185 2978 postea
3233 2913 3474 2980 pollutus

1901 2995 2084 3061 fuerit,
2107 3011 2386 3067 unguento
2411 3003 2672 3055 duntaxat
2701 3004 3042 3073 inungatur:
3073 3005 3123 3057 id
3150 3007 3297 3059 enim
3327 3009 3470 3062 sacri

1900 3091 2148 3159 baptismi
2176 3107 2300 3160 pars
2332 3110 2453 3147 esse
2485 3096 2748 3149 cretiilur.
2785 3096 2918 3149 Eum
2940 3100 3028 3167 qui
3066 3113 3225 3151 sccus
3253 3099 3468 3166 iecerit,

204 3160 259 3211 δί
294 3163 368 3228 μὴ
395 3161 539 3213 οὕτω
567 3163 865 3228 ποιοῦντος,
897 3165 994 3216 εἶτ’
1020 3165 1113 3217 οὖν
1157 3170 1478 3232 ἐπισκόπου,
1505 3173 1612 3223 εἴτε
1652 3189 1788 3243 πρε-

1896 3181 2010 3234 sirc
2050 3182 2343 3252 episcopus
2373 3186 2463 3246 sit,
2497 3186 2609 3239 sive
2643 3160 3216 3258 presbyter,'omnino
3248 3191 3472 3260 deposi-

205 3250 492 3318 σϐυτέρον,
555 3253 768 3306 τελείαν
817 3256 1254 3323 καταψηφίζεται
1296 3258 1394 3328 τὴν
1441 3261 1778 3329 καθαίρεσιν,

203 3342 279 3403 ὡς
308 3343 640 3410 ὲγγελῶντος
665 3345 756 3398 τὸν
788 3348 1019 3416 σταυρὸν
1053 3348 1146 3400 τοῦ
1172 3350 1400 3418 Κυρίου,
1433 3353 1527 3403 καὶ
1554 3352 1645 3404 τὸν
1678 3370 1781 3406 σω·

205 3435 391 3502 τήριον
438 3435 602 3486 αὑτοῦ
633 3437 1114 3506 διακωμῳδοῦντος
1164 3439 1416 3496 θάνατον.
1451 3445 1590 3512 Φησὶ
1615 3446 1723 3516 γάρ
1753 3447 1780 3498 6

204 3526 342 3588 θεῖος
367 3526 720 3590 Ἀπόστολοςο
791 3530 1084 3593 Ἑκουσίως
1145 3533 1571 3602 ἁμαρτανόντων
1619 3538 1780 3605 ἡμῶν

207 3618 344 3696 μετὰ
361 3619 460 3687 τὴν
483 3621 779 3682 ὲπῖγνωσιν
801 3620 902 3688 τῆς
923 3621 1201 3691 ἀληθείας,
1222 3624 1319 3674 οὐκ
1342 3624 1419 3676 ἔτι
1448 3624 1575 3694 περὶ
1599 3625 1780 3696 ἁμαρ⁸

201 3685 330 3763 τίῶν
362 3713 719 3768 ἀπολείπεται
749 3715 930 3780 Θυσία,
964 3717 1082 3785 ἦτοι
1117 3717 1204 3771 διά
1241 3718 1617 3789 βαπτίσματος
1642 3722 1780 3776 κάθ-

201 3819 392 3873 αρσις·
454 3802 534 3869 εἷς
591 3810 702 3877 γὰρ
743 3810 771 3861 6
819 3811 914 3862 τοῦ
961 3812 1196 3876 Χριστοῦ
1222 3813 1471 3875 θάνατος,
1499 3814 1592 3866 καὶ
1622 3814 1680 3866 ἓν
1716 3816 1778 3869 τὸ

203 3895 569 3965 καθαρτήριοι)
607 3898 910 3968 βάπτισμα.

270 3987 354 4038 Τά
383 3988 520 4040 αύτά
550 3990 639 4042 καὶ
665 3993 692 4043 ὁ
717 3995 812 4063 τῆς
855 3995 911 4046 ιν
967 3995 1298 4069 Καρθαγένῃ
1327 3999 1545 4052 συνόδου
1580 4007 1621 4051 ν’
1657 4001 1776 4054 δια·

199 4092 475 4132 ταττεται.

284 4163 342 4216 Ὀ
369 4166 425 4216 δὲ
453 4167 538 4235 μθ¹
578 4169 735 4233 αῦτιις
763 4173 869 4225 τῶν
888 4175 1063 4241 ἀγίων
1088 4178 1403 4232 ἀποστόλων
1445 4182 1526 4244 είς
1556 4182 1775 4254 Πατέρα

202 4257 292 4305 καὶ
329 4257 456 4308 Υίὸν
483 4260 576 4311 καὶ
596 4260 751 4327 ἅγιον
793 4265 1016 4334 Πνεῦμα
1062 4267 1347 4336 βαπτίζειν
1392 4270 1535 4324 κατά
1584 4273 1643 4324 τὸ
1681 4276 1773 4328 τοῦ

205 4349 409 4416 Κυρίου
436 4357 811 4420 παρεγγυᾶται
836 4357 1039 4426 λόγιον,
1069 4361 1206 4413 ἀλλά
1236 4364 1310 4432 μὴ
1340 4364 1418 4426 είς
1440 4367 1588 4433 τρεῖς
1609 4366 1774 4437 ἀνάρ-

206 4458 351 4508 χους,
437 4449 585 4509 τρεῖς
614 4448 785 4510 υἱοὺς,
817 4450 850 4519 ἢ
879 4454 1028 4520 τρεῖς
1057 4456 1463 4526 παρακλήτους.
1492 4452 1587 4522 Εἷς
1610 4461 1720 4531 γάρ
1746 4463 1773 4513 6

1899 3272 2048 3327 tione
2081 3275 2453 3329 tnulctandum
2492 3280 2716 3344 statuit;
2773 3289 2834 3332 ut
2866 3283 2957 3349 qui
3001 3295 3220 3335 crucem
3250 3283 3466 3338 Domini

1898 3363 2141 3429 irrideat,
2188 3375 2240 3420 et
2284 3369 2627 3422 salutiferam
2671 3371 2794 3439 ejus
2823 3381 3054 3426 mortem
3090 3388 3190 3442 pro
3223 3374 3465 3430 ludibrio

1895 3453 2108 3509 habeat.
2148 3455 2286 3510 Dicit
2325 3461 2472 3513 enim
2513 3461 2732 3516 divinus
2775 3465 3070 3532 Apostolus
3123 3481 3138 3519 :
3177 3485 3196 3517 ι
3239 3466 3372 3521 Nam
3418 3469 3466 3523 si

1893 3546 2038 3599 ultro
2097 3553 2512 3616 peccaverimus
2565 3564 2686 3621 post
2749 3566 3030 3624 acceptam
3096 3559 3465 3628 cognitionem

1893 3640 2158 3705 veritatis,
2227 3657 2338 3696 non
2395 3647 2574 3699 adhuc
2644 3661 2742 3714 pro
2812 3649 3049 3715 peccatis
3107 3651 3319 3720 reliqua
3381 3665 3468 3708 est

1891 3733 2091 3799 hostia,
2130 3753 2148 3784 ι
2195 3735 2306 3790 sive
2337 3751 2432 3805 per
2463 3737 2798 3806 baptismum
2835 3739 3128 3807 lustratio;
3175 3760 3281 3798 una
3315 3747 3463 3800 enim

1889 3837 1970 3881 est
1999 3825 2199 3881 Christi
2251 3843 2420 3893 mors,
2452 3838 2505 3883 et
2539 3845 2700 3894 unus,
2733 3831 2825 3900 qui
2880 3841 3098 3903 purgat,
3131 3834 3461 3904 baptisntus.

1958 4001 2157 4055 Eadem
2192 4004 2352 4054 etiam
2387 4003 2579 4056 statuit
2611 4017 2786 4056 canon
2821 4003 2890 4057 50
2942 4006 3132 4074 synodi
3169 4005 3462 4079 Carthagi-

1887 4095 2109 4150 niensis.

1953 4188 2141 4240 Canon
2178 4195 2358 4240 autem
2409 4193 2584 4238 sanct.
2619 4195 2796 4254 apost.
2833 4187 2900 4241 49
2932 4191 2982 4241 in
3012 4190 3230 4244 nomine
3281 4193 3460 4246 Patris

1884 4287 1938 4333 et
1967 4277 2091 4330 Filii
2128 4286 2181 4330 et
2228 4276 2464 4344 Spiritus
2497 4279 2698 4341 sancti,
2744 4279 2897 4347 juxta
2952 4281 3195 4336 divinum
3243 4285 3457 4339 Domini

1885 4387 2217 4433 sermonem,
2253 4370 2729 4439 baptizarejubet,
2769 4389 2873 4426 non
2905 4383 3085 4427 autem
3131 4377 3184 4428 in
3232 4379 3455 4433 nomine

1884 4461 2046 4516 trium
2076 4462 2329 4531 principii
2361 4464 2690 4529 expertium,
2729 4464 2808 4518 vel
2845 4466 3010 4518 trium
3053 4465 3340 4533 Filiorum,
3369 4474 3454 4526 vel

201 4534 430 4602 ἄναρχος
466 4535 672 4607 Πατὴρ,
705 4540 792 4592 διὰ
825 4542 885 4593 τὸ
910 4544 1172 4610 ἀναίτιον,
1209 4547 1303 4600 καὶ
1334 4543 1413 4611 εἷς
1444 4550 1473 4601 6
1503 4551 1650 4616 Υίὸς,
1688 4553 1776 4606 διά

1894 4552 2048 4606 trium
2081 4555 2515 4621 Paracletorum;
2549 4569 2691 4608 unus
2714 4555 2862 4609 enim
2893 4566 2978 4610 est
3025 4559 3147 4611 sine
3182 4561 3454 4631 principio

199 4625 294 4692 τὴν
355 4627 593 4698 ἀρρητον
649 4631 927 4703 γέννησιν,
969 4638 1065 4689 καὶ
1094 4632 1174 4699 εἷς
1219 4638 1248 4689 6
1302 4640 1680 4712 Παράκλητος,
1713 4644 1774 4696 τὸ

204 4718 425 4786 Πνεῦμα
454 4721 514 4772 τὸ
545 4721 721 4788 ἆγιον,
755 4724 843 4777 διὰ
891 4726 991 4797 τὴν
1022 4729 1086 4779 ἐκ
1130 4730 1224 4780 τοῦ
1273 4732 1572 4800 ἀγεννήτου
1606 4734 1773 4786 ἐκπό-

205 4824 410 4875 ρευσιν.
453 4813 516 4863 Ol
537 4814 592 4864 δὲ
627 4814 701 4883 μὴ
750 4815 892 4868 οὕτω
927 4819 1228 4886 ποιοῦντες,
1263 4823 1550 4876 ἐπίσκοποι
1583 4825 1614 4893 ἢ
1644 4843 1774 4894 πρε-

202 4901 471 4969 σῦύτεροι,
511 4907 791 4976 ἐπιτιμίαν
828 4911 1151 4978 ὑφίστανται
1181 4915 1280 4984 τὴν
1320 4918 1658 4986 καθαίρεσιν.

282 5084 340 5135 ’0
362 5085 420 5136 δέ
454 5103 513 5152 γε
547 5086 610 5150 ν’,
659 5103 773 5158 ιρια
801 5091 1153 5160 βαπτίσματα
1188 5097 1314 5162 μιᾶς
1358 5101 1608 5166 μυήσεως
1645 5103 1768 5156 ἐπι-

200 5176 389 5238 τελεῖν,
425 5182 573 5246 τρεῖς
603 5180 805 5248 δηλαδὴ
851 5179 1172 5246 καταδύσεις
1208 5188 1266 5237 ὲν
1298 5189 1375 5238 ἑνὶ
1409 5189 1764 5259 βαπτίσματι,

203 5268 291 5316 καὶ
317 5269 522 5338 ἑκάστῃ
550 5269 658 5320 τῶν
683 5273 1031 5348 καταδύσεων
1059 5276 1118 5328 ἓν
1147 5278 1318 5346 ὄνομα
1346 5282 1442 5348 τῆς
1467 5282 1627 5348 ἁγίας
1648 5285 1769 5336 6m-

198 5356 370 5423 λέγειν
399 5359 625 5428 Τριάδος
651 5376 664 5388 ·
695 5361 833 5415 ἀλλά
969 5364 1028 5417 ἓν
1064 5342 1348 5436 βάπτισμα
1385 5342 1464 5433 είς
1491 5342 1580 5425 τὸν
1603 5342 1767 5426 θάνα-

198 5467 282 5500 τον
310 5450 401 5502 τοῦ
429 5452 634 5520 Κυρίου
667 5454 966 5524 διδόμενον,
1017 5458 1135 5528 ἦτοι
1164 5460 1310 5523 ams
1346 5464 1636 5517 καταδύειν
1676 5467 1766 5518 τὸν

202 5543 612 5609 βαπτιζόμενον,
657 5547 750 5598 καὶ
798 5550 878 5610 εἰς
904 5549 1032 5617 μίαν
1080 5552 1374 5605 κατάδυσιν
1406 5555 1498 5606 τὸν
1525 5556 1616 5608 τοῦ
1653 5559 1763 5610 Κυ-

204 5635 310 5702 ρίου
360 5639 713 5706 ἐπιφημίζειν
777 5641 1025 5703 θάνατον,
1068 5644 1202 5713 ὠςή
1255 5647 1638 5717 παραπληξίας
1670 5652 1763 5716 γέ-

203 5743 369 5792 μουσα
399 5730 504 5780 τῶν
527 5731 874 5800 Εὐνομιανῶν
897 5733 1106 5798 αἵρεσις
1137 5737 1448 5790 ὑποτίθεται
1471 5755 1485 5768 ’
1517 5735 1582 5809 ἧς
1615 5744 1706 5793 καὶ
1735 5744 1762 5792 6

201 5821 240 5881 ζ’
267 5821 358 5888 τῆς
392 5821 436 5888 β’
481 5823 696 5874 συνόδου
733 5823 910 5875 κανὼν
959 5826 1254 5893 μέμνηται.
1284 5830 1358 5881 Οὐ
1408 5829 1513 5899 γὰρ
1555 5829 1705 5885 εἶπεν
1734 5836 1761 5884 6

515 5918 778 5976 l’A't'ttnt.
826 5921 938 5978 Gn.
993 5921 1262 5982 CXLIV,

1880 4645 2064 4708 Pater,
2084 4658 2304 4715 propter
2322 4647 2781 4712 incausalitatcm,
2801 4658 2852 4703 et
2876 4663 3019 4705 unus
3038 4651 3207 4706 Filius
3229 4664 3453 4723 propter

1879 4735 2205 4791 ineffabilem
2239 4740 2670 4807 generationem,
2711 4749 2766 4795 et
2796 4756 2936 4795 unus
2964 4741 3282 4797 Paracletus
3331 4744 3444 4814 Spi-

1879 4827 2015 4880 ritus
2057 4836 2279 4882 sanctus
2325 4839 2544 4896 prepter
2573 4845 2728 4884 suam
2761 4831 2828 4883 ab
2866 4830 3111 4899 ingenito
3144 4826 3486 4902 processio?

1877 4934 2021 4972 nem.
2059 4917 2308 4987 Episcopi
2344 4929 2524 4973 autem
2557 4930 2611 4974 et
2643 4922 2944 4992 presbyteri
2969 4924 3062 4992 qui
3106 4938 3266 4981 secus
3300 4927 3448 4982 fece-

1879 5010 2007 5071 rint,
2033 5025 2207 5078 pmnzr.
2232 5011 2599 5080 depositionis
2639 5014 2866 5067 obnoxii
2907 5023 3054 5070 sunt.

1945 5103 2130 5157 Canon
2163 5113 2342 5157 autem
2378 5105 2445 5157 50
2486 5107 2589 5158 tria
2623 5106 2788 5161 unius
2822 5109 3068 5177 mysterii
3113 5109 3447 5180 baptismata

1879 5199 2139 5266 perlicere
2175 5199 2324 5267 jubet
2374 5203 2525 5267 (tres
2566 5216 2763 5270 nempe
2807 5203 3192 5260 immersiones
3237 5207 3291 5261 in
3335 5225 3446 5263 uno

1875 5287 2190 5356 baptismo,
2256 5299 2311 5342 et
2369 5290 2434 5342 ad
2506 5306 2954 5362 unamquamque
3033 5295 3442 5355 immersionem

1874 5391 2039 5430 unum
2072 5375 2130 5428 S.
2149 5374 2436 5432 Trinitatis
2461 5393 2658 5433 nomen
2688 5383 3092 5452 pronuntiare),
3121 5401 3227 5440 non
3255 5399 3440 5446 autem

1872 5485 2038 5522 unum
2064 5469 2396 5538 baptismum
2423 5474 2513 5538 qui
2542 5465 2703 5528 daiur
2727 5475 2778 5526 in
2804 5484 3033 5530 mortem
3061 5475 3308 5535 Domini:
3339 5482 3441 5538 hoc

1870 5572 1972 5624 est,
2018 5577 2142 5614 eum
2183 5564 2277 5632 qui
2311 5564 2638 5632 baptizatur,
2679 5567 2849 5619 semel
2882 5565 3234 5638 immergere,
3264 5583 3316 5626 et
3347 5577 3439 5630 uni

1871 5652 2210 5705 immersioni
2257 5663 2486 5707 mortem
2529 5655 2746 5708 Domini
2782 5658 3079 5723 ascribere,
3127 5663 3205 5714 uti
3239 5677 3439 5718 vesana

1871 5743 2338 5796 Eunomianontm
2373 5746 2595 5799 barrcsis
2626 5746 2873 5801 decernit
2901 5767 2913 5802 :
2946 5750 3107 5818 cujus
3140 5752 3216 5804 rei
3247 5757 3441 5809 memi-

1871 5837 1946 5887 nit
1993 5836 2016 5884 7
2074 5851 2198 5889 can.
2248 5837 2281 5888 2
2335 5854 2453 5907 syn.
2515 5837 2630 5893 Non
2674 5841 2816 5893 enim
2862 5840 3001 5895 dixit
3054 5842 3340 5916 Dominus,
3376 5847 3432 5903 In

2963 5935 3037 5994 35
