4184 6444
765 341 894 398 IOM

750 548 798 597 dt
817 543 1001 612 uplttm
1043 540 1218 610 punit.

820 726 874 778 Si
902 726 1024 791 quis
1054 736 1141 775 res
1172 718 1396 774 mobiles
1434 734 1529 787 per
1572 720 1677 772 vim
1729 721 1992 787 rapuerit,
2024 720 2164 774 intra
2194 723 2316 789 qui-

753 820 871 870 dem
916 830 1117 867 annum
1163 812 1215 865 iu
1256 812 1619 880 quadruplum
1656 821 1901 875 tenetur,
1933 812 1977 866 si
2026 828 2120 880 per
2151 824 2315 869 testes

753 907 975 974 probata
1008 905 1167 958 fuerit
1197 904 1471 971 quantitas
1502 913 1555 956 et
1582 904 1790 972 species
1847 905 2112 958 bonorum
2139 923 2153 971 ;
2196 915 2314 973 post

749 1013 953 1053 annum
980 1006 1156 1050 autem
1199 997 1250 1049 in
1288 996 1569 1064 simplum.
1612 996 1666 1049 Si
1698 1011 1826 1049 vero
1867 997 2053 1066 rapina
2094 999 2310 1067 quidem

753 1091 970 1143 νίιίιιιειει
1018 1089 1296 1157 probetur,
1324 1096 1492 1141 testes
1515 1096 1693 1140 autent
1730 1104 1818 1141 res
1850 1099 2038 1157 raptas
2069 1105 2178 1142 non
2215 1105 2313 1143 no-

754 1183 884 1239 rint,
904 1181 1273 1244 juramcntum
1298 1187 1517 1246 przestat
1540 1178 1583 1230 is
1603 1193 1629 1230 a
1650 1194 1759 1244 quo
1789 1193 1876 1232 res
1904 1179 1950 1231 vi
1976 1190 2139 1248 raptae
2161 1189 2309 1245 sunt,

752 1281 804 1323 ιιι
833 1287 859 1323 a
898 1278 1135 1336 raptore,
1162 1282 1503 1336 qurecunque
1529 1283 1557 1321 a
1596 1284 1656 1322 se
1690 1278 1842 1337 rapta
1889 1269 2059 1324 fuisse
2082 1271 2309 1340 jurabit,

754 1380 803 1413 III
844 1361 1097 1429 simplum
1129 1359 1335 1426 recipit.

822 1451 877 1505 Si
920 1452 1043 1520 quis
1084 1453 1289 1521 absque
1331 1452 1596 1504 sententia
1642 1452 1879 1520 iudiciali
1914 1469 2025 1506 rem
2080 1454 2311 1522 auferat,

750 1550 793 1596 si
840 1545 911 1597 rei
954 1544 1209 1598 dominus
1251 1545 1342 1608 sit,
1370 1544 1608 1597 dominio
1648 1561 1748 1601 suo
1779 1547 1978 1599 excidit
2014 1564 2028 1610 ;
2087 1548 2131 1601 si
2182 1564 2312 1604 vero

747 1638 921 1690 aliena
958 1640 1048 1699 sit,
1101 1651 1215 1689 rem
1271 1634 1324 1695 et
1379 1636 1613 1703 pretium
1658 1637 1776 1705 ejus
1828 1638 1941 1692 dat.
1991 1639 2175 1708 Itaque
2223 1641 2311 1695 ltic

747 1729 933 1790 etiam,
958 1729 1002 1782 si
1041 1729 1256 1795 quidem
1286 1728 1425 1781 intra
1443 1744 1643 1781 annum
1669 1738 1877 1798 agatur,
1902 1744 2059 1798 poena
2088 1743 2310 1801 praesta-

751 1832 876 1886 tur;
912 1831 1033 1889 post
1060 1835 1261 1875 annum
1297 1836 1445 1884 vero,
1501 1835 1590 1875 res
1635 1821 1904 1876 duntaxat
1949 1837 2071 1877 cum
2107 1822 2311 1877 fructi-
2344 1799 2383 1853 Β

750 1911 875 1965 bus.

819 2091 921 2157 Qui
976 2101 1175 2146 terram
1218 2092 1383 2161 rapit,
1441 2095 1523 2148 vel
1573 2094 1837 2149 terminos
1885 2104 2081 2161 mutat,
2111 2096 2313 2166 rapina;

750 2185 973 2250 duplum
1005 2184 1262 2238 restituit.

821 2276 920 2340 Qui
953 2291 1084 2348 cum
1119 2281 1286 2332 armis
1337 2279 1532 2333 domos
1582 2289 1635 2332 ct
1691 2295 1853 2348 agros
1894 2281 2099 2335 alienos
2158 2281 2311 2335 inva-

749 2370 888 2423 dunt
923 2369 1336 2438 devastatttque,
1379 2371 1556 2439 capite
1590 2374 1922 2442 plectuntur.

780 2528 878 2597 31
916 2528 1069 2583 CAP.
1114 2529 1254 2583 XIII.
1301 2529 1374 2582 De
1412 2531 1476 2583 iis
1520 2531 1906 2613 quimmiieres
1951 2535 2277 2588 matrimonii

1318 2617 1483 2654 causa
1522 2611 1759 2670 rapiunt.

824 2734 1156 2789 Undecimus
1201 2736 1393 2806 synodi
1429 2736 1631 2806 Ancyr.
1661 2750 1838 2791 canon
1867 2738 2167 2804 desponsas
2190 2739 2311 2796 aliis

752 2825 979 2889 pitellas,
1012 2834 1064 2877 et
1082 2833 1267 2893 postea
1302 2826 1369 2877 ab
1399 2826 1522 2880 aliis
1556 2835 1759 2894 raptas,
1801 2828 2013 2881 etiamsi
2063 2838 2311 2897 raptores

750 2932 843 2969 vas
873 2916 1058 2984 inique
1092 2916 1484 2985 stupraverint,
1516 2917 1583 2971 iis
1614 2918 1816 2985 quibus
1847 2918 2134 2986 desponsa!
2155 2930 2311 2975 erant

750 3008 946 3061 iterum
989 3008 1139 3061 reddi
1185 3008 1378 3077 jubet:
1423 3009 1677 3063 nimirum
1718 3010 1764 3066 si
1803 3026 1896 3068 eas
1943 3013 2186 3082 recipere
2219 3028 2311 3069 ve-

752 3100 883 3153 lint:
922 3100 1076 3154 inviti
1106 3101 1251 3155 enim
1286 3117 1395 3155 non
1420 3096 1703 3170 cogentur.

814 3280 1003 3333 C.tnon
1038 3288 1216 3334 autem
1242 3282 1422 3351 magni
1458 3281 1642 3336 Basilii
1692 3282 1785 3346 22,
1823 3282 1957 3338 Eum
1990 3285 2083 3353 qui
2115 3287 2312 3343 mulie-

747 3387 885 3430 rem.
927 3371 1124 3441 inquit,
1149 3387 1210 3425 ex
1240 3382 1393 3442 raptu
1421 3374 1601 3437 liabet,
1633 3391 1738 3429 non
1782 3386 1997 3445 oportet
2026 3378 2090 3431 ad
2130 3383 2310 3447 pmni-

746 3465 969 3516 teutiam
1023 3465 1332 3529 admittere,
1387 3466 1705 3535 priusquam
1762 3468 1831 3522 ab
1886 3482 1948 3524 ea
2003 3481 2305 3540 separetur.

744 3554 899 3619 Quod
937 3556 981 3610 si
1022 3556 1175 3609 alteri
1214 3558 1362 3624 prius
1389 3557 1661 3627 desponsa
1708 3558 1895 3621 fuerit,
1938 3562 2057 3630 ejus
2103 3563 2155 3615 in
2213 3579 2307 3631 po-

748 3657 998 3700 testatem
1033 3647 1183 3700 reddi
1218 3648 1398 3710 debet,
1432 3650 1477 3702 si
1506 3650 1669 3703 modo
1704 3666 1822 3703 eam
1856 3656 2104 3720 accipere
2140 3656 2305 3717 velit;

746 3741 829 3791 sin
861 3748 1039 3792 autem
1065 3739 1201 3792 nulli
1229 3738 1405 3793 adhuc
1431 3740 1699 3808 desponsa
1735 3742 1930 3807 fuerat,
1958 3743 2023 3797 ad
2057 3756 2307 3814 parentes

745 3836 951 3894 redeat,
991 3835 1071 3886 vel
1126 3834 1264 3888 alios
1314 3835 1407 3903 qui
1473 3834 1647 3888 eidem
1710 3839 1976 3904 sanguine
2028 3842 2304 3906 conjuncti

745 3936 894 3978 sunt.
914 3926 977 3978 Et
1006 3927 1048 3979 si
1082 3926 1301 3995 quidem
1337 3926 1413 3979 illi
1441 3929 1673 3996 raptoris
1700 3928 2009 3983 aliinitatem
2031 3944 2304 4003 expetant,

744 4018 1112 4071 roustituatur
1156 4018 1589 4081 matrimonium,
1646 4020 1693 4074 si
1751 4023 1911 4074 modo
1955 4024 2039 4076 illa
2074 4040 2306 4080 consen-

746 4112 915 4174 serit;
948 4109 1106 4163 aliter
1136 4109 1281 4162 enim
1319 4126 1384 4165 ne
1417 4122 1668 4180 rogatur.
1700 4111 1791 4166 lile
1838 4124 2015 4167 autem
2053 4118 2145 4186 qui
2184 4135 2306 4172 mu-

749 4203 955 4263 lierem,
985 4202 1065 4254 vel
1109 4217 1202 4268 per
1229 4202 1361 4267 vim,
1393 4204 1475 4257 vel
1506 4205 1646 4258 clam
1702 4208 2131 4263 consentientem
2181 4226 2307 4265 cor-

746 4292 972 4359 ruperit,
1008 4291 1397 4346 fornicatorum
1455 4310 1629 4363 pinu-tae
1677 4297 1949 4352 obnoxius
1990 4300 2095 4366 sit;
2147 4312 2200 4356 et
2249 4304 2302 4357 in

736 4395 981 4451 quatuor
1026 4383 1185 4437 annis
1232 4393 1468 4452 quatuor
1511 4386 1847 4454 poenitentiae
1895 4400 2132 4458 tempora
2190 4408 2306 4459 per-

1949 340 2305 399 l‘.'l.\'l‘TiI.El
2360 344 2784 409 BL.\S'I'ARIS

750 456 961 514 raptum
993 454 1109 498 erat
1142 442 1459 507 obtulerint,
1508 458 1615 498 non
1654 444 1914 510 admittit,
1952 447 2043 500 sed
2095 448 2147 500 in
2177 465 2311 518 qua-

2420 472 2507 509 και
2550 459 2654 527 πρὸ
2683 462 2985 533 καταδῖκης
3044 467 3420 534 προσάγοντας
3452 470 3510 522 τὸ
3557 471 3631 523 ὑπ

3854 363 3995 425 103ί

3635 472 3648 487 ⁸
3676 473 3854 525 αὐτῶν
3899 479 3996 547 ἁρ-

2419 552 2618 617 παγέν,
2646 552 2705 603 οὐ
2738 554 3040 623 προσίεται,
3066 557 3184 609 ἀλλ’
3206 562 3284 613 εἰς
3312 559 3373 611 τὸ
3398 563 3787 631 τετραπλάσιον
3820 584 3995 620 κατα-

2416 642 2649 707 δικᾴζει.

2503 734 2627 787 Ἐάν
2652 754 2735 800 τις
2767 736 2954 806 βιαίως
2997 740 3220 814 ἁρπάσῃ
3251 744 3449 814 κινητὰ
3477 748 3802 817 πράγματα,
3835 752 3993 811 Eva-ﬁ;

2419 826 2518 894 μὲν
2544 829 2794 882 ἐνιαυτοῦ
2826 831 2907 893 εἰς
2937 832 2997 883 τὸ
3048 837 3384 903 τετραπλοῦν
3427 838 3694 907 ἐνέχεται,
3724 840 3818 894 ἐάν
3848 859 3994 911 μαρ-

2415 920 2625 989 τυρηθῇ
2681 923 2714 990 ὴ
2756 926 2986 995 ποσότης
3043 928 3139 979 καὶ
3186 930 3245 981 τὸ
3277 926 3417 994 εἶδος
3463 932 3570 985 τῶν
3620 937 3988 1006 πραγμάτων.

2418 1014 2558 1079 μετά
2597 1014 2653 1066 δέ
2711 1016 2802 1068 τὸν
2863 1019 3130 1081 ἐνιαυτὸν.
3184 1025 3265 1084 είς
3305 1025 3366 1076 τὸ
3420 1025 3647 1081 ἁπλοῦν.
3696 1029 3827 1080 Ἐὰν
3855 1029 3917 1081 δὲ
3956 1033 3988 1097 ἡ

2417 1102 2564 1171 βιαία
2592 1106 2812 1177 ἁρπαγὴ
2840 1108 3133 1176 δείκνυται,
3166 1116 3233 1167 τὰ
3255 1114 3310 1168 δὲ
3346 1117 3664 1185 ἁρπαγέντα
3693 1121 3990 1187 ἀγνοοῦσιν

2414 1195 2466 1246 οἱ
2496 1196 2794 1268 μάρτυρες,
2823 1200 3126 1268 ἐπόμνυται
3146 1206 3176 1257 ό
3200 1205 3297 1276 τὴν
3326 1206 3508 1275 βιαίαν
3532 1210 3824 1279 ἀφαίρεσιν
3859 1212 3990 1261 ὑπο-

2416 1285 2568 1348 στάς,
2623 1288 2718 1340 καὶ
2745 1288 3119 1357 ἀπολαμϐάνει
3160 1295 3267 1347 ἀπὸ
3295 1295 3387 1349 τοῦ
3420 1297 3671 1367 ἅρπαγος
3700 1300 3801 1350 ὅσα
3852 1301 3985 1350 ἐπο-

2417 1378 2638 1446 μόσεται
2669 1378 3064 1452 διαρπαγῆναι,
3099 1385 3177 1447 είς
3211 1388 3273 1437 τό
3303 1386 3529 1442 ἁπλοῦν.

2498 1452 2623 1522 Ἒάν
2650 1487 2731 1533 τις
2786 1474 2953 1542 χωρὶς
2978 1474 3300 1546 δικαστικῆς
3331 1478 3662 1546 ἀποφάσεως
3712 1478 3985 1548 ἀφέληταί

2412 1575 2465 1611 τι
2499 1561 2753 1629 πρᾶγμα,
2802 1564 2849 1613 εί
2880 1561 2978 1630 μὲν
3019 1564 3289 1635 δεσπότης
3336 1568 3454 1619 ἐστὶ
3502 1567 3598 1620 τοῦ
3629 1570 3985 1638 πράγματος,

2412 1648 2670 1703 ἐκπίπτει
2718 1650 2819 1720 τῆς
2866 1652 3189 1717 δεσποτείας
3241 1657 3442 1709 αὐτοῦ’
3483 1658 3533 1710 εί
3597 1659 3653 1710 δῖε
3705 1659 3988 1729 ἀλλότριόν

2412 1741 2530 1795 ἐστι
2570 1744 2630 1795 τὸ
2661 1746 2915 1815 πρᾶγμα,
2946 1746 3040 1798 καὶ
3069 1747 3167 1817 τὴν
3194 1747 3361 1819 τιμὴν
3392 1749 3561 1802 αὐτοῦ
3591 1751 3797 1805 δίδωσι.
3844 1755 3991 1806 κει,-

2413 1834 2589 1887 ταῦθα
2621 1836 2822 1904 τοίνυν,
2862 1838 3067 1891 ἔσωθεν
3094 1839 3189 1893 τοῦ
3224 1842 3478 1895 ἐνιαυτοῦ
3524 1845 3853 1912 κινουμένης
3884 1845 3988 1913 τῆς

2413 1924 2658 1993 ἀγωγῆς,
2705 1927 2961 1999 δίδοταιή
2994 1930 3154 2001 ποινὴ
3183 1946 3198 1961 ·
3235 1932 3376 2000 μετά
3406 1931 3462 1985 δέ
3500 1931 3591 1983 τὸν
3627 1933 3901 2000 ἐνιαυτὸν,
3928 1938 3989 1987 τὸ

2415 2018 2646 2087 πρᾶγμα
2678 2020 2838 2088 μόνον
2858 2021 2956 2073 καλ⁵
2984 2022 3034 2074 oi
3061 2025 3285 2091 καρποί.

2492 2105 2551 2157 '0
2581 2107 2843 2175 ἁρπάζων
2875 2109 3001 2177 γῆν,
3032 2111 3065 2181 ἢ
3119 2114 3431 2181 μετατιθεὶς
3469 2115 3614 2186 ὅρια,
3649 2117 3851 2190 διπλῆν
3888 2120 3989 2191 τὴν

2413 2196 2668 2266 ἁρπαγὴν
2701 2200 3048 2259 ἀποδίδωσιν.

2484 2292 2547 2342 Οί
2581 2291 2702 2356 μεθ’
2751 2292 2931 2347 ὃπλων
2993 2296 3262 2361 ἐπιόντες,
3320 2303 3418 2355 καὶ
3469 2305 3796 2375 πορθοῦντες
3836 2304 3991 2357 ἀλλο-

2412 2382 2593 2451 τρίους
2658 2384 2838 2447 οἴκους
2876 2385 2909 2455 ἢ
2941 2386 3163 2458 ἀγροὺς,
3201 2392 3281 2455 είς
3315 2394 3556 2465 κεφαλὴν
3583 2393 3986 2466 τιμωροῦνται.

2413 2541 2660 2596 ΚΕΦΛΛ.
2711 2544 2807 2600 II".
2862 2546 3000 2615 Περὶ
3057 2545 3176 2601 τῶν
3212 2550 3606 2629 ρρπαζόντων
3662 2553 3761 2607 ἐπί
3822 2556 3989 2626 γάμῳ

3051 2635 3367 2687 rus-aurae.

2493 2750 2553 2803 '0
2587 2749 2653 2804 ια’
2685 2753 2869 2807 κανὼν
2900 2754 2998 2823 τῆς
3043 2756 3102 2809 ἐν
3145 2758 3389 2830 Ἀγκύρα
3445 2763 3665 2816 συνόδου
3712 2766 3812 2829 τὰς
3854 2785 3991 2837 μνη-

2415 2846 2733 2910 στευθείσας
2762 2847 2933 2918 κόρας
2964 2849 3125 2915 τισὶν,
3157 2847 3261 2905 εἷθ’
3291 2852 3386 2905 ὑπ’
3412 2855 3588 2909 ἄλλων
3618 2857 3985 2927 ἀρπαγείσας,

2413 2937 2460 2989 εί
2494 2941 2586 2990 καὶ
2638 2943 2976 3013 παρανόμως
3016 2943 3185 3006 αὑτάς
3244 2946 3556 3015 ἐϐιάσαντο,
3614 2950 3826 3004 κελεύει
3873 2958 3989 3017 τοῖς

2415 3036 2915 3107 μνηστευσαμένοις
2932 3033 3090 3100 αὖθις
3111 3039 3606 3102 ἀποκαθίστασθαι.
3632 3045 3746 3112 εἴγε
3776 3046 3989 3116 αίροῑνο

2340 3147 2383 3205 ε
2414 3146 2474 3180 το
2506 3126 2749 3193 δηλονότι
2791 3127 2991 3192 ταύτας
3046 3128 3230 3184 λαϐεῖν
3250 3147 3264 3161 ’
3296 3135 3521 3197 ἄκοντες
3550 3138 3657 3206 γὰρ
3686 3137 3788 3189 οὐκ
3820 3141 3987 3205 αναγ-

2415 3218 2799 3287 κασθήσονται.

2495 3310 2555 3361 '0
2587 3308 2645 3360 δὲ
2680 3310 2775 3362 τοῦ
2799 3310 3039 3380 μεγάλου
3064 3313 3347 3367 Βασιλείου
3387 3314 3492 3384 κβ’,
3526 3316 3598 3370 Οὐ
3628 3318 3757 3389 χρὴ,
3790 3324 3984 3390 φησὶν,

2411 3407 2489 3468 εἰς
2521 3406 2813 3476 μετάνοιαν
2859 3408 3185 3477 προσίεσθαι
3218 3411 3309 3462 τὸν
3338 3412 3397 3478 ἐξ
3432 3414 3690 3483 ἁρπαγῆς
3722 3400 3986 3483 εἰληφότα

2410 3499 2667 3563 γυναῖκα,
2703 3499 2834 3569 πρὶν
2876 3498 2941 3551 ἂν
2974 3498 3176 3569 ταύτης
3208 3502 3482 3573 ἀφαιρεθῇ
3506 3520 3519 3534 '
3558 3506 3650 3558 καὶ
3700 3507 3753 3557 εἰ
3787 3507 3890 3574 μὲν
3919 3504 3988 3577 ἦν

2411 3590 2919 3658 προμνηστευθείσά
2949 3608 3077 3655 τινι,
3106 3592 3297 3662 ἐκείνῳ
3330 3596 3410 3656 είς
3459 3595 3705 3659 ἐξουσίαν
3740 3599 3990 3652 ἀποκαθ-

2412 3680 2683 3747 ίστασθαι,
2744 3683 2857 3749 είγε
2913 3681 3201 3754 βουληθείη
3265 3685 3470 3757 ταύτην
3526 3689 3745 3741 λαϐεῖν·
3824 3694 3873 3743 εἰ
3926 3693 3985 3745 δὲ

2412 3773 2580 3842 μήπω
2600 3773 2706 3825 τινὶ
2738 3776 3245 3845 προμεμνήστευτο.
3275 3779 3412 3847 προς
3439 3782 3567 3844 τοὺς
3590 3782 3784 3849 γονέας
3811 3786 3989 3836 ἐπαν-

2413 3862 2571 3926 ιέναι,
2605 3864 2637 3933 ἢ
2671 3863 2764 3915 καλ⁹
2802 3863 2976 3927 ἄλλως
3001 3865 3125 3918 καθ’
3156 3862 3297 3937 αἷμα
3343 3870 3515 3941 ταύτῃ
3562 3873 3945 3941 προσήκοντας
3973 3892 3983 3901 '

2409 3950 2511 4004 κᾶν
2542 3953 2641 4020 μὲν
2686 3952 2913 4007 ἕλωνται
2962 3946 3131 4018 οὗτοι,
3162 3959 3520 4029 συναινούσης
3557 3962 3842 4031 κάκείνης,
3888 3967 3986 4033 τὴν

2416 4040 2638 4107 κηδείαν
2666 4040 2761 4093 τοῦ
2788 4042 3059 4112 ἅρπαγος,
3086 4045 3147 4096 τὸ
3177 4048 3509 4100 συνοικέσιον
3541 4049 3792 4103 ἵστασθαι
3819 4070 3833 4082 ·
3868 4057 3918 4104 εξ
3942 4055 3990 4106 δ’

2412 4124 2531 4193 οὖν,
2573 4131 2647 4201 μὴ
2686 4132 2993 4202 βιάζεσθαι.
3033 4136 3093 4188 Ὀ
3132 4136 3317 4205 μέντοι
3372 4140 3717 4209 συμφθαρεῖς
3764 4150 3986 4210 γυναικὶ

2406 4219 2505 4274 εἶτ’
2534 4219 2627 4275 οὖν
2679 4224 2956 4293 λαθραίως
2989 4227 3213 4297 ἑκούσῃ,
3250 4227 3346 4282 εἶτ’
3388 4227 3481 4284 οὖν
3517 4232 3871 4303 βιασάμενος,
3910 4240 3987 4307 τῷ

2405 4314 2516 4366 τῶν
2574 4318 2947 4385 πορνευὸντων
2986 4320 3248 4388 ἐπιτιμίῳ
3301 4322 3685 4377 ὑποϐαλλέσθω
3713 4341 3727 4354 '
3768 4329 3863 4379 καὶ
3929 4331 3987 4380 ἐν

2405 4405 2667 4476 τέσσαρσι
2700 4406 2912 4476 χρόνοις
2944 4409 3071 4470 τοὺς
3113 4410 3387 4479 τέσσαρας
3432 4415 3630 4477 τόπους
3679 4414 3988 4484 διερχέσθω

743 4482 988 4525 transeat
1026 4488 1178 4525 :uno
1219 4475 1438 4543 quidem
1476 4492 1620 4530 anno
1663 4493 1771 4545 prie
1814 4480 2023 4536 foribus
2055 4486 2301 4539 ecclesiae

2409 4494 2503 4561 τῆς
2527 4494 2835 4562 μετανοίας,
2868 4496 2948 4548 ἐνὶ
2976 4498 3073 4566 μὲν
3096 4496 3202 4562 ἐξω
3231 4500 3329 4568 τῆς
3351 4499 3519 4571 θύρας
3550 4503 3644 4555 τοῦ
3676 4503 3784 4556 νεὼ
3812 4524 3986 4576 προσ,

744 4565 955 4631 lugens,
987 4579 1092 4615 uno
1118 4565 1257 4618 inter
1300 4568 1576 4621 auditores
1618 4578 1795 4635 stans,
1831 4572 2003 4628 altero
2031 4575 2096 4628 ad
2131 4578 2303 4643 pumi-

740 4654 971 4706 teutiam
1013 4666 1341 4723 prostratus,
1374 4666 1427 4710 et
1450 4670 1645 4727 quarto
1691 4672 1841 4715 stans
1869 4680 1994 4716 cum
2028 4665 2301 4732 ﬁdelibus,

735 4744 834 4797 sed
873 4760 902 4797 a
952 4746 1129 4800 sacris
1181 4749 1453 4817 mysteriis
1497 4750 1815 4817 abstinens;
1864 4772 2039 4826 eoque
2086 4759 2302 4812 demum

739 4844 954 4898 exacto,
977 4837 1096 4906 ejus
1126 4838 1271 4907 quod
1301 4838 1600 4907 perfectum
1633 4854 1715 4898 est
1748 4849 2021 4918 particeps
2055 4863 2195 4906 esto.

812 5015 996 5068 Canon
1022 5025 1203 5070 autem
1236 5017 1305 5069 50
1345 5033 1439 5072 eos
1465 5021 1555 5088 qui
1592 5024 1847 5078 mulieres
1888 5029 2124 5096 rapiunt,
2178 5032 2305 5100 qui-

739 5123 850 5174 que
900 5108 1046 5174 ipsos
1094 5109 1300 5162 auxilio
1349 5110 1563 5179 juvant,
1607 5115 1843 5171 triennio
1904 5129 2057 5172 extra
2114 5137 2305 5191 preca-

738 5196 916 5251 tiones
962 5213 1102 5259 esse,
1135 5207 1190 5252 et
1219 5201 1359 5253 inter
1407 5203 1683 5260 auditores
1729 5209 2030 5263 consistere
2091 5216 2302 5270 statuit.

737 5288 898 5353 Quod
931 5290 975 5344 si
1020 5290 1237 5356 mulier,
1284 5293 1481 5361 inquit,
1509 5297 1697 5351 volens
1730 5300 1965 5368 seipsam
2000 5305 2305 5370 tradiderit,

740 5396 864 5432 cum
892 5396 993 5436 nec
1016 5390 1265 5451 stuprum
1294 5388 1653 5454 praecesserit,
1676 5392 1821 5458 quod
1856 5396 2074 5463 proprie
2104 5398 2172 5451 de
2197 5400 2308 5452 vir-

729 5471 964 5537 ginibus
1010 5474 1235 5538 dicitur,
1264 5492 1364 5529 nec
1394 5478 1623 5544 furtum,
1674 5482 1776 5537 hoc
1811 5495 1893 5538 cst
1934 5487 2307 5548 clandestinus

738 5563 1087 5630 concubitus,
1134 5566 1226 5632 qui
1292 5566 1431 5622 Itane
1476 5576 1763 5641 acceperit.
1815 5579 1992 5645 paruis
2029 5596 2059 5634 a
2100 5597 2307 5638 canone

742 5654 968 5709 inﬂictis
1009 5672 1117 5710 non
1157 5659 1263 5712 erit
1292 5661 1584 5729 obnoxius,
1622 5668 1821 5735 quippe
1853 5672 1998 5738 quod
2041 5675 2184 5728 nulla
2225 5678 2305 5729 vis

746 5750 1116 5803 .ntereetscrit
1148 5769 1157 5802 :
1187 5760 1235 5803 et
1280 5755 1545 5821 prurripuv
1582 5756 1622 5809 si
1669 5760 1748 5809 alii
1785 5758 1944 5822 juris,
1986 5764 2144 5817 vidua
2188 5767 2293 5821 for-

2410 4588 2628 4651 κλαίων,
2661 4589 2740 4640 ἐνὶ
2769 4589 2815 4641 δ’
2852 4588 3222 4659 ἀκροώμενος,
3261 4593 3433 4663 ἑτέρῳ
3479 4594 3524 4646 δ’
3553 4596 3632 4657 εἰς
3684 4600 3986 4664 μετάνοιαν

2408 4678 2754 4743 ὑποπίπτων,
2785 4680 2862 4749 τῷ
2889 4680 2945 4733 δέ
2980 4681 3225 4752 τετάρτῳ
3275 4688 3387 4746 τοϊς
3423 4686 3523 4753 μὲν
3580 4692 3795 4750 πιστοῖς
3834 4707 3986 4741 συνι-

2408 4772 2693 4841 στάμενος,
2757 4773 2864 4826 τῶν
2913 4774 2971 4827 δὲ
3022 4775 3184 4828 θείων
3236 4776 3571 4847 ἀπεχόμενος
3616 4784 3981 4851 μυστηρίωνδ

2406 4864 2694 4933 ἐξήκοντος
2754 4866 2810 4918 δὲ
2876 4868 2971 4920 καὶ
3022 4867 3238 4934 τούτου,
3277 4871 3577 4940 τηνικαῦτα
3622 4873 3716 4925 τοῦ
3769 4877 3981 4929 τελεὶου

2405 4959 2743 5025 τυγχανέτω.

2487 5045 2547 5097 '0
2579 5045 2634 5099 δέ
2670 5044 2714 5097 λ’
2738 5048 2863 5110 τοὺς
2890 5048 3232 5116 ἁρπάζοντας
3256 5053 3545 5118 γυναῖκας,
3576 5056 3666 5107 καὶ
3694 5057 3822 5119 τοὺς
3851 5074 3981 5111 συν-

2407 5138 2706 5205 εργοῦντας
2763 5140 2970 5203 αὐτοῖς,
3014 5141 3110 5194 ἐπὶ
3159 5144 3405 5211 τριετίαν
3460 5145 3652 5215 πόρρω
3707 5147 3806 5215 μὲν
3870 5150 3984 5201 τῶν

2406 5230 2601 5301 εὐχῶν,
2638 5231 2775 5301 μετὰ
2828 5232 2885 5285 δὲ
2913 5233 3022 5285 τῶν
3059 5235 3427 5304 ἀκροωμένων
3486 5237 3739 5291 ἵστασθαι
3768 5242 3984 5294 κατεδί-

2409 5337 2596 5374 κασεν.
2639 5322 2699 5373 Εἰ
2726 5322 2911 5389 μέντοι
2944 5322 3170 5389 ἑκοῦσα,
3200 5326 3384 5395 φησὶν,
3415 5327 3742 5382 ἐπιδέδωκεν
3778 5331 3983 5399 ἑαυτὴν

2407 5412 2439 5480 ἡ
2469 5408 2627 5480 γυνὴ,
2660 5415 2795 5480 μήτε
2839 5412 3044 5483 φθορᾶς
3071 5417 3557 5487 προηγησαμένης,
3586 5418 3711 5487 ἦτις
3742 5421 3834 5472 ἐπὶ
3870 5423 3982 5474 τῶν

2410 5502 2693 5569 παρθένων
2729 5502 2932 5573 κυρίως
2983 5503 3223 5573 λέγεται,
3278 5508 3414 5577 μήτε
3450 5510 3560 5578 μὴν
3611 5511 3839 5579 κλοπῆς,
3891 5514 3984 5565 λα-

2409 5593 2601 5663 θραίας
2624 5596 2790 5651 οἱονεὶ
2816 5597 3035 5665 μίξεως,
3067 5598 3358 5662 ἀνεύθυνος
3381 5602 3409 5652 ὁ
3429 5604 3638 5673 ταύτην
3665 5604 3847 5657 λαϐὼν
3871 5607 3980 5658 τῶι

2409 5683 2472 5734 ἐκ
2502 5681 2594 5734 τοῦ
2629 5684 2848 5746 κανόνος
2879 5686 3191 5757 ἐπιτιμίων,
3232 5683 3319 5742 οἷα
3353 5692 3427 5760 μὴ
3465 5691 3585 5760 βίας
3639 5696 3977 5762 μεσολαϐού-

2410 5787 2544 5843 οης·
2602 5777 2691 5827 καί
2744 5777 2995 5845 μαλιστα,
3049 5782 3095 5832 εἰ
3132 5781 3452 5845 σ’ἓτεξουσῖα
3486 5784 3781 5845 ἔτί-,τηνεί
3820 5784 3876 5841 εἷ

3132 5781 3452 5845 σ’ἓτεξουσῖα
3486 5784 3781 5849 ἒτ“ῖ“,’ζμῖ.“λίἰ
3820 5784 3876 5841 εἷ
3896 5808 3951 5841 :2
