4184 6444
199 421 347 490 1097

1169 432 1575 491 SYNTAGMA
1626 429 2248 491 ALPHABETICUM.
2325 455 2362 462 ··
2407 431 2468 490 Β.

3338 423 3473 487 1098

193 546 298 613 τῆς
329 542 493 611 ἁγίας
524 546 829 608 κοινωνίας,
865 546 990 614 πρὶν
1017 544 1136 613 ἂνὴ
1171 547 1322 597 αἰτία
1375 546 1580 615 δειχθῇ,
1613 544 1679 595 δι’
1712 544 1778 612 ἣν

1886 554 2071 598 sancta
2119 545 2513 598 communione
2561 555 2841 611 separare,
2871 538 3198 609 priusquam
3246 547 3470 594 ostensa

185 635 244 684 οξ
281 634 728 701 ἑκκλησιαστικοὶ
761 639 985 698 κανόνες
1017 637 1173 687 τοῦτο
1230 635 1476 702 γίνεσθαι
1527 634 1782 687 κελεύου-

189 742 312 779 σιν.
358 726 418 779 Ei
444 725 500 779 δέ
531 746 612 790 τις
642 731 790 797 παρά
817 729 988 780 ταῦτα
1012 731 1114 798 τῆς
1149 727 1310 795 ἁγίας
1353 726 1638 787 κοινωνίας
1678 745 1782 796 χω-

188 818 345 885 ρίσει
404 819 550 880 τινὰ,
606 822 810 881 ἐκεῖνος
875 819 993 888 μὲν,
1021 819 1080 881 ὃς
1112 817 1313 880 ἀδίκως
1361 816 1460 882 τῆς
1497 817 1784 879 κοινωνίας

185 909 498 980 ἐχωρίσθη,
536 912 792 980 λυόμενός
825 912 918 964 τοῦ
949 911 1230 980 χωρισμοῦ
1266 909 1372 962 ὑπὸ
1398 909 1493 960 τοῦ
1528 908 1779 976 μείζονος

190 1001 416 1070 ἱερέως,
447 1003 542 1070 τῆς
567 1005 726 1068 ἁγίας
761 1003 1032 1067 ἀξιούσθω
1066 1001 1348 1062 κοινωνίας
1370 1016 1384 1029 ⁸
1437 1002 1464 1051 ό
1493 1000 1548 1052 δὲ
1580 998 1782 1060 ἀδίκως

184 1093 354 1155 τινας
382 1095 586 1162 ταύτης
611 1093 840 1162 χωρίσαι
871 1094 1172 1161 τολμήσας,
1203 1091 1306 1144 ὑπὸ
1336 1090 1427 1143 τοῦ
1455 1091 1665 1160 ίερὲως,
1690 1087 1783 1156 ὑφ’

183 1185 256 1238 ὃν
285 1186 568 1249 τέτακται,
597 1187 1002 1255 χωρισθήσεται
1057 1186 1156 1251 τῆς
1189 1183 1502 1245 κοινωνίας,
1537 1181 1622 1250 ἐφ’
1657 1183 1782 1236 ὅσον

186 1278 267 1330 ἂν
300 1279 489 1346 χρόνον
524 1279 724 1340 ἐκεῖνος
763 1277 970 1346 συνίδῃ,
1004 1277 1110 1339 ἵνα,
1136 1276 1274 1345 ὅπερ
1301 1275 1503 1337 ἀδίκως
1531 1273 1775 1345 ἀποίησε,

184 1370 430 1430 δικαίως
454 1370 748 1440 ὑπομείνῃ.

276 1462 350 1512 Οὐ
379 1463 460 1512 δεῖ
489 1463 614 1524 τοὺς
669 1463 1004 1523 ἐπισκόπους
1036 1460 1068 1530 ἢ
1101 1461 1397 1532 κληρικοὺς
1448 1460 1780 1527 ἀναγκάζειν

183 1555 354 1614 τινας
415 1557 785 1623 καρποφορεῖν
825 1555 857 1622 ἢ
909 1553 1184 1622 ἁγγαρίας
1229 1553 1452 1614 διδόναι,
1484 1552 1516 1621 ἢ
1547 1554 1672 1611 τοὺς
1704 1552 1779 1622 μὴ

185 1644 342 1695 οὕτω
382 1645 666 1708 ποιοῦντας
706 1647 1024 1714 ἀφορίζειν,
1062 1646 1096 1714 ἢ
1152 1643 1596 1713 ἀναθεματίζειν,
1636 1643 1668 1712 ἢ
1704 1643 1779 1713 μὴ

187 1736 402 1790 διδόναι
430 1738 742 1805 κοινωνίαν,
777 1739 811 1808 ἢ
849 1739 922 1807 μὴ
951 1737 1261 1804 βαπτίζειν·
1297 1736 1559 1804 ἀθέμιτον
1581 1737 1710 1806 γάρ.

553 1914 765 1966 ΑΡΧΗι
781 1913 918 1967 ΤΟΥ
956 1913 996 1964 Β
1035 1909 1427 1964 ΣΤΟΙΧΕΙΟΥ.

309 2005 562 2059 ΚΕΦΑΛ.
605 2004 680 2059 A'.
720 2006 856 2072 Περὶ
892 2005 999 2058 τοῦ
1024 2004 1198 2068 ἁγίου
1224 2004 1673 2070 βαπτίσματος.

293 2096 452 2148 Ἀλλά
481 2097 588 2168 γὰρ
617 2097 707 2148 ἐπὶ
741 2099 806 2149 τὸ
842 2097 968 2164 ἑξῆς
1013 2097 1112 2164 ἤδη
1180 2095 1456 2162 μετιόντες
1496 2096 1777 2165 στοιχεῖον,

185 2188 267 2239 τὰ
300 2188 429 2257 περὶ
451 2189 544 2240 τοῦ
574 2190 732 2255 ἁγίου
771 2187 1150 2258 βαπτίσματος
1184 2185 1458 2254 προῦργου
1491 2181 1646 2254 οἶμαι
1697 2186 1776 2237 δι-

186 2280 419 2343 εξιέναι.

282 2371 342 2420 't'l
371 2371 457 2438 μζ*
491 2371 598 2422 τῶν
629 2371 804 2438 ἁγίων
833 2371 1147 2423 ἀποστόλων
1191 2372 1370 2423 κανὼν
1411 2373 1502 2420 τὸν
1547 2369 1646 2438 μὲν
1688 2368 1780 2420 τοῦ

188 2460 433 2525 ἀληθοῦς
464 2460 768 2530 ἠξιωμένον
819 2460 1216 2528 βαπτίσματος,
1257 2461 1332 2522 ὡς
1363 2460 1421 2511 τὸ
1453 2457 1545 2511 τοῦ
1577 2459 1782 2528 Κυρίου

191 2552 486 2620 ἀπίταγμα
537 2555 628 2604 καὶ
657 2555 689 2622 ὴ
714 2553 821 2605 τῶν
846 2553 1160 2607 ἀποστόλων
1190 2553 1303 2622 ἔχει
1346 2551 1665 2622 παράδοσις,
1708 2553 1782 2621 μὴ

191 2644 593 2705 ἁναδαπτίζειν
629 2646 843 2695 κελεύει
868 2659 882 2672 ·
905 2645 994 2695 τδν
1017 2643 1072 2695 δέ
1098 2661 1160 2710 γε
1203 2643 1476 2704 δυσσεϐῶς
1509 2643 1646 2711 πρὸς
1675 2643 1784 2694 τῶν

190 2733 412 2786 ἀσεϐῶν
473 2733 804 2802 μολυνθέντα
860 2734 1063 2801 μᾶλλον
1114 2732 1572 2801 ἦβαπτισθέντα,
1616 2734 1785 2800 μηδὲν

195 2825 608 2886 ἐπιὼιάζοντας
657 2823 1071 2887 ἁναϐαπτίζειν.
1107 2824 1166 2875 Ei
1219 2823 1274 2875 δὲ
1311 2823 1376 2874 τὸ
1405 2823 1503 2892 μὲν
1532 2824 1785 2892 ἀληθινὸν

1889 627 2054 684 fuerit
2085 645 2250 685 causa
2279 640 2504 702 pr0pter
2523 646 2687 701 quam
2708 629 3075 685 ecclesiastici
3096 641 3341 683 canones
3369 628 3472 682 hoc

1887 717 2001 772 ﬁeri
2070 720 2416 790 praecipiunt.
2478 719 2536 773 Si
2595 721 2720 788 quis
2780 728 2964 774 autem
3019 727 3219 788 praeter
3273 717 3390 771 btec
3440 731 3472 770 a

1886 821 2073 864 sancta
2136 811 2527 866 communione
2580 811 2898 881 quempiam
2963 809 3326 879 separaverit.
3381 809 3475 864 ille

1885 901 2105 968 quidem
2135 903 2228 971 qui
2272 902 2473 972 injuste
2502 917 2532 955 a
2562 901 2952 956 communione
2984 909 3277 966 separatus
3305 907 3410 959 est,
3442 915 3470 951 a

1885 993 2081 1062 majori
2111 994 2400 1049 sacerdote
2435 994 2786 1062 separatione
2810 992 3052 1055 solutus,
3090 1001 3284 1046 saneta
3316 1007 3474 1045 com-

1885 1086 2152 1140 munione
2208 1087 2406 1156 dignus
2485 1087 2788 1149 habeatur;
2847 1085 2944 1155 qui
3008 1092 3193 1138 autem
3266 1083 3471 1153 injuste

1885 1177 2117 1246 aliquem
2168 1177 2237 1231 ab
2273 1192 2334 1232 ea
2381 1190 2642 1246 separare
2676 1190 2847 1230 ausus
2895 1174 3084 1238 fuerit,
3119 1188 3151 1227 a
3183 1176 3470 1228 sacerdote

1885 1269 1972 1322 cui
2019 1268 2229 1331 subest,
2292 1269 2683 1322 communione
2738 1265 3069 1331 movebitur,
3117 1263 3368 1333 quandiu
3417 1263 3466 1318 ei

1883 1361 2062 1413 visum
2097 1360 2282 1423 fuerit,
2317 1370 2375 1413 ut
2402 1361 2546 1428 quod
2579 1359 2781 1427 injuste
2810 1357 2956 1420 fecit,
2985 1358 3131 1426 juste
3165 1357 3464 1411 sustineat.

1954 1453 2074 1505 Non
2105 1462 2325 1520 oportet
2347 1453 2638 1522 episcopos
2663 1451 2743 1505 vel
2772 1451 3006 1504 clericos
3031 1465 3225 1518 cogere
3251 1449 3468 1518 aliquos

1885 1547 2099 1598 fructus
2131 1545 2348 1607 oﬂ'erre,
2387 1545 2467 1598 vel
2500 1545 2750 1613 augarias
2785 1544 2937 1607 dare,
2971 1541 3055 1594 vel
3089 1557 3183 1594 eos
3216 1541 3312 1609 qui
3357 1556 3466 1594 non

1885 1637 1958 1689 ita
1990 1635 2200 1689 faciunt
2225 1650 2538 1703 segregare,
2575 1634 2656 1686 vel
2683 1634 3172 1697 anathematizare,
3208 1630 3291 1684 vel
3312 1645 3470 1684 com-

1884 1729 2153 1782 munione
2210 1742 2450 1794 movere,
2503 1726 2584 1780 vel
2617 1741 2725 1779 non
2758 1724 3070 1794 baptizare;
3121 1721 3274 1775 nefas
3319 1722 3468 1776 enim

1885 1829 1988 1874 es"
2231 1909 2344 1980 33
2380 1907 2645 1965 nurum
2690 1907 3015 1963 LITTEuAr:
3047 1907 3110 1961 Β.

2234 2001 2388 2056 CAP.
2425 2003 2466 2056 I.
2518 2002 2592 2056 De
2626 2019 2779 2055 sacro
2829 2002 3113 2069 baptismo.

1951 2095 2070 2151 Jam
2105 2110 2236 2152 vero
2269 2111 2395 2150 eum
2423 2096 2489 2149 ad
2515 2096 2825 2163 proximam
2864 2094 3102 2148 litteram
3142 2101 3465 2162 perventum

1884 2189 1978 2251 sit,
1998 2204 2176 2258 operte
2202 2189 2433 2257 pretium
2455 2189 2561 2242 erit
2588 2188 2656 2242 de
2683 2202 2844 2240 sacro
2873 2185 3147 2255 baptismo
3170 2186 3462 2240 disserere.

1955 2366 2144 2419 Cauon
2175 2377 2492 2420 sanctorqu
2519 2364 2896 2434 apostolorum
2929 2365 2996 2418 47
3027 2379 3152 2418 eum
3185 2368 3279 2433 qui
3307 2367 3463 2434 juxta

1885 2457 2102 2511 Domini
2130 2468 2463 2527 prmeeptum
2488 2467 2536 2510 et
2564 2457 2918 2524 apostolicam
2947 2458 3300 2511 traditionem
3329 2473 3460 2512 vero

1887 2550 2156 2619 baptismo
2188 2550 2386 2619 dignus
2431 2550 2649 2604 habitus
2701 2549 2885 2612 fuerit,
2939 2565 3044 2604 non
3073 2551 3253 2605 denuo
3288 2552 3469 2622 bapti-

1888 2657 2014 2696 zare
2039 2643 2237 2710 jubet;
2282 2658 2408 2696 eum
2446 2653 2627 2696 autem
2667 2644 2758 2711 qui
2789 2644 2857 2697 ab
2896 2643 3080 2712 impiis
3119 2643 3326 2698 nefarie
3354 2646 3468 2715 pol-

1889 2735 2034 2786 lutus
2079 2733 2260 2802 potius
2320 2749 2482 2802 quam
2522 2734 2835 2802 baptizatus
2883 2733 3073 2796 fuerit,
3125 2736 3244 2789 sine
3280 2736 3463 2805 aliqua

1887 2829 2209 2884 difﬁcultate
2241 2830 2607 2896 rebaptizare.
2645 2829 2800 2895 Quod
2847 2828 2890 2880 si
2941 2828 3232 2896 quisquam
3275 2843 3463 2879 verum

203 2913 306 2982 ήδη
334 2913 736 2982 βαπτισὰμενος
771 2914 951 2983 ἔτυχε,
981 2913 1117 2982 πρὸς
1156 2913 1211 2965 δὲ
1244 2914 1352 2965 τῶν
1378 2915 1590 2966 ἀσεϐῶν
1620 2917 1779 2983 μεμό-

1890 2920 2224 2988 baptismum
2283 2930 2591 2978 assecutus.
2637 2921 2704 2971 ab
2769 2918 2951 2986 impiis
2991 2927 3177 2985 postea
3225 2918 3466 2985 pollutus

194 3003 394 3056 λυνται
419 3003 666 3074 ὕστερον,
695 3005 853 3073 μύρῳ
879 3004 1128 3074 χρίεσθαι
1157 3005 1317 3071 μόνον
1339 3022 1352 3035 ο
1384 3010 1475 3058 καί
1492 3007 1651 3059 τοῦτο
1677 3009 1786 3079 γὰρ

199 3098 366 3164 μέρος
399 3094 535 3148 εἷναι
566 3099 883 3148 πιστεύεται
914 3096 1006 3148 τοῦ
1058 3096 1203 3149 θείου
1247 3097 1650 3167 βαπτίσματος·
1693 3100 1784 3151 τοῦ

1894 3011 2078 3074 fuerit,
2100 3023 2380 3080 unguento
2404 3014 2664 3066 duntaxat
2695 3013 2996 3081 inungatur
3023 3031 3036 3066 :
3066 3012 3116 3064 iil
3144 3012 3290 3064 enim
3321 3013 3464 3065 sacri

1893 3105 2143 3173 baptismi
2170 3120 2293 3173 pars
2325 3121 2447 3158 esse
2479 3106 2742 3158 creditur.
2779 3105 2912 3157 Eum
2934 3107 3022 3174 qui
3060 3119 3219 3158 secus
3247 3105 3461 3169 iecerit,

191 3189 251 3239 δί
290 3189 364 3255 μὴ
391 3187 534 3239 οὕτω
563 3188 860 3251 ποιοῦντος,
892 3188 989 3239 εἶτ’
1015 3186 1108 3238 οῦν
1152 3189 1473 3251 ἐπισκόπου,
1500 3191 1607 3241 εἴτε
1646 3206 1779 3260 πρε-

1891 3196 2005 3249 sivc
2045 3196 2338 3265 episcOpus
2368 3197 2458 3257 sit,
2491 3197 2604 3249 sive
2638 3195 2938 3266 presbyter,
2985 3194 3211 3249 omnino
3243 3195 3466 3265 deposio

194 3277 487 3344 σὸντέρον,
550 3279 764 3329 τελείαν
813 3278 1250 3346 καταψηφίζεται
1291 3278 1390 3348 τὴν
1435 3279 1773 3346 καθαίρεσιν,

191 3370 274 3430 ὡς
305 3369 636 3436 ὲγγελῶντος
662 3370 752 3421 τὸν
785 3370 1016 3438 σταυρὸν
1049 3369 1142 3421 τοῦ
1169 3370 1396 3438 Κυρίου,
1429 3371 1523 3422 καὶ
1551 3370 1640 3421 τὸν
1674 3387 1777 3422 cto-

196 3463 388 3530 τήριον
434 3460 599 3512 αὐτοῦ
631 3461 1111 3529 διακωμῳδοῦντος
1161 3460 1413 3514 θάνατον.
1448 3463 1587 3530 Φησὶ
1612 3463 1720 3533 γὰρ
1749 3464 1776 3515 6

194 3555 341 3615 θεῖος
366 3552 718 3614 Ἀπόστο).ος·
789 3551 1082 3614 Ἑκουσίως
1143 3553 1568 3622 ἁμαρτανόντων
1616 3554 1777 3622 ἡμῶν

198 3646 342 3714 μετά
359 3645 457 3713 τὴν
479 3646 778 3707 επῖγνωσιν
799 3643 900 3712 τῆς
922 3643 1200 3713 ἀληθείας,
1220 3644 1318 3694 οὐκ
1340 3644 1418 3695 ἔτι
1445 3642 1574 3712 περὶ
1597 3643 1778 3713 ἁμαρ-

192 3715 330 3791 τιιῶν
361 3740 718 3792 ἀπολείπεται
748 3739 929 3802 θυσία,
963 3739 1082 3807 ἦτοι
1116 3738 1203 3791 διὰ
1239 3738 1616 3807 βαπτίσματος
1641 3738 1779 3792 κὰθο

193 3846 390 3902 αρσις·
452 3828 533 3894 εἷς
591 3835 702 3902 γὰρ
743 3834 770 3885 ὁ
818 3833 914 3886 τοῦ
961 3833 1196 3898 Χριστοῦ
1222 3832 1470 3894 θάνατος,
1499 3831 1592 3884 καὶ
1621 3831 1679 3884 ἒν
1716 3833 1777 3885 τὸ

195 3923 569 3991 καθαρτήριοι)
607 3923 912 3992 βάπτισμα.

268 4013 354 4064 Τὰ
383 4014 520 4066 αὐτὰ
550 4015 640 4067 καὶ
666 4017 694 4067 ὁ
718 4019 812 4087 τῆς
855 4018 912 4069 ὲν
968 4017 1300 4089 Καρθαγένῃ
1328 4017 1546 4070 συνόδου
1581 4023 1622 4068 ν’
1657 4017 1776 4070 δια·

192 4105 476 4159 τάττεται.

285 4189 344 4243 Ὃ
371 4193 425 4244 δὲ
454 4193 540 4261 μθ¹
580 4194 738 4257 αῦτιις
764 4197 872 4248 τῶν
891 4197 1066 4264 ἁγίων
1090 4198 1404 4251 ἀποστόλων
1447 4200 1527 4261 είς
1559 4199 1776 4270 Πατέρα

197 4284 294 4334 καὶ
331 4284 457 4334 Υίὸν
485 4285 578 4336 καὶ
599 4285 754 4351 ἁγιον
797 4288 1019 4356 Πνεῦμα
1065 4288 1350 4357 βαπτίζειν
1395 4289 1538 4342 κατὰ
1586 4290 1645 4341 τὸ
1683 4292 1776 4343 τοῦ

201 4377 412 4444 Κυρίου
439 4381 814 4445 παρεγγυᾶται
839 4380 1042 4448 λόγιον,
1073 4382 1209 4434 ἀλλά
1240 4383 1314 4451 μὴ
1344 4383 1422 4444 είς
1443 4384 1592 4452 τρεῖς
1612 4383 1777 4454 ἀνάρ-

200 4485 354 4536 χους,
440 4475 588 4535 τρεῖς
618 4473 790 4534 υἱοὺς,
821 4473 854 4542 ἢ
883 4476 1032 4542 τρεῖς
1061 4475 1466 4545 παρακλήτους.
1495 4471 1590 4540 Εἷς
1615 4477 1724 4547 γὰρ
1749 4479 1778 4529 6

1894 3287 2043 3341 tione
2077 3287 2448 3342 tuulctandum
2487 3289 2712 3353 statuit;
2768 3298 2829 3341 ut
2861 3290 2952 3357 qui
2996 3303 3215 3341 crucem
3245 3288 3461 3342 Domini

1894 3377 2137 3443 irrideat,
2184 3389 2237 3434 et
2280 3379 2623 3433 salutiferam
2667 3380 2790 3449 ejus
2819 3389 3049 3434 mortem
3086 3395 3186 3448 pro
3219 3379 3460 3434 ludibtio

1891 3469 2104 3523 habeat.
2145 3469 2282 3523 Dicit
2322 3473 2469 3525 enim
2509 3471 2728 3525 divinus
2771 3472 3066 3540 Apostolus
3119 3488 3134 3525 :
3174 3490 3192 3522 ι
3236 3471 3369 3526 Nam
3415 3472 3463 3527 si

1890 3561 2034 3614 ultro
2095 3565 2509 3630 peccaverimus
2562 3573 2684 3631 post
2746 3573 3027 3632 acceptam
3093 3564 3462 3633 cognitionem

1891 3655 2156 3718 veritatis,
2226 3670 2336 3708 non
2393 3658 2572 3709 adhuc
2641 3671 2740 3724 pro
2809 3656 3047 3723 peccatis
3104 3656 3317 3725 reliqua
3379 3668 3466 3713 est

1890 3748 2090 3813 hostia,
2129 3767 2147 3798 ι
2195 3748 2305 3802 sive
2335 3763 2430 3816 per
2461 3748 2796 3816 baptismum
2833 3747 3127 3813 lustratio;
3173 3766 3279 3803 una
3314 3751 3461 3804 enim

1888 3852 1969 3896 est
1998 3840 2198 3895 Christi
2251 3855 2419 3904 mors,
2451 3848 2505 3894 et
2538 3855 2699 3904 unus,
2732 3841 2824 3908 qui
2879 3848 3097 3910 purgat,
3130 3840 3461 3910 baptisnius.

1960 4017 2157 4070 Eadem
2192 4016 2353 4066 etiam
2388 4013 2580 4067 statuit
2612 4026 2786 4064 canon
2821 4011 2890 4065 50
2943 4012 3132 4082 synodi
3170 4011 3462 4083 Carthagi-

1888 4109 2110 4165 niensis.

1955 4202 2143 4254 (Janon
2180 4207 2360 4252 autem
2411 4203 2586 4249 sauct.
2621 4203 2798 4264 apost.
2834 4195 2902 4249 49
2934 4198 2983 4248 in
3014 4196 3232 4250 nomine
3282 4197 3462 4250 Patris

1887 4302 1941 4348 et
1969 4291 2093 4344 Filii
2130 4299 2183 4344 et
2231 4287 2467 4356 Spiritus
2500 4289 2700 4350 sancti,
2747 4287 2900 4356 juxta
2955 4287 3199 4342 divinum
3246 4289 3460 4343 Domini

1888 4400 2220 4445 sermonem,
2257 4381 2733 4450 baptizarejubet,
2772 4397 2876 4434 non
2909 4390 3088 4434 autem
3134 4383 3186 4434 in
3235 4383 3459 4437 nomine

1888 4476 2050 4531 trium
2080 4474 2333 4545 principii
2365 4474 2695 4541 expertium,
2733 4473 2812 4527 vel
2849 4473 3014 4526 trium
3057 4471 3345 4537 Filiorum,
3374 4477 3458 4530 vel

195 4563 433 4630 ἄναρχος
469 4561 677 4632 Πατὴρ,
710 4564 797 4616 διά
829 4565 889 4616 τὸ
914 4566 1177 4630 ἀναίτιον,
1215 4567 1308 4619 καὶ
1338 4561 1418 4629 εἷς
1449 4569 1478 4619 6
1508 4568 1654 4632 Υἱὸς,
1692 4569 1779 4622 διά

1887 4567 2052 4621 trium
2085 4567 2520 4631 Paraeletorum;
2553 4579 2696 4618 unus
2718 4563 2866 4618 enim
2898 4573 2983 4618 est
3030 4565 3152 4618 sine
3187 4566 3458 4635 principio

195 4653 298 4720 τὴν
360 4654 598 4724 ἄρρητον
654 4655 933 4726 γέννησιν,
975 4659 1070 4711 καὶ
1100 4653 1179 4720 εἷς
1225 4658 1253 4708 6
1308 4659 1685 4730 Παρὰκλητος,
1718 4661 1779 4712 τὸ

200 4745 431 4813 Πνεῦμα
460 4747 520 4797 τὸ
551 4747 728 4813 ἆγιον,
761 4748 848 4800 διά
896 4748 998 4819 τὴν
1028 4750 1092 4800 ὲκ
1136 4750 1230 4801 τοῦ
1280 4751 1577 4819 ἁγεννήτου
1612 4750 1779 4802 ἐκπό-

201 4852 416 4904 ρευσιν.
459 4839 522 4888 Οί
544 4839 597 4890 δὲ
633 4838 708 4908 μὴ
757 4839 898 4891 οὕτω
934 4841 1235 4906 ποιοῦντες,
1270 4842 1556 4894 ἐπίσκοποι
1589 4842 1621 4910 ἢ
1651 4859 1780 4911 πρε-

198 4929 478 4995 σϐύτεροι,
519 4932 799 5000 ἐπιτιμίαν
835 4934 1158 5001 ὑφίστανται
1188 4935 1287 5004 τὴν
1327 4937 1666 5005 καθαίρεσιν.

289 5111 349 5162 ’0
371 5111 428 5163 δέ
462 5129 522 5179 γε
556 5112 619 5175 ν’,
668 5127 783 5182 δρία
810 5114 1161 5182 βαπτίσματα
1197 5117 1323 5183 μιᾶς
1367 5120 1617 5184 μυήσεως
1655 5120 1777 5172 ἐπι-

200 5203 399 5265 τελεῖν,
434 5208 581 5272 τρεῖς
612 5205 815 5272 δηλαδὴ
860 5206 1181 5268 καταδύσεις
1218 5208 1275 5257 ὲν
1307 5208 1385 5258 ἐνὶ
1419 5208 1773 5277 βαπτίσματι,

201 5296 300 5344 καὶ
328 5294 532 5363 ἑκαστῃ
560 5295 668 5345 τῶν
693 5297 1041 5367 καταδῦσεων
1069 5297 1128 5350 ἓν
1157 5299 1328 5366 ὄνομα
1356 5301 1452 5367 τῆς
1477 5301 1637 5366 ἁγίας
1659 5302 1779 5353 ἑπι-

199 5385 382 5450 ὶὲγειν
410 5385 636 5454 Τριὰδος
661 5401 675 5412 ⁵
707 5385 844 5438 ἀλλὰ
981 5386 1040 5438 ἓν
1075 5365 1359 5456 βάπτισμα
1396 5365 1475 5452 είς
1502 5365 1590 5442 τὸν
1614 5391 1778 5444 θὰνα-

199 5494 291 5528 τον
323 5476 414 5528 τοῦ
441 5477 645 5546 Κυρίου
679 5478 977 5547 διδόμενον,
1029 5479 1146 5550 ἦτοι
1175 5480 1322 5543 ἅπαξ
1357 5483 1648 5535 καταδύειν
1687 5484 1777 5535 τὸν

203 5569 624 5636 βαπτιζόμενον,
668 5571 763 5622 καὶ
811 5573 890 5633 εἰς
916 5572 1044 5639 μίαν
1092 5572 1387 5625 κατάδυσιν
1419 5575 1511 5625 τὸν
1537 5573 1629 5625 τοῦ
1664 5577 1776 5627 Κυ-

205 5663 324 5729 ρίου
373 5664 726 5731 ἐπιφημίζειν
789 5664 1038 5725 θάνατον,
1081 5665 1214 5734 ὠςή
1268 5665 1652 5736 παραπληξίας
1683 5668 1776 5733 γέ-

205 5770 382 5819 μουσα
412 5756 517 5806 τῶν
539 5755 888 5824 Εὑνομιανών
911 5755 1120 5820 αἵρεσις
1151 5756 1462 5810 ὑποτίθεται
1485 5773 1499 5787 ⁸
1531 5754 1595 5828 ἧς
1630 5762 1720 5810 καὶ
1748 5761 1776 5810 6

204 5849 246 5908 ζ’
277 5847 372 5914 τῆς
407 5846 450 5915 β’
495 5847 710 5900 συνόδου
747 5845 924 5898 κανὼν
973 5848 1268 5915 μέμνηται.
1299 5849 1372 5901 Οὐ
1422 5848 1528 5918 γὰρ
1570 5846 1719 5902 εἶπεν
1749 5853 1775 5901 6

529 5943 793 6000 l’n‘lmt.
840 5944 953 6000 Gn.
1008 5943 1274 6001 CXLlV.

1885 4660 2070 4721 Pater,
2089 4671 2310 4728 propter
2327 4659 2786 4720 iucausalitatem,
2807 4667 2857 4710 et
2881 4671 3025 4711 unus
3044 4657 3212 4712 Filius
3236 4668 3458 4727 propter

1885 4750 2211 4805 ineﬂ'abilem
2245 4751 2676 4819 generationem,
2717 4757 2772 4804 et
2801 4764 2942 4802 unus
2971 4747 3288 4802 Paracletus
3337 4749 3450 4818 Spi-

1885 4841 2022 4894 ritus
2063 4849 2286 4894 sauctus
2332 4849 2550 4908 propter
2580 4854 2735 4894 suam
2767 4840 2834 4891 ab
2873 4838 3119 4906 ingenito
3152 4830 3492 4908 processio!

1885 4949 2028 4986 nem.
2066 4931 2316 5000 Episcopi
2352 4941 2531 4984 autem
2564 4940 2618 4984 et
2650 4930 2951 5000 presbyteri
2977 4931 3070 4999 qui
3113 4945 3273 4986 secus
3307 4931 3455 4987 fece-

1887 5033 2015 5084 rint,
2041 5039 2215 5092 pinna!
2240 5023 2607 5092 depositionis
2647 5021 2874 5075 obnoxii
2915 5031 3062 5076 sunt.

1954 5117 2138 5171 Canon
2172 5127 2351 5170 autem
2386 5116 2454 5168 50
2495 5117 2597 5169 tria
2631 5115 2797 5169 unius
2830 5115 3076 5185 mysterii
3123 5116 3456 5186 baptismata

1888 5213 2149 5280 pet-[icere
2185 5213 2334 5280 jubet
2383 5215 2534 5279 (tres
2575 5225 2772 5280 nempe
2817 5211 3202 5266 immersiones
3247 5214 3300 5266 in
3345 5230 3455 5268 uno

1885 5302 2201 5371 baptismo.
2267 5311 2321 5354 et
2379 5302 2445 5354 ad
2515 5316 2965 5370 unamquamque
3043 5303 3453 5359 immersionem

1885 5405 2050 5445 unum
2083 5388 2141 5442 S.
2160 5387 2447 5444 Trinitatis
2471 5405 2669 5444 nomen
2699 5391 3102 5459 pronuntiare),
3132 5407 3238 5445 non
3266 5403 3452 5450 autem

1884 5499 2050 5537 unum
2075 5483 2408 5551 baptismum
2434 5485 2524 5550 qui
2553 5475 2715 5537 da'tur
2738 5484 2789 5535 in
2815 5491 3045 5538 mortetn
3073 5482 3320 5539 Domini:
3350 5487 3452 5542 hoc

1881 5586 1984 5638 est,
2030 5591 2155 5628 eum
2196 5576 2289 5644 qui
2324 5576 2650 5644 baptizatur,
2691 5575 2861 5629 semel
2894 5573 3246 5644 immergere,
3276 5588 3328 5630 et
3359 5581 3450 5634 unl

1883 5666 2224 5719 immersioni
2271 5675 2499 5718 mortem
2543 5665 2759 5718 Domini
2795 5665 3092 5730 ascribere,
3140 5668 3217 5719 uti
3252 5682 3452 5721 vesana

1884 5757 2352 5811 Eunomianorum
2387 5757 2609 5810 haeresis
2640 5756 2886 5809 decernit
2915 5774 2926 5809 :
2960 5757 3121 5825 cujus
3153 5757 3229 5810 rei
3261 5760 3454 5812 memi-

1885 5852 1959 5903 nit
2007 5850 2030 5899 7
2088 5865 2212 5902 can.
2263 5850 2296 5900 2
2350 5864 2467 5919 syu.
2530 5847 2645 5902 Non
2689 5850 2831 5902 enim
2876 5847 3016 5902 dixit
3069 5849 3354 5920 Dominus,
3390 5851 3447 5907 In

2978 5941 3052 6000 35
