4184 6444
209 397 344 457 ιιοι

1139 403 1328 464 SYN’T
1352 404 1545 463 \UMA
1588 404 2213 467 ALPIIABETlCU.\l.
2254 433 2315 443 -ο
2360 409 2423 465 Β.

3323 411 3461 473 1202

198 514 307 581 τὴν
332 513 611 569 είσέπειτα
638 516 764 586 περὶ
792 517 890 589 τὴν
928 518 1105 571 πίστιν.
1138 520 1379 591 σπουδὴν
1436 520 1525 570 καὶ
1561 517 1657 588 τὴν
1686 518 1779 572 τῶι

1896 520 2131 589 egisset;
2167 521 2271 574 nisi
2304 537 2522 591 propter
2573 539 2811 592 sequens
2853 522 2909 577 in
2974 524 3077 580 fide
3112 525 3380 590 studium,
3409 542 3463 581 ct

208 604 514 672 ἀνθρώπων
546 612 742 663 σπάνιν
776 612 1186 678 συγκατάϐασις
1221 614 1446 678 γένοιτο.

290 695 351 748 Ὀ
376 697 432 749 δὲ
467 699 562 768 τῆς
587 701 646 752 ἐν
694 703 1021 778 Καρθαγένῃ
1056 705 1138 775 με’
1194 706 1475 775 βαπτίζειν
1517 708 1784 777 ἀπείρηκε

211 786 295 839 ;δν
319 789 493 853 νόσοις
525 792 555 860 ἦ
598 794 804 863 ἑτέροις
834 798 1203 865 συμπτώμασι
1230 799 1290 850 τὸ
1319 800 1467 865 ὑγιὲς
1498 802 1787 868 ἀφῃρημέ-

195 895 294 935 νον
330 879 425 932 τοῦ
481 882 611 935 νοῦ’
668 887 716 937 εί
752 886 827 957 μὴ
860 891 1054 957 ῥαΐσας
1100 891 1318 962 μικρὸν,
1346 890 1441 960 τὴν
1500 892 1639 960 ὑπὲρ
1687 893 1785 961 τῆς

196 969 449 1035 πίστεως
491 976 815 1045 προαίρεσιν
865 981 959 1031 καὶ
978 980 1071 1033 τὸν
1121 983 1465 1051 προσήκοντα
1491 983 1654 1035 πόθον
1689 1000 1781 1052 οτι-

200 1061 396 1128 μήνειε
422 1067 489 1134 τῇ
521 1069 695 1137 φῶνῇ.
734 1069 797 1122 Εἰ
831 1071 888 1123 δέ
920 1072 1026 1141 πρὸ
1055 1072 1153 1135 τῆς
1183 1073 1465 1134 ἀσθενείας
1505 1088 1787 1145 μαρτυρη-

197 1148 323 1222 θείη
364 1154 427 1206 τὸ
466 1155 747 1227 βάπτισμα
795 1161 1090 1231 ἐπιζητῶν,
1143 1166 1236 1215 καὶ
1291 1163 1359 1216 δι’
1392 1165 1571 1226 αίτίας
1633 1165 1785 1227 τινάς

199 1242 659 1315 ὑπερτιθέμενος,
711 1252 1098 1320 ἀναμφιϐόλως
1131 1253 1589 1324 βαπτισθήσεται.
1624 1257 1787 1326 Ζήτει

194 1337 295 1386 καὶ
327 1339 387 1388 ἐν
409 1340 486 1406 τῷ
510 1348 558 1394 α’
590 1359 716 1411 κεφ.
748 1344 844 1396 τοῦ
868 1344 912 1397 Α
945 1347 1211 1416 στοιχείου
1256 1348 1457 1399 κανόνα
1493 1346 1560 1417 ιβ’
1593 1348 1693 1417 τῆς
1728 1351 1788 1401 ἐν

212 1429 465 1502 ’Λγκύρᾳ
496 1434 744 1489 συνόδου.

284 1519 347 1570 '0
368 1521 426 1572 δὲ
454 1529 507 1584 ς’
528 1526 627 1592 τῆς
651 1527 706 1576 ἓν
720 1526 1126 1599 Νεοκαισαρειᾳ
1148 1528 1369 1581 συνόδου
1389 1528 1495 1580 τῶν
1515 1529 1788 1594 γυναικῶν

187 1610 298 1673 τὰς
324 1611 634 1680 ἐγκύμονας
689 1617 791 1667 οὐκ
818 1618 1074 1687 ἀπείργει
1132 1617 1466 1687 βουλομένας
1522 1618 1790 1688 βαπτίσα-

190 1704 348 1756 σ”.ἀι.
382 1705 459 1757 Οὐ
500 1706 608 1777 γὰρ
654 1711 903 1761 κοινωνεί
928 1711 1153 1774 ταύταις
1184 1711 1279 1764 τοῦ
1321 1712 1671 1780 φωτίσματος
1698 1714 1789 1766 καὶ

186 1794 259 1845 το
289 1793 548 1862 ἔμϐρυον,
587 1799 756 1867 μήπω
780 1800 928 1869 παρά
954 1800 1051 1868 τῆς
1084 1801 1299 1869 φύσεως
1342 1801 1636 1871 δεξάμενον
1685 1802 1785 1873 τὴν

1894 610 2178 664 hominum
2204 613 2465 681 inopiam,
2495 613 2546 667 id
2567 616 2615 669 ei
2648 616 2920 671 indultum
2958 614 3148 671 fuerit.

1964 702 2156 757 Canon
2183 720 2310 758 vero
2342 705 2410 759 45
2434 720 2556 774 syn.
2584 705 2839 776 Cartliag.
2871 723 2996 762 eum
3018 707 3110 777 qui
3136 723 3247 777 pra:
3277 708 3466 766 morbo

1894 796 2071 849 aliove
2098 812 2227 849 casu
2266 802 2504 852 sanitate
2538 800 2735 853 mentis
2771 800 3018 867 privatus
3054 799 3243 863 fuerit,
3277 802 3459 871 bapti-

1893 898 2019 936 zare
2053 886 2324 950 prohibet,
2386 887 2493 939 nisi
2529 904 2719 955 parum
2752 892 3148 944 convalesceus
3215 892 3459 946 volunta-

1897 981 2000 1025 tem
2038 990 2194 1027 suam
2226 979 2371 1032 circa
2398 978 2557 1032 fidem
2594 989 2649 1032 et
2678 980 2922 1035 debitum
2975 982 3310 1037 desiderium
3337 1000 3466 1039 voce

1890 1062 2187 1130 signiﬁcet.
2246 1066 2398 1132 Quod
2470 1069 2515 1123 si
2571 1084 2719 1132 eum,
2784 1082 3079 1142 antequam
3147 1086 3462 1143 aegrotaret.

1892 1152 2225 1222 baptismum
2257 1160 2580 1226 quaesivisse
2603 1176 2838 1230 eumque
2897 1163 3115 1232 aliquas
3151 1167 3221 1220 ob
3261 1180 3463 1221 causas

1889 1246 2194 1314 distulisse,
2256 1253 2574 1306 testimonio
2646 1255 2939 1321 probatum
2998 1254 3190 1321 fuerit,
3254 1259 3464 1321 absque

1888 1344 2040 1396 omni
2073 1343 2389 1399 difficultate
2411 1347 2797 1413 haptizabitur.
2834 1345 3030 1413 Quaere
3060 1350 3227 1404 etiam
3264 1351 3316 1403 in
3349 1353 3465 1420 pri-

1890 1448 1981 1486 mo
2014 1449 2138 1503 cap.
2172 1436 2369 1489 litterae
2416 1438 2458 1490 A
2491 1451 2759 1490 canonem
2827 1438 2895 1491 12
2949 1454 3073 1509 syn.
3136 1441 3463 1512 Ancyranae.

1959 1524 2149 1580 Canon
2208 1538 2390 1581 autem
2426 1528 2459 1581 6
2506 1544 2626 1599 syn.
2677 1527 2988 1582 Neocaasar.
3033 1532 3293 1587 mulieres
3324 1552 3465 1603 pra:-

1889 1626 2145 1685 gnantes,
2166 1622 2385 1689 quando
2420 1620 2718 1681 Volueriut,
2749 1621 3018 1689 baptizari
3052 1639 3165 1676 non
3185 1626 3462 1693 prohibet.

1890 1705 2168 1776 Embryon
2217 1708 2365 1761 enim
2416 1709 2469 1761 in
2529 1710 2803 1777 baptismo
2854 1726 2979 1765 cum
3025 1712 3093 1766 iis
3131 1714 3267 1766 nihil
3303 1716 3466 1769 habet

1890 1814 2206 1865 commune,
2263 1801 2464 1869 quippe
2493 1802 2642 1869 quod
2704 1818 2733 1855 a
2789 1811 2983 1857 natura
3052 1805 3179 1858 boni
3228 1817 3284 1860 et
3336 1810 3463 1861 mali

186 1884 296 1937 τοῦ
326 1886 534 1953 ἀγαθοῦ
564 1888 883 1958 προαίρεσιν
914 1893 1008 1943 καὶ
1034 1891 1130 1944 τοῦ
1158 1893 1422 1962 χείρονος,
1454 1893 1562 1946 οὐδ’
1582 1888 1694 1947 οἷόν
1718 1910 1779 1947 τε

1884 1889 2215 1943 electionem
2242 1907 2351 1944 non
2379 1890 2599 1953 habeat,
2622 1902 2676 1945 el.
2706 1892 3050 1961 impossibile
3066 1894 3137 1949 sit
3162 1907 3221 1949 ut
3240 1910 3463 1965 przestet

186 1975 370 2030 ταῦτα
400 1982 871 2048 περιεργάσασθαι
911 1984 1061 2046 ὅπως
1102 1984 1283 2053 έχουσι
1342 1984 1633 2048 διαθέσεως
1659 2004 1672 2017 ·
1709 1987 1777 2039 τὰ

185 2069 251 2120 δέ
277 2086 341 2137 γε
368 2070 558 2133 νήπια,
592 2072 678 2124 διά
728 2074 837 2125 τῶν
884 2074 1164 2144 ἀναδόχων
1220 2075 1650 2145 κατατιθέμενα,
1684 2078 1777 2128 καὶ

188 2158 382 2228 ἔργοις
438 2162 619 2226 αὐτοῖς
661 2164 1046 2234 φωτιζόμενα,
1103 2166 1203 2235 τῆς
1246 2167 1397 2230 θείας
1430 2166 1777 2221 κοινωνοῦσιν

186 2251 540 2321 ἰλλάμψεως.

283 2345 343 2395 '0
370 2345 425 2397 δὲ
455 2352 509 2409 ς’
536 2349 627 2399 τοῦ
663 2348 934 2417 Τιμοθέου
962 2349 1391 2419 Ἀλεξανδρείας,
1410 2352 1473 2403 ’11
1505 2368 1777 2422 κατηχου-

190 2441 336 2505 μένη
368 2432 531 2506 γυνὴ,
567 2440 724 2506 φησὶ,
757 2441 805 2490 εί
838 2441 975 2492 κατά
1007 2441 1107 2509 τὴν
1151 2443 1369 2510 ἡμέραν
1401 2444 1459 2492 ὲν
1583 2443 1780 2510 βαπτι-

189 2528 391 2597 σθῆναι
431 2530 713 2596 προέθετο,
746 2533 815 2583 τὰ
848 2534 969 2585 κατ’
1018 2533 1139 2595 ἔθος
1193 2534 1329 2603 αὑτῇ
1373 2535 1640 2605 συμϐαίη,
1696 2537 1775 2600 είς

186 2622 295 2689 τὴν
327 2621 587 2674 ἐπιοῦσαν
620 2623 999 2692 ὐπερειθὲσθω
1025 2626 1085 2676 τὸ
1114 2624 1392 2694 φώτισμα.

280 2713 340 2764 Ὀ
367 2712 421 2764 δὲ
452 2711 499 2764 α’
530 2715 720 2775 αὑτοῦ,
778 2716 837 2766 El
869 2716 1105 2775 παιδίον,
1156 2720 1310 2785 φησὶ,
1343 2717 1773 2787 κατηχούμενον,

188 2803 223 2873 ἧ
259 2807 356 2858 καὶ
390 2805 527 2874 ἀνὴρ
556 2806 655 2873 τῆς
684 2808 835 2876 ἱερᾶς
859 2807 1186 2877 τελουμένης
1219 2808 1432 2871 θυσίας,
1464 2811 1775 2880 προσελθὼν

188 2898 509 2965 ἀπονήρως,
539 2898 645 2950 τῶν
677 2898 838 2952 θείων
866 2900 1240 2969 μεταλήψεται
1270 2900 1482 2968 δώρων,
1514 2901 1773 2970 ἀγνοοῦν-

187 3006 288 3052 τος
332 2989 426 3042 τοῦ
482 2990 670 3058 ἱερέως
706 2988 846 3044 εἶναι
903 2993 1091 3045 τοῦτον
1126 2996 1557 3062 κατηχούμενον,
1612 2996 1775 3059 εὐθὺς

190 3081 564 3151 βαπιζέσθω·
601 3085 704 3135 ὑπὸ
729 3086 836 3152 γὰρ
870 3084 963 3137 τοῦ
1001 3085 1205 3155 Κυρίου
1237 3087 1665 3157 προσκέκληται.

278 3172 340 3224 ὐ
370 3172 425 3224 δὲ
454 3179 512 3224 δι’
556 3173 650 3225 τοῦ
710 3174 947 3241 μεγάλου
982 3174 1288 3238 Βασιλείου,
1326 3162 1436 3236 Τάξ
1492 3178 1776 3247 αἱρετικάς

186 3266 463 3331 γυναῖκας
500 3265 594 3317 καὶ
637 3265 804 3333 μήπω
827 3264 922 3317 τοῦ
952 3264 1097 3316 θείου
1120 3266 1434 3335 ἠξιωμένας
1470 3268 1775 3337 βαπτίσμα-

182 3371 310 3418 τος,
341 3356 458 3407 ἀλλ’
482 3358 539 3407 έν
565 3360 631 3426 τῇ
656 3356 766 3410 τῶν
796 3359 1223 3426 κατηχουμένων
1251 3358 1404 3424 τάξει
1433 3359 1779 3430 παραμενού-

190 3465 292 3510 σας
321 3450 515 3513 εἰσέτι,
542 3450 590 3500 εί
613 3451 913 3517 παρθενίαν
941 3448 1355 3517 ὁμολογήσαιεν,
1376 3446 1495 3502 εἶτα
1518 3451 1778 3519 ἀνδράσιν

188 3537 395 3600 ἑαυτὰς
420 3541 648 3602 ἓκδοίεν,
693 3539 767 3609 μὴ
802 3542 1265 3603 καταδικάζεσθαι
1302 3542 1377 3604 ὼς
1431 3543 1777 3612 ψευσαμένας

188 3633 293 3700 τὴν
332 3632 649 3701 ὁμολογίαν.
686 3633 830 3684 Ὀσα
860 3633 971 3701 γὰρ
1008 3635 1036 3685 ὁ
1068 3632 1231 3700 νόμος
1274 3633 1446 3699 λέγει,
1476 3638 1585 3697 τοῖς
1617 3638 1675 3687 ἐν
1702 3635 1779 3703 τῷ

190 3724 346 3793 νόμῳ
372 3723 524 3776 λαλεῖ
545 3740 558 3752 ·
593 3724 1001 3792 βαπτισάμεναι
1034 3724 1142 3793 γάρ
1168 3725 1273 3775 τῶν
1315 3728 1423 3794 πρὸ
1452 3725 1549 3778 τοῦ
1582 3725 1779 3794 βαπτί-

192 3832 406 3883 σματος
457 3814 794 3884 σφαλμάτων
854 3815 1112 3867 ἁπάντων
1162 3816 1513 3886 συγχώρησιν
1538 3816 1776 3886 ἔχουσιν,

191 3909 321 3960 ἐπεὶ
341 3906 439 3958 καὶ
474 3905 798 3975 σύμπαντες
824 3907 873 3958 οἱ
902 3906 1293 3969 πιστεύσαντες
1320 3910 1414 3959 καὶ
1442 3906 1782 3979 βαπτισάμε-

190 4015 276 4052 νοι
313 3998 423 4051 οὐδ’
469 3998 760 4067 ἡντιναοῦν
793 3999 1057 4067 ὑπέχουσι
1095 3999 1252 4067 δίκην
1280 3999 1397 4052 ἀνθ’
1441 3995 1517 4053 ὧν
1548 4002 1654 4069 πρὸ
1684 4002 1778 4055 τοῦ

193 4087 577 4156 βαπτίσματος
618 4088 871 4157 ἥμαρτον
895 4103 907 4115 ·
958 4086 1131 4140 ταῦτα
1162 4090 1269 4157 γὰρ
1294 4093 1361 4142 τά
1385 4091 1654 4159 πρεσϐεῖα
1682 4093 1780 4145 καὶ

192 4178 453 4245 ἐξαίρετα
483 4177 579 4244 τῆς
613 4179 992 4246 πνευματικῆς
1022 4181 1460 4250 ἀναγεννήοεως.

281 4269 342 4320 '0
373 4267 429 4319 δὲ
459 4268 501 4319 δ’
536 4267 631 4320 τοῦ
661 4269 923 4335 Θεουίλου
956 4268 1391 4340 Ἀλεξανδρείας,
1451 4272 1579 4339 περί
1633 4289 1777 4335 τινος

190 4363 263 4429 τῇ
298 4359 404 4427 ἰδία
427 4359 838 4428 συμφθαρέντος
882 4360 1160 4430 ἀδελφιδῇ,
1205 4362 1270 4414 Ei
1307 4362 1405 4430 μέν
1434 4363 1540 4432 πρὸ
1566 4362 1658 4415 τοῦ
1688 4364 1781 4431 βα-

192 4451 525 4517 πτίσματος,
569 4451 725 4517 φησὶ,
773 4450 945 4521 ταύτῃ
993 4452 1280 4520 ἐμίγνυτο,
1328 4454 1422 4505 καὶ
1452 4454 1591 4519 μετά
1621 4452 1780 4505 τοῦτο

1881 1992 1943 2031 ea
1978 1993 2099 2047 quae
2132 1981 2185 2032 in
2213 1981 2487 2049 baptismo
2521 1982 2762 2049 polliceri
2787 1982 2967 2037 debet.
2998 1982 3241 2042 Infantes
3278 2000 3459 2041 autem

1881 2086 1977 2137 per
2014 2083 2357 2140 susceptores
2418 2088 2548 2127 suos
2605 2075 2898 2143 assumpti,
2926 2090 3229 2147 eorumque
3280 2081 3458 2146 operi-

1884 2160 1983 2211 bus
2045 2160 2377 2227 illuminati,
2436 2165 2771 2218 sacrosancti
2839 2166 3097 2235 baptismi
3160 2169 3456 2239 participes

1883 2248 2039 2301 ﬁunL

1952 2338 2139 2394 Canon
2182 2351 2362 2395 autem
2394 2342 2427 2396 6
2460 2343 2732 2400 Timothei
2795 2348 3182 2415 Alexandrini,
3224 2350 3417 2407 Mulier
3440 2392 3457 2418 .

1881 2433 2078 2503 inquit,
2104 2436 2531 2500 catecliumena,
2555 2438 2599 2491 si
2639 2452 2704 2492 eo
2723 2438 2813 2492 die
2846 2439 2899 2493 in
2936 2454 3042 2507 quo
3068 2442 3328 2511 baptizari
3360 2448 3457 2499 de-

1882 2527 2205 2591 stinaverat,
2226 2529 2374 2597 'quod
2400 2529 2720 2584 mulieribus
2742 2532 2879 2585 solet
2905 2533 2953 2584 ei
2981 2535 3217 2597 accidat,
3252 2538 3459 2607 baptis-

1880 2634 2028 2671 mum
2069 2619 2123 2671 in
2160 2618 2308 2673 diem
2334 2632 2657 2689 sequentem
2690 2622 2930 2677 differat.

1951 2706 2204 2776 Ejusdem
2238 2725 2413 2763 canon
2441 2710 2492 2773 Ι,
2523 2712 2578 2764 Si
2616 2712 2852 2780 puellus,
2873 2714 3073 2781 inquit,
3104 2718 3455 2775 catechume-

1879 2815 2003 2864 nus,
2057 2802 2140 2854 vel
2200 2802 2303 2863 vir,
2345 2804 2474 2857 dmn
2532 2818 2688 2857 sacra
2734 2803 2795 2858 lit
2842 2806 3073 2869 oblatio,
3130 2809 3456 2873 adveniens.

1879 2905 2163 2946 sacrorum
2198 2890 2468 2947 donorum
2504 2894 2775 2965 particeps
2808 2894 2989 2951 factus
3030 2895 3218 2964 fuerit,
3261 2914 3452 2957 sacer-

1878 2984 2002 3038 dote
2065 2984 2363 3047 neSciente,
2405 3000 2473 3038 an
2512 2986 2817 3055 balitizatus
2864 2988 2953 3050 sit,
3016 3004 3213 3055 necne,
3246 2994 3455 3049 statim

1880 3074 2227 3143 baptizetur;
2264 3090 2292 3128 a
2316 3074 2429 3130 Deo
2455 3077 2599 3129 enim
2629 3088 2886 3132 vocatur.

1945 3164 2056 3236 ω
2074 3164 2380 3221 Vicesimus
2398 3176 2578 3223 autem
2600 3170 2778 3238 magni
2803 3170 2983 3223 ιλιθῆἱὶ
3004 3186 3204 3238 canon,
3227 3168 3424 3228 llereti

1882 3273 1981 3322 εκ,
2009 3259 2206 3328 inquit,
2239 3261 2520 3325 mulieres,
2554 3275 2675 3329 quae
2710 3263 2956 3316 nondum
2978 3263 3251 3333 baptismo
3278 3267 3455 3337 dignae

1881 3351 2079 3406 habitas
2108 3359 2257 3415 sunt,
2290 3352 2385 3405 sed
2420 3351 2474 3405 in
2513 3352 2705 3406 ordine
2721 3352 2901 3407 adhuc
2931 3356 3452 3413 catechumenorum

1880 3451 2122 3506 manent,
2157 3442 2203 3497 si
2237 3442 2607 3511 virginitatem
2636 3442 2899 3512 professa:
2921 3460 3043 3499 sese
3077 3456 3264 3515 postea
3324 3443 3459 3502 viris

1882 3536 2124 3600 tradant,
2164 3544 2222 3588 ut
2268 3534 2430 3589 fidem
2485 3534 2741 3590 fallentes
2796 3551 2907 3591 non
2960 3550 3089 3592 sunt
3144 3537 3453 3605 punienda.

1882 3626 2231 3695 Quaecunque
2267 3625 2413 3681 enim
2449 3626 2584 3680 dicit
2615 3625 2724 3689 lex,
2777 3626 2845 3680 iis
2878 3626 3007 3682 dicit
3059 3628 3156 3698 qui
3204 3630 3308 3684 sub
3334 3630 3457 3699 lege

1882 3724 2050 3779 sunt;
2113 3714 2400 3783 baptizata:
2455 3724 2639 3768 autem
2688 3715 3011 3785 delictorum
3043 3716 3289 3770 omnium
3329 3726 3458 3771 ante

1882 3806 2217 3875 baptismum
2250 3806 2620 3861 admissorum
2645 3806 2863 3859 veniam
2896 3815 3332 3875 consequuntur,
3380 3807 3456 3861 al-

1880 3899 2100 3968 quidem
2140 3914 2331 3952 omnes
2386 3898 2479 3967 qui
2522 3899 2751 3952 credunt
2806 3909 2861 3952 et
2894 3894 3281 3968 ibaptizantur,
3343 3915 3445 3970 pro

1883 3990 2124 4060 peccatis
2157 3990 2489 4058 baptismum
2527 3989 2965 4058 precedentibus
3030 3990 3167 4044 nulli
3225 3991 3456 4046 oumlno

1883 4096 2056 4149 postue
2090 4082 2309 4135 obnoxii
2337 4092 2482 4136 Sunt.
2526 4081 2656 4135 llaec
2681 4081 2825 4135 enim
2873 4093 3003 4136 sunt
3033 4083 3304 4153 praecipua
3338 4085 3455 4155 spi-

1885 4175 2099 4229 titualis
2134 4175 2561 4244 regent-rationis
2590 4176 2896 4246 privilegia.

1954 4266 2195 4332 Quartus
2227 4278 2407 4319 autem
2436 4266 2720 4335 Theophili
2755 4264 3103 4322 Alexandrini
3123 4269 3190 4324 de
3220 4268 3453 4339 quodam

1882 4373 2006 4412 cum
2030 4357 2356 4412 consobrina
2378 4373 2475 4411 sua
2498 4358 2706 4427 polluto
2735 4375 2749 4411 :
2780 4359 2860 4423 Si,
2882 4359 3082 4428 inquit,
3101 4370 3229 4415 ante
3250 4362 3457 4431 baptis-

1885 4463 2032 4501 mum
2060 4462 2186 4501 cum
2230 4446 2316 4498 illa
2352 4448 2502 4509 coiit,
2563 4456 2619 4501 et
2675 4458 2870 4515 postea
2922 4449 2994 4503 ab
3033 4464 3096 4503 ea
3147 4450 3453 4514 ab5tinnit,

192 4542 402 4610 ταύτης
456 4542 749 4610 ἀπέσχετο,
789 4543 999 4610 μενέτω
1050 4543 1297 4605 διάκονος
1322 4560 1336 4574 ο
1391 4545 1452 4594 τὸ
1480 4542 1589 4613 γάρ
1622 4545 1777 4613 ἀγιον

1884 4549 2101 4593 maneat
2133 4539 2440 4600 diaconus;
2484 4550 2877 4594 sacrosanctus
2933 4541 3083 4595 enim
3147 4542 3456 4612 haptiamns

195 4629 486 4701 βάπτισμα
505 4634 571 4685 τὰ
604 4631 804 4702 πρώην
828 4634 994 4687 αὐτοῦ
1022 4635 1353 4703 ἐκαθάρισεν
1372 4638 1774 4705 ἁμαρτήματα·

195 4726 245 4776 εί
290 4725 347 4776 δὲ
375 4725 513 4792 μετὰ
538 4724 597 4776 τὸ
628 4724 913 4794 βάπτισμα
935 4726 1058 4794 ἔσχε
1082 4726 1308 4796 ταύτην,
1334 4725 1655 4796 ἐκϐληθήτω
1685 4728 1777 4781 τοῦ

196 4813 442 4883 κλήρου·
500 4815 578 4883 τῷ
611 4815 669 4867 δὲ
726 4816 783 4879 ἐξ
823 4817 1044 4882 ἀγνοίας
1107 4817 1271 4868 αὑτὸν
1336 4817 1777 4885 χειροτονήσαντι

194 4907 350 4960 οὐδὲν
392 4906 588 4973 βλάϐος
613 4908 678 4957 ἐκ
711 4908 901 4958 τοῦτου
932 4909 1239 4975 γενήσεται.

277 4998 338 5049 ’0
367 4998 423 5048 δὲ
452 4996 492 5048 δ’
524 4997 615 5049 τοῦ
650 4998 807 5064 ἁγίου
857 4998 1128 5067 Κυρίλλου
1186 5000 1389 5063 κανὼν,
1443 5001 1565 5053 Κᾶν
1614 5018 1777 5070 χωρι-

197 5090 356 5155 σμὶν,
384 5093 574 5157 φησιν,
629 5090 968 5159 ύπομείνωσί
1000 5108 1145 5154 τινες
1191 5091 1299 5142 τῶν
1326 5095 1773 5161 κατηχουμένων,

196 5184 560 5249 πταισμάτων
589 5182 774 5233 ἕνεκεν
806 5182 1251 5249 ἐπιτιμηθέντες,
1283 5185 1376 5235 καὶ
1421 5183 1657 5252 μέλλωσι
1686 5202 1775 5236 τε·

197 5270 415 5339 tanqu,
449 5268 925 5337 βαπτιζέσυωσαν,
962 5289 1051 5321 και
1085 5272 1159 5338 μὴ
1186 5271 1445 5339 ἀμέτοχοι
1493 5272 1591 5340 τῆς
1622 5273 1776 5342 χάρι-

197 5379 287 5422 τος
312 5359 421 5411 τῶν
453 5359 813 5428 ἀνθρωπίνων
834 5360 1313 5429 ἀποδημείτωσαν.

282 5452 344 5504 ’0
376 5452 430 5503 δὲ
460 5450 506 5519 β’
535 5444 633 5503 τοῦ
670 5450 939 5518 Τιμοθέου
984 5452 1389 5520 Ἀλεξανδρείας
1433 5455 1778 5524 κατηχούμε-

199 5558 290 5592 νον
336 5540 700 5609 δαιμονῶντα,
751 5544 882 5608 πρὶν
938 5540 972 5609 ἢ
1035 5540 1130 5592 τοῦ
1180 5541 1494 5609 ἀκαθάρτου
1525 5542 1777 5609 δαίμονος

198 5633 564 5703 καθαρθῆναι,
589 5632 789 5685 κωλύει
819 5634 1209 5702 βαπτίζεσθαιο
1238 5634 1500 5702 ἀθέμιτον
1548 5635 1655 5701 γὰρ
1688 5637 1779 5686 τον

199 5727 553 5796 παρασχόντα
587 5727 779 5778 ἐαυτὸν
808 5725 885 5795 τῷ
906 5725 1128 5796 πονηρῷ
1157 5726 1370 5795 δαίμονι
1402 5727 1482 5788 είς
1507 5728 1779 5796 ἐνοίκησιν

200 5825 265 5888 τῇ
310 5819 444 5888 πρὸς
465 5821 532 5872 τὰ
562 5819 743 5888 φαῦλα
773 5821 936 5889 ῥοπῇ,
964 5820 1057 5871 καὶ
1088 5818 1147 5870 τὸ
1175 5818 1289 5887 ei};
1310 5818 1404 5870 ροῠ
1430 5821 1588 5886 ἁγίου
1618 5822 1779 5872 uva-5-

1884 4634 2064 4701 priora
2124 4632 2245 4699 ejus
2276 4644 2494 4701 peccata
2526 4633 2873 4701 cxpurgavit.
2928 4631 3027 4689 Sin
3085 4644 3269 4688 autem
3328 4651 3450 4689 eam

1884 4732 2004 4792 post
2036 4724 2367 4792 baptismum
2415 4729 2580 4777 etiam
2617 4726 2892 4787 habuerit,
2922 4741 2952 4779 e
2978 4726 3127 4779 clero
3166 4727 3451 4796 ejiciatur;

1880 4816 1925 4868 ci
1949 4805 2130 4869 auiem
2158 4817 2519 4884 quieumdem
2547 4834 2611 4870 ex
2635 4816 2947 4887 ignorantia
2976 4817 3275 4882 ordinavit,
3309 4818 3453 4873 nihil

1881 4908 2075 4961 exinde
2107 4907 2291 4960 dauini
2326 4908 2616 4962 inferetur.

1951 5000 2192 5063 Quartus
2226 5008 2406 5052 autem
2471 5001 2647 5053 sancti
2708 5000 2900 5070 Cyrilli
2935 5016 3157 5063 canon,
3213 5000 3269 5055 Si
3331 5002 3451 5072 qui,

1880 5090 2078 5158 inquit,
2102 5092 2482 5146 catechumeni
2519 5092 2854 5146 exsistcntes
2876 5094 3247 5162 segregationi
3278 5094 3452 5163 subji-

1880 5181 2119 5242 ciantur,
2180 5192 2402 5250 propter
2456 5182 2651 5235 delicta
2702 5196 2924 5248 pmnam
3011 5183 3313 5237 subeuntes
3348 5224 3364 5247 ,
3399 5194 3453 5236 et

1882 5270 2191 5324 moribundi
2223 5273 2353 5334 sint,
2401 5274 2770 5341 baptizentur,
2824 5284 2880 5328 et
2914 5275 3104 5344 gratia:
3135 5292 3243 5330 non
3276 5277 3450 5345 parti-

1880 5362 2027 5429 ripes
2059 5377 2089 5414 e
2118 5362 2254 5415 vivis
2287 5377 2355 5414 ne
2380 5363 2673 5416 excedant.

1957 5452 2243 5506 Secundus
2310 5464 2495 5509 autem
2550 5455 2819 5510 Timothei
2866 5458 3219 5512 Alexandrini
3272 5473 3448 5514 canon

1882 5546 2335 5598 ratccliumeuum
2356 5564 2382 5597 ιι
2406 5551 2653 5601 daemone
2672 5549 2961 5604 obsessum
2984 5551 3245 5620 baptizari
3277 5560 3450 5618 vetat,

1884 5646 2176 5706 antequam
2205 5638 2503 5706 abimpuro
2526 5640 2774 5694 daemone
2796 5652 3078 5710 purgetur.
3116 5640 3282 5696 Nefas
3299 5644 3447 5697 enim

1884 5740 1986 5791 est,
2024 5741 2081 5782 ut
2113 5733 2206 5800 qui
2244 5744 2301 5785 se
2336 5734 2548 5801 impuro
2602 5733 2838 5788 (ιιιιιιιοιιὶ
2874 5750 2973 5805 pro
3018 5735 3300 5791 domicilio
3357 5728 3450 5803 dat

1888 5838 1987 5874 sua
2028 5824 2095 5876 ad
2124 5826 2328 5877 malum
2393 5826 2761 5893 propensione
2793 5868 2807 5893 ,
2840 5827 3015 5881 lucem
3058 5830 3222 5883 etiam
3281 5812 3453 5883 divini
