4184 6444
232 408 375 473 1105

1170 410 1581 471 SYNTAGMA
1620 403 2325 467 Al-PIIABETlCUM.--
2378 403 2437 460 B.

3340 388 3472 454 (106

224 522 326 590 τῆς
353 517 632 589 ἁμαρτίας
662 518 1087 590 ἀσπασαίμεθα⁶
1119 523 1245 585 τοὺς
1273 523 1329 575 δὲ
1357 524 1433 593 μὴ
1477 521 1621 576 οὕτω
1660 536 1793 589 φρο-

1924 518 2039 571 arie
2089 524 2307 585 peccata
2371 512 2781 583 amplectamur.
2835 506 2939 562 Eos
2988 515 3171 561 autem
3222 505 3315 574 qui
3364 518 3475 556 nou

226 609 478 675 νοῦντας,
515 609 592 680 τῷ
622 609 926 680 ἀναθέματι
950 614 1339 683 παραπέμπει.

310 780 374 834 ’0
402 781 460 834 δὲ
497 780 626 849 ριβ’,
667 781 731 835 Ἦ
760 782 851 835 διὰ
883 783 977 837 τοῦ
1010 782 1389 854 βαπτίσματος
1434 789 1616 857 χάρις,
1645 791 1800 857 φησὶ,

227 872 329 944 τὴν
358 873 560 940 γνῶσιν
582 875 712 943 ήμίν
736 876 846 929 τῶν
870 878 1283 948 ἁμαρτημάτων
1312 881 1800 945 ἀποκαλύπτουσα,

228 963 488 1035 βοήθειαν
517 969 596 1027 είς
622 966 683 1018 τὸ
829 968 1172 1038 ἁμαρτάνειν
1204 970 1458 1040 παρέχει,
1487 971 1564 1042 τῷ
1599 972 1803 1041 γνῶναι

226 1056 351 1108 τίνα
373 1055 456 1109 δεῖ
480 1057 780 1125 ἐπιζητεῖν,
817 1063 910 1112 καὶ
939 1060 1059 1113 τίνα
1083 1063 1245 1114 παντὶ
1274 1062 1448 1115 σθένει
1468 1064 1714 1133 φεύγειν·
1742 1062 1803 1117 ού

233 1145 346 1214 μὴν
382 1145 516 1199 ἀλλὰ
542 1149 636 1200 καὶ
662 1149 894 1218 δύναμιν
922 1150 1155 1221 παρέχει
1181 1152 1462 1219 κρυπτῶς,
1494 1154 1635 1207 ὥστε
1663 1156 1803 1222 ἀγα-

230 1239 342 1306 πᾷν
376 1238 473 1291 καὶ
502 1239 903 1309 προθυμεῖσθαι
928 1244 1193 1311 πράττειν
1215 1243 1275 1296 τδ
1297 1248 1551 1314 ποιητέον
1572 1263 1587 1277 ·
1616 1247 1807 1299 ἑκάτε-

229 1344 327 1393 ρον
356 1330 485 1397 γάρ,
514 1330 547 1399 ἦ
579 1346 638 1382 τε
672 1331 872 1397 γνῶσις
898 1332 991 1386 καὶ
1021 1334 1055 1403 ή
1080 1334 1290 1402 ἀγάπη,
1314 1334 1487 1403 δῶρον
1517 1334 1673 1389 Θεοῦ.
1703 1336 1807 1388 Τὸν

226 1418 286 1470 δὲ
326 1420 401 1488 μὴ
439 1420 583 1473 οὕτω
643 1422 797 1492 δόξης
857 1424 1070 1493 ἔχοντα,
1124 1426 1259 1478 ἀλλά
1290 1426 1350 1477 τὸ
1404 1426 1604 1479 εἰδέναι
1645 1427 1693 1479 τί
1727 1427 1809 1480 δεῖ

226 1517 410 1566 ποιεῖν
434 1514 597 1583 μόνον
618 1516 716 1586 τὴν
742 1519 900 1587 χάριν
931 1519 1062 1587 ήμῑν
1090 1520 1288 1573 διδόναι
1318 1520 1584 1590 οἰόμενον,
1614 1523 1674 1575 οὐ
1699 1524 1807 1593 μὴν

228 1607 329 1658 καὶ
362 1605 422 1658 τὸ
450 1607 673 1678 ἀγαπᾷν
704 1608 732 1661 ὃ
774 1610 855 1661 δεῖ
892 1613 1088 1675 ποιεῖν,
1143 1613 1257 1675 τοῖς
1287 1612 1649 1683 κληρονόμοις
1681 1629 1808 1667 συν-

225 1696 419 1749 τάττει
441 1696 534 1749 τού
565 1699 906 1768 ἀναθέματος
930 1718 945 1732 ο
980 1701 1113 1755 διότι
1143 1705 1176 1771 ή
1204 1703 1405 1771 γνῶσις
1438 1705 1572 1774 μόνη
1600 1706 1803 1774 φυσιοῖ,

225 1787 262 1857 ἠ
301 1787 359 1841 δὲ
380 1789 568 1858 ἀγάπη
589 1790 886 1859 οἰκοδομεῖ.

1908 608 1978 661 ita
2040 608 2267 669 faciunt,
2327 615 2383 661 et
2439 603 2787 674 potissimum
2842 600 2936 669 qui
2999 612 3161 655 secus
3212 596 3475 651 scntiuut.

1902 700 2251 754 anathemate
2282 697 2427 751 ferit.

1974 791 2162 847 Canon
2221 790 2346 852 H2,
2410 787 2624 851 Gratia,
2680 785 2883 855 inquit,
2944 797 3041 852 per
3120 779 3477 851 baptismum,

1906 892 2258 956 peccatorum
2335 880 2701 950 cognitionem
2770 875 3155 938 manifestans,
3212 870 3476 926 auxilium

1906 980 2128 1050 praebet,
2162 988 2219 1031 ut
2242 991 2349 1029 non
2375 975 2610 1045 amplius
2639 981 2916 1041 peccetur,
2946 978 3002 1023 et
3032 978 3090 1022 ut
3120 974 3480 1036 cognoscatur

1907 1086 2157 1140 quaenam
2209 1082 2458 1138 quaerere
2515 1075 2570 1121 et
2602 1116 2607 1125 ,
2638 1077 2889 1134 quaenam
2955 1060 3213 1116 omnibus
3274 1055 3483 1109 viribus

1908 1164 2099 1234 fugere
2126 1170 2405 1234 oporteat;
2428 1159 2560 1228 quin
2584 1167 2639 1212 et
2662 1156 2959 1227 potentiam
2984 1161 3200 1208 secreto
3225 1146 3481 1218 largitur.

1909 1264 1968 1309 ut
1994 1269 2263 1317 amemus,
2296 1260 2350 1306 et
2376 1252 2430 1305 id
2476 1249 2620 1319 quod
2670 1246 2980 1301 faciendum
3014 1252 3098 1297 est
3126 1247 3387 1309 praestare
3427 1235 3482 1288 in

1909 1346 2095 1399 animo
2124 1344 2451 1398 habeamus.
2492 1341 2625 1395 Eum
2673 1348 2854 1393 autem
2905 1335 2999 1405 qui
3030 1348 3138 1388 non
3184 1332 3257 1384 ita
3284 1326 3483 1385 credit.

1909 1439 2002 1494 sed
2038 1437 2225 1500 sentit,
2270 1435 2501 1505 gratiam
2552 1434 2727 1486 solum
2778 1432 2910 1483 dare
2956 1435 3017 1482 ut
3064 1424 3309 1481 sciamus
3352 1420 3488 1489 quid

1909 1531 2220 1586 faciendum
2253 1529 2347 1587 sit.
2400 1541 2506 1580 nou
2544 1533 2727 1579 autem
2779 1536 2967 1577 amare
3015 1519 3068 1573 id
3122 1515 3268 1586 quod
3307 1512 3486 1566 facere

1910 1632 2147 1694 oportet,
2215 1621 2360 1674 inter
2427 1616 2794 1672 anathctnatis
2849 1610 3093 1669 haeredes
3150 1602 3484 1663 constituit;

1909 1714 2169 1783 quoniam
2226 1708 2454 1765 scientia
2523 1708 2638 1763 sola
2704 1704 2899 1768 inflat,
2978 1698 3221 1756 charitas
3298 1702 3485 1747 autem

1910 1804 2164 1859 :edilicat.

315 1877 375 1931 Ὀ
401 1880 457 1931 δὲ
514 1877 618 1949 ριγ⁹
665 1883 779 1945 τοῖς
810 1881 1027 1951 λέγουσι
1071 1883 1333 1939 δύνασθαι
1364 1887 1513 1956 ἡμᾶς
1550 1887 1643 1940 καὶ
1680 1886 1803 1957 δίχα

1982 1898 2171 1953 Canou
2226 1908 2408 1949 autem
2466 1890 2568 1946 “3
2623 1905 2722 1946 eos
2762 1889 2857 1961 qui
2906 1887 3118 1950 dicunt,
3171 1892 3333 1952 posse
3382 1888 3489 1931 nos

222 1970 331 2037 της
352 1969 442 2023 διά
466 1971 556 2023 τοῦ
597 1972 979 2044 βαπτίσματος
1012 1976 1234 2046 χάριτος
1257 1979 1352 2041 τὰς
1378 1978 1597 2041 ἐντολάς
1624 1980 1798 2050 πράτ-

221 2077 347 2113 τειν
412 2063 531 2132 μὲν,
582 2064 1009 2135 δυσχερέστερον
1063 2070 1143 2132 δὲ,
1202 2069 1343 2137 αὕτη
1377 2071 1485 2141 γὰρ
1521 2072 1802 2143 εὐχέρειαν

226 2150 406 2221 μόνην
430 2155 511 2216 είς
538 2154 599 2207 τὸ
632 2156 836 2221 ταύτας
863 2157 1115 2213 ἀνύττειν
1138 2160 1346 2226 δίδωσι,
1388 2161 1484 2214 τοῦ
1524 2162 1804 2233 ἀναθεμα-

221 2260 321 2308 to;
352 2248 581 2315 τιμᾶται
624 2250 809 2319 σαφῶς
830 2267 844 2280 ⁸
880 2250 941 2305 et
971 2254 1079 2307 πᾶν
1104 2254 1213 2323 γάρ
1248 2256 1363 2308 ἐστι
1392 2255 1493 2325 τῆς
1534 2254 1685 2319 θείας
1709 2257 1806 2326 χάι-

223 2353 406 2409 ριτος,
436 2340 697 2412 κάκείνης
728 2343 855 2397 ἀνευ
885 2343 1039 2398 οὐδὲν
1072 2344 1179 2400 τῶν
1201 2347 1427 2400 δεόντων
1459 2347 1804 2418 κατορθῶσαι

221 2431 529 2499 δυνάμεθα.
551 2433 625 2488 Οὐ
656 2435 764 2503 γὰρ
786 2431 929 2501 εἶπε,
950 2440 1136 2507 φησιν,
1165 2439 1192 2491 ό
1216 2440 1440 2509 Κύριος,
1463 2441 1646 2509 Χωρὶς
1669 2439 1803 2510 ὲμοῦ

224 2523 477 2593 εὐχερῶς
501 2526 561 2578 ού
595 2526 822 2581 δύνασθε
849 2531 1042 2595 ποιεῖν,
1071 2530 1225 2597 ἀλλὰ,
1271 2546 1296 2587 α
1340 2534 1521 2603 Χωρὶς
1556 2533 1688 2604 ἐμοῦ
1741 2534 1803 2587 ού

224 2615 463 2671 δύνασθε
499 2621 671 2671 ποιεῖν
703 2620 879 2675 οὐδέν.
923 2639 942 2674 ι

322 2709 381 2762 '0
419 2710 476 2762 δὲ
499 2711 703 2779 ταύτης
753 2712 824 2784 ιη’
879 2717 1001 2778 τοὺς
1030 2716 1129 2786 ήδη
1171 2717 1624 2789 τετελευτηκότας
1678 2719 1806 2773 οὔτε

234 2799 551 2871 βαπτίζειν,
591 2803 712 2858 οὔτε
741 2805 851 2858 τῶν
880 2807 1042 2860 θείων
1079 2808 1293 2862 κελεύει
1329 2812 1669 2881 μεταδιδόναι
1708 2832 1811 2884 μυ-

240 2896 508 2967 στηρίων.
543 2898 637 2968 Μὴ
665 2903 942 2966 συνιέντες
969 2904 1078 2975 γάρ
1100 2922 1244 2970 τινες
1274 2906 1382 2960 τῶν
1430 2908 1809 2962 ἀποστολικῶν

233 2987 502 3055 ῥημάτων
523 2988 621 3061 τήν
654 2991 904 3061 δύναμιν,
939 2996 998 3048 ιν
1021 2998 1086 3066 τῇ
1125 2998 1261 3067 πρὸς
1310 2999 1633 3068 Κορινθίους
1677 3003 1813 3072 γρά-

232 3092 434 3141 φοντος
464 3078 676 3153 πρώτῃ,
707 3080 894 3136 ιἘπεὶ
919 3085 973 3136 τί
999 3088 1317 3157 ποιήσουσιν
1344 3089 1393 3140 οἱ
1424 3088 1811 3160 βαπτιζόμενοι

233 3168 383 3239 ὑπὲρ
416 3171 525 3223 τῶν
550 3175 781 3240 νεκρῶν,
844 3178 892 3229 εί
931 3176 1069 3243 ὅλως
1103 3180 1287 3251 νεκροὶ
1331 3183 1430 3235 οὐκ
1464 3183 1810 3251 ἐγείρονταις

234 3260 292 3313 τί
335 3262 431 3313 καὶ
453 3262 805 3331 βαπτίζονται
848 3268 987 3339 ὑπὲρ
1013 3271 1121 3323 τῶν
1147 3272 1387 3339 νεκρῶν;
1425 3291 1443 3324 ι
1476 3275 1523 3326 οί
1560 3276 1659 3345 μὲν
1690 3277 1815 3337 τοὺς

235 3354 468 3423 νεκροὺς
520 3356 704 3411 αὐτῶν
748 3359 1063 3427 ἐϐάπτιζον,
1114 3365 1162 3416 οί
1216 3364 1274 3418 δὲ
1318 3364 1512 3429 ἄλλους
1539 3368 1678 3437 ὑπὲρ
1706 3366 1815 3420 τῶν

238 3444 455 3513 νεκρῶν
512 3446 719 3512 ζῶντας
744 3470 760 3484 ο
805 3452 923 3506 ἀλλ’
982 3456 1010 3506 ὁ
1042 3453 1225 3508 κανὼν
1261 3456 1422 3509 τοῦτο
1442 3459 1642 3512 κωλύει
1671 3459 1817 3528 γίνε-

242 3536 397 3592 σθαι.
466 3539 542 3591 υύ
599 3541 708 3611 γὰρ
751 3545 878 3607 τοὺς
922 3545 1020 3614 ήδη
1062 3547 1395 3619 τεθνηκότας
1425 3552 1453 3602 ὁ
1492 3551 1818 3614 Ἀπόστολος

244 3627 463 3681 κελεύει
495 3629 799 3700 βαπτίζειν,
831 3636 864 3705 ἦ
903 3638 1019 3689 ἀντ’
1047 3639 1270 3691 ἐκείνων
1303 3640 1524 3703 ἄλλους·
1558 3640 1673 3693 ἀλλ’
1697 3642 1820 3694 ἐπεὶ

241 3722 294 3772 οἱ
338 3721 745 3793 βαπτιζόμενοι,
781 3727 1143 3795 μανθάνοντες
1173 3729 1267 3781 τοῦ
1296 3728 1415 3782 καθ’
1437 3732 1585 3800 ἡμᾶς
1611 3748 1818 3802 μυστη-

248 3816 367 3883 ρίου
417 3816 516 3885 τὴν
562 3817 811 3887 δύναμιν,
850 3820 987 3888 μετά
1030 3820 1138 3873 τῶν
1181 3820 1358 3875 ἄλλων
1398 3822 1492 3874 καὶ
1522 3824 1821 3876 ἀνάστασιν

247 3905 463 3974 νεκρῶν
496 3907 616 3976 ήτοι
647 3910 916 3978 σωμάτων
936 3911 1183 3976 ἐλπίζειν¹
1205 3913 1571 3982 διδάσκονται,
1596 3916 1691 3969 καὶ
1725 3916 1822 3985 τὴν

246 3999 307 4048 ἐν
342 4000 409 4069 τῇ
438 3999 797 4071 κολυμϐήθρᾳ
830 4002 1125 4056 κατάδυσιν
1164 4004 1260 4058 καὶ
1313 4006 1573 4059 ἀνάδυσιν
1606 4007 1697 4060 τὸν
1728 4006 1824 4060 θάο

249 4106 412 4142 νατον
442 4090 805 4160 ύπεμφαίνειν
842 4095 936 4146 καὶ
990 4095 1087 4165 τήν
1122 4096 1453 4160 ἀνάστασιν,
1515 4099 1652 4168 πρὸς
1697 4103 1834 4164 τοὺς.

252 4198 320 4232 πε
328 4182 383 4251 pl.
408 4182 612 4252 ταύτην
636 4184 954 4252 ἀμφιϐόλως
981 4187 1222 4255 ἔχοντας,
1248 4189 1412 4259 φησὶν
1432 4190 1828 4256 δ’Δπόστολος,

249 4276 333 4326 ὅτι
358 4274 417 4326 Ei
454 4273 528 4343 μὴ
559 4273 858 4339 ἀνάστασίς
885 4277 1023 4337 ἐστι,
1055 4278 1110 4330 τί
1138 4280 1461 4348 ποιήσουσιν
1491 4281 1538 4332 oi
1570 4279 1826 4349 βαπτιζό-

254 4385 407 4437 μενοι
440 4368 528 4419 ἐπ’
562 4366 736 4419 ἐλπίδι
785 4367 879 4420 τοῦ
924 4370 1223 4441 ἀναστῆναι
1272 4372 1401 4433 τοὺς
1426 4372 1689 4440 νεκρούς;
1728 4391 1828 4442 μα-

253 4457 671 4520 ταιοπονοῦντες
732 4457 939 4523 λοιπὸν,
974 4458 1027 4511 εἴ
1081 4475 1145 4526 γε
1178 4460 1309 4530 περὶ
1334 4459 1435 4529 τῆς
1477 4462 1828 4524 ἀναστάσεως

1910 1991 2123 2058 absque
2166 1988 2341 2057 gratia
2387 2000 2483 2055 per
2522 1985 2853 2053 baptismum
2903 1980 3030 2036 data
3072 1974 3330 2032 mandata
3362 1983 3488 2040 per—

1909 2082 2093 2145 ficere,
2128 2077 2407 2132 dillicilius
2447 2091 2578 2130 vero
2606 2114 2623 2142 ,
2668 2075 2872 2146 quippe
2915 2074 3064 2143 quod
3117 2084 3179 2124 ea
3225 2067 3492 2121 duntaxat

1911 2173 2288 2228 mandatorum
2344 2169 2755 2224 exsecutionem
2788 2166 3089 2221 faciliorem
3123 2158 3337 2223 reddat,
3360 2168 3494 2209 ana-

1913 2265 2149 2320 themate
2203 2263 2392 2336 punit;
2426 2262 2608 2317 omnia
2640 2260 2787 2315 enim
2832 2274 2863 2312 a
2897 2256 3079 2312 divina
3138 2249 3314 2322 gratia
3356 2243 3495 2301 deri-

1911 2367 2124 2421 vantur,
2158 2365 2212 2412 et
2244 2357 2363 2411 sine
2397 2356 2485 2409 illa
2531 2354 2665 2408 nihil
2696 2368 2761 2406 ex
2799 2351 2868 2405 iis
2897 2363 3020 2419 quae
3052 2359 3217 2415 agere
3252 2346 3491 2410 oporlel.

1912 2462 2167 2521 praestare
2218 2463 2532 2519 possumus.
2560 2445 2682 2500 Non
2713 2444 2857 2499 enim
2888 2440 3026 2496 dixit
3053 2435 3337 2495 Dominus,
3362 2429 3495 2483 Siue

1913 2558 2001 2597 me
2048 2542 2182 2596 nihil
2219 2540 2378 2596 facile
2426 2539 2688 2609 perlicere
2748 2533 2997 2605 potestis,
3034 2531 3153 2591 sed,
3188 2544 3207 2578 t
3235 2524 3368 2579 Sine
3410 2537 3494 2574 tne

1913 2634 2052 2689 nihil
2102 2632 2326 2686 omnino
2358 2631 2585 2701 potestis
2612 2628 2814 2682 facere.
2853 2645 2870 2677 ι

1987 2725 2246 2796 Ejusdem
2293 2735 2476 2777 autcm
2541 2738 2661 2793 syn.
2719 2735 2896 2773 canon
2963 2716 3031 2771 18
3083 2729 3178 2768 cos
3237 2711 3331 2782 qui
3383 2708 3495 2777 jam

1919 2817 2117 2873 mortui
2152 2823 2304 2879 sunt,
2335 2829 2439 2869 nec
2469 2813 2769 2883 baptizare,
2796 2824 2899 2864 nec
2927 2807 3111 2863 divina
3142 2806 3210 2859 iis
3234 2800 3495 2871 mysteria

1918 2908 2332 2965 communicare
2359 2907 2535 2977 jubet.
2568 2903 2801 2972 Quidam
2831 2902 2980 2957 enim
3025 2900 3319 2954 verborum
3367 2906 3501 2962 apo-

1919 3001 2235 3057 stolicorum
2272 2999 2402 3062 vim,
2455 2998 2508 3051 in
2538 2996 2712 3066 prima
2744 2996 2811 3049 ad
2857 2992 3173 3049 Corinthios
3212 2984 3495 3058 Epistola:

1925 3111 1944 3145 ι
1976 3090 2107 3146 Nam
2155 3090 2285 3159 quid
2322 3088 2525 3143 facient
2559 3088 2653 3157 qui
2701 3087 3047 3157 baptizantur
3092 3095 3193 3154 pro
3240 3076 3498 3140 mortuis,

1922 3187 1966 3239 si
2000 3184 2224 3240 omnino
2262 3183 2463 3238 mortui
2492 3197 2600 3235 non
2633 3179 2961 3250 resurgunt?
2985 3180 3118 3250 quid
3159 3177 3325 3231 etiam
3356 3176 3501 3246 bap-

1922 3272 2160 3326 tizantur
2242 3285 2341 3340 pro
2424 3270 2705 3324 mortuis?
2762 3288 2779 3320 ι
2870 3285 2977 3324 non
3060 3267 3428 3336 intelligentes
3483 3311 3500 3332 ,

1920 3372 2165 3418 mortuos
2208 3377 2361 3425 suos,
2404 3361 2497 3416 alii
2526 3371 2708 3415 autem
2746 3361 2884 3414 alios
2939 3360 3093 3414 vivos
3141 3373 3240 3429 pro
3270 3360 3502 3415 morti-is

1919 3454 2290 3524 baptizabant.
2343 3453 2545 3507 Verum
2601 3469 2709 3507 non
2735 3453 2890 3523 jubet
2924 3452 3220 3522 Apostolus
3261 3467 3360 3508 eos
3408 3455 3503 3523 qui

1921 3542 2120 3596 mortui
2151 3551 2305 3607 sunt,
2340 3541 2643 3610 baptizare,
2680 3540 2767 3594 vel
2799 3540 2937 3596 alios
2961 3555 3063 3610 pro
3109 3540 3177 3594 iis
3204 3558 3218 3606 ;
3250 3542 3342 3595 sed
3372 3542 3502 3610 quia

1921 3633 2014 3702 qui
2073 3633 2424 3701 baptizautur
2452 3632 2559 3685 vim
2609 3626 2856 3701 mysterii
2909 3631 3083 3685 nostri
3130 3631 3499 3697 addiscentes,

1925 3725 2068 3779 inter
2096 3724 2200 3777 alia
2229 3731 2568 3777 mortuorum
2602 3737 2823 3793 quoque
2860 3738 2955 3776 seu
2988 3736 3282 3792 corporum
3314 3738 3502 3777 resur-

1923 3817 2216 3876 rectionem
2262 3831 2487 3885 sperare
2537 3816 2828 3879 docentur,
2863 3815 3120 3884 quodque
3194 3815 3251 3869 in
3286 3815 3505 3870 lavacro

1924 3909 2200 3965 demersio
2255 3918 2311 3963 et
2356 3907 2597 3963 emersio
2646 3918 2873 3962 mortem
2926 3918 2980 3962 et
3035 3908 3502 3963 resurrectionem

1926 4005 2207 4066 denotent,
2260 4000 2329 4055 iis
2367 4000 2458 4069 qui
2504 4003 2569 4053 de
2610 3999 3015 4054 resurrectione
3056 3998 3331 4061 dubitant,
3372 3997 3506 4052 dicit

1927 4094 2245 4164 Apostolus,
2298 4091 2357 4146 Si
2413 4106 2521 4145 non
2565 4101 2650 4145 est
2733 4090 3088 4155 resurrectio,
3130 4090 3259 4160 quid
3299 4089 3505 4145 facient

1928 4187 2021 4257 qui
2069 4185 2173 4240 sub
2216 4185 2320 4238 hac
2376 4198 2492 4252 spe,
2544 4181 2688 4252 quod
2723 4182 2921 4236 mortui
2972 4190 3287 4251 resurgent,
3320 4181 3502 4251 bapti-

1929 4279 2172 4333 zantur?
2232 4277 2500 4347 Deinceps
2580 4276 2787 4331 frustra
2819 4275 3111 4346 llaborant,
3147 4275 3207 4330 si.
3227 4274 3293 4330 de
3319 4290 3505 4331 resur-

1930 4371 2181 4427 rectione
2215 4370 2509 4435 dubitant;
2563 4382 2660 4437 per
2707 4383 2770 4422 ea
2822 4367 2968 4420 enim
3010 4383 3132 4437 qua:
3181 4366 3411 4433 faciunt;
3447 4383 3507 4422 se

1931 4462 2393 4518 resurrectionem
2424 4468 2745 4530 exspectare
2772 4457 3032 4523 fatentur,
3077 4468 3133 4512 et
3165 4474 3263 4528 per
3288 4474 3353 4513 ea
3384 4474 3507 4528 quae

253 4549 712 4620 ἀμφιϐάλλουσιν.
748 4544 842 4612 Οἷς
865 4549 965 4617 μὲν
996 4548 1103 4619 γὰρ
1125 4551 1478 4621 πράττουσιν,
1502 4552 1816 4621 ὁμολογοῦσι

1929 4555 2041 4623 jam
2092 4553 2284 4608 dicunt
2330 4551 2577 4605 eamdem
2625 4550 2918 4619 denegant.
2961 4548 3315 4617 Baptizantur
3360 4550 3506 4602 enim

255 4643 570 4712 προσδοκᾷν
594 4642 693 4711 τὴν
723 4641 1021 4693 ἀνάστασιν
1044 4656 1057 4671 ·
1089 4636 1169 4703 οἷς
1199 4642 1255 4694 δὲ
1296 4643 1391 4694 νῦν
1426 4644 1696 4711 λέγουσιν,
1730 4648 1827 4712 ἀρ-

254 4734 477 4787 νοῦνται
500 4732 675 4801 αὐτήν
697 4746 709 4758 ·
745 4731 1100 4800 βαπτίζονται
1152 4733 1261 4802 γάρ
1295 4733 1436 4803 ὑπὲρ
1462 4735 1573 4788 τῶν
1621 4738 1829 4807 νεκρῶν

254 4828 321 4895 τῇ
354 4824 514 4891 φύσει
544 4823 835 4892 σωμάτων,
879 4825 961 4886 είς
991 4823 1301 4894 ἀφθαρσίαν
1353 4828 1445 4878 καὶ
1479 4826 1619 4880 αύτά
1661 4844 1829 4897 μετα-

257 4912 624 4981 σκευασθῆναι
659 4911 1003 4976 πιστεύοντες
1028 4928 1044 4944 ⁶
1095 4914 1219 4965 ἐπεί
1241 4914 1323 4967 τοί
1356 4932 1419 4983 γε
1451 4916 1484 4984 ἡ
1513 4915 1663 4987 ψυχὴ
1692 4916 1828 4970 ἀθά-

258 5021 415 5067 νατος
434 5004 595 5071 φύσει
616 5003 824 5071 πέφυκε
845 5002 938 5055 καὶ
964 5003 1313 5073 ἀτελεύτητος
1334 5021 1348 5034 ⁸
1374 5005 1548 5057 ταῦτα
1570 5007 1629 5059 δὲ
1655 5006 1833 5077 φθορᾷ

255 5099 353 5151 καὶ
390 5094 677 5149 ἀλλοιώσει
726 5094 1031 5149 ὑπόκειται.
1087 5096 1186 5148 Διά
1223 5096 1331 5166 γάρ
1380 5096 1541 5149 τοῦτο
1574 5096 1719 5168 άπερ
1747 5115 1832 5160 τις

254 5190 345 5242 διὰ
379 5188 641 5258 ῥημάτων
679 5186 931 5255 ὁμολογεί
963 5185 1264 5250 πιστεύειν,
1298 5186 1385 5237 διὰ
1415 5186 1524 5238 τῶν
1576 5187 1833 5255 πραγμά-

256 5299 367 5333 των
390 5280 664 5332 δείκνυσιν
694 5280 721 5331 ό
770 5278 971 5347 ἱερεὺς,
1023 5278 1301 5342 είκονίζων
1332 5279 1389 5329 ἐν
1417 5277 1498 5347 τῷ
1531 5276 1684 5330 ὕδατι
1733 5277 1832 5348 τὴν

259 5373 537 5443 ἀλήθειαν.

258 5488 513 5542 ΚΕΦΔΛ.
547 5487 622 5541 B'.
652 5486 790 5553 Περὶ
832 5484 949 5537 τῶν
999 5484 1541 5555 ἀμφι-ϐαλλομένων
1576 5488 1831 5555 νηπίων,

755 5558 806 5608 εί
854 5556 1333 5621 ἐϐαπτίσθησαν.

340 5649 400 5702 Ὀ
431 5647 514 5702 πδ¹
540 5649 638 5717 τῆς
678 5648 844 5714 ἕκτης
880 5647 1123 5712 συνόδου,
1155 5646 1235 5699 ἔτι
1267 5648 1323 5700 δὲ
1364 5649 1458 5701 καὶ
1487 5649 1515 5700 ὁ
1544 5649 1620 5719 οβ’
1642 5650 1745 5719 τῆς
1775 5652 1832 5701 ἐν

261 5742 617 5811 Καρθαγένῃ,
654 5740 722 5792 τά
753 5739 1205 5809 ἀμφιϐαλλόμενα
1233 5742 1421 5810 νήπια,
1470 5742 1519 5793 εί
1566 5743 1658 5795 τοῦ
1688 5743 1832 5796 θείου

262 5834 554 5890 τες-διέχει
614 5832 1011 5894 βαπτίσματος.
1059 5832 1185 5893 μήτ’
1219 5832 1392 5886 ἄλλων
1427 5833 1682 5897 ἀσφαλῶς
1713 5836 1827 5890 επι-

1935 4659 2034 4714 pro
2070 4636 2395 4713 corporibus
2443 4649 2642 4695 natura
2690 4640 2949 4706 mortuis,
2998 4641 3190 4695 eadem
3236 4641 3291 4694 in
3320 4640 3507 4694 incor-

1934 4736 2349 4807 ruptibilitatem
2421 4732 2778 4788 transmutari
2846 4731 3169 4797 credentes;
3246 4734 3507 4801 quoniam

1934 4829 2116 4882 anima
2149 4837 2342 4882 natura
2373 4825 2702 4879 immortalis
2747 4835 2832 4878 est
2864 4832 2921 4878 et
2952 4823 3071 4878 sine
3104 4824 3235 4888 line,
3272 4824 3506 4893 corpora

1932 4930 2113 4975 autem
2154 4915 2491 4986 corruptioni
2524 4925 2579 4971 et
2630 4914 2916 4970 mutationi
2964 4914 3198 4969 obnoxia
3248 4921 3394 4968 sunt.
3444 4914 3509 4969 Et

1933 5019 2223 5081 propterea
2270 5024 2390 5077 qum
2440 5009 2732 5079 quisquam
2783 5022 2843 5062 se
2887 5007 3114 5061 credere
3162 5021 3295 5062 voce
3338 5007 3508 5061 conli-

1936 5111 2100 5166 tetur,
2154 5100 2413 5156 sacerdos
2459 5115 2519 5156 re
2584 5100 2845 5167 ostendit,
2910 5098 2964 5153 in
3019 5112 3161 5169 aqua
3217 5098 3506 5155 veritatem

1936 5202 2351 5263 repraesentans.

1934 5485 2042 5557 42
2067 5483 2219 5540 CAP.
2259 5481 2325 5537 ll.
2389 5483 2495 5557 De_
2527 5481 2818 5557 infantibus
2848 5483 2912 5557 de
2964 5480 3154 5549 quibus
3210 5479 3507 5545 dubitatur,

2265 5563 2442 5607 utrum
2478 5553 2735 5621 baptizati
2765 5552 2981 5623 fuerint,
3019 5566 3197 5605 necne.

2006 5648 2193 5701 Canon
2236 5646 2304 5701 84
2338 5662 2457 5716 syn.
2502 5660 2551 5697 νι
2593 5659 2694 5698 nec
2728 5660 2834 5697 non
2881 5642 2950 5696 8‘).
2979 5641 3174 5713 synodi
3222 5640 3509 5713 Carthagi-

1939 5740 2125 5795 nensis
2208 5738 2445 5792 infantes
2512 5735 2579 5790 de
2660 5735 2859 5804 quibus
2924 5734 3249 5794 dubitatur,
3325 5743 3506 5786 utrum

1939 5841 2352 5891 sacrosanctum
2384 5830 2711 5903 baptismqu
2768 5829 3000 5884 assecuti
3037 5826 3271 5886 fuerint,
3315 5841 3506 5892 necne,
