4184 6444
720 402 860 465 110?
1906 411 2275 469 MA'I‘THA‘ZI

2405 414 2746 475 .ASTAHIS
3818 412 3969 480 110$
4022 435 4026 438 ‘

721 524 910 585 utpote
951 532 1055 573 nec
1088 518 1221 587 ipsis
1274 528 1495 588 propter
1530 528 1744 574 atatem
1796 521 1924 575 illud
1967 524 2294 591 scientibus,

2405 530 2852 598 μαρτυρούντων,
2886 526 3053 597 χωρὶς
3084 526 3469 595 ἐπιδοιασμοῦ,
3503 524 3787 596 βαπτίζειν
3808 544 3976 597 προτ-

719 623 822 662 nec
858 608 980 663 aliis
1006 610 1073 663 de
1102 625 1166 664 ea
1212 625 1270 665 re
1300 610 1514 666 ﬁrmum
1553 612 1922 667 testimonium
1965 613 2288 680 ferentibus,

696 700 927 770 absque
959 702 1112 757 omni
1143 704 1517 758 controversia
1547 703 1893 773 rebaptizare
1926 705 2101 773 jubet.
2138 704 2292 761 Licet

719 795 864 845 enim
909 809 1079 848 unum
1115 795 1447 864 baptismum
1503 798 1757 852 conﬁteri
1806 799 1993 854 divino
2042 799 2293 870 symbolo

719 884 900 943 edocti
946 900 1159 951 sumus,
1204 898 1385 941 tamen
1437 890 1567 958 quia
1599 890 1739 944 dixit
1784 890 2090 946 Dominus:
2126 911 2145 943 ι
2174 890 2292 946 Nisi

717 976 844 1042 quis
875 992 940 1030 ex
981 992 1123 1045 aqua
1155 986 1209 1031 et
1240 977 1449 1047 Spiritu
1487 989 1713 1034 renatus
1744 978 1928 1044 fuerit,
1970 995 2079 1035 non
2110 988 2300 1051 potest

722 1067 930 1122 intrare
997 1068 1054 1122 in
1125 1084 1352 1139 regnum
1425 1071 1772 1135 caelorum,»
1852 1073 2154 1127 cavendum
2229 1087 2295 1127 ne

718 1158 955 1223 infantes
1017 1161 1201 1215 divina
1274 1161 1680 1215 illuminatione
1751 1164 1968 1232 privati,
2040 1173 2301 1233 vesteque

723 1252 929 1320 nuptiis
983 1254 1303 1307 caelestibus
1349 1262 1471 1323 apta
1531 1268 1640 1308 non
1703 1255 1920 1319 induti,
1971 1272 2000 1309 a
2057 1256 2297 1309 thalamo

723 1341 888 1394 simul
926 1350 979 1395 et
1010 1358 1041 1396 a
1074 1358 1242 1413 regno
1278 1344 1669 1403 excludantur.
1716 1344 1943 1412 Oportet
1972 1346 2116 1401 enim
2147 1355 2204 1399 ut
2238 1347 2294 1400 in

717 1433 901 1487 dubiis
927 1434 1156 1488 dubium
1194 1451 1292 1503 per
1320 1446 1470 1490 certa
1509 1437 1779 1490 vincatur.

718 1519 869 1576 CAP.
919 1521 1005 1595 lll.
1050 1523 1128 1595 De
1174 1525 1475 1591 inlantt‘bus
1528 1526 1898 1594 Agarenorum
1973 1527 2300 1595 taplizatis;

873 1601 921 1644 et
950 1594 1015 1644 de
1042 1593 1328 1661 baptizari:
1360 1596 1424 1647 ab
1458 1596 1523 1647 iis
1553 1597 1642 1663 qui
1686 1612 1791 1649 non
1823 1593 2163 1649 ordinantur.

798 1683 992 1740 Videre
1035 1695 1117 1739 est
1164 1689 1213 1737 in
1259 1686 1705 1755 profundissimis
1749 1688 2048 1755 impietatis
2093 1688 2293 1757 Agare-

721 1790 916 1829 norum
946 1778 1196 1849 tenebris
1231 1778 1407 1832 lucem
1456 1780 1644 1848 gratiae
1695 1780 2014 1848 pollentem,
2048 1791 2103 1834 et
2141 1780 2209 1833 ab
2236 1795 2299 1833 ea

2399 620 2714 673 τάττουσιν.
2754 617 2816 671 Εἰ
2866 618 2975 690 γὰρ
3000 619 3091 671 καὶ
3120 617 3180 670 ἓν
3226 618 3507 687 ὁμολογεῖν
3540 616 3823 687 βάπτισμα
3865 619 3976 671 ἀπὸ

2398 710 2492 763 τοῦ
2518 710 2664 763 θείου
2697 711 2969 780 συμϐόλου
3019 707 3400 776 δεδιδάγμεθα,
3438 706 3553 759 ἀλλ’
3588 708 3776 776 ἐπειδὴ
3806 707 3833 759 ό
3864 708 3977 759 Κύ-

2402 820 2518 872 ριος
2538 804 2667 872 ἔφη,
2699 820 2719 854 ι
2741 802 2869 855 Ἐὰν
2900 803 3083 871 μήτις
3116 798 3349 869 γεννηθῇ
3387 799 3447 865 ἐξ
3475 796 3664 861 ὓδατος
3696 800 3789 851 καὶ
3806 799 3976 851 Πνεύ-

2402 912 2592 964 ματος,
2625 895 2687 947 οὐ
2716 894 2940 948 δύναται
2984 892 3251 945 εἰσελθεῖν
3298 893 3382 953 είς
3417 891 3514 961 τὴν
3555 890 3835 961 βασιλείαν
3864 892 3975 943 τῶν

2399 986 2700 1055 ούρανῶν,ι
2722 984 3047 1053 εὐλαϐητέον
3085 983 3159 1053 μὴ
3186 984 3256 1054 τῇ
3278 983 3535 1052 στερήσει
3564 980 3658 1035 τοῦ
3684 980 3829 1034 θείου
3859 998 3975 1050 φω-

2399 1078 2684 1148 τίσματος,
2743 1077 2803 1129 τὸ
2844 1075 3122 1145 προσῆκον
3159 1075 3237 1145 τῷ
3285 1074 3641 1143 πνευματικῷ
3694 1074 3858 1143 γάμῳ
3897 1073 3973 1141 μὴ

2403 1166 2769 1234 περικείμενα
2798 1164 3023 1233 ἔνδυμα,
3056 1163 3149 1237 τοῦ
3173 1164 3458 1234 νυμφῶνος
3487 1162 3601 1232 ἅμα
3624 1164 3720 1217 καὶ
3742 1165 3840 1234 τῆς
3876 1162 3976 1231 βα·-

2404 1258 2608 1320 σιλείας
2628 1259 2933 1327 ἀπορῤιφῇ.
2958 1258 3097 1309 Δέον
3110 1258 3219 1327 γὰρ
3245 1258 3302 1309 ὲν
3326 1260 3438 1317 τοῖς
3457 1255 3783 1326 ἀμφιϐόλοις
3811 1258 3974 1327 νικᾷν

2402 1351 2799 1419 φιλανθρώπως
2832 1351 2893 1402 τὸ
2932 1352 3034 1403 ἀνα
3041 1350 3324 1419 μφίϐολον.
3952 1346 3962 1357 ’

2402 1530 2653 1583 ΚΕΦΑΛ.
2690 1528 2764 1581 Γ.
2797 1528 2935 1597 Περὶ
2965 1526 3087 1580 τῶν
3110 1525 3559 1605 βαπτιζομένων
3590 1526 3827 1592 νηπίων
3854 1524 3977 1578 τῶν

3003 1597 3375 1650 Ἀγαοηνων.

3074 1617 3099 1665 γ
3108 1613 3351 1663 αρηνων
3360 1634 3375 1649 ο

2474 1692 2628 1745 Ἰδεῖν
2662 1686 2778 1741 ἐστι
2815 1690 2916 1742 κάν
2941 1688 3017 1758 τῷ
3072 1687 3227 1758 βαθεῖ
3271 1689 3449 1756 σκότῳ
3474 1688 3572 1754 τῆς
3600 1686 3711 1739 τῶν
3740 1686 3977 1755 Ἀγαρη-

2405 1784 2513 1835 νῶν
2546 1780 2863 1844 δυσσεϐείας
2906 1780 2966 1831 τὸ
3022 1780 3138 1845 φῶς
3178 1776 3563 1829 ὲνδυναστεῦον
3594 1777 3695 1845 τῆς
3724 1776 3975 1845 χάριτος,

726 1885 833 1923 ιιοη
880 1869 1280 1935 absconditam,
1332 1880 1428 1925 aut
1471 1873 1840 1937 exstinctam;
1882 1872 2142 1941 quoniam
2197 1886 2297 1925 nec

2405 1875 2493 1926 καὶ
2526 1873 2632 1926 ὐδιτὸ
2661 1872 2867 1938 ταύτης
2896 1870 2971 1939 μὴ
3003 1868 3560 1936 καταλαμϐανόμενον
3592 1868 3624 1936 ἢ
3675 1867 3976 1935 σϐεννύμε-

722 1960 1031 2017 inﬁdelibus
1092 1962 1277 2031 signa,
1335 1978 1428 2017 eos
1490 1963 1557 2015 ad
1625 1964 1866 2016 divinam
1928 1963 2295 2031 cognitionem

720 2053 1074 2120 perducentia
1106 2094 1121 2117 ,
1174 2053 1387 2107 invidit.
1436 2050 1605 2107 Moris
1646 2052 1816 2122 igitur
1858 2061 1941 2108 est
1995 2057 2135 2122 apud
2182 2054 2300 2123 ple-

721 2159 923 2213 rusque
969 2144 1369 2212 Agarenorum,
1423 2152 1484 2197 ut
1530 2143 1773 2198 infantes
1812 2160 1943 2199 suos
1987 2160 2095 2197 non
2148 2144 2299 2213 prius

722 2235 1145 2299 circumcidant,
1182 2250 1345 2305 quam
1400 2234 1696 2290 Christiani
1731 2237 2065 2297 sacerdotes.
2111 2237 2203 2304 qui
2233 2236 2302 2290 iis

724 2326 996 2382 tributarii
1020 2340 1170 2391 sunt,
1198 2328 1363 2381 etiam
1386 2327 1542 2380 inviti
1579 2341 1672 2380 eos
1699 2327 1974 2396 baptizare
2008 2337 2296 2396 cogantur.

724 2418 799 2472 De
834 2418 935 2471 hac
992 2418 1158 2483 igitur
1217 2434 1277 2472 re
1339 2427 1755 2473 controversum
1808 2427 1927 2473 erat
1962 2420 2030 2474 in
2087 2419 2301 2491 synodo

722 2509 1007 2573 Trullaua,
1030 2510 1381 2564 sanctissimo
1412 2509 1556 2564 Luca
1591 2512 1846 2565 thronum
1879 2509 2301 2581 patriarchaletn

726 2610 965 2662 tenente,
1027 2609 1207 2652 utrutn
1255 2599 1514 2654 nimirum
1562 2614 1660 2654 eos
1699 2605 1765 2654 ad
1818 2616 1996 2654 veram
2034 2599 2304 2655 Christia-

723 2706 918 2745 norum
948 2692 1110 2743 ﬁdem
1150 2691 1476 2745 accedentes
1503 2691 1873 2759 rebaptiza-re,
1908 2692 1995 2745 vel
2025 2706 2302 2761 unguento

722 2784 988 2837 duntaxat
1022 2783 1284 2851 inungere
1316 2790 1569 2851 oporteat
1597 2799 1610 2847 ;
1644 2791 1699 2837 et
1755 2783 2032 2837 decretum
2068 2781 2169 2835 fuit
2212 2798 2305 2834 eos

723 2877 841 2929 siue
887 2869 1259 2928 controversia
1326 2874 1741 2943 rebaptizandos
1797 2890 1961 2937 esse;
2024 2874 2306 2944 baptismo

721 2969 863 3019 enim
886 2980 995 3034 quo
1012 2965 1103 3018 leti
1123 2973 1302 3029 erant,
1334 2979 1439 3017 non
1463 2980 1525 3017 ex
1548 2965 1637 3032 pio
1657 2965 1926 3022 instituto.
1948 2964 2039 3017 sed
2062 2971 2120 3017 ut
2139 2981 2300 3018 vent--

726 3057 848 3111 ﬁcio
866 3066 919 3111 ct
937 3058 1343 3110 incantamenta
1362 3056 1446 3110 usi
1465 3065 1614 3121 sunt,
1642 3072 1709 3110 ne
1738 3056 2083 3111 circumcisis
2104 3067 2302 3125 ten-pe-

724 3159 1031 3202 rameutum
1086 3149 1333 3217 corporis
1374 3150 1688 3202 morbosum
1739 3161 1792 3201 et
1835 3148 2134 3202 maleoleus
2179 3162 2305 3199 eva-

724 3243 894 3295 deret.

798 3413 852 3464 ld
879 3414 1041 3465 etiam
1081 3411 1372 3479 qmesitum
1415 3410 1519 3463 fuit
1548 3426 1576 3462 a
1608 3408 1856 3461 llanuele
1889 3407 2161 3461 Heracleae
2191 3409 2296 3476 cpi-

728 3519 915 3567 scopo,
941 3518 1007 3555 an
1058 3519 1179 3561 eum
1222 3502 1314 3571 qui
1346 3518 1371 3553 ιι
1407 3516 1513 3554 non
1545 3501 1823 3563 ordinato,
1857 3501 1949 3553 sed
1997 3500 2305 3553 ordinatum

728 3597 1017 3650 simulante
1053 3596 1357 3664 baptizatus
1408 3593 1609 3657 fuerat,
1649 3604 1707 3645 ut
1766 3591 1978 3645 ﬁdelem
2029 3590 2307 3659 suscipere

733 3696 984 3756 oporteat
1033 3688 1159 3751 (hoc
1207 3684 1368 3737 etiam
1419 3693 1547 3736 tunc.
1596 3681 1859 3750 temporis
1928 3681 1979 3731 iu
2025 3680 2144 3747 ejus
2178 3692 2305 3746 pro-

732 3778 909 3832 vincia
954 3777 1293 3841 accidebat);
1328 3783 1382 3828 et
1419 3774 1659 3827 decrevit
1707 3772 1970 3843 synodus.
2003 3786 2097 3825 eos
2138 3769 2302 3823 etiam

734 3868 1151 3936 rebaptizandos
1202 3880 1346 3919 esse.
1402 3864 1692 3929 Quoniam,
1752 3861 1948 3930 inquit,
2002 3862 2302 3915 secundum

733 3974 971 4014 canones
1022 3967 1201 4027 apest.
1230 3958 1298 4011 46
1344 3967 1395 4009 et
1426 3956 1517 4017 47,
1565 3955 1699 4008 solis
1725 3954 1998 4022 episcopis
2031 3960 2085 4005 et
2119 3966 2300 4006 sacer-

732 4052 952 4104 dotibus
973 4049 1313 4105 sacrosancti
1333 4047 1589 4117 baptismi
1618 4044 2020 4100 administratio
2040 4058 2303 4099 concessa

733 4154 875 4197 erat.
910 4143 1052 4207 Quin
1083 4152 1137 4196 et
1168 4144 1273 4195 hoc
1318 4141 1524 4194 clarqu
1575 4148 1659 4193 cst
1701 4154 1764 4191 ex
1801 4137 2105 4191 canonibus
2146 4134 2217 4189 9.6
2253 4146 2307 4188 et

735 4238 804 4292 46
836 4237 1026 4307 synodi
1064 4235 1402 4298 Laotlicenm,
1456 4234 1628 4285 altero
1675 4231 1894 4300 quidem
1938 4230 2164 4297 iubente
2212 4245 2305 4284 eos

736 4346 843 4383 non
877 4329 1131 4397 adjurare
1176 4326 1271 4395 qui
1316 4327 1385 4379 ah
1431 4326 1685 4394 episcopo
1730 4322 1965 4392 promoti
2011 4333 2304 4388 noutsuut,

737 4421 907 4473 altero
970 4429 1152 4473 autem
1213 4417 1602 4471 illuminandos
1679 4415 1840 4469 ﬁdem
1915 4416 2187 4485 episcopis
2251 4426 2305 4468 et

2398 1982 2488 2017 νον
2508 1982 2523 1996 ·
2550 1963 2675 2017 ἐπεὶ
2696 1962 2806 2015 τῶν
2831 1960 3073 2030 σημείων
3092 1960 3214 2012 οὐδὲ
3240 1962 3354 2019 τοῖς
3382 1960 3632 2021 ἀπίστοις
3652 1957 3975 2027 ἐφθόνησεν,

2398 2057 2667 2126 ὲνάγουσα
2717 2054 2941 2117 τούτους
2987 2054 3124 2122 πρὸς
3153 2051 3252 2121 τὴν
3281 2050 3433 2103 θείαν
3468 2050 3788 2117 ἐπίγνωσιν,
3816 2048 3977 2110 Ἔθος

2400 2148 2532 2216 γοῦν
2552 2148 2669 2199 ἐστι
2699 2145 2806 2197 τῶν
2838 2142 3158 2213 Ἀγαρηνῶν
3196 2143 3309 2203 τοῖς
3336 2140 3632 2201 πλείστοις,
3666 2142 3742 2209 μὴ
3772 2138 3980 2207 πρότε-

2404 2255 2495 2309 ρον
2524 2238 2591 2290 τὰ
2621 2236 2857 2305 σφέτερα
2892 2232 3241 2303 περιτέμνειν
3286 2229 3482 2299 βρέφη,
3518 2230 3648 2297 πρὶν
3673 2228 3742 2280 ἂν
3776 2228 3826 2278 οἱ
3850 2227 3981 2277 ὐπο-

2400 2331 2573 2391 τελεῖς
2626 2327 2781 2389 ὄντες
2835 2325 3018 2385 αὐτοῖς
3070 2323 3177 2375 τῶν
3231 2320 3576 2390 Χριστιανῶν
3635 2319 3825 2386 ἱερεῖς,
3883 2318 3980 2367 καὶ

2402 2424 2626 2483 ἄκοντες
2655 2416 3043 2485 ἀναγκασθῶσι
3066 2414 3235 2466 ταῦτα
3261 2412 3542 2482 βαπτίσαι.
3575 2408 3851 2477 Ἕζητήθη
3869 2405 3979 2458 τοί-

2404 2535 2501 2570 νυν
2530 2518 2598 2570 τὰ
2656 2518 2784 2584 περὶ
2835 2517 3028 2566 τούτου
3073 2514 3132 2575 ὲν
3176 2514 3242 2583 τῇ
3268 2510 3410 2564 κατὰ
3449 2509 3547 2579 τὴν
3577 2505 3981 2576 βασιλεύουσαν

2407 2610 2631 2679 συνόδῳ,
2661 2608 2844 2661 Λουκᾶ
2869 2606 2963 2658 τοῦ
2988 2604 3134 2674 ίεροῦ
3155 2605 3245 2656 τὸν
3273 2599 3677 2670 πατριαρχικδν
3705 2596 3982 2656 ίθύνοντος

2406 2702 2616 2771 θρόνον,
2652 2701 2700 2752 εί
2738 2700 2816 2751 δεῖ
2840 2698 2964 2758 τοὺς
2988 2695 3283 2754 τοιούτους,
3311 2695 3380 2760 τῇ
3421 2689 3648 2757 ἀληθινῇ
3699 2688 3809 2738 τῶν
3841 2687 3981 2754 Χρι-

2409 2792 2642 2845 στιανῶν
2697 2790 2881 2842 πίστει
2930 2784 3426 2856 προσερχομένους,
3479 2779 3897 2841 ἁναϐαπτὶζειν,
3945 2777 3978 2842 ἢ

2413 2885 2571 2955 μόνον
2600 2882 2774 2952 χρίειν
2808 2879 2883 2942 τῷ
2920 2876 3097 2947 μύρῳ,
3120 2876 3214 2927 καὶ
3239 2873 3531 2941 ἐψηφίσθη,
3564 2869 3783 2930 τούτους
3819 2869 3922 2918 ἀνα
3941 2893 3983 2913 κ-

2409 2973 2685 3044 τιρῤήτως
2712 2968 2865 3030 αὖθις
2916 2965 3197 3034 βαπτίζειν
3218 2983 3231 2995 °
3264 2966 3399 3032 ὅπερ
3429 2964 3535 3031 γὰρ
3567 2961 3857 3012 ἐλούσαντο
3884 2958 3981 3025 βά-

2412 3064 2722 3133 πτισμα,ού
2758 3063 2897 3113 κατὰ
2931 3059 3130 3111 σκοπὸν
3159 3057 3380 3123 εὐσεϐῆ,
3413 3054 3525 3106 ἀλλ’
3558 3054 3631 3114 ὡς
3658 3052 3983 3121 φαρμακείᾳ⁵

2411 3157 2443 3223 ἦ
2477 3154 2721 3222 ὲπαοιδία
2756 3154 2859 3205 τινὶ
2881 3151 3052 3217 τούτῳ
3078 3152 3380 3220 ἐχρήσαντο
3404 3164 3415 3176 ·
3450 3145 3532 3213 ἐφ’
3563 3140 3608 3211 ᾧ
3632 3146 3707 3213 μὴ
3740 3144 3983 3208 νοσώδης

2364 3233 2381 3248 ’
2413 3248 2444 3316 ἦ
2472 3247 2712 3314 δυσώδης
2741 3248 2773 3312 ἡ
2812 3246 3007 3311 κρᾶσις
3037 3242 3145 3293 τῶν
3180 3240 3445 3309 σωμάτων
3487 3240 3599 3299 τοῖς
3635 3235 3985 3306 περιτμηθη-

2412 3338 2659 3404 σομένοις
2696 3336 3003 3402 γενήσεται.

2493 3426 2757 3496 Ἑζητήθη
2811 3425 2905 3477 καλ⁸
2962 3423 3156 3486 τοῦτο,
3197 3422 3288 3473 τοῦ
3338 3419 3665 3489 Ἡρακλείας
3715 3418 3983 3487 ἐρομένου

2408 3495 2683 3586 Μανουῆλ,
2730 3520 2778 3568 εἰ
2826 3518 2929 3585 χρὴ
2968 3515 3220 3583 δέχεσθαι
3272 3514 3345 3575 ὡς
3394 3512 3602 3571 πιστὸν.
3656 3511 3715 3562 ὃν
3765 3495 3982 3578 ἀνίερος

2407 3610 2690 3667 ὲϐἀπτισε,
2718 3608 2778 3659 τὸ
2824 3606 3072 3674 ἱερᾶσθαι
3122 3604 3463 3671 πλασάμενος
3508 3602 3687 3671 (τοῦτο
3742 3602 3857 3669 γὰρ
3892 3601 3982 3651 ἐπὶ

2408 3698 2503 3765 τῆς
2524 3699 2733 3766 ἐνορίας
2760 3695 2923 3747 αὐτοῦ
2947 3693 3243 3760 τηνικαῦτα
3268 3691 3518 3759 συνέϐη),
3550 3693 3643 3742 καὶ
3672 3690 3982 3756 ἑψηφίσατο

2410 3792 2438 3856 ἡ
2482 3789 2699 3851 σύνοδος
2748 3788 2840 3840 καὶ
2865 3788 3085 3847 τούτους
3121 3782 3604 3845 ἁναϐαπτίζεσθαι.
3661 3780 3821 3833 Ἐπεὶ
3851 3781 3979 3846 γὰρ,

2408 3882 2565 3950 φησὶ,
2593 3880 2734 3933 κατὰ
2756 3879 2879 3942 τοὺς
2919 3879 3101 3947 ἱεροὺς
3126 3876 3232 3928 τῶν
3267 3876 3579 3927 ἀποστόλων
3612 3874 3869 3933 κανόνας,
3890 3870 3981 3921 τὸν

2410 3980 2505 4041 μετ’
2539 3973 2633 4024 καὶ
2658 3970 2764 4041 μζ,
2802 3970 2983 4038 μόνοις
3019 3968 3336 4028 ἐπισκόποις
3368 3966 3523 4034 ἐδόθη
3549 3965 3641 4017 καὶ
3665 3963 3907 4031 ῖερεῦσιν
3947 3962 3981 4027 ἡ

2406 4064 2498 4118 τοῦ
2531 4064 2684 4131 ἁγίου
2742 4060 3116 4131 βαπτίσματος
3168 4058 3392 4126 τελετή·
3421 4056 3699 4108 δείκνυται
3727 4054 3785 4105 δὲ
3820 4054 3981 4105 τοῦτο

2408 4155 2499 4208 καὶ
2526 4157 2591 4208 ὲκ
2625 4153 2717 4206 τοῦ
2752 4150 2843 4215 κς’
2868 4150 2964 4202 καὶ
3013 4148 3110 4218 μς¹
3141 4147 3242 4216 τῆς
3293 4149 3351 4198 ὲν
3409 4145 3698 4213 Λαοδικείᾳ
3732 4143 3978 4203 συνόδου,

2405 4244 2498 4298 τοῦ
2537 4245 2637 4314 μὲν
2696 4242 2771 4312 μὴ
2816 4239 3126 4311 ἐφορκίζειν
3162 4240 3289 4300 τοὺς
3344 4237 3430 4307 μῆ
3459 4235 3835 4305 προαχθέντας
3873 4236 3983 4287 ὑπὸ

2408 4336 2723 4390 ἐπισκόπων
2768 4334 3099 4395 κελεύοντος,
3151 4331 3244 4382 τοῦ
3272 4329 3350 4394 δὲ,
3407 4331 3532 4389 τοὺς
3576 4327 3981 4396 φωτιζομένους

2408 4425 2506 4496 τὴν
2535 4424 2718 4476 πίστιν
2755 4422 3116 4489 ἀπαγγέλλειν
3141 4422 3251 4481 τοῖς
3289 4419 3608 4478 ἐπισκόποις
3656 4417 3690 4485 ἢ
3725 4417 3979 4486 πρεσϐυ-

736 4509 1069 4579 presbyteris
1124 4508 1380 4561 recitare.
1444 4507 1616 4560 Porro
1656 4505 1900 4575 praedicti
1955 4520 2195 4560 canones
2252 4520 2300 4559 vI

2409 4518 2616 4585 τέροις’
2645 4516 2706 4567 οὐ
2736 4517 2841 4584 μὴν
2871 4512 3006 4566 ἀλλὰ
3047 4511 3140 4563 καὶ
3171 4512 3220 4562 oi
3257 4509 3513 4580 ῥηθέντες
3540 4508 3638 4574 τῆς
3674 4504 3727 4569 ς’
3759 4506 3982 4558 συνόδου

737 4598 951 4670 synodi,
987 4608 1042 4652 et
1086 4596 1281 4667 synodi
1325 4594 1801 4663 Carthaginensis,
1836 4609 1934 4650 eos
1990 4595 2057 4650 de
2103 4594 2305 4664 quibus

737 4692 1021 4745 dubitatur
1091 4704 1158 4744 au
1223 4687 1478 4757 baptizati
1540 4685 1765 4746 tulerint.
1833 4699 2040 4748 necne,
2099 4686 2308 4753 absque

740 4784 920 4852 aliqua
958 4781 1277 4834 diﬁicultate
1311 4778 1593 4848 baptizare
1629 4776 1808 4845 jubet.
1863 4776 1980 4831 Non
2030 4776 2174 4830 enim
2228 4776 2308 4830 fas

739 4890 838 4930 nec
879 4880 1051 4926 tutum
1099 4881 1236 4929 erat.
1283 4880 1343 4923 ιιι
1378 4869 1684 4937 baptizatus
1722 4867 1791 4920 ab
1831 4866 2018 4936 aliquo
2044 4867 2137 4936 qui
2172 4866 2306 4935 bap-

737 4964 963 5027 tizandi,
988 4974 1043 5017 et
1072 4977 1165 5031 per
1193 4961 1521 5028 baptismum
1547 4968 1892 5028 peccatorum
1923 4958 2304 5013 remissionem

736 5053 1032 5124 elargiendi
1074 5051 1370 5120 potentiam
1414 5065 1521 5104 non
1552 5050 1823 5119 acceperit
1860 5049 2104 5116 (etenim
2132 5048 2308 5117 bapti-

737 5163 889 5202 smus
910 5157 1252 5214 peccatorum
1282 5144 1473 5197 sordes
1503 5141 1679 5210 eluit),
1706 5142 1892 5196 divino
1921 5141 2159 5195 ﬁdelium
2181 5141 2311 5195 cho-

737 5258 802 5296 ιο
847 5242 1250 5311 adjungerelur.
1284 5237 1596 5292 Periculum
1629 5235 1774 5289 enim
1808 5250 1913 5288 non
1946 5250 2171 5303 parvum
2202 5244 2303 5297 est,

739 5347 805 5385 ne
833 5339 1051 5400 propter
1078 5328 1394 5398 hujusmodi
1419 5326 1812 5381 dubitationem
1838 5324 1944 5395 43
1980 5325 2304 5378 lustratione

738 5422 906 5475 divini
964 5420 1222 5487 baptismi
1267 5419 1533 5487 privetur,
1580 5426 1631 5469 et
1696 5431 1795 5470 nos
1827 5430 1952 5469 cum
1985 5431 2094 5468 non
2129 5416 2304 5481 bapti-

737 5521 859 5568 zato
896 5514 1053 5567 tacite
1087 5510 1582 5565 communicemus.
1618 5508 1675 5561 Si
1708 5506 1835 5575 quis
1858 5517 2041 5560 autem
2071 5506 2303 5561 ulterius

734 5605 901 5666 dicat,
957 5603 1103 5671 quod
1161 5611 1378 5671 propter
1426 5614 1614 5669 preces
1662 5614 1691 5651 a
1751 5597 1891 5652 laico
1957 5597 2194 5660 habitas,
2250 5609 2303 5652 et

737 5707 958 5765 propter
996 5693 1174 5749 sancti
1209 5694 1465 5761 unguenti
1497 5691 1763 5751 chrisma.
1791 5689 2096 5757 baptismus
2128 5706 2156 5742 a
2194 5706 2299 5742 nun

736 5787 987 5840 ordinato
1019 5788 1178 5840 datus
1229 5801 1390 5839 verus
1441 5783 1748 5852 baptismus
1797 5782 2036 5848 reputari
2074 5781 2289 5847 debeat,

736 5878 856 5947 pari
890 5880 1102 5933 ratione
1129 5878 1308 5933 dicere
1337 5885 1533 5946 potest,
1567 5876 1710 5945 quod
1753 5873 1788 5925 ii
1826 5873 1917 5941 qui
1948 5888 1975 5926 a
2008 5889 2116 5927 non
2153 5874 2299 5927 ordi-

2412 4606 2505 4658 καὶ
2537 4608 2632 4671 τῆς
2664 4607 2721 4657 ἐν
2763 4602 3116 4673 Καρθαγένῃ,
3158 4602 3282 4662 τοὺς
3333 4597 3649 4667 ἀμφιϐόλως
3674 4595 3902 4665 ἔχοντας
3932 4600 3983 4647 εί

2410 4696 2798 4759 ἐϐαπτίσαντο,
2839 4692 3070 4763 ἀμελητὶ
3096 4691 3384 4760 βαπτίζειν
3411 4687 3868 4755 προστάττουσιν.
3906 4688 3983 4739 Οὐ

2414 4788 2522 4857 μὴν
2548 4782 2615 4857 ἧν
2659 4787 2804 4838 ὅσιον
2834 4785 2955 4837 οὐδὲ
2989 4782 3250 4850 ἀσφαλὲς,
3288 4783 3377 4832 τὸν
3426 4778 3797 4848 βαπτισῧέντα
3832 4781 3984 4844 παρὰ

2410 4875 2503 4927 τοῦ
2550 4875 2623 4943 μὴ
2682 4874 2936 4935 λαϐόντος
2988 4873 3237 4935 ἐξουσίαν
3278 4869 3577 4937 βαπτίζειν,
3638 4870 3728 4919 καὶ
3768 4868 3858 4919 διὰ
3887 4867 3983 4919 τοῦ

2413 4966 2785 5037 βαπτίσματος
2801 4966 2995 5032 ἄφεσιν
3016 4963 3216 5015 διδόναι
3245 4961 3694 5029 ἁμαρτημάτων(
3713 4960 3986 5027 ῥυπτικὸν

2410 5059 2518 5127 γὰρ
2547 5055 2751 5109 τούτοιν
2784 5058 2844 5107 τὺ
2875 5053 3161 5123 βάπτισμα
3181 5058 3219 5121 ).
3248 5051 3323 5119 τῷ
3352 5051 3481 5119 θείῳ
3512 5051 3621 5103 τῶν
3648 5050 3860 5101 πιστῶν
3885 5068 3985 5102 κα·

2409 5146 2655 5213 ταλέγειν
2705 5143 2882 5214 χορῷ·
2920 5144 2980 5194 οὐ
3016 5142 3210 5210 μικρὸς
3262 5140 3371 5210 γὰρ
3396 5142 3424 5192 ό
3469 5141 3735 5202 κίνδυνος,
3768 5142 3984 5209 μήποτε

2411 5238 2562 5303 παρὰ
2586 5233 2676 5285 τὸν
2705 5232 2947 5285 τοιοῦτον
2991 5232 3312 5297 δισταγμὸν,
3348 5230 3508 5291 αὐτὸς
3537 5230 3632 5297 μὲν
3656 5229 3755 5297 τῆς
3790 5231 3856 5281 ἐκ
3889 5230 3981 5282 τοῦ

2410 5328 2565 5394 ἁγίου
2627 5326 3011 5395 βαπτίσματος.
3058 5322 3379 5390 καθάρσεως
3421 5321 3683 5388 στερηθῇ,
3736 5322 3902 5388 ἡμεῖς
3930 5321 3986 5373 δὲ

2407 5418 2728 5487 ἁϐαπτίστῳ
2748 5417 2999 5485 λάθωμεν
3018 5413 3416 5475 κοινωνοῦντες.
3451 5413 3515 5466 Et
3533 5413 3589 5464 δέ
3608 5429 3689 5474 τις
3716 5415 3992 5466 ὲνίσταιτο

2409 5512 2605 5575 λέγων,
2645 5510 2733 5562 διὰ
2791 5508 2887 5569 τὰς
2917 5506 3207 5575 γινομένας
3254 5504 3403 5573 παρὰ
3448 5502 3543 5555 τοῦ
3568 5502 3761 5555 λαῖκοῦ
3791 5504 3984 5572 εὐχὰς,

2408 5604 2499 5655 καὶ
2530 5602 2628 5672 τὴν
2657 5599 2834 5671 χρίσιν
2867 5599 2962 5652 τοῦ
3014 5597 3171 5665 ἁγίου
3200 5595 3395 5665 μύρου,
3449 5594 3644 5662 ἀληθὲς
3680 5594 3884 5662 χρῆναι
3912 5595 3972 5646 τὸ

2409 5695 2546 5759 πρὸς
2573 5693 2666 5745 τοῦ
2698 5694 2916 5762 ἀνιέρου
2974 5691 3250 5759 διδόμενον
3304 5685 3617 5754 λογίζεσθαι
3674 5684 3988 5763 βάπτισμα⁹

2405 5784 2576 5845 οὓτως
2607 5786 2673 5838 ἂν
2697 5784 2865 5855 φήσαι
2892 5786 2984 5835 καὶ
3016 5783 3140 5843 τοὺς
3165 5777 3637 5849 χειροτονηθέντας
3672 5776 3808 5845 πρός
3837 5794 3981 5840 τινος

2405 5877 2624 5951 ἀνιέρου
2656 5877 2748 5930 καὶ
2778 5877 2867 5928 τὸν
2894 5875 3190 5927 ἐπίσκοπον
3213 5870 3661 5941 ύποκρινομένου,
3691 5871 3802 5923 δ;ῖν
3828 5868 3969 5923 εἶναι
