4184 6444
236 390 377 454 1109

1176 397 1575 458 ΞΥΝΤΑΟΜᾹ
1614 396 2234 458 ALPHABETICUM.
2274 421 2338 431 --
2380 398 2448 456 B.

3331 392 3462 456 tuo

226 500 519 569 κληρικοὺς
576 501 668 552 καὶ
709 503 847 571 μετὰ
900 503 957 554 τὺ
986 504 1338 574 φωραθηναι·
1381 507 1518 574 ὅπερ
1570 507 1789 568 ἄτοπον,

1896 536 2047 591 nato,
2081 527 2319 593 seipsum
2366 530 2549 576 autem
2594 523 2912 590 episcopum
2964 534 3091 576 esse
3141 521 3460 583 simulantc,

224 591 363 642 ἀλλὰ
386 593 476 644 καὶ
499 591 817 645 ὑπεναντίον
844 588 918 661 τῷ
951 594 992 647 δ’
1022 597 1206 649 κανόνι
1233 596 1333 665 τῆς
1368 596 1410 665 β’
1444 598 1689 656 συνόδου,
1714 597 1791 665 τῷ

222 682 358 750 περὶ
391 682 645 750 Μαξίμου
670 682 764 735 τοῦ
788 684 1010 737 κυνικοῦ
1050 685 1473 754 διααττομένῳ,
1527 688 1664 754 μήτε
1693 687 1787 739 αύ-

225 771 315 825 τδν
342 772 593 839 γενέσθαι
617 772 648 842 ἢ
675 769 813 826 εἶναι
855 773 1173 835 ἐπίσκοπον,
1207 775 1297 827 καὶ⁵
1344 776 1468 838 τοὺς
1500 775 1589 828 ὑπ’
1625 775 1788 827 αὐτοῦ

220 863 703 931 χειροτονηθέντας
752 864 917 933 μηδὲν
965 863 1126 916 πλέον
1171 864 1417 917 ἐντεῦθεν
1465 866 1789 930 ἀπόνασθαι,

220 956 441 1005 πάντων
468 954 869 1019 ἁκυρωθέντων
906 948 981 1008 ὦν
1015 954 1270 1022 ὰθέσμως
1313 957 1519 1017 ἐκεῖνος
1543 955 1787 1025 ἔδρασεν.

223 1043 353 1096 Ἔτι
386 1045 492 1115 μὴν
519 1046 615 1096 καὶ
638 1045 718 1112 τῷ
740 1053 809 1116 ιη’
833 1046 928 1113 τῆς
959 1047 1017 1098 ἐν
1035 1040 1299 1117 Σαρδικῇ,
1323 1050 1449 1109 τοὺς
1472 1051 1621 1118 παρὰ
1646 1049 1790 1101 Μου-

221 1134 379 1186 σαίου
404 1137 496 1191 καὶ
514 1136 840 1204 Εὑτυχιανοῦ
862 1139 1089 1208 ἀνιέρων
1108 1137 1276 1191 ὄντων
1293 1138 1788 1208 χειροτονηθέντας.

216 1226 317 1279 τοῦ
342 1227 544 1296 κλήρου
575 1228 775 1291 τελέως
803 1229 1138 1295 ἐκϐάλλοντι,
1166 1231 1260 1281 καὶ
1292 1231 1373 1293 είς
1400 1230 1499 1299 τὴν
1533 1228 1645 1281 τῶν
1677 1230 1788 1282 λαῖ-

219 1317 337 1370 κῶν
370 1318 657 1385 κατάγοντι
682 1317 883 1388 χώραν.
921 1321 1133 1390 Ὠσπερ
1159 1315 1253 1372 οὖν
1284 1321 1481 1373 ἐκεῖνοι
1511 1320 1789 1388 ἀχειροτό-

214 1425 395 1474 νητοι,
434 1408 576 1461 οὕτω
622 1410 714 1460 καὶ
762 1407 909 1463 οὗτοι
960 1411 1284 1466 ἀσάππιστοι
1343 1412 1786 1481 λογισθήσονται·

217 1498 319 1549 καὶ
347 1497 534 1566 ὥσπερ
589 1500 637 1549 oi
690 1499 800 1550 τῶν
828 1500 1147 1569 Ἀγαρηνῶν
1178 1501 1567 1569 βαπτιζόμενοι
1601 1500 1787 1562 παῖδὲς

214 1587 302 1653 τῷ
338 1587 414 1655 μὴ
444 1588 706 1652 δυσωδίας
736 1591 978 1654 ἀπόζειν,
1007 1592 1324 1660 Χριστιανοὶ
1373 1594 1433 1643 οὐ
1461 1593 1786 1659 λογίζονται,

215 1676 397 1738 οὕτως
428 1678 546 1729 οὐδὲ
573 1680 620 1730 oi
680 1681 837 1749 μύρῳ
887 1681 1163 1750 χριόμενοι
1226 1682 1360 1751 πρὸς
1394 1683 1503 1734 τῶν
1534 1683 1787 1751 ἀνιέρων,

214 1769 309 1821 ὅτι
335 1768 467 1836 μηδὲ
494 1768 700 1821 δέδοται
732 1771 842 1832 τοῖς
868 1771 1131 1834 τοιούτοις
1158 1774 1434 1841 ἁγιασμού
1481 1790 1626 1833 τινος
1652 1773 1787 1837 ὅλως

219 1860 585 1929 μεταδιδόναι.
618 1841 681 1913 ἐξ
714 1860 770 1912 δέ
794 1877 877 1922 τις
914 1862 1280 1931 ἀνθυποφέρει
1308 1866 1366 1916 τὸ
1394 1865 1541 1933 παρὰ
1566 1864 1658 1917 τού
1689 1881 1781 1931 με·
1818 1869 1858 1922 Β

214 1949 390 2015 γάλου
419 1947 762 2010 Ἀθανασίου,
792 1949 870 2002 ἔτι
898 1951 1085 2013 παιδος
1139 1953 1313 2016 ὄντος,
1349 1954 1594 2021 γεγονὸς.
1614 1957 1788 2031 ’ἐνθυι

218 2039 457 2108 μηθήτω
486 2039 577 2093 τὸν
597 2040 922 2104 θεσπίζοντα
951 2044 1225 2096 πολιτικὸν
1246 2046 1428 2114 νόμον,
1451 2049 1529 2100 ὃτι
1552 2047 1615 2098 το
1642 2048 1789 2115 παρὰ

216 2130 453 2191 κανόνας
498 2131 595 2199 οὐχ
656 2131 872 2183 ἕλκεται
902 2134 980 2195 είς
1035 2135 1362 2203 ὑπόδειγμα,
1399 2138 1492 2189 καὶ
1517 2137 1577 2189 ού
1628 2138 1787 2205 νόμος

228 2219 560 2290 Ἐκκλησίας
592 2220 651 2272 τ’)
687 2223 933 2275 σπάνιον.

217 2610 473 2666 ΚΕΦΑΔ.
501 2610 568 2666 Δ’.
593 2614 726 2679 Περὶ
755 2612 871 2665 τῶν
884 2610 1335 2681 ﬂatura/terter
1359 2612 1428 2675 ἐξ
1453 2610 1779 2666 Ἰουδαίων.

294 2704 428 2772 Περὶ
446 2705 501 2756 δέ
524 2721 585 2770 γε
635 2704 726 2756 τοῦ
757 2704 1232 2774 σκληροτραχήλου
1282 2706 1375 2756 καὶ
1408 2704 1783 2773 ἁπεριτμήτου

212 2797 284 2864 τῇ
314 2795 509 2865 καρδίᾳ
538 2794 723 2861 γένους
750 2798 856 2847 τῶν
876 2795 1167 2860 Ἰουδαίων,
1196 2795 1368 2856 οὕτως
1397 2797 1425 2848 ό
1449 2796 1546 2862 τῆς
1592 2791 1636 2858 ζ’
1658 2810 1785 2845 συν-

212 2883 340 2934 όδου
375 2888 424 2948 η’
441 2882 700 2949 γινώσκει
727 2882 927 2936 κανών.
965 2882 1025 2935 Ei
1056 2883 1165 2951 γάρ
1193 2901 1276 2947 τις
1313 2883 1513 2947 αὐτῶν,
1545 2882 1699 2951 φησὶ,
1725 2882 1786 2945 ὲξ

214 2970 545 3039 εἰλικρινοῦς
573 2971 795 3039 καρδίας
822 2971 890 3023 τὰ
919 2972 1260 3039 Χριστιανῶν
1309 2971 1502 3031 ἕλοιτο,
1533 2970 1626 3022 καὶ
1653 2971 1785 3039 ήμῖν

217 3062 282 3125 ἐξ
311 3062 439 3130 ὅλης
458 3061 681 3130 καρδίας
708 3061 1087 3131 ὁμολογήσειε,
1115 3060 1466 3131 θριαμϐεύων
1493 3061 1595 3112 ὅσα
1616 3060 1785 3127 πρᾶτ-

215 3169 337 3204 τειν
395 3152 471 3220 τῷ
519 3152 628 3205 τῶν
676 3151 942 3220 Ἐϐραίων
991 3153 1222 3204 είθισται
1276 3152 1442 3218 γένει,
1502 3151 1587 3243 ξφ*
1618 3144 1663 3217 ᾧ
1692 3150 1784 3202 καὶ⁵
1810 3188 1852 3243 C

217 3245 442 3311 ἐτέρους
496 3243 820 3313 ἔλεγχθῆναι
870 3245 966 3296 καὶ
1023 3242 1425 3311 διορθωθῆναι,
1479 3233 1636 3303 οὗτος
1690 3241 1784 3293 καὶ

217 3334 631 3405 προσδεχθήτω,
659 3335 752 3386 καὶ
772 3333 866 3385 τοῦ
902 3333 1047 3385 θείου
1070 3332 1353 3401 ἀξιωθήτω
1389 3330 1780 3400 βαπτίσματος,

217 3425 357 3496 πρὸς
386 3424 441 3476 δὲ
475 3425 568 3476 καὶ
594 3426 643 3476 οἱ
692 3424 857 3476 αὑτοῦ
888 3424 1074 3485 παῖδες
1095 3440 1107 3452 ο
1139 3425 1231 3474 καὶ
1256 3421 1637 3487 ἁσφαλιξέσθω
1675 3421 1783 3474 τῶν

138 3552 155 3556 η
228 3515 538 3568 Ἰουδαϊκῶν
564 3514 1012 3583 ἐπιτηδευμάτων
1036 3512 1467 3566 ἁποδιίστασθαι.
1524 3512 1587 3563 Ei
1615 3512 1671 3563 δὲ
1710 3512 1784 3578 μή

214 3607 362 3659 οὕτω
390 3604 637 3674 φρονοίη,
669 3606 805 3674 μηδὲ
826 3606 895 3658 δι’
928 3606 1058 3657 αὑτὸ
1084 3606 1145 3657 τὸ
1176 3605 1338 3657 καλὸν
1362 3605 1453 3656 τὸν
1475 3606 1784 3671 Χριστιανιο

218 3698 360 3765 σμδν
397 3699 621 3765 αἱροῖτο,
684 3696 799 3748 ἀλλ’
860 3697 893 3766 ἧ
950 3712 1102 3759 τινας
1156 3696 1475 3765 βουλόμενος
1528 3695 1785 3761 ἐκφυγεῖν

217 3787 485 3853 ἐπηρείας
544 3785 577 3857 ἢ
602 3786 760 3855 δόξης
789 3787 1080 3855 ἐπικαίρου
1105 3788 1198 3838 καὶ
1231 3786 1581 3854 ἀνθρωπίνης
1610 3785 1787 3836 εὐδαι-

220 3877 412 3945 μονίας
440 3877 601 3938 ἁλοὺς
634 3877 817 3943 ἔρωτι,
852 3880 919 3947 τῇ
952 3878 1130 3931 πίστει
1164 3878 1458 3942 σκήπτοιτο
1483 3876 1783 3946 προσιέναι,

216 3968 394 4030 τόνγε
436 3966 502 4034 δὴ
548 3965 786 4018 τοιοῦτον
824 3967 1105 4035 βαπτίζειν
1152 3969 1251 4021 οὑκ
1282 3966 1583 4035 ζεπιτρέπιει.
1625 3966 1687 4018 Εἰ
1720 3967 1779 4018 δὲ

218 4058 315 4109 καὶ
341 4056 487 4108 οὓτω
513 4054 734 4125 γνώμης
759 4055 971 4127 ἔχοντες
994 4056 1183 4109 ἔλαθόν
1205 4072 1346 4117 τινες
1366 4055 1782 4123 βαπτισάμενοι,

217 4146 317 4198 καὶ
346 4144 731 4214 ὑποκρίνονται
770 4145 868 4214 μὲν
896 4147 963 4198 τὰ
985 4145 1342 4215 Χριστιανῶν,
1379 4145 1562 4215 κρύφα
1600 4146 1654 4197 δὲ
1677 4146 1787 4197 τῶν

230 4236 545 4289 Ἰουδαϊκῶν
578 4236 719 4289 ἐθῶν
746 4238 840 4289 καὶ
864 4238 1300 4305 παρατηρήσεων
1334 4236 1632 4304 φωραθεῖεν
1667 4236 1786 4304 ἐχό-

219 4342 398 4394 μενοι,
439 4326 577 4394 μήτε
607 4328 687 4386 εἰς
737 4326 1031 4394 ἐκκλησίαν
1079 4326 1366 4379 εἰσίτωσαν
1395 4365 1411 4389 ,
1445 4327 1597 4394 φησὶ,
1648 4327 1785 4393 μήτε

214 4416 554 4485 οἱασδήτινος
584 4415 954 4479 ἀξιούσθωσαν
992 4416 1297 4476 κοινωνίας,
1336 4416 1469 4483 μηδὲ
1512 4416 1562 4467 oi
1599 4418 1785 4477 παῖδες

1898 618 2243 675 ordinantur.
2313 613 2499 668 clerici
2562 626 2683 667 esse
2736 612 2956 675 debent,
3022 621 3307 681 postquam
3370 626 3464 665 res

1897 708 2105 760 detecta
2143 705 2349 758 fuerit:
2389 705 2532 771 quod
2582 711 2665 757 est
2712 702 3035 765 absurdum,
3081 711 3136 757 et
3191 702 3388 757 cationi
3427 703 3463 757 ι

1898 812 2020 867 εἵη.
2054 812 2089 849 tt
2124 794 2455 849 contrarium
2484 811 2497 855 ;
2529 793 2620 862 qui
2650 792 2871 861 quidem
2899 793 2965 845 de
2991 791 3225 847 Maximo
3258 791 3463 861 Cynico

1898 888 2161 949 decernit,
2196 900 2317 939 eum
2349 900 2445 937 m-c
2481 884 2596 937 ﬁeri
2628 898 2729 938 nec
2777 897 2901 937 esse
2932 883 3292 955 episcOpttm;
3334 897 3463 937 eos-

1897 994 2004 1047 que
2051 977 2144 1045 qni
2198 977 2263 1029 ab
2320 991 2385 1029 eo
2439 975 2852 1038 Ordinabantur,
2905 972 3043 1027 nihil
3096 973 3222 1026 inde
3257 972 3460 1041 juvari.

1897 1069 2151 1122 omnibus
2176 1083 2296 1136 qua:
2325 1069 2440 1137 ipse
2472 1066 2698 1130 fecerat,
2747 1067 2921 1119 irritis
2968 1064 3149 1119 factis.
3180 1062 3381 1132 Utique
3406 1073 3458 1118 et

1900 1162 1966 1215 18
2004 1160 2197 1214 cationi
2259 1175 2378 1230 syn.
2431 1157 2642 1212 Sardic.
2710 1156 3099 1218 contrariatur.
3176 1171 3370 1211 omnes
3429 1170 3465 1210 a

1900 1252 2100 1304 Husmo
2146 1259 2199 1303 et
2233 1250 2593 1319 Eutychiano,
2622 1264 2725 1303 non
2775 1250 3062 1307 ordinatis.
3097 1248 3379 1302 ordinatos
3431 1260 3462 1300 a

1896 1341 2043 1394 clero
2097 1355 2322 1408 prorsus
2373 1339 2685 1408 expellenti.
2741 1349 2796 1393 ct
2856 1339 2912 1392 in
2960 1339 3138 1391 locum
3194 1337 3462 1391 lsicorunt

1896 1432 2180 1485 deducenti
2210 1448 2222 1489 :
2274 1431 2417 1483 sicut
2450 1432 2594 1483 enim
2631 1432 2708 1483 illi
2750 1445 2858 1482 non
2889 1428 3151 1491 ordinati,
3202 1427 3277 1479 ita
3324 1434 3378 1479 et
3406 1425 3462 1478 Ιιί

1899 1536 2002 1574 non
2070 1520 2322 1590 baptizati
2408 1521 2778 1574 habebuntur.
2862 1520 2927 1574 Et
3003 1517 3462 1587 quemadmodum

1895 1614 2264 1683 Agarcnorum
2301 1612 2536 1667 infantes
2562 1612 2820 1681 baptizati
2847 1620 2905 1665 ut
2930 1627 3039 1666 non
3064 1612 3204 1665 male
3229 1611 3462 1669 olerent.

1894 1708 2190 1761 Christiani
2229 1722 2335 1760 non
2370 1706 2710 1775 iudicantur,
2747 1706 2818 1758 ita
2856 1720 3032 1773 neque
3062 1705 3119 1766 ii.
3155 1704 3248 1771 qui
3290 1717 3321 1755 a
3352 1715 3460 1754 non

1894 1797 2161 1853 ordinatis
2195 1798 2493 1851 chrismate
2528 1796 2899 1865 inunguntur;
2936 1796 3062 1865 quia
3106 1795 3308 1848 talibus
3351 1805 3461 1845 non

1892 1898 1975 1943 est
2042 1874 2311 1941 indultum
2377 1887 2618 1955 aliquam
2674 1885 2901 1939 omnino
2970 1882 3459 1938 sanctilicationem

1893 1981 2240 2050 participare.
2301 1978 2453 2043 Quod
2515 1978 2560 2032 si
2625 1978 2917 2046 quisquam
2983 1977 3037 2028 in
3122 1973 3457 2026 contrarium

1892 2073 2143 2131 adducat.
2206 2069 2352 2139 quo’d
2414 2086 2442 2121 a
2503 2082 2713 2138 magno
2762 2068 3086 2128 Athanasio.
3144 2080 3271 2119 cum
3328 2079 3461 2132 puer

1890 2163 2067 2217 adhuc
2122 2170 2290 2224 esset.
2362 2158 2565 2213 factum
2630 2169 2768 2223 erat.
2838 2158 3083 2212 attendat
3156 2158 3222 2210 ad
3286 2156 3458 2224 legent

1890 2254 2107 2309 civilem
2152 2260 2506 2312 slatuentem,
2554 2250 2703 2319 quod
2733 2249 2940 2317 aliquid
2977 2258 3173 2317 prater
3219 2260 3459 2321 canones

1890 2345 2090 2398 factum
2121 2359 2226 2397 non
2262 2343 2496 2396 trahitur
2533 2344 2585 2394 in
2621 2342 2951 2409 exemplum,
2997 2350 3046 2393 et
3080 2340 3159 2391 lex
3204 2336 3459 2391 Ecclesia:

1891 2452 1994 2489 non
2026 2446 2106 2490 cst
2134 2436 2278 2504 quod
2310 2449 2430 2488 raro
2460 2434 2535 2487 lit.

1968 2606 2120 2660 CAP.
2154 2605 2242 2659 tv.
2282 2604 2355 2660 De
2389 2593 2458 2660 iis
2522 2607 2614 2674 qui
2648 2620 2714 2658 ex
2766 2605 2970 2658 ,ιιιιιιιςίσ
3026 2605 3389 2669 ιαμιίιαηιυτ.

1963 2699 2035 2752 De
2075 2698 2274 2753 Iudaeis
2324 2707 2530 2762 autem.
2560 2698 2711 2750 dura:
2759 2697 2987 2751 cervicis
3038 2706 3092 2749 et
3140 2696 3324 2750 cordis
3373 2696 3460 2748 in-

1886 2791 2196 2848 circumcisi
2228 2798 2411 2858 gente,
2456 2804 2579 2844 can.
2621 2790 2654 2842 8
2695 2803 2908 2859 syn.vn
2968 2788 3040 2842 ita
3087 2787 3333 2842 decernit
3365 2784 3458 2840 :Si

1886 2883 2033 2952 quis,
2093 2881 2294 2949 inquit,
2349 2896 2539 2935 eorum
2599 2896 2664 2934 ex
2726 2895 2865 2949 puro
2923 2880 3088 2934 corde
3136 2878 3457 2948 religionem

1885 2963 2250 3029 Christianam
2279 2974 2563 3041 amplexus
2606 2974 2700 3034 sit.
2743 2982 2797 3025 et
2829 2972 2990 3026 nobis
3029 2987 3095 3025 ex
3124 2979 3254 3031 toto
3293 2969 3459 3024 corde

1887 3059 2234 3124 conﬁteatur,
2288 3059 2357 3114 iis
2406 3074 2529 3129 qua:
2569 3060 2638 3114 ab
2686 3057 3041 3114 Hebraeorum
3091 3073 3290 3128 genere
3340 3058 3465 3113 ﬁeri

1886 3152 2061 3205 solent
2118 3151 2413 3215 insultans,
2447 3161 2506 3205 ut
2542 3161 2593 3206 et
2624 3151 2718 3205 alii
2761 3152 3161 3205 convincantur
3199 3159 3256 3203 et
3283 3150 3460 3204 corri-

1884 3250 2112 3312 gantur,
2142 3242 2265 3296 talis
2317 3242 2657 3309 suscipiatur
2698 3251 2752 3296 et
2807 3241 2994 3294 divino
3044 3240 3320 3309 baptismo
3376 3240 3460 3294 di-

1884 3348 2022 3402 gnus
2078 3334 2339 3387 habeatur
2385 3348 2508 3387 cum
2560 3333 2751 3387 liberis
2811 3332 2972 3397 suis;
3006 3338 3338 3400 maneatque
3389 3329 3459 3384 ab

1884 3423 2231 3477 Hebraeorum
2284 3424 2481 3478 studiis
2524 3423 2757 3477 alienus.
2789 3422 2945 3489 Quod
2993 3423 3039 3477 si
3082 3423 3152 3476 ita
3192 3437 3303 3476 non
3334 3436 3460 3476 sen-

1886 3512 2003 3568 tiat.
2037 3528 2135 3566 nec
2190 3511 2661 3566 Christianitath
2732 3526 2795 3564 ex
2854 3512 2996 3566 bono
3063 3512 3314 3567 instituto
3345 3525 3461 3564 am-

1886 3604 2070 3672 plexos
2103 3604 2194 3664 sit.
2244 3603 2339 3657 sed
2395 3613 2453 3656 ut
2505 3604 2705 3657 damna
2750 3603 2933 3671 aliqua
2981 3602 3224 3670 eﬂ‘ugiat,
3250 3603 3333 3656 vel
3375 3616 3460 3655 ra-

1885 3695 2036 3748 ducae
2085 3694 2272 3762 gloria:
2303 3704 2356 3747 et
2416 3693 2672 3747 humanm
2730 3693 3005 3748 felicitatis
3051 3707 3239 3747 amore
3262 3702 3465 3761 captus

1886 3786 1950 3837 ad
1995 3785 2153 3837 [idem
2186 3782 2448 3837 accedere
2475 3784 2714 3847 simulet.
2760 3784 2918 3838 talem
2964 3798 3140 3839 canon
3190 3782 3455 3852 baptizari

1887 3893 1994 3932 non
2021 3877 2306 3945 permittit.
2338 3876 2491 3943 Quod
2523 3877 2569 3930 si
2622 3878 2792 3947 aliqui
2835 3879 2907 3932 ita
2944 3879 3238 3933 sentientes
3268 3878 3462 3946 bapti-

1888 3968 1994 4023 zati
2023 3968 2244 4030 fuerint,
2265 3974 2319 4021 et
2339 3966 2803 4021 Christianitatem
2830 3968 3176 4034 simulantes,
3201 3968 3456 4037 privatim

1887 4060 2026 4114 ritus
2054 4058 2313 4113 Iudaicos
2354 4068 2409 4112 et
2447 4058 2860 4113 observationes
2905 4061 3084 4113 colere
3130 4056 3458 4128 deprehensi

1889 4150 2116 4212 iuerint.
2146 4165 2322 4218 neque
2362 4149 2418 4202 in
2456 4149 2769 4214 ecclesiam,
2815 4150 3015 4219 inquit,
3050 4149 3454 4221 ingrediantur,

1890 4254 1988 4293 nec
2044 4241 2231 4308 aliqua
2288 4237 2675 4292 communione
2725 4236 2877 4307 digni
2943 4238 3290 4307 habeantur;
3354 4250 3457 4289 nec

1889 4327 2044 4380 liberi
2100 4342 2288 4380 eorum
2346 4324 2505 4380 sacro
2565 4327 2839 4395 baptismo
2903 4327 3227 4396 signentur,
3281 4339 3457 4394 neque

1889 4432 2109 4471 servum
2168 4416 2540 4469 Christianum
2618 4432 2801 4471 emere
2859 4418 3284 4486 permittantur.
3358 4415 3458 4471 sed

215 4504 399 4555 αὐτῶν
444 4505 521 4573 τῷ
559 4505 689 4575 θςίῳ
738 4488 1075 4574 βαπτίσματὶ
1121 4506 1590 4575 σημειούσθωσαν,
1639 4507 1777 4575 μήτε

1886 4515 2065 4575 aperte
2085 4508 2240 4573 juxta
2274 4505 2621 4561 Hebraeorum
2648 4508 2854 4561 cultum
2881 4509 2989 4561 sint
3015 4505 3213 4561 Judaei.

214 4598 400 4652 δοῦλον
434 4600 971 4670 παραχωρείσθωσαν
1002 4601 1228 4654 κτᾶσθαι
1271 4601 1611 4669 Χριστιανὸν,
1646 4602 1779 4654 ἀλλὰ
1818 4602 2066 4673 φανερῶς
2088 4602 2226 4654 κατὰ
2256 4601 2348 4671 τήν
2418 4601 2525 4653 τῶν
2562 4602 2832 4672 Ἐϐραίων
2876 4601 3176 4672 θρησκείαν
3239 4602 3459 4669 ἐπιτρε-

219 4696 511 4749 πέσθωσαν
543 4696 943 4750 πολιτεύεσθαι.

898 4788 1101 4853 Νόμοι.

304 4875 365 4929 '0
384 4876 443 4929 δὲ
469 4876 630 4943 νόμος
659 4874 852 4943 φησίν·
892 4875 1140 4937 Ἰουδαῖος
1172 4876 1234 4927 τὸ
1278 4875 1449 4927 θέλειν
1478 4870 1618 4926 εἶναι
1650 4876 1786 4941 Χριυ

219 4968 437 5030 στιανὸς
464 4966 951 5036 προσποιούμενος,
974 4967 1046 5028 ὡς
1074 4967 1138 5018 ἂν
1160 4968 1257 5035 τὴν
1290 4967 1409 5035 κατ’
1442 4966 1608 5019 αὐτοῦ
1648 4982 1781 5018 κατ-

216 5061 471 5130 ηγορίαν,
507 5059 540 5129 ἢ
572 5058 671 5127 τὴν
696 5058 804 5109 ἀπὸ
831 5058 1024 5127 χρέους
1048 5057 1271 5126 ἀγωγὴν
1323 5056 1681 5127 παραμένων,
1715 5058 1778 5125 τῇ
1832 5088 1833 5091 η

218 5152 491 5222 ἐκκλησία
538 5150 709 5220 φύγῃ,
763 5151 810 5201 εί
844 5149 918 5218 μὴ
954 5149 1174 5218 ἀποδοίη
1206 5150 1272 5200 τὰ
1306 5147 1521 5217 χρέα,ἢ
1569 5147 1783 5200 ἐλευθε-

221 5244 426 5317 ρωθείη
458 5240 551 5295 τού
582 5241 947 5320 ἐγκλήματος,
982 5240 1056 5308 μὴ
1088 5241 1345 5308 δεχέσθω.

308 5333 557 5394 Ἰουδαῖος
591 5330 913 5401 Χριστιανὸν
941 5330 1272 5398 ἀνδράποδον
1304 5330 1379 5399 μή
1414 5330 1604 5399 ἐχέτω,
1640 5331 1785 5401 μήτε

222 5422 634 5491 κατηχούμενον
677 5418 1074 5489 περιτεμνέτω.
1130 5421 1267 5488 μήτε
1297 5419 1456 5482 ἄλλος
1504 5419 1783 5489 αίρετικὸς

222 5516 387 5567 τοῦτο
414 5516 653 5565 ποιείτω.

560 5605 804 5658 ΚΕΦΑΛ.
835 5606 915 5659 Ε’.
946 5604 1086 5672 Περὶ
1111 5602 1442 5666 βασιλέως.

904 5698 1106 5763 Νόμοι.
1178 5742 1181 5743 ,

300 5786 561 5846 Βασιλεύς
597 5786 741 5837 ἔστιν
775 5785 996 5853 ἔννομος
1033 5786 1346 5851 ἐπιστασία,
1384 5786 1560 5838 κοινὸν
1586 5781 1788 5846 ἀγαθὸν

2582 4780 2761 4850 Leges.

1960 4875 2070 4929 Lex
2123 4884 2304 4928 autem
2361 4872 2789 4929 dicitzludteus
2821 4873 2919 4942 qui
2973 4887 3034 4927 se
3080 4872 3456 4928 Christianum

1889 4980 2010 5020 esse
2035 4965 2167 5019 velle
2193 4980 2303 5033 prae
2335 4979 2395 5021 se
2424 4964 2627 5030 ferens,
2654 4974 2712 5020 ut
2736 4964 2830 5033 qui
2852 4963 3118 5019 adversus
3146 4979 3206 5019 se
3232 4979 3458 5020 accusa-

1892 5058 2092 5111 tionem
2124 5057 2208 5110 vel
2232 5056 2408 5111 mutui
2435 5056 2705 5111 actionem
2741 5064 3038 5124 esspectet,
3071 5055 3138 5108 ad
3169 5055 3455 5109 ecclesiam

1891 5145 2189 5213 confugiat,
2247 5146 2351 5201 nisi
2392 5144 2631 5198 debitum
2671 5143 2880 5207 reddat,
2914 5142 2998 5198 vel
3040 5156 3099 5198 se
3144 5157 3174 5194 a
3223 5140 3457 5196 crimine

1889 5234 2151 5297 absolvat,
2178 5248 2247 5287 ne
2280 5234 2619 5287 admittatur.

1957 5324 2180 5380 Judasus
2198 5324 2568 5378 Christianum
2594 5325 2921 5393 mancipium
2947 5337 3015 5378 ne
3037 5322 3255 5385 habeat,
3279 5336 3455 5390 neque

1889 5415 2340 5469 catechumenum
2370 5413 2749 5475 circumcidat,
2793 5428 2969 5481 neque
2995 5412 3137 5466 alius
3167 5409 3455 5464 haereticus

1894 5509 1992 5561 hoc
2020 5504 2198 5559 facere
2238 5519 2408 5573 praesa
2418 5512 2548 5557 mat.

2404 5594 2642 5650 CAP.V.
2682 5595 2753 5650 De
2793 5612 2923 5664 rege.

2548 5686 2732 5755 Leges.

1970 5780 2075 5831 liex
2130 5788 2231 5835 est.
2282 5755 2513 5845 legitima
2562 5766 2907 5844 przel'ectura.
2951 5773 3195 5828 omnium
3257 5770 3451 5826 subdi.-
