4184 6444
191 398 335 465 1113

1197 402 1599 464 SYNTAGMA
1630 395 2258 459 ALPHABE‘I'ICUM.
2299 418 2359 429 ·-
2388 395 2455 454 Β.

3316 389 3455 459 Illi

182 515 278 567 ὅτι
318 512 526 571 τούτων
556 514 884 569 καθάπτοιτό
922 532 1027 581 τις,
1056 516 1202 568 ἐστιν
1228 516 1264 568 ἀ
1304 516 1455 586 παρὰ
1497 514 1560 566 τὸ
1598 529 1766 582 προσ-

1877 508 2272 578 reprehendere
2318 510 2495 574 potest
2526 505 2842 573 quisquam,
2880 518 2942 558 ea
2987 517 3111 573 qum
3163 516 3271 557 non
3301 502 3457 559 decet

180 605 326 672 ἧκον
351 606 628 675 δρώντων,
656 605 758 660 κᾶν
782 608 859 668 εἰς
891 606 1048 679 ΰὸριν
1083 610 1265 669 αὐτοῖς
1295 610 1343 660 oi
1376 607 1588 675 ἔλεγχοι
1613 605 1761 672 λόγοι

180 690 533 760 λογίξωνται.

870 808 1079 875 Νόμοι.

287 917 331 969 0
360 916 454 969 τὸν
514 915 738 985 βασιλέα
769 915 1005 985 ὖόρίξων
1044 917 1142 969 οὐκ
1200 916 1363 979 εὐθὺς
1413 917 1760 986 τιμωρεῖται,

184 1007 314 1059 οὒτε
350 1025 402 1059 τι
426 1008 557 1062 ἀλλο
591 1008 829 1078 σκληρὸν
861 1007 895 1076 ἢ
924 1008 1096 1078 τραχὺ
1129 1006 1391 1074 ὑπομένει
1415 1022 1429 1035 ·
1460 1006 1492 1076 ἢ
1519 1007 1626 1075 γὰρ
1659 1006 1766 1059 ἀπὸ

185 1097 536 1166 κουφότητος
587 1092 730 1161 εἷπε,
774 1098 868 1149 καὶ
913 1098 1344 1166 περιφρονεῖται·
1378 1097 1412 1166 ἢ
1456 1095 1515 1161 ιε
1558 1096 1764 1159 ἀνοίας,

186 1186 287 1236 καὶ
337 1186 591 1240 ἑλεεῖται·
639 1188 672 1256 ἦ
709 1186 785 1249 ὡς
818 1186 1197 1256 ἀδικούμενος,
1239 1187 1331 1238 καὶ
1377 1189 1762 1255 συγχωρείται.

189 1276 560 1346 ’.ἀναφέρεται
584 1277 641 1330 δὲ
661 1279 731 1330 τὰ
760 1280 889 1348 περὶ
912 1278 1103 1331 τούτου
1127 1279 1210 1348 τῷ
1234 1280 1463 1349 βασιλεῖ,
1487 1280 1581 1332 καὶ
1606 1279 1767 1341 αὐτὸς

190 1371 258 1419 ἐκ
312 1368 409 1435 τῆς
439 1369 723 1440 ποιότητος
748 1370 843 1423 τοῦ
884 1370 1182 1440 προσώπου
1227 1371 1423 1443 κρίνει,
1467 1374 1516 1425 εί
1562 1371 1769 1442 ὀφείλει

189 1462 622 1531 συγχωρηθῆναι
654 1464 687 1533 ἢ
730 1464 1131 1535 τιμωρηθῆναι.

275 1552 342 1607 Ὀ
383 1554 706 1607 καθοσίωσιν
740 1555 1099 1625 πλημμελῶν,
1131 1557 1248 1627 ἢτοι
1278 1556 1595 1626 φατριάζων
1629 1556 1770 1610 κατὰ

190 1643 485 1711 βασιλέως,
525 1644 668 1712 ξίφει
706 1647 1076 1715 τιμωρείσθω.

271 1735 388 1795 Πᾶς
410 1738 437 1785 ὁ
467 1736 736 1804 εὑρίσκων
763 1737 1029 1806 φλυαρίαν
1052 1741 1192 1792 κατὰ
1225 1740 1490 1809 βασιλέως
1516 1740 1573 1791 ἑν
1596 1737 1772 1809 χάρτῃ

1870 601 2158 662 facientes,
2214 598 2433 653 etiamsi
2492 598 2781 653 acerbiora
2841 598 3005 652 verba
3060 597 3128 651 iis
3187 596 3454 666 injuriosa

1866 694 2179 747 videantur.

2569 801 2751 871 Leges.

1935 912 2041 979 Qui
2068 927 2249 983 regem
2274 912 2610 966 contumelia
2642 910 2827 977 allicit,
2852 924 2960 964 non
2989 904 3171 964 statim
3204 907 3454 977 punitur,

1868 1016 1962 1059 aut
2000 1005 2199 1058 durum
2234 1003 2459 1071 aliquod
2510 1005 2703 1065 subit;
2753 1002 2839 1057 vel
2884 1002 3033 1056 enim
3090 1014 3201 1068 prae
3240 999 3459 1053 levitate

1869 1097 2088 1149 locutus
2117 1105 2219 1155 est,
2251 1104 2305 1147 et
2344 1094 2755 1157 contemnitur;
2790 1092 2874 1145 vel
2921 1108 2985 1143 ex
3031 1087 3363 1160 ignorantia.
3406 1098 3460 1141 et

1870 1186 2224 1240 miseratione
2254 1186 2454 1254 dignus
2483 1192 2568 1238 est
2596 1201 2611 1249 ;
2646 1183 2729 1237 vel
2775 1191 2835 1235 ut
2866 1181 3071 1251 injuria
3120 1179 3373 1243 adtectus,
3404 1186 3462 1233 et

1871 1278 2240 1333 contionatur.
2274 1275 2400 1330 IIil'C
2457 1286 2642 1328 autem
2694 1273 2761 1327 ad
2810 1287 2990 1341 regem
3037 1270 3373 1333 referuntur,
3408 1278 3463 1323 et

1873 1369 1991 1439 ipse
2040 1368 2343 1423 secundum
2420 1366 2746 1436 qualitatem
2817 1378 3066 1433 personae
3114 1362 3329 1432 jndicat
3387 1374 3459 1414 an

1872 1460 2073 1514 remitti
2108 1459 2187 1513 vel
2223 1458 2401 1527 puniri
2431 1458 2649 1511 debeat.

1945 1550 2050 1613 Qui
2090 1550 2233 1602 laesae
2275 1547 2579 1616 majestatis
2625 1547 2708 1602 vel
2733 1544 3138 1616 conjurationis
3180 1558 3312 1599 reus
3350 1553 3457 1609 est,

1873 1640 2055 1709 gladio
2100 1639 2382 1708 puniatur.

1942 1729 2051 1801 45
2086 1729 2349 1796 Quisquis
2374 1729 2639 1785 invenerit
2677 1730 2945 1783 famosum
2995 1726 3236 1782 libellum
3267 1733 3457 1779 contra

187 1830 655 1898 ἐσφραγισμένην
682 1832 715 1900 ἢ
751 1832 1148 1902 ἀσφράγιστον,
1180 1837 1273 1887 καὶ
1307 1836 1383 1904 μὴ
1429 1834 1773 1903 παραχρῆμα

1878 1833 2080 1889 regem,
2115 1821 2169 1874 in
2210 1821 2398 1874 charta
2429 1820 2777 1889 obsignatum
2811 1819 2892 1871 vel
2918 1832 3025 1871 non
3066 1816 3418 1882 obsignatum
3440 1853 3456 1874 ,

190 1920 393 1983 καίων,
447 1921 583 1972 ἀλλά
635 1920 1049 1989 ἀναγινώσκων.
1099 1926 1407 1978 ὑποκείσθω
1437 1918 1773 1995 τιμωρίᾳ,ᾗ

1877 1922 1931 1966 et
1958 1928 2065 1966 non
2114 1912 2301 1967 statim
2327 1910 2721 1974 eombnsserit,
2753 1909 2847 1964 sed
2878 1908 3091 1978 legerit,
3139 1920 3313 1975 paenae
3359 1904 3459 1957 ob-

190 2027 311 2064 τινι
340 2012 599 2066 ὑπέκειτο
627 2014 722 2067 καὶ
747 2017 774 2066 ὁ
804 2016 1161 2077 συντεθεικὼς
1193 2019 1291 2087 τὴν
1325 2017 1615 2086 φλυαρίαν.

305 2210 558 2263 ΚΕΦΑΛ.
593 2208 674 2266 ιιν.
706 2212 844 2280 Περὶ
878 2211 996 2267 τῶν
1031 2213 1139 2268 τοῦ
1167 2214 1359 2283 γάμου
1391 2214 1671 2283 βαθμῶν.

290 2321 447 2375 Ἀλλὰ
474 2322 583 2394 γὰρ
629 2324 730 2377 ούκ
768 2325 835 2379 ἀν
864 2342 949 2387 τις
986 2321 1142 2395 οἶμαι
1168 2325 1275 2379 τῶν
1302 2325 1365 2379 εὖ
1434 2325 1776 2396 φρονούντων

193 2415 412 2483 ἀωρίαις
460 2417 607 2484 ἡμᾶς
660 2417 956 2487 γράψαιτο,
995 2419 1135 2472 κατά
1166 2434 1231 2487 γε
1268 2419 1327 2470 τὸ
1355 2417 1452 2471 νῦν
1480 2416 1775 2481 διεξιόντας

196 2509 300 2560 καὶ
329 2507 397 2560 τὰ
430 2507 539 2560 τῶν
569 2509 879 2578 λεγομένων
911 2508 1005 2563 τοῦ
1044 2512 1225 2579 γάμου
1267 2509 1514 2580 βαθμῶν,
1547 2512 1643 2564 καὶ
1674 2512 1776 2578 τῆς

193 2598 386 2651 αὐτῶν
414 2600 737 2667 συγγενείας
761 2602 860 2670 τήν
890 2617 948 2653 τε
988 2600 1265 2671 ἐγγύτητα
1298 2604 1391 2655 καὶ
1431 2600 1735 2653 ἀπόστασιν
1757 2616 1771 2629 υ

192 2690 324 2741 ὅθεν
351 2689 417 2759 δὴ
449 2690 557 2741 τῶν
590 2694 1104 2761 συγκεχωρημένων
1132 2694 1178 2744 οί
1214 2693 1313 2762 τὴν
1353 2691 1591 2744 κώλυσιν
1622 2690 1775 2758 ἔχον-

190 2796 291 2841 τες
328 2781 515 2846 σαφῶς
568 2780 941 2846 διακρίνονται
977 2785 1071 2836 καὶ
1106 2784 1441 2853 ἐλέγχονται.
1492 2783 1634 2845 Τοὺς
1677 2783 1776 2852 μὲν

192 2869 293 2927 οὖν
322 2873 568 2942 βαθμοὺς
594 2874 703 2927 ἀπὸ
733 2876 1048 2943 μεταφορᾶς
1070 2874 1322 2944 είρῆσθαί
1348 2873 1480 2943 φασί
1506 2890 1648 2936 τινες
1668 2875 1775 2926 τῶν

192 2967 296 3035 τῆς
332 2965 602 3035 κλίμακος
656 2964 1011 3037 ἀναϐαθμῶν.
1068 2966 1157 3029 Ὠς
1190 2967 1300 3036 γὰρ
1348 2965 1417 3019 δι’
1465 2965 1688 3018 ἐκείνων
1740 2967 1775 3036 ὴ

193 3056 389 3118 ἄνοδος
438 3058 528 3107 καὶ
572 3057 605 3124 ἡ
636 3056 861 3118 κάθοδος
917 3058 1148 3123 γίνεται,
1200 3054 1345 3109 οὕτω
1379 3055 1469 3108 διὰ
1520 3055 1629 3108 τῶν
1674 3056 1776 3123 τῆς

193 3148 524 3215 συγγενείας
554 3147 783 3218 βαθμῶν
832 3149 887 3201 οἴ
918 3166 978 3200 τε
1008 3149 1251 3209 ἀνιόντες
1284 3151 1379 3202 καὶ
1407 3149 1455 3200 οἱ
1493 3148 1775 3211 κατιόντες

192 3234 582 3305 εὑρίσκονται·
613 3238 663 3289 oi
700 3236 759 3288 δὲ
804 3236 879 3306 μὴ
930 3235 1102 3299 οὕτως
1149 3237 1365 3305 ἔχοντες
1424 3238 1488 3289 ὲκ
1543 3237 1774 3300 πλαγίου

193 3327 583 3396 γνωρίζονται.
617 3328 944 3397 Προὸαίνειν
978 3329 1161 3398 μέντοι
1190 3329 1466 3398 πεφύκασι
1499 3329 1642 3382 κατὰ
1677 3330 1776 3399 τὴν

192 3418 305 3470 τῶν
353 3421 664 3486 γεννήσεων
694 3416 845 3481 τάξιν
871 3435 885 3448 θ
916 3419 1157 3489 ἑκάστην
1203 3422 1311 3491 γὰρ
1349 3422 1606 3489 γέννησιν
1641 3420 1775 3490 βαθ-

195 3506 302 3572 μὸν
344 3506 631 3559 ἀποτελεῖν
668 3508 766 3562 ἕνα
811 3511 1146 3578 νενόμισται.
1185 3512 1404 3565 Τούτων
1450 3514 1498 3565 οἱ
1551 3513 1651 3582 μὲν
1696 3516 1777 3576 είς

194 3597 424 3659 πλάτος,
457 3598 507 3651 οι
536 3598 593 3651 δὲ
632 3600 707 3661 είς
739 3598 902 3669 βάθος
933 3601 1263 3654 ὲκτείνονται
1285 3618 1298 3632 ·
1347 3607 1440 3658 καὶ
1466 3605 1515 3655 οἱ
1550 3604 1650 3672 μὲν
1680 3604 1773 3657 τοῦ

197 3690 439 3753 πλάτους
491 3690 592 3759 τὴν
631 3691 803 3761 αὐτὴν
835 3693 970 3761 πρὸς
1006 3692 1270 3762 ἀλλήλους
1302 3695 1645 3760 ἀποσώζουσι
1674 3697 1770 3749 τά·

194 3782 303 3845 ξιν.
337 3780 460 3835 Υἱοὶ
491 3780 592 3849 μὲν
633 3782 740 3850 γὰρ
778 3781 951 3844 ὄντες,
995 3784 1087 3834 τὸν
1117 3784 1333 3853 πρῶτον
1366 3785 1602 3848 ἅπαντες
1638 3787 1775 3854 πλη-

196 3871 354 3940 ροῦσι
399 3870 642 3941 βαθμόνο
674 3873 897 3941 ἀδελφοὶ
929 3874 1006 3936 δὲ,
1052 3874 1188 3943 πρὸς
1223 3875 1487 3943 ἀλλήλους
1521 3876 1608 3943 τὸν
1656 3876 1776 3927 δεύ-

194 3979 378 4032 τερον,
413 3963 517 4015 κᾶν
541 3962 799 4016 ἐπέκεινα
831 3958 932 4015 ὦσι
966 3963 1073 4015 τῶν
1096 3960 1226 4017 δέκα
1255 3981 1269 3995 ’
1298 3966 1431 4017 διότι
1454 3940 1777 4037 τοὺςμγαμι-

197 4053 309 4116 κῶς
343 4055 789 4123 συναπτομένους
818 4055 882 4107 ἐκ
930 4054 1024 4109 τοῦ
1061 4054 1228 4107 αὐτοῦ
1284 4056 1515 4125 αἵματος
1557 4058 1774 4129 ἀνάγκη

198 4148 353 4201 πᾶσα
409 4146 483 4217 μὴ
521 4145 738 4211 πλείους
790 4145 932 4199 εἶναι
987 4146 1095 4199 τῶν
1146 4146 1242 4199 δύο
1318 4148 1493 4220 ταύτῃ
1543 4167 1627 4203 τοι
1680 4153 1775 4203 καὶ

196 4234 388 4288 τούσδε
438 4235 635 4305 μόνους
674 4238 740 4289 ἐκ
771 4236 883 4290 τῶν
912 4236 1157 4305 ἀδελφῶν
1194 4238 1553 4309 θεωροῦντες,
1593 4242 1775 4293 δευτέ-

198 4342 298 4395 ρου
346 4326 529 4397 φαμὲν
580 4322 720 4380 εἶναι
760 4327 995 4397 βαθμοῦ,
1047 4329 1186 4382 κατὰ
1216 4329 1316 4400 τὴν
1371 4330 1564 4399 διπλῆν
1591 4333 1774 4385 αὐτῶν

197 4413 418 4474 πάντως
472 4414 762 4482 γέννησινο
789 4414 1052 4477 ὡσαύτως
1106 4418 1154 4467 οἱ
1197 4417 1410 4487 ἀνεψιοὶ
1454 4418 1545 4471 τὸν
1590 4420 1774 4489 τρίτον

1878 2004 2078 2060 noxius
2131 2005 2203 2059 sit
2229 2004 2316 2056 cui
2350 2003 2397 2057 is
2439 2002 2534 2071 qui
2594 2000 2837 2054 libellum
2889 1997 3150 2053 infamem
3215 1994 3463 2052 conscri-

1880 2100 1991 2167 psit

2020 2209 2177 2265 CAP.
2233 2207 2370 2263 VIII.
2413 2206 2485 2261 De
2536 2206 2795 2275 gradibus
2834 2207 2887 2258 in
2944 2206 3314 2260 matrimonio.

1953 2323 2125 2378 Nemo
2166 2339 2263 2377 nos
2296 2322 2666 2381 accusaverit.
2717 2320 2936 2390 opinor,
2985 2320 3078 2390 qui
3125 2318 3343 2388 quidem
3370 2332 3462 2373 sa-

1880 2419 2014 2489 piat,
2056 2416 2223 2471 veluti
2286 2430 2400 2469 rem
2453 2414 2688 2467 alienam
2769 2421 3020 2482 agentes,
3075 2411 3122 2467 si
3180 2412 3285 2466 hoc
3338 2411 3461 2467 lot-o

1881 2512 2143 2583 graduum
2179 2507 2545 2570 matrimonii,
2588 2519 2729 2575 quos
2780 2514 3003 2571 vooant,
3030 2514 3087 2560 et
3113 2504 3459 2575 cognationis

1880 2603 2197 2659 eorutndem
2258 2610 2363 2653 tam
2397 2598 2860 2668 propinquitatem
2889 2614 3054 2667 quam
3093 2596 3456 2651 remmionem

1880 2707 2262 2761 exponamus;
2324 2691 2467 2744 unde
2514 2690 2604 2744 fiet
2637 2700 2694 2744 ut
2726 2690 2820 2759 qui
2876 2689 3085 2759 aliquid
3128 2688 3329 2742 habent
3358 2687 3461 2741 im-

1882 2786 2201 2858 pedimenti,
2235 2799 2263 2835 a
2315 2782 2603 2851 permissis
2635 2783 2781 2835 clare
2839 2780 3074 2834 discerni
3148 2779 3364 2848 possint
3405 2788 3463 2832 et

1882 2876 2243 2948 deprehendi;
2268 2875 2565 2930 Enimvero
2608 2876 2812 2943 gradus
2853 2874 3026 2944 aliqui
3065 2874 3245 2928 dictos
3278 2871 3461 2942 perbi-

1883 2974 2011 3027 bent
2039 2990 2067 3025 a
2095 2969 2454 3025 translatione
2490 2970 2755 3039 graduum
2810 2966 2990 3021 scalae.
3029 2964 3245 3037 Quippe
3292 2966 3459 3022 sicuti

1885 3079 1981 3132 per
2026 3079 2119 3117 eos
2153 3063 2471 3115 ascenditur
2500 3069 2555 3114 et
2606 3059 2978 3115 desuenditnr.
3015 3060 3087 3112 ita
3131 3074 3226 3115 ner
3256 3057 3461 3128 gradus

1881 3156 2223 3225 cognatioms
2273 3162 2382 3207 tam
2428 3153 2789 3207 ascendentes
2847 3167 3008 3220 quam
3064 3150 3461 3205 descendentes

1879 3247 2251 3300 inveniuntur.
2313 3245 2415 3309 Qui
2485 3259 2615 3297 vero
2671 3243 2750 3297 sic
2799 3241 2977 3297 allecti
3023 3258 3132 3295 non
3184 3248 3334 3307 sunt,
3392 3255 3460 3294 ex

1880 3345 2194 3391 transverso
2221 3346 2648 3405 cognoscuntur.
2682 3334 2952 3388 Caeterum
2974 3332 3176 3403 gradus
3204 3332 3277 3386 ita
3303 3346 3460 3386 com-

1878 3432 2053 3501 parati
2092 3440 2244 3494 sunt,
2304 3440 2363 3485 ut
2392 3429 2695 3485 secundum
2732 3428 2981 3483 ordinem
3030 3426 3459 3497 generationum

1879 3525 2202 3593 procedant.
2242 3523 2456 3591 Quippe
2490 3534 2767 3590 receptum
2793 3530 2896 3582 est,
2928 3529 2987 3573 ut
3013 3519 3271 3589 quaelibet
3299 3532 3462 3587 gene-

1879 3617 2020 3671 ratio
2065 3618 2292 3687 gradum
2351 3630 2518 3667 unum
2567 3613 2834 3667 absolvat.
2880 3612 3083 3664 Deinde
3123 3610 3346 3678 quidam
3403 3610 3457 3663 in

1882 3708 2255 3771 latitudinem,
2292 3706 2516 3775 quidam
2550 3706 2804 3759 deorsum
2836 3704 3223 3758 extenduntur.
3265 3703 3367 3769 Qui
3405 3704 3459 3755 in

1878 3800 2262 3861 latitudinem,
2289 3797 2538 3850 eumdem
2580 3798 2722 3850 inter
2748 3812 2806 3849 se
2837 3796 3014 3849 locum
3052 3807 3291 3849 servant.
3323 3794 3458 3850 Nam

1877 3892 1969 3961 qui
2005 3891 2157 3944 liberi
2195 3900 2343 3951 sunt,
2381 3888 2618 3958 primum
2664 3904 2858 3944 omnes
2913 3891 3142 3961 gradum
3183 3888 3410 3955 implent
3442 3905 3457 3942 :

1878 3982 1971 4051 qui
2011 3982 2236 4043 fratres,
2292 3980 2533 4034 secundo
2566 3980 2708 4033 inter
2737 3995 2795 4034 se
2824 3983 2990 4050 gradu
3026 3980 3357 4050 junguntur,
3395 3980 3462 4033 li-

1877 4084 1961 4129 cet
1992 4075 2178 4143 plures
2227 4086 2458 4126 numero
2489 4072 2599 4126 sint
2639 4087 2805 4142 quam
2865 4073 3075 4127 decem.
3123 4074 3335 4143 Quippe
3364 4077 3456 4143 qui

1879 4162 2217 4218 matrimonii
2274 4162 2392 4231 lege
2447 4162 2589 4216 inter
2641 4178 2701 4217 se
2752 4164 3084 4233 copulantur
3138 4179 3203 4218 ex
3265 4165 3457 4219 eodem

1877 4254 2164 4323 sanguine,
2214 4253 2440 4307 omnino
2471 4252 2852 4307 necessarium
2887 4262 2971 4307 est
3009 4263 3070 4308 ut
3098 4254 3282 4323 plures
3315 4254 3454 4309 duo-

1879 4348 1979 4400 bus
2011 4361 2121 4399 non
2154 4345 2285 4400 sint.
2321 4345 2440 4410 Qua
2496 4345 2662 4398 etiam
2697 4346 2764 4400 de
2811 4360 2978 4401 causa
3036 4349 3134 4401 ltos
3183 4347 3332 4402 solos
3388 4362 3453 4401 ex

1876 4435 2138 4491 fratribus
2164 4437 2597 4497 considerantes,
2628 4437 2857 4490 secundi
2890 4438 3089 4505 gradus
3118 4452 3240 4493 esse
3309 4438 3451 4492 diei-

196 4504 480 4573 ἐπέχουσι,
527 4507 623 4558 καὶ
673 4504 723 4556 οἱ
758 4507 1199 4575 πρωτεξιΰελφοι
1243 4509 1334 4560 τὸν
1366 4510 1649 4579 τέταρτον,
1680 4512 1773 4564 καὶ

1883 4544 2024 4592 mus,
2064 4529 2289 4582 omnino
2323 4530 2535 4581 ratione
2573 4527 2809 4596 duplicis
2840 4543 3029 4582 eorum
3061 4530 3451 4598 generationis.

196 4595 285 4646 τὸν
320 4595 480 4648 ἕκτον
532 4595 583 4646 oi.
631 4595 1025 4665 δισεξάδελφοι,
1074 4599 1169 4651 καὶ
1218 4599 1417 4668 ἐφεξῆς
1471 4601 1773 4667 ἀναλόγως.

197 4689 257 4740 (ιί
286 4688 346 4740 δὲ
379 4688 521 4739 κατά
551 4687 714 4758 βάθος
765 4688 827 4739 οὐ
850 4690 1050 4751 πάντες
1074 4690 1167 4741 τὸν
1192 4691 1355 4743 αὑτὸν
1387 4692 1598 4762 βαθμὸν
1626 4695 1779 4763 ἔχου-

198 4796 311 4840 σιν,
335 4778 452 4832 ἀλλ’
485 4782 534 4832 οἱ
562 4781 661 4849 μὲν
686 4783 793 4837 υἱοὶ
820 4783 913 4835 τὸν
947 4784 1188 4853 πρῶτον,
1222 4788 1271 4838 οἱ
1298 4787 1511 4855 ἔγγονοι
1540 4789 1631 4842 τὸν
1656 4787 1778 4841 δεύ-

194 4887 377 4941 τερον,
434 4874 530 4926 καὶ
581 4872 632 4924 οἱ
685 4873 985 4942 δισέγγονοι
1030 4876 1124 4928 τὸν
1163 4877 1368 4946 τρίτον,
1418 4880 1513 4932 καὶ
1575 4878 1775 4948 ἐφεξῆς

194 4960 435 5029 ὁμοίως*
472 4962 607 5032 παρ’
644 4962 673 5015 ὃ
720 4964 815 5015 καὶ
864 4965 926 5018 οὐ
979 4966 1121 5018 κατὰ
1152 4967 1250 5029 τὰς
1300 4968 1563 5035 γενέσεις,
1600 4968 1676 5032 ὥς
1710 4986 1774 5037 γε

197 5050 343 5115 ἔδοξε
374 5052 487 5113 τοῖς
536 5052 940 5123 ἀρχαιοτέροις,
987 5056 1122 5109 ἀλλά
1153 5057 1295 5109 κατά
1336 5057 1436 5127 τὴν
1459 5060 1775 5129 οἰκειότητα

196 5148 291 5198 καὶ
344 5146 445 5214 τὴν
477 5146 571 5199 τοῦ
619 5147 812 5215 γένους
843 5148 1143 5219 ἐγγύτητα,
1174 5153 1267 5204 καὶ
1313 5152 1413 5222 τὴν
1473 5153 1774 5206 ἀπόστασιν

197 5237 355 5299 αὖθις
383 5237 521 5305 πρὸς
560 5238 661 5310 τὴν
699 5240 923 5310 πρώτην
958 5243 1052 5295 τοῦ
1080 5243 1272 5309 γένους
1304 5244 1503 5314 ἀρχὴν,
1554 5245 1774 5297 κάλλιον

197 5331 322 5390 τοὺς
354 5330 596 5400 βαθμοὺς
628 5332 1016 5401 ὀνομάζεσθαι.
1046 5336 1265 5400 Μεταξὺ
1294 5338 1401 5407 γὰρ
1441 5340 1646 5407 πατρὸς
1680 5341 1775 5393 καὶ

199 5422 316 5473 υἱοῦ
376 5423 549 5492 μικρά
577 5441 659 5486 τις
685 5424 966 5489 διάστασις
995 5444 1008 5457 ο
1046 5428 1277 5480 πάππου
1310 5428 1368 5480 δὲ
1402 5429 1768 5497 καὶ’ὲγγόνου,

202 5514 407 5580 μείζων
433 5530 448 5545 ο
481 5515 797 5583 δισεγγόνου
829 5516 887 5568 δὲ
912 5518 1048 5587 πρὸς
1078 5518 1170 5572 τὸν
1196 5518 1381 5583 αὑτὸν,
1417 5519 1497 5571 ἔτι
1530 5520 1732 5589 μείζων
1752 5535 1765 5547 ·

199 5604 341 5659 οὕτω
372 5607 616 5675 σχέσεως
642 5606 829 5678 ἔχουσι
852 5610 948 5664 καὶ
969 5612 1016 5661 οἱ
1052 5611 1117 5663 ἐκ
1159 5612 1412 5682 πλαγίου.

1883 4619 2261 4675 Consimiliter
2315 4619 2548 4673 fratrum
2606 4634 2934 4674 sororumve
2994 4620 3148 4674 liberi
3223 4620 3450 4691 gradum

1881 4727 2004 4780 ergo
2046 4722 2266 4780 patruos
2298 4722 2347 4764 et
2394 4711 2683 4767 avunculo:
2741 4713 2967 4768 tertium
3019 4713 3293 4780 obtinent,
3321 4728 3453 4767 con-

1880 4804 2089 4857 sobrini
2118 4815 2374 4871 quartum
2433 4806 2575 4858 inter
2605 4818 2686 4870 se,
2726 4805 2937 4858 sobrini
2964 4813 3205 4871 sextum,
3258 4792 3451 4860 eadem

1880 4894 1935 4948 in
1961 4894 2173 4948 caeteris
2197 4893 2407 4947 ratione
2430 4894 2738 4948 observata.
2772 4893 2875 4959 Qui
2905 4908 3033 4947 vero
3064 4910 3123 4947 se
3166 4894 3451 4963 porrigunt

1879 4984 2134 5039 deorsum
2170 4998 2277 5037 non
2302 4997 2495 5037 omnes
2522 4983 2772 5036 eumdem
2804 4983 3031 5053 gradum
3074 4982 3317 5047 habent;
3352 4983 3448 5037 sed

1879 5078 1976 5131 filii
2000 5077 2262 5144 primum,
2291 5084 2518 5144 nepotes
2552 5076 2804 5140 alterum,
2844 5086 3177 5145 pronepotes
3205 5076 3448 5140 tertium,

1875 5175 1930 5220 et
1978 5165 2158 5219 caeteri
2209 5164 2587 5229 consimiliter.
2651 5163 2886 5233 Ideoque
2942 5181 3047 5217 non
3131 5165 3439 5219 secundum

1876 5257 2275 5325 generationes.
2345 5257 2421 5311 uti
2458 5238 2657 5326 priscis
2711 5258 2953 5325 placuit,
3020 5258 3113 5314 sed
3150 5260 3449 5313 secundum

1878 5349 2360 5411 necessitudinem,
2386 5357 2440 5402 et
2477 5348 2692 5418 generis
2722 5353 3212 5418 propinquitatem,
3246 5348 3451 5419 gradus

1876 5442 2039 5494 hosce
2064 5440 2338 5493 numerari
2363 5450 2602 5508 pra-stat.
2631 5438 2764 5494 Nam
2786 5441 2927 5495 inter
2968 5450 3175 5509 patrem
3203 5452 3253 5493 et
3277 5439 3448 5493 lilium

1873 5532 2130 5600 exiguum
2192 5530 2464 5600 quoddam
2536 5532 2881 5585 intervallum
2948 5530 3257 5598 est.Majns
3310 5530 3450 5584 inter

1875 5638 2033 5677 avum
2064 5632 2118 5676 et
2166 5631 2439 5691 nepotem.
2470 5622 2616 5676 Inter
2648 5640 2807 5678 avum
2845 5633 2900 5678 et
2955 5633 3311 5693 pronepotem
3351 5621 3449 5675 ad-

1876 5715 1982 5766 huc
2039 5713 2237 5781 majus.
2275 5713 2478 5767 Eadem
2527 5715 2580 5767 in
2640 5714 2748 5770 illis
2800 5716 2965 5771 etiam
3019 5715 3231 5770 obtinet
3283 5715 3446 5782 ratio.

1875 5806 1965 5873 qui
2014 5817 2139 5861 sunt
2169 5823 2231 5861 ex
2269 5817 2606 5864 transverso.
