4184 6444
760 359 892 423 1115

1240 484 1435 539 Divisio
1503 494 1857 559 cognationis.

822 572 957 623 tium
1014 585 1194 626 autem
1245 581 1495 645 generale
1558 599 1753 638 nomen
1788 588 1859 642 sit
1894 596 2164 660 cognatio,
2203 598 2315 664 pri-

754 678 838 714 ma
880 663 1150 719 divisione
1198 668 1249 721 in
1308 672 1416 723 duo
1468 674 1772 732 scinditur:
1834 680 1885 733 in
1935 688 2313 752 cognationem

753 764 984 819 naturae,
1031 767 1084 811 et
1134 761 1567 829 adrogationem.
1631 768 1837 822 Natura
1887 787 2147 843 cognatus
2204 791 2311 844 est,

751 853 923 911 pater,
958 849 1105 900 verbi
1136 864 1320 914 causa,
1359 854 1523 916 filius.
1562 869 1763 925 mater,
1797 862 1927 928 lilia,
1965 865 2153 930 frater,
2182 885 2313 924 con-

749 936 1031 1001 sobrinus,
1066 941 1341 1006 sobrinus.
1379 946 1586 1002 sobrini
1617 952 1779 1013 lilius.
1821 964 1985 1023 atque
2016 959 2104 1012 alii
2143 962 2302 1017 tales.

746 1026 1113 1096 Adrogatione
1174 1049 1321 1096 vero,
1353 1052 1532 1102 socer,
1586 1058 1774 1111 gener,
1808 1045 1983 1101 frater
2033 1052 2305 1119 coniugis,

745 1116 893 1170 filius
918 1122 1226 1189 adoptivus.
1270 1126 1509 1183 Rursum
1562 1138 1814 1194 cognatio
1846 1144 2114 1195 naturalis
2142 1116 2311 1196 vbifai-

746 1207 882 1261 riam
936 1210 1220 1275 dividitur,
1260 1218 1508 1274 videlicet
1538 1222 1589 1274 in
1636 1238 1953 1291 procreatos
2008 1247 2074 1284 ex
2103 1234 2309 1300 nuptiis

745 1296 1022 1365 legitimis,
1084 1314 1143 1357 et
1194 1308 1353 1375 vulgo
1394 1314 1678 1379 quaesitos.
1745 1318 2043 1389 Adrogatio
2088 1296 2308 1393 quoque

743 1389 1111 1448 subdividitur
1159 1398 1211 1450 in
1248 1399 1569 1457 afﬁnitatem
1616 1417 1668 1460 et
1702 1409 2070 1476 adoptionem.
2108 1389 2310 1469 _Afli‘ni-

744 1488 827 1532 tas
874 1491 957 1535 est
988 1488 1337 1543 necessitudo
1371 1508 1493 1560 qua:
1544 1499 1793 1564 provenit
1821 1516 1884 1552 ex
1916 1503 2305 1561 matrimoniali

742 1574 1109 1637 copulatione.
1145 1579 1401 1649 Adoptio,
1439 1586 1671 1645 alicuius
1732 1592 1783 1643 in
1819 1593 1986 1647 lilium
2031 1601 2306 1667 cooptatio

742 1662 875 1714 citra
911 1665 1370 1734 conjunctiouem.

952 1867 1025 1922 De
1055 1870 1391 1939 fraternitate
1432 1893 1522 1944 per
1554 1879 1884 1947 adoptionem
1915 1883 2092 1951 farta.

810 1980 1146 2039 Fraternitas
1177 1995 1359 2042 autem
1389 1988 1532 2044 facta
1586 2006 1681 2060 per
1710 1994 2057 2059 adoptionem
2091 1996 2305 2063 legibus

741 2085 1031 2143 repugnat.
1088 2072 1297 2147 Quippe
1393 2083 1574 2136 liberis
1640 2084 1887 2139 destituti
1954 2088 2303 2156 adoptionem

739 2170 1034 2221 commenti
1121 2186 1356 2236 sumus,
1414 2173 1683 2229 bonorum
1762 2179 2302 2234 transniittcntlorum

744 2275 932 2315 causa.
964 2261 1375 2318 Fraternitatem
1420 2282 1551 2320 vero
1603 2283 1695 2336 per
1718 2268 2070 2337 adoptionem
2108 2271 2302 2325 factam

742 2349 886 2401 nulla
919 2352 1058 2403 ratio
1082 2352 1382 2418 probabilis
1411 2356 1724 2410 introducit.
1750 2359 1869 2412 1am
1906 2362 1951 2415 si
1990 2377 2097 2427 qua
2140 2362 2305 2416 ratio-

740 2454 863 2492 nem
924 2443 1255 2505 probabilem
1323 2446 1635 2511 babent,ea
1688 2450 1767 2503 lex
1804 2454 1967 2506 etiam
2019 2454 2299 2521 admittit;

738 2546 858 2598 quae
902 2533 1028 2587 talia
1062 2550 1169 2589 non
1199 2547 1344 2604 suut,
1382 2540 1581 2608 rejirit.

808 2622 919 2693 46
969 2623 1203 2684 Rursum
1233 2644 1329 2697 per
1377 2628 1807 2688 subdivisiancm
1854 2635 2092 2692 affinitas
2125 2639 2203 2693 vel
2234 2654 2299 2692 ex

735 2714 949 2768 duobus
994 2717 1283 2784 generibus
1340 2722 1617 2786 consistit,
1664 2724 1739 2777 uti
1800 2739 1924 2779 cum
1972 2738 2203 2796 patruus
2246 2738 2301 2785 et

735 2802 919 2857 fratris
964 2807 1107 2861 filius
1137 2824 1258 2863 cum
1319 2814 1484 2866 amita
1524 2816 1753 2884 ejusque
1808 2818 1991 2873 fratris
2026 2824 2300 2878 sororisve

739 2896 843 2949 liiia
875 2900 1110 2967 copulati
1145 2910 1304 2967 sunt;
1348 2905 1432 2958 vel
1476 2908 1791 2963 consobrini
1842 2911 1971 2974 duo,
2005 2928 2129 2967 cum
2162 2916 2301 2970 dua-

738 2988 839 3043 bus
885 2993 1274 3058 consobrinis;
1331 3011 1453 3063 qua:
1502 2999 1719 3066 pi-Oprie
1773 3001 1975 3057 dicitur
2014 3004 2295 3066 afﬁnitas:

734 3082 817 3132 vel
846 3082 948 3135 alia
991 3100 1208 3153 quoque
1252 3103 1481 3154 persona
1527 3090 1743 3144 duobus
1800 3093 1954 3149 hisce
2003 3098 2295 3164 generibus

1939 384 2305 449 MATTH/‘El
2358 393 2778 458 BLASTARIS

3851 411 3989 483 1116

2769 517 3067 582 Διαίρεσις
3101 514 3213 583 τῆς
3256 519 3635 585 συγγενείας.

2490 602 2710 655 Γενικὸν
2733 604 2786 655 δὲ
2816 605 2984 673 όνομα
3015 605 3151 659 οὖσα
3184 610 3216 677 ὴ
3254 609 3568 676 συγγένεια.
3596 614 3678 674 είς
3717 612 3814 666 δύο
3847 619 3992 671 κατύ

2418 692 2642 761 πρώτην
2665 694 2928 761 διαίρεσιν
2964 699 3243 764 τέμνεται.
3276 700 3357 761 είς
3394 717 3452 752 τε
3480 702 3541 753 τὸ
3577 702 3761 770 φύσει,
3807 711 3906 761 καὶ
3933 708 3994 762 τδ

2418 783 2583 837 θέσει.
2618 787 2727 839 Καὶ
2767 787 2928 853 φύσει
2963 788 3065 856 μὲν
3099 792 3369 858 συγγενής
3404 793 3540 856 ἐστι,
3586 795 3767 865 πατὴρ
3797 798 3991 865 τυχὸν,

2414 876 2552 938 υίὸς,
2614 880 2820 947 μήτηρ,
2884 877 3155 949 θυγάτηρ,
3207 882 3453 947 ἀδελφὸς,
3502 884 3741 953 ἀνεψιὸς,
3801 888 3992 952 ἐξανε-

2413 965 2558 1033 ψιδς.
2592 969 2619 1019 ό
2654 969 2715 1019 ἐκ
2755 968 2847 1020 τοῦ
2874 969 3098 1039 ἀνεψιοῦ
3125 972 3429 1041 γεννηθεὶς,
3459 978 3553 1029 καὶ
3576 977 3677 1030 ὅσα
3713 978 3945 1032 τοιαῦτα
3970 995 3986 1011 ⁸

2413 1057 2561 1110 θέσει
2592 1060 2670 1117 δὲ.
2715 1060 2996 1128 πενθερὸς,
3034 1064 3309 1132 γαμόρὸς,
3337 1068 3786 1136 γυναικὰδελφος,
3827 1070 3985 1135 θετὸς

2414 1149 2548 1210 υίός.
2588 1149 2679 1226 Τὸ.
2712 1152 2871 1218 φύσει
2911 1150 2966 1204 δὲ
2997 1155 3160 1206 πάλιν
3210 1155 3603 1226 ὑπώιαιρεῖται
3640 1160 3720 1221 εἰς
3748 1159 3868 1221 δύο,
3902 1162 3984 1224 είς

2411 1256 2471 1290 τε
2503 1239 2562 1291 τὸ
2594 1218 2732 1308 μετὰ
2764 1245 2944 1309 γάμου
2995 1246 3247 1313 νόμιμον,
3277 1247 3373 1299 καὶ
3405 1218 3468 1300 τὸ
3493 1251 3557 1302 ἐκ
3586 1218 3865 1318 πορνείας-
3885 1218 3983 1322 γεζ

2411 1334 2564 1396 γονός
2591 1347 2605 1362 ο
2649 1333 2711 1383 τὸ
2765 1334 2821 1386 δὲ
2858 1336 3002 1388 θέσει
3046 1338 3442 1407 ὐπώιαιρείται
3487 1344 3581 1396 καὶ
3624 1342 3753 1395 αὐτὸ
3802 1345 3884 1407 εῐς
3921 1363 3980 1398 τε

2408 1422 2748 1487 ἀγχιστείαν,
2801 1425 3069 1479 καὶθέσιν
3093 1443 3107 1456 ⁸
3141 1431 3236 1483 καὶ
3284 1429 3434 1482 ἐστιν
3458 1432 3744 1499 ἀγχιστεία
3792 1434 3894 1501 μὲν
3945 1438 3977 1504 ἠ

2408 1510 2465 1574 ἐξ
2492 1513 2866 1584 ἑπιγαμὸρὶας
2911 1520 3242 1585 συγγένειαο
3288 1521 3575 1590 ἀγχιστεία
3609 1524 3654 1575 δ’
3704 1524 3855 1576 ἔστιν
3902 1529 3979 1577 oi-

2410 1603 2624 1665 κειότης
2661 1608 2971 1673 προσώπων
2999 1610 3062 1660 ὲκ
3083 1610 3425 1679 γάμωνήμίν
3453 1615 3819 1680 συνημμένων
3845 1631 3976 1682 συγ-

2407 1694 2621 1759 γενείας
2670 1697 2860 1759 ἐκτός·
2895 1696 3043 1762 θέσις
3076 1701 3155 1761 δὲ,
3186 1701 3219 1769 ἡ
3271 1704 3439 1772 χωρὶς
3493 1705 3769 1775 σαρκικῆς
3815 1722 3977 1759 συνα-

2407 1784 2565 1849 φείας
2606 1786 2869 1840 υἱοθεσία.

2884 1905 3022 1971 Περὶ
3043 1905 3491 1974 ἁδελφοποιτας.

2490 2015 2554 2069 Ἥ
2591 2015 2776 2084 μέντοι
2803 2017 3154 2085 ἅδελφοποιῖα
3176 2021 3236 2071 οὐ
3269 2022 3499 2090 νόμιμόν
3529 2023 3674 2075 ἐστιν
3699 2040 3713 2053 ·
3745 2026 3971 2091 ἄπαιδες

2411 2106 2510 2174 μὲν
2543 2106 2652 2174 γὰρ
2690 2107 2863 2168 ὄντες,
2906 2109 3279 2176 ἑσοφισάμεθα
3328 2111 3427 2178 τὴν
3455 2113 3727 2165 υἱοθεσίαν
3749 2119 3831 2177 εἰς
3859 2118 3973 2168 δια-

2405 2195 2565 2266 δοχὴν
2608 2196 2717 2247 τῶν
2750 2199 3129 2265 πραγμάτων
3161 2200 3259 2269 τὴν
3307 2201 3365 2253 δὲ
3400 2203 3786 2271 ἀδελφοττοιῖαν
3823 2207 3971 2259 οὐδε-

2410 2287 2507 2355 μία
2538 2288 2743 2355 εἰσάγει
2774 2288 2993 2357 εὔλογος
3022 2293 3313 2361 πρόφασις.
3361 2294 3440 2347 Τὰ
3476 2297 3573 2363 μὲν
3601 2293 3697 2348 οὖν
3731 2298 3793 2348 τὸ
3823 2298 3973 2351 εὔλο-

2404 2395 2501 2446 γον
2531 2380 2721 2450 ἔχοντα
2771 2384 2865 2437 καὶ
2894 2385 2921 2435 ό
2951 2382 3112 2452 νόμος
3143 2384 3360 2451 ἐδέξατο
3386 2400 3400 2414 °
3433 2388 3501 2440 τὰ
3526 2388 3579 2439 δὲ
3614 2388 3707 2457 μὴ
3740 2389 3969 2444 τοιαῦτα

2404 2471 2464 2523 οὐ
2490 2472 2837 2541 παρεδέξατο.

2474 2646 2644 2699 Πάλιν
2695 2647 2817 2700 καθ’
2852 2648 3225 2719 ὑποδιαίρεσιν
3268 2651 3334 2703 τὰ
3388 2652 3446 2716 ἐξ
3493 2654 3811 2722 ἀγχιστείας
3844 2658 3878 2725 ἦ
3906 2660 3969 2710 ὲκ

2401 2736 2494 2788 δύο
2527 2736 2697 2803 γενῶν
2748 2739 3080 2799 συνίσταται,
3112 2739 3189 2802 ὡς
3241 2741 3381 2803 θεῖος
3412 2743 3505 2796 καὶ
3546 2746 3763 2813 ἀνεψιὸς
3806 2765 3970 2800 συνα-

2402 2828 2626 2895 φθέντες
2658 2830 2778 2901 θείᾳ
2807 2833 2899 2885 καὶ
2923 2832 3137 2902 ἀνεψιᾷ.
3169 2832 3201 2902 ἢ
3230 2833 3325 2885 δύο
3352 2835 3813 2905 πρωτεξὰδελφοι,
3846 2841 3969 2893 δυσὶ

2406 2918 2900 2988 πρωτεξαδέλφαις,
2929 2922 3022 2973 καὶ
3046 2922 3293 2975 καλεῖται
3322 2925 3608 2993 ἀγχιστεία
3635 2943 3649 2956 ’
3685 2927 3717 2994 ἢ
3752 2946 3969 2997 παρεμ-

2400 3006 2660 3075 ϐέὸληται
2693 3012 2785 3063 κα)⁸
2813 3009 3000 3079 ⁶ἕτερον
3032 3010 3323 3076 πρόσωπον
3356 3013 3560 3080 μεταξὺ
3592 3014 3699 3066 τῶν
3722 3015 3816 3068 δύο
3841 3020 3968 3070 τού-

2399 3114 2505 3150 των
2545 3100 2742 3166 γενῶν,
2790 3104 2884 3155 καὶ
2929 3101 3175 3153 καλεῖται
3217 3102 3277 3165 ἐξ
3322 3104 3637 3171 ἀγχιστείας
3668 3109 3964 3173 τριγένεια.

732 3173 1044 3239 intervenit,
1073 3186 1127 3230 et
1156 3188 1381 3231 vocatur
1413 3180 1525 3233 haec
1556 3182 1718 3235 trium
1751 3198 2008 3252 generqu
2045 3203 2139 3254 per
2178 3188 2294 3241 afli-
2322 3182 2365 3238 C

2322 3182 2365 3238 C
2401 3188 2521 3239 Ιείίσὶ
2556 3189 2615 3241 δὲ
2652 3188 2824 3243 ταῦτα
2868 3191 2959 3241 καὶ
2987 3190 3203 3243 κωλυτὰ
3243 3195 3337 3246 καὶ
3359 3192 3632 3258 ἁκώλυτα,
3658 3193 3734 3256 ὡς
3760 3196 3823 3245 ὲν
3854 3198 3967 3259 τοϊς

734 3266 957 3320 nitatem
1004 3270 1299 3337 copulatio.
1334 3270 1395 3325 Et
1451 3284 1579 3326 sunt
1608 3275 1721 3327 lucc
1747 3276 1941 3342 partim
2000 3280 2292 3347 prohibita,

734 3360 929 3423 partim
1008 3377 1113 3413 non
1156 3363 1451 3431 prohibita,
1506 3365 1649 3419 sicut
1682 3366 1735 3419 in
1792 3371 2149 3437 sequentibus
2206 3387 2297 3427 os-

733 3454 1007 3507 tondetur.

802 3545 1038 3613 Adoptio
1068 3554 1249 3600 autem
1276 3547 1358 3601 vel
1393 3547 1449 3599 lit
1487 3564 1581 3615 per
1607 3553 2000 3618 cooptationem
2028 3554 2078 3607 in
2105 3556 2296 3623 lilium,

734 3638 1097 3691 successionis
1138 3655 1325 3703 causa,
1385 3641 1467 3693 vel
1520 3644 1917 3710 susceptionem
1973 3663 2035 3700 ex
2089 3642 2301 3717 baptis-

734 3737 878 3782 male
935 3746 1127 3795 sacro,
1187 3732 1626 3787 conﬁrmationis
1678 3746 1731 3787 et
1787 3736 2068 3800 doctrinae,
2137 3751 2298 3810 atque

732 3824 895 3875 ctiam
941 3826 1239 3878 testimonii
1274 3840 1461 3879 causa.
1504 3826 1606 3880 Sed
1640 3828 1857 3897 adoptio
1889 3846 1948 3885 se
1981 3834 2207 3902 porrigit
2230 3838 2296 3891 ad

734 3913 1105 3968 baareditatem
1148 3915 1477 3970 adeundam.
1514 3916 1667 3973 lluuc
1720 3920 1864 3973 enim
1909 3922 1974 3975 ad
2019 3924 2178 3978 linem
2217 3926 2299 3981 la-

732 4007 817 4060 (τίει
844 4016 948 4063 est.
996 4006 1067 4059 lix
1098 4006 1419 4074 baptismate
1448 4011 1719 4076 susceptio
1776 4011 2039 4069 duntaxat
2084 4018 2137 4069 in
2174 4034 2300 4087 gra-

734 4092 899 4147 dibus
930 4094 1399 4147 matrimoniorum
1456 4106 1749 4163 spectatur.
1794 4099 1859 4152 Et
1907 4103 2021 4156 haec
2073 4108 2296 4171 quidem

732 4186 1043 4254 generalior
1071 4187 1409 4253 cognationis
1462 4195 1545 4240 est
1592 4188 1811 4244 divisio.
1850 4193 2110 4264 Deinceps
2134 4200 2295 4255 etiam

733 4280 800 4333 de
853 4277 1275 4347 partieularibus
1339 4278 1584 4333 dicemus
1618 4298 1631 4334 :
1663 4292 1717 4335 et
1773 4285 2005 4351 primum
2042 4290 2111 4343 de
2170 4307 2300 4347 con-

734 4368 1118 4440 sanguiuitate.

1004 4477 1084 4529 De
1145 4478 1523 4530 necessitudine
1570 4495 1663 4547 per
1685 4485 2015 4551 sanguinem.

805 4592 1091 4646 Gentilitas
1151 4591 1317 4659 igitur
1363 4592 1479 4645 sive
1547 4598 1990 4665 consanguinitas
2032 4602 2294 4659 diiiditur

735 4687 787 4738 in
827 4683 1183 4738 ascendentes
1242 4690 1296 4736 et
1334 4683 1746 4750 descendentes,
1799 4700 1851 4741 et
1882 4704 1999 4755 eos,
2033 4694 2124 4761 qui
2165 4708 2293 4752 sunt

733 4790 797 4828 ex
826 4784 1154 4826 transverso.
1192 4772 1563 4826 Ascendentes
1604 4787 1753 4834 sunt.
1811 4778 1903 4846 qui
1940 4794 2038 4835 nos
2089 4799 2291 4852 genua-

736 4876 885 4929 runt,
942 4862 1091 4916 verbi
1134 4863 1327 4931 gratia.
1360 4873 1512 4931 pater
1544 4875 1600 4920 et
1650 4876 1841 4932 mater,
1873 4884 2008 4926 avus
2056 4884 2109 4928 et
2145 4876 2289 4938 avia,

736 4966 790 5010 ct
817 4957 908 5025 qui
949 4963 1077 5009 sunt
1104 4954 1191 5009 bis
1252 4956 1588 5024 superiores.
1626 4956 2046 5028 Descendentes,
2101 4966 2193 5035 qui
2222 4982 2287 5021 ex

738 5047 894 5100 nobis
918 5054 1045 5099 sunt
1079 5046 1370 5113 procreati,
1411 5046 1558 5099 verbi
1588 5049 1784 5115 gratia,
1825 5051 1986 5115 filius,
2034 5052 2163 5116 lilia,
2196 5073 2291 5109 ne-

737 5152 854 5205 pos,
886 5136 1085 5203 neptis,
1132 5151 1404 5204 pronepos
1429 5176 1443 5197 ,
1494 5139 1795 5205 proneptis,
1841 5150 1894 5194 et
1925 5144 2019 5210 qui
2059 5144 2156 5198 hos
2187 5160 2292 5198 or-

733 5230 861 5281 dine
900 5236 1225 5296 sequuntur.
1277 5226 1351 5280 Ex
1417 5237 1730 5283 transverso
1784 5241 1931 5293 sunt,
1970 5234 2061 5302 qui
2113 5251 2292 5305 neque

734 5334 835 5373 nos
871 5326 1197 5386 genuerunt,
1252 5333 1425 5386 neque
1483 5321 1761 5387 procreati
1812 5332 2043 5377 suntex
2098 5327 2257 5382 nobis

735 5410 828 5462 sed
863 5411 928 5462 ad
958 5410 1200 5464 eamdem
1231 5410 1499 5479 originem
1543 5426 1608 5464 ac
1655 5414 1963 5479 progeniem
2009 5414 2289 5471 nobiscum

736 5497 1069 5561 referuntur,
1103 5500 1252 5552 verbi
1306 5501 1498 5569 gratia,
1533 5499 1720 5563 frater,
1788 5517 1971 5567 soror,
2031 5515 2283 5573 patruus.

739 5589 927 5651 amita,
969 5588 1152 5644 fratris
1197 5591 1340 5645 filius
1373 5600 1426 5644 et
1457 5590 1589 5653 filia,
1647 5594 2006 5648 consobrinus
2033 5634 2047 5657 ,
2101 5611 2297 5652 conso-

744 5676 921 5738 bt'iua,
951 5686 1004 5730 et
1033 5680 1124 5745 qui
1161 5678 1258 5734 hos
1308 5678 1499 5735 ordine
1558 5690 1878 5750 sequuntur,
1936 5684 2184 5738 nimirum
2229 5702 2290 5741 ex

743 5766 962 5837 obliquo
1001 5770 1231 5839 cognati.

2398 3280 2685 3347 ἑπομένοις
2711 3278 3074 3347 δειχθήσεται.

2482 3546 2545 3599 Ἠ
2586 3548 2640 3601 δὲ
2674 3548 2827 3613 θέσις
2878 3551 2910 3620 ἦ
2945 3552 3082 3604 κατᾶ
3126 3552 3402 3606 υἱοθεσίαν
3454 3554 3663 3623 γίνεται
3711 3557 3967 3628 διαδοχῆς

2400 3638 2581 3708 χάριν,
2621 3640 2653 3709 ἦ
2684 3642 2824 3694 κατὰ
2867 3642 3136 3711 ἀναδοχὴν
3170 3644 3266 3713 τὴν
3310 3643 3416 3695 ἀπὸ
3460 3644 3552 3696 τοῦ
3590 3644 3734 3698 θείου
3767 3647 3965 3715 βαπτί-

2402 3746 2605 3798 σματος
2631 3732 2933 3801 στηριγμοῦ
2967 3737 3060 3784 γαὶ
3084 3732 3454 3797 διδασκαλίας,
3497 3734 3576 3787 ἔτι
3601 3736 3658 3789 δὲ
3696 3736 3793 3788 καὶ
3827 3756 3969 3808 μαρο

2399 3824 2587 3887 τυρίας
2616 3823 2800 3877 ἕνεκα.
2842 3824 2981 3875 Ἀλλ’
3013 3826 3045 3892 ἡ
3077 3825 3177 3892 μὲν
3207 3824 3450 3878 υἱοθεσία
3480 3829 3572 3881 καὶ
3597 3828 3676 3889 είς
3705 3828 3969 3899 κληρονο-

2406 3914 2532 3982 μίαν
2561 3916 2907 3984 εἰσέρχεται·
2955 3917 3043 3968 διὰ
3069 3918 3227 3970 τοῦτο
3257 3919 3366 3989 γὰρ
3404 3924 3498 3975 καὶ
3524 3921 3769 3988 ἐγεγόνει
3794 3939 3811 3954 ⁸
3845 3926 3880 3991 ἡ
3910 3923 3969 3976 δὲ

2399 4007 2510 4057 ἀπὸ
2548 4005 2641 4058 τοῦ
2690 4007 2848 4073 ἁγίου
2886 4007 3261 4077 βαπτίσματος
3292 4012 3371 4071 είς
3402 4014 3537 4068 τοὺς·
3558 4015 3835 4081 γαμικοὺς
3873 4017 3969 4083 μό-

2400 4113 2528 4159 νους
2561 4094 2805 4164 ζητεῖται
2838 4090 3105 4167 βαθμούς,
3157 4101 3261 4151 Καὶ
3288 4100 3428 4169 αὕτη
3478 4102 3577 4169 μὲν
3599 4105 3631 4171 ἡ
3664 4104 3968 4157 καθολικω-

2399 4186 2530 4254 τέρα
2561 4188 2658 4255 τῆς
2698 4187 3017 4255 συγγενείας
3042 4188 3301 4257 διαίρεσις
3326 4203 3340 4217 ·
3374 4191 3571 4261 ἐφεξῆς
3612 4194 3666 4245 δὲ
3701 4197 3832 4263 περὶ
3858 4197 3969 4247 τῶν

2401 4281 2543 4331 κατὰ.
2591 4280 2760 4348 μέρος
2808 4279 3063 4349 ἐροῦμεν,
3118 4282 3208 4333 καὶ
3266 4283 3483 4350 πρῶτόν
3524 4302 3586 4350 γε
3620 4286 3729 4338 τῶν
3782 4287 3843 4350 ἐξ
3886 4288 3969 4339 αἴ-

2403 4384 2592 4435 ματος.

2646 4479 2783 4547 Περὶ
2815 4479 2923 4546 τῆς
2955 4480 3024 4544 ἐξ
3051 4481 3297 4549 αἵματος
3343 4484 3721 4549 συγγενείας.

2474 4594 2775 4662 Διαιρεῖται
2830 4593 3009 4645 τοίνυν
3046 4595 3108 4645 τδ
3153 4593 3412 4660 ὁμογενὲς
3466 4595 3562 4647 καὶ
3609 4596 3667 4659 ἐξ
3732 4597 3969 4665 αἵματος

2402 4685 2483 4745 εἰς
2516 4699 2575 4736 τε
2628 4684 2899 4745 ἀνιόντας,
2933 4684 3025 4735 καὶ
3082 4685 3392 4748 κατιόντας,
3447 4685 3542 4736 καὶ
3568 4686 3693 4748 τοὺς
3732 4688 3798 4739 ἐκ
3835 4689 3973 4740 πλα-

2403 4775 2544 4840 γίου.
2579 4776 2684 4826 Καὶ
2714 4775 2954 4836 ἀνιόντες
2986 4775 3082 4840 μέν
3114 4776 3253 4827 εἰσιν
3283 4776 3333 4826 οἱ
3375 4776 3525 4843 ἡμᾶς
3555 4779 3970 4846 γεγεννηκότετ,

2404 4861 2516 4917 οἷον
2547 4867 2729 4933 πατὴρ
2768 4867 2861 4917 xui.
2894 4865 3100 4934 μήτηρ,
3129 4866 3353 4927 πάππος
3391 4867 3486 4919 καὶ
3520 4866 3751 4934 μάμμη,
3793 4871 3891 4920 καὶ
3921 4871 3975 4926 οι

2403 4956 2607 5008 τούτων
2642 4957 2933 5025 ἀνωτέρωι
2974 4957 3255 5017 κατιόντες
3281 4956 3362 5020 δὲ,
3402 4958 3451 5008 οἱ
3479 4957 3538 5022 ἐξ
3571 4957 3730 5025 ήμῶν
3764 4976 3972 5029 γεννη-

2404 5048 2606 5109 θέντες,
2646 5042 2757 5099 οἷον
2785 5047 2924 5109 υίὸς,
2953 5047 3219 5116 θυγάτηρ,
3249 5046 3493 5113 ἔγγονος,
3533 5048 3760 5117 ἑγγόνη,
3790 5050 3975 5117 δισέγ.

2404 5156 2587 5206 γονος,
2619 5139 2928 5205 δισεγγόνη,
2961 5142 3055 5194 καὶ
3074 5140 3122 5191 οἱ
3146 5139 3348 5192 τούτων
3373 5138 3571 5207 ἑφεξῆς
3592 5154 3610 5169 ο
3641 5140 3707 5192 ἑκ
3734 5140 3973 5208 πλαγίου

2402 5230 2482 5292 δὲ,
2519 5232 2567 5281 οί
2608 5232 2747 5299 μήτε
2778 5233 2924 5300 ἡμᾶς
2945 5230 3356 5298 γεγεννηκότες,
3391 5231 3527 5297 μήτε
3557 5229 3618 5292 ἐξ
3654 5230 3814 5297 ἡμῶν
3843 5249 3974 5297 γεν-

2406 5320 2683 5390 νηθέντες,
2725 5321 2830 5374 ὑπὸ
2881 5321 2938 5373 δὲ
2981 5320 3080 5389 τὴν
3134 5319 3304 5387 αὐτὴν
3335 5321 3431 5371 καὶ
3492 5319 3619 5385 μίαν
3645 5320 3827 5389 ἀρχὴν
3880 5321 3974 5373 καὶ

2404 5413 2568 5481 γονὴν
2626 5414 2761 5481 ἡμῖν
2818 5411 3164 5478 ἀναγόμενοι,
3220 5403 3353 5473 οἷον,
3406 5408 3637 5475 ἀδελφὸς
3664 5446 3683 5473 ν
3738 5410 3970 5480 ἀδελφὴ.

2404 5506 2567 5571 θεῖος,
2597 5506 2737 5567 θεία,
2774 5504 3011 5574 ἀνεψιὸς,
3052 5500 3269 5570 ἀνεψιὰ,
3318 5500 3631 5567 ἐξάδελφος,
3675 5500 3969 5569 ὲξαδὲὶφη,

2406 5597 2502 5649 καὶ
2540 5596 2589 5648 οἱ
2620 5595 2825 5648 τούτων
2872 5595 3153 5657 ἐπέκεινα,
3196 5593 3246 5645 οἱ
3278 5591 3387 5644 ἀπὸ
3428 5589 3716 5660 λοξότητος
3764 5591 3973 5661 δηλαδὴ

2413 5704 2712 5754 συγγενεις.
