4184 6444
745 409 883 469 Ill)

1939 401 2304 460 ΜΑΤΤΗΑΞΙ
2348 401 2771 461 BLASTABlS

3857 400 3989 462 ιιΞο

743 518 908 570 etiam
965 513 1409 577 ager-tuleritihus,
1443 512 1638 566 nedum
1696 526 1760 564 ex
1814 519 2131 565 transverso
2179 527 2310 564 cou-

2423 515 2685 582 ρονομὶαν
2710 515 2806 566 καὶ
2849 513 2958 565 τῶν
2988 512 3271 573 ἀνιόντων,
3311 511 3408 579 οὐχ
3442 511 3587 569 ὅπως
3629 511 3738 563 τῶν
3765 512 3827 562 ἐκ
3857 512 3992 564 πλα-

744 613 968 664 stitutis.
1007 607 1101 660 Sin
1146 605 1465 659 manifestus
1511 604 1724 672 quidem
1753 614 1858 666 cst,
1898 619 2004 656 non
2038 612 2217 656 tamen
2244 619 2310 657 cx

750 705 976 754 muliere
1013 712 1172 754 natus
1233 714 1354 767 qua:
1404 698 1456 750 in
1497 697 1858 750 contubernio
1907 695 2005 748 viri
2041 695 2155 761 sit,
2210 711 2314 748 no-

741 796 864 844 thus
913 793 1026 846 sive
1079 791 1300 859 spurius
1355 790 1678 858 appellatur.
1718 786 1812 839 Sin
1871 787 2098 840 omnino
2134 787 2315 839 incer-

741 894 826 935 tus
858 886 1225 947 ctohsrurus,
1279 881 1604 935 tenebrosus
1654 879 1875 944 dicitur,
1924 879 2006 932 uti
2053 893 2178 933 cum
2213 877 2318 930 llo-

741 992 925 1030 merus
998 977 1074 1027 ait
1111 993 1124 1026 :

950 1071 1124 1120 Mater
1153 1066 1350 1133 peperit
1394 1067 1743 1118 tenebrosum.

743 1159 821 1212 Ac
862 1159 928 1211 de
979 1161 1081 1210 hoc
1132 1157 1348 1225 quidem
1382 1156 1566 1209 nullus
1619 1158 1777 1210 nobis
1832 1167 1915 1210 est
1947 1170 2150 1209 sermo.
2203 1152 2316 1208 Nec

745 1249 893 1300 enim
951 1248 1033 1299 vel
1097 1248 1311 1300 ratione
1361 1255 1742 1300 contractuum
1806 1245 2314 1308 matrimonialimu,

745 1340 826 1388 vel
903 1337 1320 1401 successionis,
1420 1338 1590 1389 ullum
1666 1338 1719 1389 in
1775 1338 1973 1391 talibus
2055 1346 2139 1390 est
2210 1336 2316 1389 du-

745 1423 918 1474 bium.

1473 1513 1598 1566 Lex.

820 1601 991 1656 Etiam
1026 1605 1107 1655 lex
1160 1606 1235 1657 ait
1271 1624 1283 1659 :
1329 1604 1497 1674 Vulgo
1530 1607 1815 1674 quaesitam
1871 1621 2115 1660 sororem
2155 1625 2317 1663 nemo

746 1693 893 1745 ducit
927 1710 1174 1749 uxorem.
1211 1695 1365 1760 ltem,
1401 1699 1502 1762 Qui
1533 1707 1809 1750 scortatus
1851 1709 1934 1750 est
1966 1700 2148 1767 aliqua
2189 1716 2313 1754 cum

746 1785 994 1846 muliere,
1029 1787 1298 1854 siquidem
1345 1791 1607 1842 scortatio
1649 1790 1937 1842 manifesta
1989 1800 2092 1853 est,
2126 1801 2183 1844 ut
2211 1807 2315 1843 no-

2417 607 2559 673 γίου.
2598 606 2658 657 Et
2687 607 2742 658 δὲ
2773 606 3006 673 φανερὸς
3052 605 3153 672 μέν
3185 607 3358 667 ἐστιν,
3391 604 3452 655 ού
3498 605 3679 672 μέντοι
3711 603 3774 654 ὲκ
3811 619 3991 654 συνοι-

2417 701 2619 768 κούσης
2654 699 2732 768 τῷ
2787 700 2939 769 ἀνδρὶ
2993 699 3278 765 γυναικὸς,
3327 698 3656 766 ὀνομάζεται
3719 697 3914 758 νόθος³
3947 700 3992 748 εἰ

2416 791 2472 842 δὲ
2533 791 2813 853 παντελῶς
2858 791 3092 860 ἀφανὴς,
3137 790 3355 857 λέγεται
3415 790 3648 850 σκότιος,
3695 787 3769 850 ὥς
3827 805 3992 856 φητιν

2421 884 2689 952 Ὀμηρπςι

2770 1063 3018 1115 Σκότιον
3052 1060 3105 1113 δ’
3132 1059 3404 1126 ἐγείνατο
3429 1072 3643 1124 μητηρο

2419 1145 2633 1220 περὶοῦ
2687 1153 2843 1219 λόγος
2886 1154 3019 1220 ἡμῖν
3070 1151 3283 1212 οὐδείς·
3334 1149 3457 1200 οὔτε
3495 1150 3598 1216 γὰρ
3651 1149 3730 1208 εἰς
3778 1147 3991 1212 γαμικὰ

2420 1244 2860 1311 συναλλάγματα,
2921 1241 3044 1294 οὔτε
3086 1243 3190 1309 μὴν
3237 1242 3318 1303 εἰς
3370 1239 3734 1310 κληρονομίαν
3788 1238 3846 1286 ἐν
3882 1238 3989 1296 τοῖς

2417 1337 2682 1398 τοιούτοις
2716 1337 2864 1388 ἐστὶν
2892 1334 3303 1404 ἀμφισϐήτησις

3083 1519 3305 1587 Νόμος.

2488 1614 2626 1681 Φησὶ
2654 1612 2708 1665 δὲ
2755 1613 2848 1663 καὶ
2881 1613 2908 1664 6
2947 1612 3112 1680 νόμος
3139 1630 3150 1642 ·
3191 1612 3303 1678 Τὴν
3358 1611 3422 1662 ὲκ
3456 1609 3715 1679 πορνείας
3758 1608 3989 1676 ἁδελςὴν

2417 1707 2592 1766 οὐδεὶς
2621 1705 2890 1772 λαμϐάνει
2916 1722 2928 1734 ·
2963 1705 3055 1756 καί
3079 1720 3093 1734 ’
3137 1705 3194 1756 '0
3220 1705 3528 1772 πορνεύσας
3563 1703 3705 1771 μετὰ
3729 1717 3873 1762 τινος
3895 1718 3990 1765 γυ-

2419 1798 2627 1860 ναικὸς,
2668 1798 2829 1866 εἴπερ
2870 1797 2987 1848 ἐστὶ
3023 1797 3234 1864 φανερὰ
3263 1801 3294 1863 η
3333 1795 3582 1864 πορνεία,
3625 1795 3725 1861 τὴν
3759 1794 3860 1861 μὲν
3891 1811 3991 1860 μη-

746 1890 959 1927 vercam
994 1877 1114 1939 ejus
1143 1879 1345 1931 ducere
1374 1879 1722 1947 prohibetur,
1756 1882 1827 1932 ita
1861 1881 2138 1933 sobrinum
2165 1881 2315 1949 ejus-

2422 1891 2614 1957 τρυιαν
2671 1888 2840 1955 αὐτῆς
2893 1887 3162 1940 κωλύεται
3221 1885 3428 1952 λαθεῖν,
3473 1886 3742 1956 λαμῦἁνει
3782 1883 3839 1938 δὲ
3892 1885 3988 1952 τὴν

743 1967 864 2018 (lettt
890 1969 1088 2022 ducere
1131 1980 1329 2037 potest.

1325 2062 1398 2116 De
1463 2063 1747 2132 afﬁnitate.

817 2151 1090 2207 llaeteuus
1123 2155 1326 2206 dictum
1358 2155 1424 2207 de
1457 2156 1952 2223 consanguinitate.
2019 2155 2314 2209 Affinitatis

745 2257 922 2296 autem
961 2247 1196 2299 rationes
1231 2247 1403 2314 magis
1432 2257 1561 2301 sunt
1589 2249 1653 2300 ad
1687 2248 2074 2301 inveniendum
2123 2251 2311 2302 variae.

744 2333 879 2385 Nam
942 2336 994 2387 in
1057 2337 1140 2387 his
1203 2337 1470 2404 graduum
1520 2339 1884 2406 quantitatem
1931 2338 2155 2392 omnino
2202 2355 2312 2393 non

743 2426 1095 2491 quaerendam
1155 2441 1277 2480 esse
1311 2428 1484 2480 visum
1517 2440 1600 2481 est
1647 2429 1883 2496 priscis;
1939 2429 2031 2483 sed
2070 2431 2311 2498 nuptias,

744 2535 866 2582 qua:
893 2517 1269 2572 confusionem
1321 2519 1735 2574 introducerent
1790 2522 1843 2574 in
1901 2523 2313 2590 appellationem

745 2609 979 2675 generis,
1009 2625 1199 2678 quaeve
1242 2610 1549 2665 inhonestae
1599 2620 1805 2673 essent.
1860 2613 2062 2667 diserte
2123 2625 2316 2668 vetan-

748 2714 864 2763 les,
925 2703 1161 2772 reliquas
1215 2705 1440 2759 minime
1520 2707 1886 2774 reprehensas
1945 2709 2312 2776 reliquerunt.

749 2791 1099 2848 Recentiores
1132 2811 1260 2847 vero
1287 2797 1449 2848 etiam
1483 2799 1682 2865 gradus
1712 2798 1764 2850 in
1790 2797 1874 2853 bis
1912 2801 2315 2868 excogitarunt,

745 2898 800 2940 et
832 2903 952 2956 qua?
984 2889 1210 2957 gradum
1243 2899 1453 2942 sextum
1484 2893 1836 2953 excederent,
1890 2890 2070 2944 locutu
2119 2894 2317 2946 habere

746 2979 1056 3033 voluerunt.
1082 2981 1244 3050 Atqui
1275 2981 1478 3035 diserte
1504 2982 1813 3034 invenimus
1846 2986 2068 3050 gradum
2103 2992 2314 3036 sextum

748 3072 1100 3136 permissum,
1145 3083 1199 3126 et
1231 3072 1521 3140 septimum
1561 3072 1894 3140 prohibitum
1931 3091 1944 3126 :
1981 3074 2153 3136 illum,
2191 3075 2314 3128 vel-

749 3174 807 3213 ut
854 3171 1126 3230 expertem
1176 3163 1556 3226 confusionis,
1614 3162 1760 3215 hunc
1816 3171 2071 3230 tauquam
2123 3165 2316 3217 confu-

749 3253 890 3304 sioni
927 3253 1248 3306 obnoxium.
1291 3251 1410 3316 Quo
1447 3253 1522 3312 fit.
1555 3260 1612 3304 ut
1646 3253 1699 3305 in
1727 3253 1810 3306 his
1840 3253 2040 3322 gradus
2091 3255 2317 3309 minime

750 3344 1128 3396 iutrotlucendi
1161 3344 1309 3408 sint;
1341 3344 1433 3397 sed
1468 3345 1612 3411 quod
1643 3344 1843 3398 diserte
1893 3345 1974 3398 lex
2008 3346 2198 3408 Vetuit,
2233 3347 2316 3397 fu-

748 3437 1030 3502 git-udum,
1092 3436 1237 3502 quod
1284 3453 1388 3488 non
1424 3437 1591 3488 vetuit
1653 3437 2071 3491 admittendum.
2137 3437 2317 3492 Vetuit

751 3536 926 3578 autem
963 3526 1138 3594 prisca
1169 3525 1250 3579 lex
1278 3527 1690 3594 propinquiora.

1468 3616 1596 3674 Lex.

821 3709 959 3761 Sunt
1005 3709 1148 3761 enim
1190 3709 1306 3775 ejus
1351 3709 1464 3761 haec
1506 3707 1666 3760 verba
1703 3724 1717 3760 :
1755 3707 1958 3763 Socrus
1996 3719 2080 3764 est
2131 3711 2317 3766 uxoris

751 3810 884 3848 mea:
934 3806 1128 3858 mater,
1179 3805 1232 3848 et
1277 3797 1416 3857 avia,
1445 3808 1496 3848 et
1534 3797 1791 3863 proavia,
1825 3813 2058 3865 quarum
2110 3801 2314 3854 nullam

749 3889 907 3942 duco.
945 3888 1125 3942 Nurus
1167 3891 1328 3943 etiam
1361 3890 1559 3942 dicitur
1595 3906 1732 3943 uxor
1777 3891 1895 3955 lilii,
1924 3900 1979 3946 et
2023 3895 2235 3961 nepotis
2264 3903 2314 3947 et

754 3983 1088 4050 p‘rouepotis.
1120 3982 1372 4051 Privigna
1410 3999 1632 4051 quoque
1662 3983 1882 4044 dicitur,
1926 3999 1990 4037 ex
2025 3985 2133 4037 alio
2186 3997 2316 4039 nata

753 4068 949 4120 marito
989 4070 1173 4122 uxoris
1226 4086 1358 4122 meae
1409 4069 1539 4132 ﬁlia,
1602 4079 1654 4123 et
1690 4071 1887 4138 neptis,
1931 4080 1985 4124 et
2016 4075 2316 4142 proneptis,

752 4174 986 4226 quarum
1025 4161 1224 4213 nullam
1279 4161 1441 4214 duco.
1481 4161 1590 4214 Nec
1623 4161 1748 4213 item
1786 4177 2082 4215 novercam
2113 4179 2317 4227 meam,

758 4254 882 4307 licet
911 4256 1092 4322 plures
1127 4266 1280 4324 pater
1313 4273 1466 4309 meus
1493 4257 1766 4318 habuerit,
1789 4261 2049 4324 quoniam
2081 4271 2316 4313 matrum

756 4344 872 4398 luco
917 4355 1059 4398 sunt.
1094 4347 1205 4398 Nec
1241 4363 1468 4401 noverca
1504 4349 1654 4401 nubit
1685 4349 1732 4400 ei
1763 4349 1899 4418 48.
1933 4351 2023 4417 qui
2055 4352 2316 4419 privigne

754 4450 885 4486 meae
912 4437 1139 4488 maritus
1181 4434 1301 4486 fuit.
1337 4434 1444 4489 Nec
1467 4437 1628 4488 tiliam
1667 4437 1909 4490 mulieris
1949 4439 2112 4501 duco,
2137 4455 2258 4507 qum
2290 4456 2317 4492 a

754 4542 838 4579 tne
877 4527 1115 4587 divertit,
1140 4541 1203 4579 ex
1234 4528 1339 4578 alio
1364 4529 1557 4580 marito
1590 4538 1703 4592 post
1741 4529 2032 4581 divortium
2061 4545 2318 4598 procrea-
2351 4549 2394 4603 υ

752 4623 884 4668 tam.
913 4612 1115 4667 Tomos
1137 4627 1318 4666 autem
1348 4614 1570 4668 Sisiunii
1603 4617 1872 4684 prohibet,
1896 4632 1962 4670 ne
1992 4619 2098 4671 duo
2121 4617 2320 4674 fratres

752 4705 971 4757 amitam
1019 4713 1071 4756 et
1103 4704 1346 4771 ejusdem
1404 4704 1588 4759 fratris
1642 4687 1807 4759 filiam
1859 4709 2065 4762 ducant
2097 4724 2316 4773 uxores,

755 4811 817 4847 ac
869 4794 984 4845 vice
1014 4809 1188 4848 versa.
1226 4793 1492 4847 PLI‘lCl‘Cﬂ
1521 4797 1708 4856 vetuit,
1738 4811 1804 4848 ne
1837 4797 1946 4849 duo
1986 4797 2183 4852 fratres
2219 4803 2321 4852 du-

753 4892 880 4936 cant
911 4885 1045 4936 duas
1071 4885 1450 4947 consultriuas,
1490 4887 1541 4937 iu
1575 4903 1806 4954 quorum
1862 4890 2037 4954 primo
2070 4891 2316 4957 quintus,

756 4975 808 5026 in
866 4975 1112 5026 secundo
1177 4984 1364 5026 sextus
1422 4975 1626 5042 gradus
1684 4986 1981 5044 spectatur.
2043 4977 2210 5046 Igitur
2254 4981 2318 5033 ad

754 5062 1006 5128 quintum
1061 5078 1233 5130 usque
1277 5065 1502 5131 gradum
1561 5066 1843 5130 prohibitze
1888 5077 2018 5120 sunt
2047 5068 2118 5120 ob
2147 5069 2320 5122 amni-

755 5168 920 5209 tatem
987 5159 1210 5223 nuptias,
1264 5160 1534 5226 siquidem
1589 5161 1643 5212 in
1675 5161 1759 5214 his
1808 5162 1969 5214 etiam
1999 5166 2318 5218 numerandi

755 5257 884 5299 sunt
916 5247 1139 5312 gradus.
1171 5248 1303 5312 Quae
1340 5264 1465 5301 vero
1499 5250 1635 5301 sexti
1670 5251 1873 5318 gradus
1903 5260 2053 5311 sunt.
2094 5253 2138 5304 si
2173 5256 2320 5307 nulla

757 5338 1083 5392 interveniat
1129 5342 1384 5394 confusio
1429 5343 1574 5393 cirta
1619 5346 1842 5409 generis
1901 5344 2316 5410 appellationes,

756 5441 862 5478 non
928 5430 1305 5494 prohibentur.
1357 5427 1451 5481 Siu
1510 5439 1753 5498 emergat
1801 5430 1984 5499 aliqua
2041 5430 2318 5496 confusio,

758 5529 1034 5572 vetantur.
1241 5584 1244 5588 _

1073 5609 1280 5663 Gradus
1314 5621 1496 5663 sextus
1537 5627 1636 5663 non
1667 5614 1976 5678 prohibitus.

834 5700 936 5753 Eas
977 5702 1138 5754 etiam
1177 5704 1408 5768 nuptias,
1443 5717 1564 5769 qua:
1589 5704 1988 5756 contrahuntur
2031 5721 2094 5758 cx
2135 5723 2242 5759 uno
2269 5717 2321 5759 et
2356 5694 2365 5703 ’

756 5809 996 5860 ριωιιιιλιρ
1042 5793 1321 5862 gradile
1380 5809 1568 5848 omnes
1606 5793 2024 5863 aliiprohibeut.
2074 5798 2139 5849 At
2190 5815 2316 5851 vero

2415 1979 2800 2048 διτεξαδέλφην
2846 1979 3036 2048 αὐτῆς.

2804 2073 2943 2138 Περὶ
2969 2072 3089 2124 τῶν
3126 2071 3196 2133 ἐξ
3232 2070 3600 2139 ἀγχιστείας.

2487 2165 2594 2216 Καὶ
2621 2163 2762 2232 αὕτη
2798 2165 2894 2231 μὲν
2921 2167 2952 2232 ἡ
2980 2164 3088 2215 τῶν
3117 2164 3174 2227 ἐξ
3199 2164 3428 2231 αἵματος
3453 2177 3466 2190 ⁸
3498 2163 3604 2214 τῶν
3635 2161 3693 2214 δὲ
3727 2161 3785 2225 ἐξ
3823 2163 3984 2231 αγχιο

2419 2257 2601 2318 στείας
2663 2256 3011 2324 ποικιλοτέρα
3048 2256 3079 2322 ἡ
3122 2253 3360 2322 εὕρεσις.
3397 2254 3489 2305 Ἐν
3511 2252 3721 2314 τούτοις
3751 2254 3860 2319 γὰρ
3890 2253 3988 2321 βα·

2418 2347 2568 2414 θμῶν
2591 2347 2864 2415 ποσότητα
2897 2347 3082 2411 ζητεῖν
3119 2345 3348 2406 οὺδόλως
3376 2347 3490 2406 τοῖς
3523 2345 3774 2406 παλαιοῖς
3818 2344 3987 2407 ἔδοξε,

2415 2437 2554 2488 ἀλλὰ
2584 2439 2649 2488 τὰ
2685 2437 3064 2506 συγκεχυμένα
3111 2438 3253 2489 κατὰ
3300 2437 3400 2505 τὴν
3433 2436 3529 2488 τοῦ
3577 2439 3767 2502 γένους
3797 2438 3989 2501 κλῆσιν

2417 2529 2512 2581 καὶ
2536 2529 2759 2596 ἀπρεπῆ
2787 2529 2963 2597 ρητῶς
2996 2530 3368 2594 κωλύσαντες,
3392 2529 3458 2580 τὰ
3489 2528 3652 2580 λοιπὰ
3682 2529 3990 2595 ἀνέγκλητα

2416 2620 2606 2670 εῐασαν
2629 2636 2642 2649 ο
2674 2620 2722 2670 οἱ
2745 2620 2802 2670 δὲ
2827 2613 3080 2686 νεώτεροι
3120 2623 3212 2671 καὶ
3250 2619 3493 2687 βαθμοὺς
3528 2619 3711 2679 αὐτοῖς
3759 2617 3991 2684 ἐπενόη-

2419 2728 2540 2772 σαν,
2580 2711 2672 2763 καὶ
2703 2711 2770 2763 τὰ
2805 2712 2944 2780 ὑπὲρ
2987 2712 3077 2763 τὸν
3106 2712 3264 2763 ἕκτον
3309 2711 3514 2780 βαθμὸν
3563 2711 3877 2780 προὸαίνειν
3903 2711 3992 2764 δερ

2416 2801 2645 2854 δώκασι.
2677 2801 2784 2854 Καί
2809 2819 2892 2854 τοι
2927 2802 3106 2871 ρητῶς
3133 2803 3464 2872 εὑρίσκομεν
3490 2805 3582 2855 καὶ
3606 2804 3764 2854 ἕκτον
3791 2819 3989 2869 συγκε-

2417 2892 2760 2959 χωρημένον,
2793 2895 2887 2945 καὶ
2918 2891 3147 2960 ἓϐδομον
3180 2892 3587 2960 κεκωλυμένον,
3634 2895 3726 2942 τὸν
3763 2891 3864 2959 μὲν
3913 2893 3990 2950 ὠς

2417 2982 2742 3050 ἀσύγχυτον,
2773 2983 2862 3034 τὸν
2915 2982 2970 3034 δὲ
3005 2982 3079 3041 ὠς
3128 2983 3539 3051 συγκεχυμένον
3565 2997 3578 3010 ’
3612 2982 3751 3034 ὥστε
3783 2981 3845 3031 ού
3881 2979 3991 3048 χρὴ

2419 3072 2660 3141 βαθμοὺς
2699 3075 3057 3142 παρεισάγειν
3081 3078 3160 3138 εἰς
3189 3076 3361 3129 ταῦτα
3382 3093 3396 3105 ’
3433 3076 3545 3127 ἀλλ’
3576 3075 3603 3126 ὅ
3644 3074 3743 3142 μὲν
3767 3075 3796 3126 6
3827 3074 3991 3140 νόμος

2422 3164 2600 3231 ῥητῶς
2636 3164 2900 3227 ἐκώλυσε,
2944 3164 3168 3232 φεύγειν
3193 3181 3206 3193 ·
3241 3165 3270 3216 6
3295 3164 3353 3218 δὲ
3397 3163 3472 3233 μὴ
3514 3162 3777 3226 ἐκώλυσε,
3810 3179 3992 3229 παρα-

2418 3254 2707 3321 δέχεσθαιο
2759 3255 2998 3306 ἐκώλυσε
3031 3256 3087 3307 δὲ
3116 3257 3145 3306 6
3189 3255 3289 3324 μὲν
3333 3254 3687 3323 παλαιότερος
3732 3253 3896 3321 νόμος
3922 3252 3992 3302 τὰ

2420 3345 2832 3416 προσεχέστερα
2866 3348 2959 3400 καὶ
2989 3348 3284 3415 ὲγγύτερα.

3101 3616 3315 3681 Νόμος.

2489 3706 2624 3775 Φησὶ
2653 3705 2761 3776 γάρ
2787 3723 2798 3734 ·
2833 3706 3081 3774 Πενθερά
3121 3708 3265 3756 ἐστιν
3296 3707 3328 3773 ἡ
3377 3705 3561 3775 μήτηρ
3587 3708 3678 3756 καί
3703 3707 3735 3774 ἡ
3765 3707 3988 3775 μὲμμη,

2420 3796 2513 3847 καὶ
2537 3797 2570 3863 ὴ
2604 3797 2914 3864 προμάμμη
2943 3796 3039 3865 τῆς
3063 3796 3316 3864 γαμετῆς
3342 3813 3465 3863 μου,
3491 3796 3586 3846 καὶ
3612 3796 3874 3864 οὐδεμίαν
3900 3799 3994 3847 αὑ-

2419 3889 2526 3941 τῶν
2565 3889 2863 3957 λαμὸανω·
2917 3890 3011 3940 καὶ
3050 3889 3235 3958 νύμφη
3279 3889 3498 3954 λέγεται
3544 3890 3578 3956 η
3610 3887 3701 3940 τοῦ
3750 3888 3867 3940 υἱοῦ
3899 3891 3993 3940 καὶ

2419 3983 2510 4034 τοῦ
2537 3983 2783 4050 ὲγγόνου,
2817 3985 2910 4034 καὶ
2935 3983 3080 4051 ἡτοῦ
3101 3984 3433 4049 προεγγόνου
3458 3984 3670 4050 γαμετή
3695 3998 3709 4010 ·
3744 3984 3843 4033 καὶ
3862 3999 3994 4050 προ-

2419 4074 2551 4140 γονὴ
2568 4074 2779 4140 λέγεται
2803 4075 2835 4142 ἡ
2855 4074 2909 4138 ἐξ
2927 4073 3082 4124 ἄλλον
3106 4072 3373 4141 θυγάτηρ,
3392 4076 3484 4123 καὶ
3503 4073 3723 4140 ἑγγόνη,
3745 4075 3840 4124 καὶ
3863 4091 3993 4140 προο

2419 4165 2616 4232 εγγόνη
2647 4165 2742 4231 τῆς
2781 4165 3026 4232 γαμετῆς
3051 4180 3174 4232 μου,
3213 4164 3304 4214 καὶ
3351 4162 3606 4230 οἰδεμίαν
3647 4165 3827 4214 αὐτῶν
3855 4165 3995 4232 λαμ-

2422 4254 2587 4306 ϐάνω.
2614 4255 2748 4308 Οὐδὲ
2771 4257 2868 4324 τὴν
2897 4256 3165 4324 μητρυιάν
3195 4273 3318 4324 μου,
3355 4257 3402 4306 ει
3425 4257 3518 4306 καὶ
3551 4255 3750 4316 πολλὰς
3775 4255 3932 4325 ἔσχεν
3966 4259 3993 4306 6

2422 4346 2604 4412 πατήρ
2635 4363 2757 4412 μου,
2801 4345 2988 4414 ἐπειδὴ
3015 4345 3268 4413 μητέρων
3296 4344 3478 4413 ἔχουσι
3509 4345 3691 4409 τεὶξιν⁹
3716 4345 3843 4398 οὔτε
3885 4365 3995 4415 μη·

2421 4434 2581 4500 τρυιὰ
2604 4434 2694 4483 τὸν
2724 4433 3013 4500 γενόμενον
3043 4432 3212 4499 ἄνδρα
3255 4432 3355 4498 τῆς
3391 4432 3667 4501 προγονῆς
3699 4450 3828 4499 μου,
3873 4434 3995 4485 οὐδὲ

2423 4525 2520 4592 τὴν
2548 4524 2826 4592 θυγατέρα
2855 4525 2953 4591 τῆς
2979 4523 3414 4589 ἀποζευχθεξσης
3449 4540 3542 4589 μοι
3583 4525 3869 4588 γυναικὸς,
3894 4527 3994 4591 τὴν

2425 4615 2562 4681 μετὰ
2589 4616 2686 4682 τὴν
2715 4614 3009 4677 ἀπόζευξιν
3041 4616 3325 4682 τεχθεῖσαν
3352 4613 3408 4676 ἐξ
3455 4615 3640 4682 ἑτέρου
3671 4614 3889 4682 ἀνδρός.
3935 4619 3994 4669 '0

2419 4706 2473 4756 δὲ
2504 4705 2597 4756 τοῦ
2642 4706 2909 4756 Σισιννίου
2948 4706 3113 4772 τόμος
3167 4704 3259 4756 δύο
3287 4704 3549 4770 ἀδελφοὺς
3576 4705 3817 4756 ἐκώλυσε
3850 4707 3996 4775 λαμ-

2422 4796 2607 4848 ϐάνειν
2643 4796 2794 4848 θείαν
2827 4796 2922 4848 καὶ
2948 4795 3198 4859 ἀνεψιὰν,
3235 4795 3328 4845 καὶ
3357 4795 3628 4845 ἀνάπαλιν
3653 4811 3665 4823 ·
3705 4796 3786 4846 ἔτι
3820 4797 3877 4848 δὲ
3901 4799 3996 4850 δύο

2421 4886 2684 4952 ἀδελφοὺς
2717 4885 3016 4952 λαμϐάνειν
3047 4885 3140 4936 δύο
3173 4885 3624 4954 πρωτεξαδέλφας
3649 4902 3664 4916 ο
3701 4886 3995 4955 ὲνθιωρεῖ-

2419 4991 2508 5027 ται
2542 4975 2599 5025 δὲ
2628 4975 2706 5044 τῷ
2737 4975 2835 5041 μὲν
2862 4975 3065 5042 πρώτῳ
3096 4975 3124 5026 6
3149 4974 3397 5042 πέμπτος
3429 4972 3655 5041 βαθμδς,
3682 4973 3760 5041 τῷ
3790 4975 3845 5025 δὲ
3878 4976 3997 5026 65o-

2419 5066 2582 5134 τέρῳ,
2609 5067 2636 5117 6
2668 5067 2845 5127 ἕκτος.
2874 5067 3052 5133 Μέχρι
3091 5066 3191 5134 μὲν
3223 5064 3315 5117 οὖν
3342 5064 3435 5116 τοῦ
3466 5067 3717 5131 πέμπτου
3777 5065 3992 5135 βαθμοῦ

2422 5159 2598 5225 πάντη
2635 5157 2694 5207 τὸ
2736 5157 2797 5220 ἐξ
2823 5157 3141 5224 ἀγχιστείας
3175 5156 3500 5218 κεκώλυται,
3536 5157 3584 5206 εἰ
3623 5156 3703 5206 δεῖ
3731 5160 3832 5207 κὰν
3873 5158 3996 5209 τού-

2421 5264 2534 5308 τοις
2571 5247 2810 5315 βαθμοὺς
2843 5249 3136 5316 ἀριθμεῖν·
3181 5249 3246 5298 τὰ
3298 5248 3352 5299 δὲ
3379 5246 3473 5298 τοῦ
3505 5247 3664 5298 ἕκτου
3704 5248 3917 5316 βαθμοῦ
3946 5251 3993 5301 εξ

2426 5340 2522 5407 μὲν
2561 5341 2698 5391 αύτᾶ
2723 5340 2822 5391 οὐκ
2851 5340 2964 5406 ἔχει
2997 5339 3260 5406 σύγχυσιν
3287 5337 3416 5406 περὶ
3444 5339 3512 5389 τὰ
3535 5337 3627 5389 τοῦ
3654 5337 3846 5401 γένους
3873 5340 3992 5390 ὀνό-

2427 5447 2590 5497 ματα,
2651 5431 2710 5481 ού
2761 5428 3059 5480 κωλύεται⁹
3102 5429 3149 5478 εξ
3206 5428 3260 5478 δέ
3311 5445 3392 5486 τις
3451 5429 3642 5493 ὁρᾶται
3701 5429 3992 5494 σύγχυσις,

2423 5522 2685 5587 εἴργεται.

2807 5612 3038 5675 Βαθμὸς
3076 5611 3252 5674 ἕκτος
3276 5609 3604 5668 ἀκώλυτος.

2498 5703 2604 5752 Καὶ
2657 5701 2720 5770 δὴ
2750 5703 2842 5752 τὸν
2884 5703 2982 5769 μὲν
3013 5703 3070 5763 ἐξ
3115 5701 3230 5762 ἑνὸς
3274 5703 3366 5752 καὶ
3393 5705 3548 5752 πέντε
3586 5700 3811 5768 βαθμῶν
3844 5703 3992 5767 11w;-

2432 5814 2586 5866 μενον
2617 5797 2793 5862 γάμον
2825 5797 2871 5847 οἱ
2924 5796 3017 5863 μὲν
3065 5795 3209 5848 ἄλλοι
3256 5796 3454 5857 πάντες
3494 5797 3796 5848 κωλύουσιν
3821 5811 3833 5824 ⁸
3874 5799 3900 5849 6
3934 5797 3988 5848 δέ
