4184 6444
137 398 297 465 ΗΞΙ
1175 411 1581 479 SYNTAGMA
1620 413 2250 484 ALPHABETICUM.
2403 426 2466 486 Β.
3305 430 3442 498 ΗΞΖ

132 537 215 586 ηε
268 522 670 596 Θεσσαλονίκης
714 527 931 597 Μιχαὴλ
983 527 1012 578 ὁ
1059 530 1326 600 Χοῦμνος,
1379 536 1437 586 ἒν
1493 535 1608 605 ίδίφ
1654 535 1728 605 ψη

1830 536 2375 598 ,ΤΙιεεειιΙοιιὶοεηείε
2425 544 2657 601 antistes
2700 545 2790 602 ille
2833 545 3122 601 Cltumnus
3174 563 3270 604 sua
3317 566 3444 606 δυη-

132 612 423 682 ςρίτματι,
474 618 756 672 ἀκώλυτον
799 621 1117 690 ἀποφαίνει,
1159 621 1292 688 οἷον,
1336 628 1386 679 εί
1445 627 1628 698 πατὴρ
1659 647 1727 682 κα

1861 628 2030 681 tentia
2065 632 2443 698 pronuntiavit
2490 635 2715 690 minime.
2768 637 2986 694 vetitas.
3041 637 3284 710 Exempli
3318 657 3442 709 gra-

136 706 307 769 υίὸς,
344 707 560 776 πρώτου
594 713 746 775 ὅντες
779 713 1016 783 βαθμοῦ,
1051 718 1372 784 συναφθεῒεν
1425 723 1600 791 μικρᾷ
1633 721 1730 793 θείς

1859 716 1954 778 tia.
1984 719 2028 771 si
2063 730 2217 788 paler
2263 732 2316 776 et
2359 723 2525 785 ﬁlius.
2568 725 2661 793 qui
2720 729 2898 794 primo
2939 737 3067 783 sunt
3116 706 3439 800 grailu,'co.

130 801 257 852 καὶ
288 801 512 874 ἀνεψιᾷ,
557 806 810 874 πέμπτου
844 805 1032 869 οὔσαις
1064 808 1298 879 βαθμοῦ.

1856 807 2026 876 pulati
2060 810 2268 867 fuerint
2321 815 2503 870 amitte
2545 831 2748 885 parvae.
2789 833 2853 873 ac
2898 818 3080 875 fratris
3131 822 3251 892 ejus
3295 825 3436 885 ﬁlias.

1856 913 1977 969 qua:
2008 904 2182 969 gradu
2215 905 2408 974 quinto
2435 922 2492 961 se
2515 908 2864 979 contingunt.

2245 995 2456 1053 Gradus
2493 1012 2674 1056 sextus
2724 1003 3040 1071 prohibitus.

1931 1082 2027 1138 Sin
2063 1088 2268 1152 gradus
2311 1105 2378 1143 ex
2430 1091 2703 1148 afﬁnitate
2737 1104 2948 1158 sextus,
2978 1097 3045 1150 de
3089 1111 3199 1166 quo
3237 1101 3437 1168 quieri-

1856 1179 1965 1235 tur,
2015 1190 2081 1228 ex
2132 1175 2347 1232 duobus
2378 1187 2431 1232 et
2484 1192 2720 1248 quatuor
2767 1192 3008 1250 constat,
3069 1185 3335 1256 siquidem
3378 1192 3435 1242 ﬁt

1853 1266 2130 1328 confusio.
2162 1272 2366 1338 nuptiae
2390 1276 2724 1341 posteriores
2747 1274 3129 1344 prohibentur.
3151 1278 3288 1334 Nam
3319 1280 3433 1334 ﬁeri

1855 1360 2066 1426 nequit,
2097 1368 2158 1414 ut
2185 1361 2297 1415 duo
2330 1365 2573 1432 germani
2599 1364 2798 1420 fratres
2832 1367 3042 1424 duabus
3078 1371 3432 1428 consobrinis

1853 1440 2202 1518 c0ptilentur.
2245 1462 2340 1506 aut
2383 1455 2499 1508 vice
2559 1472 2734 1511 versa.
2767 1456 2934 1514 Fiunt
2976 1461 3122 1515 enim
3168 1463 3288 1516 loco
3320 1462 3433 1518 fra-

1851 1547 1998 1595 trum
2023 1545 2319 1613 congeneri
2353 1546 2434 1599 vel
2456 1545 2720 1602 coaflines
2751 1566 2767 1614 ;
2802 1560 2856 1604 et
2886 1551 2988 1605 hoc
3011 1555 3174 1606 modo
3206 1553 3437 1609 nomina-

1849 1635 2194 1704 cognationis
2250 1637 2688 1693 confunduntur.
2747 1640 2837 1694 Ait
2886 1644 3031 1696 enitn
3101 1656 3325 1700 sanctus
3378 1659 3433 1700 ct

1851 1739 2082 1796 magnus
2139 1728 2229 1782 ille
2275 1729 2510 1798 Bailius
2561 1749 2574 1786 :
2615 1732 2673 1786 ltt
2719 1733 2919 1802 quibus
2975 1738 3191 1804 generis
3248 1739 3432 1808 appel-

1773 1893 1817 1951 Β
1848 1819 2081 1874 lationes
2136 1823 2573 1888 confunduntur.
2638 1827 2691 1880 in
2740 1829 2852 1886 _his
2914 1830 3119 1885 illicita
3154 1840 3281 1886 sunt
3329 1847 3432 1886 nu-

1849 1914 1972 1951 nlirn
3390 1941 3396 1946 .

1849 1914 1993 1982 ptite.

616 1004 836 1073 Ἕκτος
863 1013 1056 1063 κεκωλ
1069 1009 1308 1080 υμένος.

238 1092 303 1145 Ei
353 1095 410 1149 δὲ
456 1097 484 1149 ὁ
511 1097 844 1168 ζητούμενος
879 1100 1037 1164 ἕκτος
1079 1102 1138 1167 ἐξ
1179 1104 1499 1174 ἀγχιστείας
1543 1107 1751 1177 βαθμδς

130 1186 214 1236 :1:
253 1184 351 1238 δύο
389 1187 674 1254 σύγκειται
706 1193 800 1243 καὶ
833 1193 1142 1263 τεσσάρων,
1177 1198 1225 1247 εί
1258 1198 1356 1266 μὲν
1385 1199 1592 1265 γίνεται
1622 1202 1752 1269 σύγ-

126 1294 339 1346 χυσις,
378 1280 406 1332 ὀ
448 1281 700 1352 δεύτερος
751 1283 1081 1341 κεκώλυται.
1139 1290 1214 1341 Ού
1249 1289 1357 1358 γὰρ
1406 1291 1631 1346 δυνατὸν
1657 1295 1750 1348 δύο

125 1372 526 1444 αὖταδέ).φους
573 1375 693 1428 δυσὶ
745 1379 1088 1448 συναφθῆναι
1139 1385 1621 1454 πρωτιξαδέλφαις
1651 1427 1666 1449 ,
1713 1387 1745 1457 ἢ

124 1463 206 1514 τὺ
265 1465 570 1518 ἀνάπαλιν·
629 1469 876 1537 γίνονται
906 1471 1015 1540 γὰρ
1051 1474 1173 1526 ἀντὶ
1216 1475 1576 1544 αύταδέλφων
1615 1479 1749 1547 σύγ-

125 1557 424 1625 γαμὸροι,
449 1561 542 1613 καὶ
572 1562 893 1631 συγχέονται
923 1565 1176 1619 ιντεῦθεν
1195 1568 1263 1620 τὰ
1289 1570 1387 1637 τῆς
1422 1571 1746 1638 συγγενείας

126 1647 420 1714 ὀνόματα.
448 1651 587 1719 φησὶ
619 1651 673 1704 δὲ
705 1655 732 1705 ὁ
761 1654 904 1723 ίερδς
937 1657 1033 1708 καὶ
1074 1658 1247 1724 μέγας
1288 1658 1602 1722 Βασίλειος’
1654 1663 1745 1715 Ἐν

125 1731 231 1797 οἷς
261 1740 332 1790 τά
365 1739 457 1792 τοῦ
486 1743 678 1809 γένους
714 1745 960 1814 ὀνόματα
993 1747 1338 1817 συγχέονται,
1387 1749 1444 1802 ὲν
1477 1750 1687 1814 τούτοις
1714 1753 1744 1804 6

127 1828 332 1898 γάμος
367 1831 652 1902 ἀθέμιτας.

2278 2008 2470 2064 Sextus
2530 2028 2631 2064 non
2681 2014 2993 2079 prohibitus.

218 2104 289 2156 El
316 2104 375 2157 δὲ
418 2104 479 2157 ού
505 2105 715 2173 γίνεται
746 2110 1035 2176 σύγχυσις,
1068 2112 1162 2162 καὶ
1193 2112 1220 2163 ὁ
1258 2110 1418 2174 ἕκτος
1460 2111 1730 2177 ἀκώλυτός

1921 2097 2014 2153 Sin
2039 2101 2292 2157 confusio
2326 2105 2470 2158 nulla
2503 2105 2595 2169 ﬁt,
2627 2107 2792 2159 etiam
2816 2115 3004 2161 sextus
3038 2122 3140 2160 non
3171 2109 3426 2178 prohibe-

131 2195 338 2245 ἔστιν·
373 2195 602 2248 πάππον
653 2198 761 2266 γὰρ
787 2199 880 2250 καὶ
924 2198 1145 2266 ἔγγονον
1188 2201 1471 2256 ἀκώλυτὸν
1501 2206 1615 2256 ἐστι
1649 2221 1743 2256 συ·
1847 2200 1954 2244 “1"-
1987 2191 2198 2262 Οιιὶιψθ
2232 2210 2340 2248 "0“
2381 2206 2615 2260 νθῑλίυῐί
2649 2198 2950 2266 τιυοιηίηυε
2987 2193 3122 2254 ἓλνυθ
3151 2211 3206 2254 ei
3255 2215 3426 2269 ηεροδ

129 2287 424 2356 ναφθῆναι
478 2288 688 2358 μεγάλῃ
740 2289 862 2360 θεία
891 2292 988 2343 καὶ
1028 2291 1265 2362 ἀνεψιᾷ·
1302 2293 1462 2346 ἕκτου
1507 2295 1614 2363 γάρ
1649 2297 1730 2348 και

1846 2287 2168 2355 copulentur
2199 2302 2325 2341 cum
2348 2289 2513 2342 amita
2542 2305 2755 2360 magna.
2791 2300 2842 2345 et
2874 2291 3116 2359 ejusdem
3151 2307 3212 2348 ex
3257 2293 3425 2349 fratre

129 2377 314 2432 τοῦτο
373 2379 607 2450 βαθμοῦ,
644 2381 758 2434 ἀλλ’
813 2381 962 2436 ἐστιν
1018 2383 1374 2453 ,ἁσύγχυτονο
1421 2387 1584 2439 πάλιν
1631 2388 1730 2458 γὰρ

1846 2390 2022 2444 nepte.
2073 2377 2207 2432 Nam
2260 2381 2362 2435 hoc
2398 2397 2616 2451 quoque
2647 2383 2785 2437 sexti
2815 2385 3016 2454 gradus
3057 2396 3162 2452 est,
3200 2394 3255 2439 at
3286 2401 3423 2440 con-

134 2473 297 2538 μετὰ
326 2474 453 2536 τοὺς
483 2475 695 2544 γάμους
721 2476 950 2529 πάππου
997 2477 1090 2529 καὶ
1124 2478 1349 2545 ὲγγόνου
1388 2479 1730 2544 ἀποσώξουσι

1843 2469 2074 2526 fusionis
2103 2487 2317 2540 expers.
2361 2463 2601 2529 Rursus'
2624 2475 2772 2528 enim
2805 2480 3043 2544 peractis
3093 2478 3298 2547 nuptiis
3335 2480 3418 2533 avi

648 2014 869 2082 Ἕκτος
903 2015 1241 2083 ἀκώλυτος.

127 2562 373 2626 τόπους.
399 2564 510 2636 Τὴν
532 2566 641 2636 γὰρ
667 2567 912 2637 μεγάλην
940 2566 1116 2634 θείαν,
1140 2571 1236 2623 καὶ
1263 2569 1554 2640 τδνεμέγαν
1575 2572 1736 2636 θεῖον,

130 2655 265 2723 ἦτοι
322 2654 416 2708 τοῦ
464 2657 689 2710 πάππου
723 2657 821 2728 τὴν
873 2659 1130 2730 ἀδελφὴν,
1177 2663 1272 2714 καὶ
1329 2663 1418 2715 τὸν
1477 2663 1733 2732 ἀδελφὸν,

135 2746 390 2816 μάμμην
413 2750 507 2801 καὶ
529 2750 757 2803 πάππον
780 2752 828 2804 οί
859 2751 1042 2804 πολλοὶ
1069 2753 1422 2822 ὀνομάζουσιζ
1453 2755 1555 2808 Διὰ
1578 2755 1735 2810 τοῦτο

131 2835 272 2888 οὗτε
309 2838 418 2891 άπὸ
466 2839 561 2892 τοῦ
601 2842 769 2910 νόμου
802 2843 864 2895 τὸ
910 2845 1082 2913 παρδν
1119 2843 1430 2898 κεκώλυται
1488 2847 1730 2917 ζήτημα,

133 2927 240 2978 καὶ
278 2929 356 2998 τῷ
389 2930 542 3001 τόμῳ
575 2935 829 3002 παρεῖται
859 2934 955 2987 τοῦ
979 2936 1270 3000 Σισιννίου,
1299 2937 1373 3000 ώς
1411 2936 1690 2992 ἀκώλυτον
1714 2955 1728 2970 ⁸

132 3018 325 3072 ἐκεῖνο
355 3019 435 3084 δὲ,
465 3020 539 3084 ώς
569 3020 833 3093 σύγχυσιν
875 3023 1019 3094 ἔχον,
1059 3024 1392 3079 κεκώλυται.

638 3222 858 3289 Ἕκτος
902 3224 1235 3292 ἀκώλυτος.

209 3311 278 3363 ΕΞ
307 3311 367 3364 δὲ
402 3314 466 3364 ἐκ
494 3315 662 3383 τριῶν
696 3319 812 3368 ἐστι
859 3318 955 3370 καὶ
1006 3319 1195 3387 τριῶν,
1236 3320 1284 3372 εί
1337 3320 1438 3390 μὲν
1467 3321 1566 3374 ούκ
1611 3321 1727 3391 ἔχει

135 3397 436 3467 σύγχυσιν,
477 3402 754 3457 άκώλυτόν
784 3406 930 3459 ἐστιν
951 3423 964 3436 ⁸
994 3402 1126 3472 οἷον,
1155 3409 1286 3462 ὅταν
1327 3411 1426 3474 μὲν
1461 3409 1604 3488 θεῖος
1632 3413 1724 3465 καὶ

132 3489 367 3557 ἀνεψιὸς
417 3491 568 3545 θείαν
624 3493 763 3565 λάϐῃ
813 3496 908 3548 καὶ
957 3498 1208 3566 ἀνεψιὰν,
1243 3489 1724 3569 ούδεμίαγίνεται

136 3580 434 3650 σύγχυσις.
466 3584 637 3637 Πάλιν
667 3587 778 3656 γὰρ
807 3587 956 3641 θείου
985 3590 1079 3642 καὶ
1099 3591 1324 3661 ἀνεψιοῦ
1358 3593 1595 3655 σώζουσι
1634 3596 1721 3648 τό-

134 3689 246 3723 πον
268 3688 285 3704 ⁸
310 3673 402 3725 διὰ
429 3672 589 3727 τοῦτο
621 3677 715 3729 καὶ
745 3680 1022 3732 ἀκώλυτον
1049 3682 1190 3734 εἶναι
1221 3685 1586 3750 παντάπασιν,
1606 3687 1640 3757 ἦ
1665 3705 1724 3740 τε

132 3763 235 3814 τοῦ
273 3763 532 3832 ῥηθέντος
573 3766 737 3836 νόμου
773 3773 976 3836 σιωπὴ,
1002 3773 1063 3825 ού
1100 3775 1207 3843 μὴν
1237 3775 1373 3830 ἀλλὰ
1407 3778 1500 3828 καὶ
1535 3778 1726 3830 θεσπί-

138 3871 328 3923 σματα
352 3858 632 3928 βασιλικά,
669 3867 764 3916 καὶ
795 3864 1028 3933 πράξεις
1061 3867 1344 3920 συνοδικαὶ
1367 3869 1534 3923 πᾶσιν
1557 3871 1727 3937 ιγνώ-

137 3962 327 4014 ρισαν.

594 4067 805 4133 Ἕκτος
837 4072 1276 4139 κεκωλυμένος.

213 4155 386 4209 Ὅταν
409 4156 463 4209 δὲ
497 4159 525 4211 ὁ
561 4159 663 4229 μὲν
697 4159 838 4222 θεῖος
874 4162 1164 4229 προλαϐὼν
1196 4164 1320 4233 ἔσχε
1348 4166 1446 4234 τὴν
1477 4166 1722 4236 ἀνεψιὰν,

133 4248 163 4298 ὁ
193 4247 251 4300 δὲ
284 4249 504 4318 ἀνεψιὸς
532 4251 781 4320 βούλεται
828 4256 1146 4323 συνοικῆσαι
1179 4261 1243 4324 τῇ
1291 4257 1434 4328 θεία,
1465 4259 1524 4311 τὸ
1548 4262 1724 4327 ἐπιγι-

136 4341 368 4410 νόμενον
395 4344 482 4396 διὰ
528 4346 626 4410 τὴν
661 4347 924 4415 σύγχυσιν
957 4348 1279 4402 κεκώλυται.
1319 4349 1565 4403 Γίνονται
1607 4355 1716 4422 γάρ

135 4433 211 4493 ώς
268 4435 378 4485 ἀπὸ
409 4435 518 4486 τῶν
545 4439 755 4504 γάμων,
788 4440 815 4490 ὁ
849 4439 946 4506 μὲν
977 4439 1118 4502 θεῖος
1171 4440 1412 4508 ἀνεψιὸς,
1453 4442 1480 4493 ὁ
1513 4443 1567 4494 δὲ
1599 4445 1718 4495 ἀνε-

141 4523 268 4589 ψιδς
306 4524 475 4587 θεῖοςο
510 4531 603 4580 καὶ
632 4529 745 4580 ἐστι
778 4529 935 4583 τοῦτο
969 4532 1145 4601 σαφὴς
1173 4532 1281 4585 τῶν
1311 4533 1592 4600 ὀνομάτων
1628 4536 1719 4586 τοῦ

138 4618 336 4681 γένους
363 4618 644 4685 σύγχυσις.

555 4827 848 4897 Ἕϐδομος
879 4827 1319 4896 κεκωλυμένος.

243 4920 392 4972 Α).λὰ
423 4921 514 4972 καὶ
545 4923 572 4972 ό
609 4921 803 4990 μέχρις
832 4921 1065 4988 ἑϐδόμου
1101 4921 1312 4990 βαθμοῦ
1343 4923 1718 4988 θεωρούμενος

140 5014 196 5077 ἐξ
232 5012 551 5098 ἀγχιστείας
581 5013 778 5082 γάμος,
812 5015 860 5066 εἰ
895 5015 994 5082 μὲν
1026 5013 1086 5078 ἐξ
1114 5014 1232 5075 ἐνὸς
1275 5015 1357 5080 εἴη
1392 5015 1492 5066 καὶΙ
1517 5014 1595 5078 ἓξ.
1633 5033 1721 5067 κε-

141 5104 404 5155 malum.
444 5104 517 5156 Ού
551 5105 658 5174 γάρ
687 5100 798 5158 οἷόν
825 5121 884 5157 τε
916 5105 1124 5174 πατέρα
1154 5104 1248 5156 καὶ
1279 5105 1392 5158 υἱον
1426 5105 1721 5168 δισεξαδέλ-

142 5211 268 5257 φαις
321 5194 659 5262 συναφθῆναι
698 5195 846 5246 δυσί’
887 5195 1129 5262 γίνονται
1179 5195 1306 5264 γὰρ,
1343 5195 1464 5247 ἀντὶ
1516 5195 1719 5262 πατρὸς

143 5287 232 5336 καὶ
266 5284 408 5346 υἱοῦ,
445 5285 814 5356 σύγγαμϐροι.

593 5397 888 5467 Ἕϐδομος
934 5399 1264 5464 ἀκώλυτος.

219 5493 276 5544 ΕΞ
294 5492 350 5544 δὲ
383 5494 443 5543 ὲκ
475 5492 568 5544 δύο
593 5492 686 5544 καὶ
709 5494 894 5553 πέντε,
917 5492 1171 5561 οὐδαμῶς
1189 5510 1202 5522 ·
1223 5495 1332 5547 εἴτε
1366 5497 1471 5564 γὰρ
1496 5497 1715 5557 πάππος

173 5588 249 5637 (αὶ
285 5585 524 5651 ἔγγονος,
557 5586 667 5637 είτε
695 5585 786 5637 δύο
819 5586 1142 5653 αύτάδελφοι
1189 5588 1509 5657 συναφθεῖεν
1546 5591 1719 5658 μικρᾷ

147 5680 260 5745 (rei;
319 5680 409 5729 καὶ
462 5678 686 5747 ἀνεψιᾷ,
759 5680 785 5730 ὁ
841 5678 1093 5748 δεύτερος
1150 5681 1326 5750 γάμος
1383 5681 1717 5752 ἀνέγκλητός

145 5771 311 5822 ἐστιν,

1840 2571 1894 2616 et
1941 2564 2156 2631 nepotis
2184 2563 2303 2618 loca
2345 2574 2590 2620 servant.
2636 2567 2850 2636 Quippe
2901 2584 3158 2638 magnam
3195 2570 3418 2624 amitam

1837 2664 1893 2709 et
1925 2667 2178 2724 patruum
2231 2673 2514 2728 magnum,
2548 2659 2650 2733 hoc
2675 2668 2782 2725 est,
2821 2661 2906 2714 avi
2956 2668 3200 2716 Sororem
3236 2673 3289 2716 et
3308 2664 3418 2717 fra-

1839 2755 2001 2812 trem,
2055 2750 2300 2819 plerique
2354 2752 2532 2804 aviam
2573 2763 2628 2805 et
2677 2766 2839 2806 avum
2876 2754 3158 2809 nominare
3207 2755 3408 2810 solent.

1837 2839 2048 2895 Idcirco
2083 2856 2180 2895 nec
2209 2842 2422 2910 legibus
2482 2843 2572 2896 hic
2602 2858 2769 2898 casus
2804 2854 2889 2898 est
2943 2845 3275 2914 prohibitus,
3304 2855 3358 2900 et
3387 2863 3416 2901 a

1837 2940 1986 2986 tomo
2047 2931 2274 2986 Sisinnii
2329 2935 2665 3003 permitt'tus
2733 2951 2832 2989 ceu
2885 2937 3108 2990 minime
3183 2937 3413 3000 vetitus;

1835 3036 1957 3075 cum
1990 3023 2124 3076 illttd
2157 3024 2394 3078 alterum
2422 3024 2494 3079 sit
2525 3025 2887 3093 prohibitum,
2921 3027 3069 3079 velut
3107 3026 3412 3080 obnoxium

1834 3109 2144 3164 confusioni

2151 3231 2166 3258 υ
2258 3221 2451 3276 Sextus
2511 3240 2613 3278 non
2668 3225 2984 3293 prohibitus.

1904 3310 1999 3366 Sin
2030 3327 2094 3365 ex
2133 3314 2306 3368 tribus
2345 3323 2399 3369 et
2433 3317 2606 3371 tribus
2633 3327 2869 3383 constat,
2902 3319 3172 3387 siquidem
3209 3320 3406 3376 confu-

1831 3405 2003 3460 sionis
2033 3422 2226 3476 expers
2253 3417 2357 3473 est,
2387 3424 2496 3463 non
2548 3418 2784 3468 velatur.
2829 3407 2992 3465 Verbi
3047 3413 3242 3480 gratia,
3283 3427 3407 3468 cum

1830 3507 2059 3565 patruus
2088 3509 2142 3553 et
2198 3499 2382 3555 fratris
2440 3500 2563 3567 ejus
2618 3499 2762 3555 ﬁlius
2816 3500 3039 3556 amitam
3093 3503 3318 3568 ducunt,
3355 3517 3411 3560 et

1829 3590 2077 3660 ejusdem
2122 3590 2312 3647 fratris
2372 3593 2561 3656 ﬁliam,
2599 3594 2745 3648 nulla
2799 3594 2856 3648 ﬁt
2889 3594 3157 3650 confusio.
3197 3597 3409 3653 Rursus

1827 3681 1972 3733 enim
2006 3683 2182 3749 patrui
2211 3693 2264 3736 et
2287 3682 2472 3738 fratris
2497 3684 2591 3738 ﬁlii
2623 3687 2802 3740 locum
2833 3696 3073 3742 servant.
3106 3687 3409 3758 Propterea

1829 3772 1934 3826 hoc
1967 3774 2121 3842 plane
2155 3789 2259 3826 non
2299 3777 2596 3843 prohiberi,
2627 3793 2736 3832 non
2778 3779 2941 3833 modo
2973 3780 3110 3849 legis
3152 3782 3407 3837 indicatte

1828 3863 2127 3927 silentium,
2157 3865 2249 3920 sed
2288 3867 2450 3920 etiam
2479 3868 2786 3938 principum
2837 3871 3169 3935 sanctiones.
3201 3881 3255 3928 et
3284 3884 3406 3929 acta

1829 3954 2109 4021 synodalia
2136 3957 2348 4010 cunctis
2381 3957 2780 4026 signiﬁcarunt.

2341 4066 2530 4122 Sextus
2590 4069 2908 4137 prohibitus.

1900 4161 1969 4214 At
2001 4176 2128 4216 vero
2192 4176 2314 4214 cum
2369 4171 2602 4229 patruus
2629 4163 2742 4230 jam
2786 4171 2956 4216 antea:
3001 4159 3190 4216 fratris
3241 4161 3405 4218 habet

1830 4253 1993 4306 ﬁliam
2021 4295 2036 4318 ,
2076 4251 2378 4322 fratrisque
2429 4253 2570 4306 lilins
2615 4267 2742 4306 cum
2795 4254 2962 4305 amita
2993 4252 3142 4306 coire
3190 4253 3304 4306 vult
3346 4255 3401 4308 in

1830 4347 2240 4401 matrimonium
2271 4362 2286 4410 ;
2321 4345 2650 4412 posteriores
2688 4345 2768 4397 hac
2794 4345 2996 4413 nuptias
3052 4344 3401 4400 confusionis

1828 4454 1992 4492 causa
2036 4439 2420 4506 prohibentur.
2456 4437 2668 4506 Quippe
2701 4438 2843 4490 velut
2873 4438 2990 4506 ipso
3019 4437 3144 4504 jure
3172 4448 3402 4504 patruus

1831 4533 1887 4583 tit
1939 4529 2124 4583 fratris
2185 4531 2348 4592 Illius,
2431 4539 2484 4583 et
2547 4529 2733 4583 fratris
2813 4529 2956 4582 lilius
3007 4528 3062 4582 ﬁt
3123 4540 3396 4597 patruus:

1757 4609 1799 4659 Ι)
1828 4624 2071 4691 adeoque
2139 4624 2428 4677 manifesta
2507 4622 2724 4690 generis
2763 4620 3225 4690 appellationum
3285 4621 3400 4676 haec

1827 4715 2077 4767 confusio
2106 4724 2209 4768 est.

2223 4821 2332 4896 ω
2363 4826 2630 4894 Septimus
2658 4827 2978 4891 prohibitus.

1894 4917 2034 4981 Quin
2069 4917 2229 4970 etiam
2272 4905 2683 4971 matrimonium
2719 4919 2862 4970 inter
2895 4917 3101 4980 alliut's,
3135 4915 3200 4968 ad
3228 4915 3396 4982 septi-

1825 5023 1971 5060 mum
2013 5023 2185 5076 usque
2216 5010 2441 5076 gradum
2479 5025 2598 5063 sese
2652 5008 2955 5077 porrigens,
2995 5008 3039 5061 si
3070 5014 3286 5060 constet
3331 5021 3396 5060 ex

1825 5116 1932 5152 uno
1963 5109 2014 5152 et
2046 5115 2164 5161 sex,
2201 5101 2537 5168 prohibetur.
2573 5100 2706 5153 Nam
2760 5102 2874 5152 ﬁeri
2923 5100 3112 5167 nequit
3159 5106 3218 5150 ut
3244 5105 3397 5164 pater

1822 5202 1875 5244 et
1908 5192 2051 5245 lilius
2099 5193 2312 5245 duabus
2345 5192 2588 5245 sobrinis
2624 5192 2969 5259 copulentur.
3028 5189 3207 5243 Patris
3252 5189 3398 5243 enim

1823 5294 1868 5336 et
1900 5284 1991 5336 ﬁlii
2030 5283 2168 5348 loco,
2229 5285 2363 5336 ﬁunt
2398 5283 2687 5354 congcneri
2719 5283 2800 5335 vel
2836 5281 3112 5336 coalﬁues.

2229 5394 2493 5460 Septimus
2535 5412 2636 5448 non
2670 5395 2985 5462 prohibitus.

1895 5486 2245 5555 Nequaquam
2282 5487 2382 5541 hoc
2415 5503 2513 5541 usu
2543 5487 2707 5550 Vt‘ltll,
2733 5488 2775 5538 si
2812 5501 2874 5538 ex
2906 5484 3119 5538 duobus
3152 5491 3203 5537 ct
3236 5483 3397 5553 quin-

1822 5595 1928 5648 que
1956 5588 2190 5632 constet.
2215 5578 2348 5631 Nam
2378 5582 2492 5634 sive
2519 5595 2654 5632 avus
2686 5592 2734 5632 et
2769 5594 2962 5648 nepos,
2993 5578 3106 5632 sive
3138 5580 3244 5631 duo
3268 5592 3397 5647 ger-

1822 5670 1966 5722 mani
2005 5667 2203 5723 fratres
2249 5670 2485 5739 copulati
2548 5669 2750 5724 fuerint
2800 5685 2925 5724 eum
2978 5669 3144 5723 amita
3181 5684 3345 5736 parva
3377 5707 3394 5732 ,

1821 5777 1874 5818 ct
1928 5766 2118 5820 fratris
2173 5767 2293 5834 ejus
2352 5767 2457 5819 tilia
2499 5808 2512 5829 ,
2564 5769 2819 5821 secundae
2873 5765 3074 5834 nuptis:
3124 5765 3252 5818 vitio
3304 5779 3396 5817 ca-

1826 5867 1964 5910 rent.
