4184 6444
776 370 903 435 ἕιῖἶ

1972 372 2345 433 ΜᾹΤΤΠΧΕΙ
2393 372 2813 432 BLASTARIS

3907 362 4037 425 1128

769 486 1096 548 sideremus,
1126 482 1328 552 gradus
1354 484 1407 537 in
1435 483 1541 544 his,
1576 498 1673 537 ceu
1718 482 1980 547 diximus,
2016 491 2245 550 quartus
2274 496 2354 534 re-

2458 481 2717 550 τέταρτον
2749 481 2808 530 ἐν
2848 479 3057 532 eodem:
3110 478 3321 547 βαθμὸν
3355 479 3611 531 ἀπαιτεῖο
3641 478 3720 530 δεῖ
3771 477 3888 545 γὰρ
3942 480 4039 544 τὴν

765 575 1029 640 quit-itur.
1070 574 1171 643 51
1209 574 1418 641 Quippe
1469 574 1932 627 necessitudinem
1982 572 2258 628 afﬁnitatis
2292 578 2345 629 in

766 674 1141 719 transversum
1166 681 1273 719 nou
1301 666 1666 736 nihilfoportet
1684 666 1927 727 extendi,
1947 675 2109 735 atque
2134 668 2346 722 ita'lici-

767 766 880 809 tum
911 757 1016 809 erit
1063 758 1503 814 matrimonium.
1541 757 1604 811 ν.
1632 774 1684 820 α.
1714 757 1913 827 conjux
1939 758 2125 811 fratris
2154 774 2346 812 uxoris

768 860 901 898 metr
936 845 1239 914 propinqua
1278 846 1689 901 necessitudine
1738 848 1985 917 jungitur
2022 847 2347 901 intermedio

765 939 977 1005 generi,
998 938 1140 991 sicut
1154 950 1207 992 et
1226 953 1326 1008 ego
1344 943 1468 1008 tpsi.
1492 942 1642 993 Hanc
1683 939 1849 993 frater
1870 955 2047 1003 meus,
2084 940 2346 995 defuncto

765 1029 1029 1098 t'Oujttgis
1075 1045 1211 1083 mete
1243 1029 1431 1094 fratre,
1463 1032 1668 1086 ducere
1688 1033 1826 1085 citra
1859 1033 2344 1100 reprehensionem

768 1131 970 1189 potest,
990 1123 1070 1175 vel
1090 1122 1261 1189 ipsius
1272 1138 1371 1192 ego
1390 1138 1666 1187 sororem;
1689 1122 1780 1176 sed
1802 1136 1908 1176 non
1933 1122 2017 1176 fas
2038 1132 2121 1176 est
2144 1131 2202 1175 ut
2230 1122 2347 1190 ipsa

771 1212 905 1266 mihi
924 1212 1115 1265 nubat.
1143 1211 1354 1268 Rursus
1370 1211 1583 1267 affinem
1608 1223 1803 1267 nactus
1822 1227 1969 1275 sum,
1984 1227 2192 1266 δεποτις
2215 1227 2348 1266 mea:

773 1308 951 1359 virum
982 1321 999 1370 ;
1047 1304 1203 1371 cujus
1234 1306 1503 1368 fratr-iam,
1552 1305 1706 1358 fratri
1734 1304 1947 1359 scilicet
1973 1305 2145 1372 ipsius
2170 1319 2350 1373 quou-

767 1396 892 1450 dam
919 1407 1171 1465 nuptam,
1192 1412 1415 1450 uxorem
1443 1400 1557 1464 ipse
1569 1397 1713 1450 duco
1732 1398 1868 1449 citra
1890 1395 2341 1463 prohibitionem,

767 1493 1028 1560 quoniam
1078 1504 1130 1545 et
1174 1493 1357 1560 quarti
1408 1492 1610 1561 gradus
1638 1507 1759 1545 esse
1788 1490 2245 1559 deprehenditur,
2296 1501 2348 1543 et

772 1583 985 1653 longius
1006 1583 1291 1651 aliquanto
1318 1595 1630 1639 removetur
1650 1600 1679 1637 a
1707 1584 2114 1639 necessitudine
2134 1582 2349 1652 generis

772 1675 1103 1728 interutedii.
1126 1674 1258 1740 Quae
1278 1677 1424 1730 enim
1446 1691 1682 1745 persona
1708 1691 1873 1746 prope
1899 1691 2023 1730 eum
2060 1677 2179 1746 ipso
2218 1690 2351 1731 con-

766 1765 1039 1837 jungitur,
1072 1782 1229 1822 soror
1277 1784 1394 1822 mea
1437 1778 1561 1824 est:
1596 1770 1711 1838 ipse
1744 1784 1875 1823 vero
1917 1785 2037 1823 sum
2063 1784 2128 1823 ex
2170 1781 2348 1823 trans-

773 1876 953 1923 verso,
982 1870 1037 1915 et
1057 1861 1219 1930 paulo
1250 1863 1517 1916 remotior
1544 1863 1612 1915 ab
1638 1862 1961 1917 iutermedia
1992 1876 2249 1931 persona.

842 1954 1055 2007 Rursus
1104 1964 1299 2007 nactus
1351 1969 1472 2008 sum
1526 1970 1815 2025 generum,
1853 1956 2113 2008 maritum
2169 1954 2345 2009 filiae:

773 2047 934 2116 cujus
989 2047 1279 2111 fratriam,
1332 2054 1556 2115 nuptam
1616 2048 1830 2101 scilicet
1887 2047 2164 2116 quondam
2227 2045 2348 2114 ejus

773 2139 954 2202 fratri,
980 2138 1111 2191 mihi
1133 2138 1353 2206 quidem
1376 2154 1539 2191 omne
1578 2138 1731 2191 nefas
1755 2150 1833 2191 est
1865 2153 2092 2192 uxorem
2122 2138 2349 2200 dueere,

775 2232 939 2285 veluti
973 2246 1141 2300 prope
1186 2231 1533 2296 conjunctam
1579 2232 1906 2285 intermedio
1950 2228 2159 2299 generi;
2192 2243 2349 2283 soro-

776 2339 889 2377 rem
921 2334 1101 2375 tamen
1135 2322 1253 2390 ejus
1286 2322 1430 2374 licite
1455 2321 1618 2374 duco.

851 2413 1182 2479 Quinetiam
1218 2428 1383 2482 gener
1408 2422 1462 2466 et
1501 2414 1692 2466 uxoris
1726 2411 1915 2474 frater,
1960 2413 2004 2467 si
2042 2414 2190 2467 vidui
2226 2413 2350 2468 facti

779 2506 925 2564 sint.
987 2506 1208 2558 amitam
1268 2514 1321 2558 et
1373 2503 1560 2558 fratris
1610 2504 1728 2571 ejus
1782 2504 1946 2557 filiam
2006 2521 2352 2573 nequaquam

779 2601 1009 2651 ducunt.
1036 2597 1207 2662 Cujus
1238 2606 1420 2649 autem
1457 2595 1709 2648 defuncta
1741 2604 1824 2649 est
1860 2610 2022 2659 uxor,
2054 2596 2101 2648 ei
2133 2597 2358 2664 permit-

781 2690 943 2754 titur,
970 2700 1029 2743 ut
1062 2704 1287 2742 uxorem
1326 2688 1491 2741 ducat
1528 2688 1821 2757 eongeneri
1854 2686 1937 2740 vel
1969 2685 2215 2740 cOafIinis
2268 2687 2353 2741 sui

779 2796 1049 2845 sororem,

850 2870 1028 2938 Atque
1059 2869 1223 2922 etiam
1256 2868 1423 2921 filiam
1464 2867 1701 2921 sobrina:
1734 2867 1934 2936 prioris
1969 2882 2219 2931 uxorem,
2254 2883 2355 2924 nec

783 2974 891 3012 non
925 2960 1125 3029 prioris
1167 2961 1358 3012 uxoris
1407 2958 1629 3010 amitam
1670 2972 1919 3025 parvam,
1944 2960 2046 3012 hoc
2080 2968 2196 3021 est,
2225 2972 2357 3012 con-

779 3053 1057 3106 sobrinam
1090 3067 1285 3105 socrus
1317 3066 1448 3104 sum.

864 3146 1066 3201 Verum
1094 3143 1256 3197 filiam
1288 3142 1631 3196 consobrinae
1655 3140 1852 3210 prioris
1880 3137 2130 3207 conjugis
2156 3139 2357 3195 ducere

781 3238 1124 3312 prohibetur.

855 3332 1102 3386 Fratrem
1161 3336 1216 3381 et
1270 3340 1517 3381 sororem
1586 3326 1823 3380 duarum
1882 3326 2361 3396 mulierum,qu:e

784 3426 999 3479 duobus
1044 3418 1304 3474 fratribus
1336 3427 1517 3487 nuptm
1547 3427 1697 3483 sunt,
1722 3417 1863 3471 inter
1893 3433 1952 3473 se
1993 3419 2241 3488 capulari
2273 3420 2355 3473 fas

782 3525 888 3573 est.

858 3606 1140 3663 Sententia
1166 3618 1295 3658 vero
1325 3600 1866 3670 patriarchazLeouis
1890 3598 2359 3669 Stupaeconeedit,

788 3711 846 3756 ut
866 3715 1031 3771 gener
1058 3708 1113 3752 et
1146 3696 1335 3751 uxoris
1369 3693 1537 3746 frater
1568 3705 1788 3745 sorores
1814 3692 1953 3747 duas
1976 3694 2203 3756 ducant,
2231 3707 2357 3746 cum

788 3794 989 3863 gradus
1015 3789 1241 3859 quintus
1266 3784 1656 3840 constituatur.

858 3884 1005 3940 Idem
1057 3884 1361 3943 decretum,
1408 3895 1473 3933 ac
1507 3890 1766 3947 przeterea
1822 3881 2096 3933 decretum
2144 3878 2359 3932 Arsenii

787 3976 1137 4047 patriarchae,
1172 3983 1419 4028 statuunt
1455 3973 1682 4027 minime
1710 3972 2044 4042 prohibitum
2074 3985 2224 4036 esse,
2248 3987 2361 4040 quo

791 4070 973 4123 minus
999 4070 1108 4121 duo
1134 4067 1330 4119 fratres
1354 4066 1553 4117 ducant
1585 4080 1782 4117 nurum
1817 4079 1878 4117 ac
1897 4078 2143 4117 sororem
2182 4063 2359 4116 mariti

790 4163 933 4232 ejus.

863 4254 1100 4309 Patruus
1157 4260 1212 4304 et
1272 4248 1503 4303 maritus
1550 4248 1672 4302 lilia:
1734 4247 1921 4303 fratris
1970 4247 2111 4315 ejus,
2141 4261 2363 4302 sorores

792 4353 927 4404 duas
968 4350 1173 4401 dueere
1216 4359 1323 4396 non
1364 4342 1743 4405 prohibentur,
1783 4340 1908 4395 licet
1949 4340 2149 4409 gradus
2175 4349 2363 4393 sextus

792 4440 1179 4495 constituatur.

860 4553 1001 4619 Quin
1036 4550 1198 4604 etiam
1245 4561 1409 4615 gener
1455 4555 1509 4600 et
1543 4545 1710 4599 frater
1770 4544 1957 4599 uxoris
1996 4546 2135 4599 duas
2166 4558 2365 4599 conso-
2399 4559 2441 4610 ι)

795 4647 981 4700 hriuas
1012 4642 1213 4697 ducere
1245 4657 1352 4694 non
1386 4639 1775 4709 prohibentur.
1809 4636 1933 4691 licet
1968 4637 2169 4705 gradus
2198 4636 2366 4705 septi-

798 4753 919 4791 tuus
954 4743 1217 4803 emergat.

869 4850 1149 4906 Michaelis
1181 4855 1361 4902 autem
1406 4845 1733 4915 patriarchae
1774 4844 2038 4897 sententia
2082 4844 2365 4912 permittit,

794 4953 853 4996 ut
876 4939 1105 4993 Joannis
1136 4938 1265 4999 tilia,
1290 4946 1343 4988 et
1372 4937 1614 5001 ejusdem
1659 4935 1848 4989 uxoris
1876 4949 1941 4987 ex
1971 4933 2141 4985 fratre
2166 4934 2364 5001 neptis,

796 5035 1061 5090 fratribus
1093 5030 1303 5083 duobus
1333 5027 1681 5096 copulentur.

872 5233 1124 5289 Nonnulli
1170 5242 1349 5283 tamen
1381 5230 1628 5298 quaedam
1664 5245 1727 5283 ex
1772 5229 2028 5283 Indicatis
2058 5229 2225 5294 iisce
2256 5246 2371 5284 ma-

804 5325 1079 5382 trimoniis
1109 5324 1296 5377 illicita
1334 5322 1764 5387 pronuntiarunt
1803 5339 1817 5373 :
1850 5306 2105 5374 videlicet
2138 5333 2196 5375 ut
2240 5338 2370 5375 cou-

806 5433 972 5487 gener
1019 5416 1273 5482 deinceps
1321 5426 1567 5465 sororem
1600 5412 1720 5481 ejus
1759 5410 1942 5474 ducat,
1976 5410 2068 5479 qui
2100 5424 2371 5477 congener

804 5509 976 5579 ipsius
1004 5507 1183 5561 fuerit.

875 5625 949 5678 Ac
992 5630 1248 5691 praeterea
1310 5618 1481 5671 frater
1528 5618 1732 5680 uxoris,
1769 5626 1828 5672 ut
1861 5634 1979 5672 eam
2030 5619 2213 5679 ducat,
2246 5633 2367 5685 qum

800 5715 987 5787 generi
1040 5728 1139 5766 suo
1188 5711 1413 5765 fratrem
1452 5709 1504 5762 in
1555 5711 1908 5764 matrimonio
1942 5711 2140 5764 habeat
2179 5727 2191 5762 :
2227 5711 2367 5762 sicut

804 5808 935 5865 illud
994 5805 1182 5871 etiam,
1241 5801 1384 5872 quod
1427 5800 1742 5872 episcOpum
1776 5798 2181 5857 Thessalonica:
2223 5798 2370 5853 Chu-

2450 574 2760 640 οἰκειότητα
2782 573 2879 639 τῆς
2902 572 3218 640 ἀγχιστείας
3244 570 3654 638 πλαγιασθῆναι
3688 570 3924 639 μικρδν,
3950 570 4040 621 καὶ

2449 664 2753 734 τηνικαῦτα
2779 667 2933 719 ἔσται
2964 667 3185 734 θεμιτδς
3217 669 3245 718 ὀ
3276 668 3477 735 γάμος.
3508 661 3656 728 Οἷον,
3681 666 3770 716 ὅτι
3803 663 3907 716 τοῦ
3948 680 4040 729 γυο

2450 758 2811 827 ναικαδέλφου
2848 775 2949 828 μου
3000 760 3034 827 ἡ
3062 758 3203 828 γυνὴ
3253 756 3533 827 προσεχιῖκ
3564 756 3851 826 ᾡκείωται
3904 756 4037 823 πρὸς

2449 852 2511 903 τὸ
2548 851 2714 919 μέσον
2743 850 2922 917 γένος,
2950 850 3139 919 ὥσπερ
3162 849 3317 917 κάγὼ
3341 850 3478 919 πρὸς
3502 850 3692 901 αὐτόν·
3721 849 3751 898 ὁ
3772 843 3872 900 οὖν
3907 848 4038 914 ἡμέ-

2449 960 2609 1012 τερος
2644 944 2875 1011 ἀδελφὸς
2921 944 3147 997 δύναται
3188 946 3399 1014 ταύτην
3452 944 3762 1012 ἀμέμπτως
3822 942 4031 993 λαϐεῖν.

2451 1034 2705 1098 Θανόντος
2738 1036 2832 1087 τοῦ
2862 1036 3295 1103 γυναικαδέλφου
3328 1052 3455 1102 μου,
3487 1035 3521 1103 ἢ
3543 1031 3655 1100 ἐγὼ
3680 1034 3782 1099 τὴν
3816 1030 4034 1097 ἐκείνης

2450 1126 2712 1195 ἀδελφὴν,
2746 1129 2917 1197 αὐτὴν
2968 1128 3024 1180 δὲ
3068 1129 3129 1181 οὐ
3170 1126 3328 1195 θέμις
3379 1124 3587 1177 λαϐεῖν.
3621 1125 3797 1178 Πάλιν
3841 1121 4033 1173 ἔλαϐον

2450 1222 2530 1281 είς
2581 1220 2680 1289 τὴν
2710 1221 2946 1291 ἀδελφήν
2980 1238 3084 1290 μου
3137 1219 3413 1289 γαμϐρὸν,
3445 1213 3507 1269 οὗ
3548 1217 3647 1287 τὴν
3672 1217 3763 1268 ἐπ’
3812 1213 4029 1281 ἁδελφῴ

2452 1312 2584 1365 ποτὲ
2614 1311 2839 1381 νύμφην
2874 1313 3037 1371 αὐτὸς
3085 1312 3280 1365 ἔλαϐον
3326 1314 3408 1374 είς
3433 1312 3695 1377 γυναῖκα,
3729 1307 3828 1359 καὶ
3887 1305 4028 1357 εστιν

2451 1404 2755 1465 ἀκώλυτον.
2794 1407 2919 1458 ἐπεὶ
2964 1406 3064 1459 καὶ
3104 1407 3369 1475 τετάρτου
3425 1403 3634 1472 βαθμοῦ
3684 1402 4024 1469 εὑρίσκεται,

2451 1498 2546 1549 καὶ
2581 1496 2923 1565 μακρύνεται
2955 1496 3153 1566 μικρὸν
3186 1498 3282 1549 καὶ
3310 1497 3411 1563 τῆς
3447 1496 3779 1562 οἰκειότητος
3806 1494 3906 1544 τοῦ
3941 1492 4027 1559 μὲ-

2452 1603 2547 1640 σου
2582 1589 2808 1654 γένουςο
2845 1589 2906 1640 τὸ
2951 1591 3059 1661 γὰρ
3091 1591 3227 1658 πρὸς
3267 1590 3403 1641 αὐτὸ
3448 1586 3729 1659 προσεχῶς
3768 1585 4027 1637 συναπτό-

2454 1698 2617 1747 μενον
2663 1683 2978 1749 πρόσωπον,
3010 1686 3043 1753 ἡ
3095 1685 3299 1754 ἀδελφή
3348 1683 3450 1751 μού
3497 1686 3670 1743 ἑστιν,
3718 1678 3831 1746 ἐγὼ
3867 1678 3921 1730 δὲ
3968 1677 4025 1727 ἐκ

2452 1771 2708 1840 πλαγίου,
2751 1777 2846 1827 καὶ
2879 1776 3076 1845 μικρὸν
3105 1776 3376 1845 ἀπωτέρω
3404 1774 3497 1828 τοῦ
3528 1775 3717 1843 μέσου.

2527 1950 2700 2001 Πάλιν
2738 1951 2835 2003 ἐπὶ
2860 1954 2924 2021 τῇ
2960 1951 3191 2021 θυγατρὶ
3219 1951 3435 2019 ἐγένετὸ
3463 1970 3550 2021 μοι
3586 1951 3834 2019 γαμϐρός
3855 1969 3870 1981 ο
3914 1948 4028 2001 τού-

2456 2058 2551 2094 του
2583 2041 2682 2111 τὴν
2723 2043 2855 2094 ποτὲ
2894 2044 2992 2111 μὲν
3016 2044 3233 2114 νύμφην
3266 2044 3352 2095 ἐπ’
3391 2045 3607 2112 ἁδελφῷ
3636 2044 3822 2095 λαϐεῖν
3858 2061 3923 2110 με
3956 2043 4026 2099 εἰς

2460 2133 2698 2197 γυναῖκα
2724 2133 2783 2183 ού
2809 2132 2990 2201 θέμις,
3019 2134 3095 2195 ὡς
3124 2135 3410 2203 προσεχῶς
3438 2135 3859 2201 συναπτομένην
3899 2133 4027 2198 πρὸς

2460 2225 2521 2275 τὸ
2564 2224 2729 2291 μέσον
2770 2224 2955 2292 γένος·
2992 2226 3093 2293 τὴν
3146 2226 3203 2277 δὲ
3232 2227 3404 2295 αὐτῆς
3452 2225 3710 2291 ἀδελφὴν,
3758 2227 3862 2277 οὐκ
3909 2224 4027 2276 ἀθέ-

2464 2333 2643 2384 μιτον.

2544 2411 2705 2464 Ἀλλά
2733 2412 2826 2465 καὶ
2859 2411 3129 2480 γαμϐρὸς,
3169 2412 3264 2464 καὶ
3280 2414 3704 2480 γυναικάδελφος
3732 2411 4027 2480 χηρεύσειεν-

2460 2518 2573 2566 τες,
2608 2503 2760 2555 θείαν
2782 2504 2876 2556 καὶ
2908 2504 3135 2573 ἀνεψιὰν
3172 2505 3424 2574 οὐδαμῶς
3454 2505 3826 2573 λαμϐάνουσιν
3846 2521 3860 2533 ·
3890 2498 3950 2556 οὗ
3977 2501 4027 2552 δι

2460 2594 2847 2663 τετελεύτηκεν
2877 2597 2908 2665 ή
2941 2598 3104 2665 γυνὴ,
3132 2597 3434 2666 λαμϐάνειν
3472 2597 3648 2665 τούτῳ
3686 2597 3904 2662 ἐφεῖται
3938 2595 4029 2659 τὴν

2462 2682 2557 2737 τοῦ
2586 2684 2946 2755 συγγάμϐρου
2977 2686 3142 2738 αὑτοῦ
3177 2687 3431 2757 ἀδελφήν.

2547 2870 2714 2922 Ἀλλὰ
2739 2871 2803 2940 δὴ
2832 2872 2926 2923 καὶ
2950 2872 3050 2941 τὴν
3078 2871 3352 2938 θυγατέρα
3381 2874 3480 2938 τῆς
3511 2870 3903 2937 δισεξαδέλφης
3935 2868 4027 2934 τῆς

2465 2962 2738 3031 προτέρας
2790 2962 2957 3014 αὐτοῦ
2987 2963 3267 3029 γυναικὸς,
3294 2964 3411 3033 ἦτοι
3440 2962 3540 3033 τὴν
3578 2960 4028 3031 πρωτεξαδέλςρην

2464 3051 2564 3120 τῆς
2592 3052 2863 3121 πενθερᾶς
2894 3052 3081 3106 αὐτοῦ.

2535 3144 2857 3197 Κεκὼλυται
2898 3145 2954 3197 δὲ
2990 3144 3178 3197 λαϐεῖν
3202 3144 3301 3214 τὴν
3341 3144 3617 3214 Θυγατέρα
3661 3144 3760 3212 τῆς
3794 3141 4029 3211 πρωτεξο

2464 3233 2703 3303 αδέλφης
2746 3235 2846 3303 τῆς
2878 3236 3149 3305 προτέρας
3189 3234 3355 3289 αὑτοῦ
3380 3236 3659 3302 γυναικός.

2538 3326 2643 3378 Δύο
2697 3326 2755 3378 δὲ
2808 3326 3054 3392 ἀδελφῶν
3080 3328 3512 3395 γυναικάδελφον
3558 3327 3649 3379 καὶ
3684 3321 4031 3393 γυναικαδέλ-

2466 3436 2573 3489 φην
2608 3418 2978 3473 συνάπτεσθαι
3007 3420 3247 3491 θεμιτόν.

2471 3615 2500 3643 ν·
2536 3605 2609 3657 Τὸ
2630 3604 2685 3657 δὲ
2708 3604 2968 3673 ψήφισμα
2991 3604 3084 3658 τοῦ
3107 3606 3450 3674 πατριάρχου
3480 3606 3708 3668 Λέοντος
3731 3608 3828 3659 τοῦ
3856 3606 4028 3675 Σωτιῆ

2466 3696 2653 3767 ἐφίησι
2685 3697 2871 3750 λαϐεῖν
2907 3698 3156 3767 γαμϐρὸν
3186 3699 3281 3751 καὶ
3308 3699 3737 3766 γυναικάδελτρον
3757 3700 3854 3751 δύο
3884 3700 4027 3752 ἁδελ-

2466 3790 2573 3859 φὰς
2609 3788 2697 3843 οἷα
2730 3791 2983 3860 πέμπτου
3012 3791 3302 3859 γινομένου
3346 3791 3575 3860 βαθμοῦ.

2536 3887 2609 3938 Τὸ
2639 3885 2697 3938 δὲ
2729 3884 2864 3938 αὐτὸ
2895 3884 3178 3953 ψήφισμα,
3218 3884 3298 3935 ἔτι
3329 3884 3383 3935 δὲ
3416 3884 3510 3936 καὶ
3545 3883 3639 3935 τοῦ
3689 3888 4031 3953 ’πατριὲρχου

2479 3978 2783 4048 Ἀρσενίου,
2816 3976 2911 4030 δύο
2950 3976 3213 4043 ἀδελφοὺς
3241 3977 3460 4045 νύμφην
3490 3977 3677 4029 λαϐεῖν
3716 3978 3810 4029 καὶ
3842 3980 4037 4044 ἀνδρι-

2465 4072 2687 4140 δέλφην,
2718 4067 2999 4122 ἀκώλυτον
3038 4061 3177 4120 εἶναι
3212 4070 3506 4144 κρίνοςδσιν.

2548 4249 2607 4300 '0
2643 4247 2787 4309 θεῖος
2826 4247 2919 4299 καὶ
2952 4244 3199 4315 γαμϐρδς
3232 4246 3321 4297 ἐπ’
3345 4244 3541 4314 ἀνεψιᾷ
3574 4244 3789 4313 πρώτῃ,
3821 4245 3919 4297 δύο
3949 4244 4039 4296 λα·

2466 4343 2581 4395 ϐεἴν
2610 4339 2846 4407 ἀδελφὰς
2903 4338 2964 4389 ού
3013 4336 3345 4399 κωλύονται,
3380 4338 3428 4389 εί
3476 4336 3567 4389 καὶ
3613 4342 3666 4400 ς’
3701 4337 3915 4402 γίνεται
3950 4336 4038 4403 βι-

2466 4434 2495 4486 0
2504 4432 2621 4503 μός.

2540 4546 2700 4600 Ἀλλὰ
2734 4546 2829 4599 καὶ
2860 4543 3109 4615 γαμϐρὸς
3157 4544 3253 4596 καὶ
3285 4540 3708 4609 γυναικάδελφος
3762 4541 3862 4592 δύο
3894 4539 4041 4609 πρώ-

2470 4657 2567 4702 τας
2598 4638 2893 4707 ὲξαδέλφας
2922 4636 3107 4688 λαϐεῖν
3128 4636 3187 4688 οὐ
3214 4633 3533 4697 κωλύονται,
3558 4634 3606 4684 εί
3642 4632 3737 4683 καὶ
3765 4629 3810 4693 ζ’
3834 4632 4041 4693 γίνεται

2474 4731 2703 4801 βαθμός.

2540 4846 2613 4898 Τὸ
2666 4845 2725 4897 δὶ
2782 4844 3043 4915 ψήφισμα
3095 4840 3189 4893 τοῦ
3234 4840 3575 4907 πατριάρχου
3638 4837 3888 4906 Μιχαὴλ,
3949 4837 4041 4904 τὴν

2473 4939 2752 5007 θυγατέρα
2780 4937 2874 4989 τοῦ
2920 4935 3168 4987 Ἰωάννου
3198 4932 3382 5000 τυχὸν,
3420 4931 3514 4983 καὶ
3538 4931 3638 4999 τὴν
3677 4928 3920 4995 ἀνεψιὰν
3952 4929 4043 4994 τῆς

2472 5027 2732 5094 γυναικὸς
2777 5025 2966 5087 αὐτοῦ,
3016 5024 3169 5076 δυσὶν
3224 5021 3474 5088 ἀδελφοῖς
3524 5018 3815 5086 ἐπιτρέπει
3857 5020 4043 5081 συζευ-

2474 5117 2687 5187 χθῆναι.
3360 5126 3379 5175 ς

2556 5227 2812 5294 ’Λθέμιτα
2846 5226 3029 5293 μέντοι
3057 5223 3163 5274 τῶν
3211 5223 3514 5290 εἰρημένων
3563 5220 3677 5271 ἔνιά
3721 5237 3872 5279 τινες
3918 5220 4041 5287 ἑψη-

2473 5320 2723 5386 φίσαντο,
2756 5319 2817 5369 τό
2851 5334 2909 5367 τε
2938 5315 3122 5367 λαϐεῖν
3162 5315 3253 5365 τὸν
3287 5314 3640 5381 σύγγαμϐρον
3673 5312 3775 5380 τὴν
3811 5310 4044 5377 ἀδελφὴν

2475 5410 2708 5480 ὕστερον
2736 5408 2829 5459 τοῦ
2854 5407 3211 5475 συγγάμϐρου
3252 5404 3439 5456 αὐτοῦ.

2547 5612 2668 5662 Ἐτι
2712 5609 2765 5660 δὲ
2818 5609 2908 5658 καὶ
2956 5607 3047 5659 τὸν
3089 5606 3519 5672 γυναικάδελφον
3554 5605 3653 5670 τὴν
3710 5604 3802 5655 ἐπ’
3834 5604 4042 5673 ἁδελφῴ

2474 5704 2693 5771 νύμφην
2745 5701 2839 5752 τοῦ
2892 5701 3022 5753 ἰδίου
3072 5699 3237 5751 αὐτοῦ
3295 5696 3589 5766 γαμϐροῦ’
3624 5698 3816 5766 ὥσπερ
3856 5698 3927 5764 δὴ
3955 5700 4042 5750 καὶ

2475 5798 2669 5860 έκεῖνο,
2698 5796 2833 5864 ὅπερ
2864 5792 2954 5845 τὸν
2981 5790 3231 5861 Χοῦμνον
3255 5790 3657 5859 Θεσσαλονίκης
3689 5788 3805 5860 ἰδίῳ
3835 5789 4043 5859 ἔφημεν
