4184 6444
172 422 312 491 1129

172 540 334 593 λῦσαι
364 532 696 605 ψηφίσματι,
722 528 785 584 τδ
810 523 1021 596 πατέρα
1052 521 1146 576 καὶ
1168 520 1283 573 υίδν
1309 518 1496 571 λαϐεῖν
1526 510 1730 585 μικρὰν
1764 516 1805 570 Α

173 630 326 682 θείαν
358 629 457 681 καὶ⁵
492 625 739 694 ἀνεψιάν.

834 798 1052 852 Νόιιος.

834 814 917 852 [νο
943 814 994 849 ιο
1037 831 1052 848 .

237 899 390 968 ῡησὶ
428 897 536 965 γὰρ
575 895 604 947 6
629 894 809 962 νόμοςο
852 814 942 942 'E:
970 814 1081 948 1:1;
1109 882 1310 952 γάμοις
1353 879 1414 932 ού
1465 876 1628 968 μόνον
1678 870 1739 923 τὸ

181 964 674 1061 ἐπιτετραμμένον,
718 980 852 1036 ἀλλὰ
881 981 974 1031 καὶ
1019 978 1083 1030 τὸ
1127 970 1400 1045 εὐπρεπὲς
1445 964 1737 1038 ζητοῦμεν.

712 1156 852 1225 Περι
890 1151 1216 1215 υιοθεσίας.

254 1256 367 1312 Καὶ
397 1255 538 1308 οὕτω
572 1269 669 1323 μιν
709 1249 777 1303 τὰ
810 1250 872 1301 ὲκ
904 1245 1229 1315 τριγενείαςο
1260 1242 1359 1307 τήν
1394 1252 1456 1302 γε
1491 1234 1596 1304 μὴν
1627 1232 1742 1286 δια-

181 1352 349 1419 δοχῆς
406 1347 567 1399 ἓνεκα
612 1340 902 1409 γινομένην
946 1333 1217 1389 υἱοθεσίαν
1275 1326 1739 1400 παραφυλάττειν,

187 1418 335 1495 καθα
365 1440 429 1508 δὴ
468 1440 558 1491 καὶ
592 1434 690 1502 τὴν
718 1431 778 1495 ἐξ
805 1429 1055 1495 αἵματος,
1094 1426 1226 1493 πρὸς
1252 1421 1361 1476 τῶν
1393 1418 1555 1489 ἱερῶν
1582 1418 1745 1470 κανό-

188 1551 298 1585 νων
330 1505 428 1583 xci.-
454 1529 557 1581 τῶν
601 1520 934 1593 φιλευσεϐῶν
956 1515 1314 1583 δεδιδάγμεθα
1344 1511 1524 1578 νόμων
1558 1524 1571 1537 ³
1606 1505 1750 1559 κατά

186 1637 246 1672 τε
281 1620 411 1678 τοὺς
439 1614 706 1683 γαμικοὺς
739 1608 938 1678 δηλαδὴ
969 1605 1231 1678 βαθμοὺς,
1272 1602 1369 1655 καὶ
1395 1602 1495 1669 τὴν
1522 1598 1629 1650 τῶν
1658 1612 1753 1663 γο-

187 1712 332 1765 νέων
371 1704 757 1778 κληρονομίαν.

1142 398 1548 466 ςΥΝΤΑοΜΑ
1580 384 2207 457 ALPHABETICUM.
2238 407 2305 417 --
2350 382 2412 439 Β.

1836 518 2018 559 mnum
2051 497 2319 565 sententia
2347 507 2446 549 sua
2489 489 2712 547 solvisse
2741 480 3014 551 diximus;
3047 482 3298 538 videlicet
3332 490 3392 536 ut

1838 608 1993 665 pater
2021 600 2074 645 et
2101 591 2243 644 ﬁlius
2293 589 2496 641 ducam
2548 581 2766 636 amitam
2808 577 3101 639 minorem,
3126 584 3180 629 et
3205 572 3390 627 fratris

1837 688 1954 755 ejus
1986 686 2171 739 ﬁliam.

3256 366 3392 431 1130

2563 763 2668 818 Lex
2678 806 2688 816 .

1908 866 2121 936 Quippe
2166 863 2300 932 legis
2329 858 2493 914 verba
2528 865 2653 910 sunt
2682 872 2695 907 :
2725 854 2780 909 In
2816 850 3028 922 nuptiis
3072 865 3178 904 non
3213 850 3389 903 solum

1842 960 1970 1031 quid
1995 957 2316 1028 permissum
2343 955 2437 1015 sit,
2466 948 2902 1012 consideramus,
2933 944 3030 1001 sed
3083 951 3137 997 et
3167 943 3296 1011 quid
3334 941 3406 996 sit

1842 1051 2152 1106 honestum.

2369 1157 2473 1226 52
2502 1154 2572 1209 De
2592 1153 2895 1220 adoptione.

1919 1252 1989 1307 Et
2041 1250 2155 1304 lucc
2205 1246 2423 1318 quidem
2475 1254 2558 1299 est
2613 1242 2753 1297 ratio
2810 1241 3283 1295 matrimoniorum
3339 1254 3409 1293 ex

1853 1344 2027 1400 tribus
2052 1341 2285 1397 diversis
2314 1337 2559 1393 familiis.
2584 1337 2850 1390 Caeterum
2885 1333 3196 1402 adoptionis
3221 1333 3407 1386 etiam

1851 1448 1972 1503 qua:
2024 1429 2384 1486 successionis
2458 1439 2621 1480 causa
2707 1423 2801 1487 ﬁt,
2856 1423 3080 1491 perinde
3144 1421 3409 1473 rationem

1853 1520 2153 1576 habendam
2177 1532 2241 1571 ac
2272 1512 2783 1582 consanguinitatis,
2812 1527 2905 1580 per
2939 1525 3127 1565 sacros
3177 1526 3415 1564 canones

1853 1621 1906 1668 et
1942 1611 2225 1679 religiosas
2275 1607 2420 1672 leges
2458 1605 2634 1659 edocti
2671 1618 2862 1657 sumus
2896 1619 2909 1655 :
2952 1603 3114 1671 idque
3166 1612 3282 1657 tum
3324 1618 3412 1657 re-

1855 1713 2039 1775 spectu
2087 1700 2350 1771 graduum
2404 1695 2924 1758 matrimonialium,
2977 1703 3089 1749 tum
3153 1697 3416 1752 adeunda

1778 1833 1828 1891 Β
1855 1800 2139 1865 parentum
2184 1789 2535 1845 ltrereditatis.

856 1900 1071 1964 Νόμος.

266 1998 412 2069 Φησὶ
459 1999 566 2066 γὰρ
604 1995 632 2048 6
660 1994 844 2063 νόμος
876 1990 948 2042 Οὐ
982 1988 1213 2054 δύναμαι
1260 1987 1357 2055 τὴν
1392 1986 1524 2056 πρὸς
1549 1984 1754 2052 πατρὸς

193 2095 226 2163 ἢ
273 2089 480 2161 μητρὸς
512 2087 660 2141 θείαν
687 2085 868 2137 λαϐεῖν
899 2081 978 2142 είς
1014 2081 1266 2146 γυναῖκα,
1299 2078 1347 2131 εί
1397 2082 1489 2131 καὶ
1522 2076 1628 2129 εἰσὶ
1667 2077 1759 2127 θε.

193 2191 313 2251 ταὶ,
347 2185 533 2251 ἐπειδὴ
587 2183 841 2251 μητέρων
885 2174 1036 2239 τάξιν
1068 2176 1303 2243 ἔχουσιν,
1346 2173 1465 2242 ἥτις
1492 2170 1653 2238 τυχὸν
1683 2168 1759 2237 τῷ

195 2280 417 2346 πάππῳ
457 2276 552 2344 μὲν
606 2270 915 2339 υἱοθετήθη,
969 2267 1199 2334 ἀδελφῆς
1249 2265 1304 2317 δὲ
1360 2264 1525 2315 τόπον
1578 2263 1759 2329 ἐπεῖχε

193 2371 340 2440 πρὸς
394 2368 484 2420 τὸν
513 2365 746 2433 πατέρα,
778 2362 910 2429 πρὸς
942 2360 1039 2427 ἐμὲ
1083 2358 1141 2410 δὲ
1175 2355 1320 2418 θείας
1345 2372 1360 2388 ·
1387 2354 1511 2407 οὔτε
1543 2356 1571 2407 6
1610 2352 1761 2415 θετὸς

196 2463 388 2532 πατὴρ
421 2461 518 2529 τὴν
557 2458 649 2510 τοῦ
684 2454 838 2508 θετοῦ
868 2452 985 2505 υἱοῦ
1040 2450 1338 2518 θυγατέρα,
1386 2447 1416 2518 ἢ
1472 2446 1570 2517 τὴν
1603 2446 1763 2513 ἐγγό-

201 2571 329 2624 νην⁶
368 2552 491 2605 οὔτε
545 2552 572 2603 6
604 2549 755 2609 θετὸς
790 2546 904 2608 υἱδς
952 2548 1053 2612 τὴν
1097 2548 1189 2595 τοῦ
1244 2538 1399 2594 θετοῦ
1432 2538 1638 2608 πατρὸς
1670 2554 1765 2603 γα-

215 2645 412 2716 μετὴν.
444 2647 477 2714 ἢ
511 2642 608 2710 τὴν
659 2638 895 2710 μητέρα,
939 2636 972 2707 ἦ
998 2635 1098 2705 τὴν
1127 2631 1360 2702 ἀδελφὴν
1384 2629 1578 2699 αὐτῆς,
1607 2628 1639 2697 ἥ
1668 2628 1767 2697 τὴν

201 2736 319 2790 ἀπὸ
354 2734 468 2786 υῐοῦ
507 2732 757 2799 ὲγγόνην.

296 2825 424 2877 Ἐὰν
470 2824 524 2875 δὲ
564 2825 591 2874 6
642 2821 955 2889 ἐπίτροπος,
1011 2817 1044 2887 ἢ
1086 2818 1114 2869 6
1154 2815 1438 2883 γενόμενος
1485 2810 1768 2881 κουραὶτωρ

204 2916 523 2984 υίοθετῆσαι
561 2912 792 2982 βουληθῇ
824 2912 914 2963 τὸν
946 2908 1111 2978 ἄνδρα
1145 2906 1240 2975 τῆς
1269 2901 1770 2972 ἑπιτροπευομένης

221 3013 260 3079 ἢ
300 3003 921 3077 κουρατορευομένης,ἢ
951 3002 1043 3054 τὸν
1079 2999 1287 3068 πατέρα
1336 2996 1526 3064 αὐτῆς,
1563 2997 1594 3065 ἡ
1626 2995 1773 3056 θέσις

211 3098 423 3166 ἄκυρος
471 3098 651 3148 ἐστιν·
702 3093 763 3145 οὐ
794 3093 898 3161 μὴν
947 3092 975 3143 6
1026 3089 1197 3158 γάμος
1226 3087 1439 3139 λύεται·
1482 3083 1667 3136 λύεται
1695 3082 1771 3147 δὲ,

208 3193 380 3261 ἡνίκα
403 3206 485 3250 τις
517 3188 607 3240 τδν
649 3187 777 3238 ίδιον
802 3183 1047 3253 γαμϐρὸν
1073 3181 1461 3249 είσποιήσαιτο.

212 3371 343 3440 φοῦ.
380 3369 663 3423 κωλύουσα
709 3369 836 3429 τοὺς
894 3360 1337 3430 είσποιουμένους
1380 3360 1515 3428 πρὸς
1538 3357 1778 3427 γαμικὴν

211 3461 439 3530 ὁμιλίαν
475 3455 845 3511 συνάπτεσθαι
880 3455 988 3514 τοῖς
1032 3452 1125 3504 τοῦ
1164 3448 1623 3518 εἰσποιησαμένου
1656 3462 1782 3498 παι-

218 3571 336 3613 σιν,
373 3550 585 3613 ἐπάγει·
625 3546 786 3598 Ἀλλά
834 3544 1000 3597 πάλαι
1044 3542 1141 3612 μὲν
1178 3540 1252 3609 μὴ
1301 3538 1441 3591 κατὰ
1473 3537 1651 3604 λόγον,
1688 3535 1783 3589 νῦν

218 3644 284 3695 δὲ
334 3640 477 3692 κατὰ
515 3638 606 3690 τὸν
656 3637 933 3705 πρέποντα
968 3632 1166 3699 θεσμὸν
1196 3630 1289 3682 καὶ
1318 3629 1522 3680 δίκαιον
1546 3628 1641 3693 τῆς
1676 3627 1784 3677 uio-

224 3730 422 3791 Θεσεας
454 3727 763 3794 γινομένης,
800 3725 894 3776 καὶ
926 3722 1015 3773 διὰ
1062 3720 1276 3783 τελετῆς
1314 3719 1464 3785 ἱερᾶς
1485 3755 1501 3779 ,
1533 3716 1639 3767 τὼν
1689 3714 1787 3782 μὲν

227 3826 315 3883 ai;
352 3820 554 3889 γονέων
583 3818 733 3883 τάξιν
762 3814 1196 3880 καθισταμένων,
1233 3810 1339 3863 τῶν
1368 3808 1437 3874 δὲ,
1455 3809 1533 3871 είς
1560 3807 1657 3875 τὴν
1681 3804 1788 3858 τῶν

229 3910 462 3972 παίδων,
497 3907 679 3959 οὐκέτι
713 3900 1083 3972 περιλείπεται
1130 3898 1287 3965 λόγος
1330 3898 1408 3958 είς
1455 3895 1631 3963 γάμον
1663 3911 1787 3945 συν-

231 4002 506 4056 άπτεσθαι
534 4001 645 4060 τοῖς
668 3997 806 4049 κατὰ
846 3994 1005 4060 φύσιν
1028 3992 1120 4045 τοῦ
1147 3989 1603 4057 εἰσποιησαμένου
1634 3989 1791 4041 παισὶ

227 4096 362 4156 τοὺς
409 4091 751 4158 εεσποιητοὺς
795 4088 1021 4146 παῖδας.

229 4187 405 4255 ὖνομα
435 4184 569 4252 πρὸς
600 4183 660 4233 τὸ
700 4180 801 4247 τῆς
854 4176 1113 4245 συζυγίας
1165 4170 1626 4244 μεθαρμόζεσθαι,
1654 4170 1793 4223 ὥστε

232 4278 521 4349 γαμϐροὺς
555 4276 674 4327 ἀντὶ
698 4270 942 4337 ἀδελφῶν
974 4266 1277 4320 καλεῖσθαι.

524 4386 652 4437 Ὀτι
680 4379 1022 4437 υίοθετοῦσι
1064 4377 1161 4429 καί
1210 4374 1515 4441 εὐνοῦχοι.

1086 4083 1222 4153 μηδὲ
1281 4084 1342 4134 τὸ
1387 4079 1495 4133 τῶν
1550 4078 1807 4147 ἀδελφῶν

2569 1903 2697 1957 Lex.

1930 1997 2088 2067 Legis
2139 1998 2282 2051 enim
2335 1996 2451 2050 haec
2500 1996 2662 2049 verba
2699 2003 2866 2049 sunt:
2919 1992 3037 2047 Non
3080 2009 3301 2063 possum
3335 1996 3422 2048 vel

1860 2091 2078 2144 amitam
2100 2088 2184 2143 vel
2203 2097 2549 2141 materteram
2571 2100 2792 2139 uxorem
2814 2086 3308 2153 ducere,siquidem
3332 2103 3428 2155 per

1861 2184 2201 2252 adoptionem
2234 2180 2365 2234 mihi
2402 2179 2705 2248 conjunctze
2762 2179 2906 2244 sint;
2953 2182 3153 2250 quippe
3190 2190 3423 2234 matrum

1861 2276 2038 2329 vicem
2056 2272 2301 2327 obtinent
2326 2289 2339 2323 :
2360 2288 2481 2325 cum
2502 2272 2683 2325 abavo
2710 2271 2917 2324 scilicet
2938 2272 3202 2341 adoptatae
3224 2272 3355 2335 sint,
3375 2282 3431 2325 ct

1862 2368 2001 2439 patri
2037 2382 2157 2420 meo
2188 2380 2438 2421 sororum
2471 2364 2588 2417 loco
2620 2362 2843 2441 fuerint,
2890 2364 3022 2417 mihi
3056 2366 3347 2419 amitarum
3378 2377 3432 2420 et

1865 2468 2301 2518 materterarum.
2362 2457 2473 2514 Nec
2516 2467 2688 2529 pater,
2750 2458 2847 2528 qui
2898 2458 3067 2511 ﬁlium
3128 2461 3429 2528 adoptavit,

1866 2555 1961 2609 ﬁlii
1988 2554 2225 2623 adoptivi
2268 2552 2453 2616 ﬁliam,
2490 2551 2570 2605 vel
2604 2562 2820 2621 neptem
2846 2551 3044 2605 ducere
3084 2561 3302 2620 potest:
3332 2569 3436 2607 nec

1866 2644 2011 2699 ﬁlius
2047 2642 2355 2711 adoptivus.
2405 2640 2643 2709 ad0ptivi
2679 2641 2850 2708 patris
2895 2655 3143 2709 uxorem,
3197 2644 3279 2697 vel
3318 2660 3433 2699 ma-

1870 2748 2025 2799 trem,
2066 2736 2147 2789 vel
2178 2748 2424 2791 sororem
2462 2734 2676 2797 matris,
2710 2734 2793 2787 vel
2824 2742 3040 2803 neptem
3074 2751 3139 2790 ex
3170 2735 3304 2790 ﬁlio.

1939 2824 2095 2891 Quod
2122 2824 2170 2877 si
2216 2831 2385 2886 tutor,
2412 2820 2497 2875 vel
2546 2821 2641 2890 qui
2680 2830 2902 2874 curator
2947 2820 3131 2883 fuerit,
3175 2822 3437 2891 adoptare

1872 2916 2102 2973 voluerit
2156 2915 2410 2969 maritum
2455 2914 2611 2984 ejus,
2650 2911 2809 2977 cuius
2861 2914 3083 2967 tutelam
3113 2914 3196 2969 vel
3249 2930 3436 2969 curam

1874 3007 2031 3079 gerit,
2068 3006 2220 3059 irrita
2256 3004 2473 3074 quidem
2514 3014 2595 3056 est
2619 3003 2858 3070 adoptio,
2885 3018 2993 3057 non
3028 3012 3203 3058 tamen
3237 3006 3440 3074 nuptiae

1877 3100 2186 3154 solvuntur.
2239 3096 2536 3150 Solvuntur
2581 3104 2761 3149 autem
2818 3110 2941 3150 cum
3005 3096 3129 3165 quis
3180 3114 3437 3167 generum

1803 3171 1845 3225 ο
1880 3203 2038 3246 suum
2070 3185 2420 3255 adoptaverit.

300 3282 369 3333 Ἢ
423 3280 478 3332 δὲ
532 3278 607 3331 κδ’
642 3276 810 3344 νεαρὰ
850 3274 942 3326 τοῦ
993 3271 1251 3341 βασιλέως
1287 3270 1511 3329 Λέοντος
1541 3264 1633 3319 τοῦ
1671 3265 1770 3341 Σο·
1846 3280 1849 3285 ·

1947 3276 2212 3332 Caeterum
2247 3274 2457 3328 novella
2513 3289 2639 3327 utv
2689 3273 2952 3342 principis
2985 3273 3204 3340 Leonis,
3240 3292 3440 3348 cogno-

1862 3368 2026 3423 ’miue
2060 3365 2354 3435 Sapientis,
2380 3380 2503 3418 cum
2542 3364 2812 3431 prohibet,
2863 3380 2929 3417 ne
2968 3367 3061 3432 qui
3093 3366 3441 3435 adoptantur,

1883 3473 2007 3512 cum
2045 3454 2232 3510 liberis
2262 3454 2400 3523 ejus,
2430 3453 2522 3522 qui
2552 3452 2848 3519 adoptavit,
2883 3453 3235 3508 matrimonio
3273 3469 3447 3525 cepu-

1884 3549 2085 3610 lcntur,
2124 3547 2235 3600 haec
2262 3544 2520 3613 sultjicit:
2556 3544 2661 3596 Sed
2699 3544 2826 3597 olim
2859 3544 3077 3611 quidem
3116 3560 3223 3599 non
3252 3561 3440 3600 secun-

1887 3638 2012 3693 dum
2065 3636 2352 3694 rationem.
2417 3651 2561 3689 nunc
2599 3649 2729 3688 vero
2778 3650 2902 3688 cum
2948 3633 3159 3689 decenti
3207 3646 3261 3691 et
3300 3636 3446 3702 iusta

1888 3729 2004 3799 lege
2038 3728 2131 3782 ﬁat
2162 3727 2401 3795 adoptio,
2448 3741 2716 3794 sacroque
2762 3725 2863 3780 ritu
2916 3726 2992 3778 illi
3026 3737 3337 3796 parentum,
3391 3730 3451 3784 hi.

1890 3818 2123 3872 ﬁliorum
2153 3817 2206 3871 in
2238 3817 2414 3871 locum
2438 3815 2862 3878 constituantur,
2921 3833 3026 3870 non
3072 3818 3308 3884 amplius
3343 3819 3451 3872 ulla

1892 3910 2098 3979 reliqua
2128 3910 2269 3964 ratio
2301 3918 2405 3972 est,
2432 3923 2535 3977 qua
2567 3908 2661 3962 ﬁlii
2692 3909 2929 3976 adoptiti
2958 3925 3082 3963 cum
3114 3911 3454 3965 naturalibus

1892 4000 2081 4056 liberis
2113 3998 2249 4067 ejus,
2282 3998 2376 4068 qui
2403 3999 2644 4066 adoptat,
2683 3997 3035 4052 matrimonio
3082 4000 3404 4065 copulentur
3437 4017 3453 4052 :

1896 4108 1993 4147 nec
2020 4100 2079 4146 ut
2131 4091 2358 4146 fratrum
2410 4105 2606 4143 nomen
2655 4104 2777 4143 cum
2826 4090 3047 4143 nomine
3079 4090 3321 4159 conjugii
3375 4090 3498 4145 sic-

1897 4192 2282 4247 commutetur,
2322 4192 2379 4236 ut
2410 4180 2636 4236 fratrum
2668 4180 2788 4236 loco
2819 4181 3005 4251 generi
3035 4193 3298 4237 vocentur

2274 4382 2450 4436 Etiam
2490 4383 2749 4435 eunuchos
2791 4383 3065 4449 adoptare.

312 4482 423 4536 Τοῦ
469 4479 524 4530 δὲ
560 4476 724 4544 νόμου
751 4474 1015 4539 λέγοντος,
1045 4470 1125 4520 ὅτι
1154 4468 1187 4535 ἡ
1234 4464 1379 4527 θέσις
1414 4466 1660 4533 μιμεῖται
1696 4464 1793 4533 τὴν

1970 4473 2104 4527 Cum
2131 4481 2310 4526 autem
2344 4477 2426 4527 lex
2459 4472 2608 4527 dicat
2652 4472 2993 4541 adoptionem
3035 4473 3238 4529 imitari
3295 4488 3458 4532 natu-

240 4575 429 4644 φύσιν,
459 4570 554 4622 καὶ
586 4566 675 4620 διὰ
704 4563 860 4617 τοῦτο
895 4558 1192 4619 κωλύοντος
1223 4555 1347 4616 τοὺς
1375 4554 1660 4623 εὐνούχους
1692 4556 1799 4606 εἰσ-

1901 4579 2015 4620 ram
2036 4607 2051 4629 ,
2080 4564 2310 4631 ideoque
2341 4562 2645 4632 prohibeat,
2702 4578 2768 4617 ne
2821 4577 2981 4631 quem
3022 4567 3259 4620 erttmclii
3291 4569 3461 4638 adep-

242 4665 417 4718 ποιεῖν
440 4674 584 4715 τινα.
609 4656 703 4708 καὶ⁴
724 4655 867 4721 ἔχειν
893 4650 1053 4703 αὑτὸν
1076 4645 1416 4712 ύπεξούσιον,
1447 4647 1479 4716 ή
1507 4651 1600 4709 κζ’
1629 4662 1721 4699 νεα
1733 4646 1793 4714 ρὰ

1906 4663 2039 4716 teut,
2074 4664 2135 4706 ut
2160 4667 2345 4705 eorum
2392 4651 2447 4703 in
2476 4659 2741 4720 potestate
2788 4650 2879 4713 sit,
2924 4650 3168 4714 ejusdem
3202 4657 3463 4726 principia

242 4754 337 4807 τοῦ
373 4749 536 4803 αὐτοῦ
578 4744 839 4816 βασιλέως
884 4739 1139 4793 ἐθέσπισε
1197 4737 1296 4788 καὶ
1354 4732 1512 4786 τοῦτο
1560 4734 1793 4787 γίνεσθαι

1905 4745 2113 4799 novella
2146 4760 2269 4798 xxvi
2310 4742 2517 4805 statuit,
2559 4751 2617 4797 ut
2660 4743 2760 4796 hoc
2804 4756 3025 4810 quoque
3080 4744 3216 4799 citra
3277 4751 3465 4817 prohi-

243 4841 563 4899 ἀκωλύτως.

526 4948 648 4999 Ὀτι
682 4942 1021 4998 υιοθετοῦσι
1066 4942 1162 4993 καί
1224 4941 1505 5007 παρθένοι

330 5040 393 5093 ’11
449 5040 508 5092 δὲ
559 5037 641 5098 κζ’
694 5036 788 5089 καὶ
820 5036 943 5096 ταῖς
982 5040 1270 5099 παρθένοις
1307 5034 1570 5085 εἰσποιεῖν
1597 5017 1807 5093 δίδωσι,

250 5136 347 5188 καὶ
376 5134 500 5194 τοὺς
533 5126 942 5194 εἰσποιηθέντος
968 5124 1317 5188 ὑπεξουσίους
1345 5123 1377 5193 ἢ
1407 5124 1809 5189 αὑτεξουσίους,

248 5227 436 5279 δίκαια
470 5218 836 5289 κληρονομίας
888 5216 1033 5283 ἔχειν
1088 5214 1175 5266 ἐπ’
1200 5213 1412 5276 αὑταῖς·
1448 5214 1541 5266 καὶ
1594 5214 1669 5281 μὴ
1702 5214 1812 5265 δεῖ·

254 5316 382 5368 σθαι
431 5308 712 5382 βασιλικοῦ
748 5308 1147 5374 ἐπιτάγματος,
1178 5305 1211 5374 ἦ
1242 5304 1494 5375 πράξεως
1520 5304 1811 5358 δικαστῶν,

259 5534 399 5602 Περὶ
426 5532 537 5599 τῆς
562 5530 679 5585 ἀπὸ
706 5528 813 5582 τοῦ
840 5529 1013 5597 ἁγίου
1035 5528 1455 5596 βαπτίσματος
1486 5526 1815 5597 ἀναδοκῆς.

346 5667 411 5719 Ἦ
438 5665 495 5718 δὲ
523 5664 629 5717 ἀπὸ
658 5662 751 5715 τοῦ
785 5662 943 5730 ἁγίου
989 5663 1359 5732 βαπτίσματος
1394 5663 1534 5714 κατὰ
1556 5663 1820 5732 ἀναδοχὴν

268 5782 300 5809 ν
324 5759 525 5829 νομένη
550 5755 812 5819 υἱοθεσία,
851 5757 950 5808 οὐκ
985 5758 1062 5818 εἰς
1097 5755 1459 5825 κληρονομίαν
1494 5755 1818 5819 εἰσέογεται,

487 5856 737 5911 ιἰτιιοι,
790 5850 905 5909 Gn.
939 5850 1199 5910 CXLIV.

1908 4834 2169 4888 bitionem
2211 4833 2370 4884 ullam
2409 4833 2521 4884 ﬁat.

2315 4942 2552 5014 Virgines
2590 4945 2749 4998 etiam
2789 4946 3067 5015 adoptare.

1980 5038 2234 5107 Ejusdem
2278 5037 2345 5089 27
2401 5040 2723 5093 constitutio
2763 5043 3064 5111 virginibus
3120 5060 3337 5115 quoque
3379 5061 3473 5115 po-

1912 5138 2158 5183 testatem
2218 5126 2511 5196 adoptandi
2566 5131 2837 5197 concedit,
2871 5142 2927 5187 et
2966 5146 3025 5188 ut
3067 5134 3330 5203 adoptati,
3360 5146 3466 5190 tam

1915 5218 2270 5282 ﬁliifamilias,
2346 5233 2508 5287 quam
2558 5222 2887 5291 emancipati
2929 5224 3231 5294 virginibus
3283 5242 3473 5281 succe-
3554 5246 3557 5247 '

1916 5310 2078 5365 dendi
2110 5311 2199 5378 jus
2228 5310 2498 5374 habeant,
2538 5328 2637 5367 nec
2668 5314 2731 5367 ad
2762 5315 2865 5369 hoc
2896 5316 3175 5386 indigeant
3209 5317 3473 5389 principis

1919 5400 2201 5470 rescripto,
2238 5402 2318 5453 vel
2353 5410 2475 5455 actu
2504 5403 2772 5470 iudicum.

2156 5534 2228 5586 De
2270 5537 2589 5603 susceptione
2628 5554 2690 5589 ex
2729 5554 2878 5590 sacro
2910 5539 3238 5604 baptismate.

1993 5666 2219 5733 Adoptio
2263 5679 2383 5735 quas
2436 5668 2494 5719 ﬁt
2565 5681 2658 5735 per
2707 5670 3107 5737 susceptionem
3187 5686 3251 5725 ex
3320 5686 3478 5733 sacro

1925 5758 2266 5828 baptismate,
2320 5774 2425 5812 non
2494 5759 2559 5813 ad
2628 5760 2997 5815 hmreditatem
3059 5764 3358 5818 adeundam
3419 5772 3499 5820 se

2930 5854 3007 5914 36
