4184 6444
763 355 899 421 2143

1955 358 2326 422 MATTH/El
2356 364 2783 427 BLASTARIS

3889 366 4022 438 ιιιι

757 471 969 526 scilicet
1023 484 1199 539 quma
1248 466 1580 539 martyribus
1626 466 1771 523 dicta
1812 468 1897 524 vel
1956 468 2095 525 facta
2131 480 2337 533 essent,

2446 474 2569 530 ὀλία
2595 471 2969 549 προήχθησαν,
3008 476 3116 531 τῶν
3144 478 3304 550 δῆθεν
3333 479 3442 536 ὑπὸ
3477 479 3587 535 τῶν
3612 481 3790 551 ἀγίων
3818 486 4029 553 μαρτύ-

757 572 817 614 nt
872 562 963 630 qui
1009 565 1060 613 in
1109 576 1205 615 eos
1266 559 1573 615 inciderent
1603 560 1684 616 vel
1715 561 1779 615 ad
1827 561 2200 619 infidelitatem
2256 563 2337 618 vel

753 652 925 708 risum
965 652 1388 711 deducerentur.

827 745 1055 809 Quantae
1089 745 1251 813 igitur
1292 745 1562 802 beatitatis
1595 747 1985 817 praedicatione
2026 749 2223 817 dignus
2253 761 2339 806 est

755 836 1114 891 admirandus
1176 837 1267 891 ille
1324 836 1569 902 Simeon,
1630 839 1724 910 qui
1787 839 2180 910 Metapbrastes
2226 844 2337 899 dici

751 928 965 997 egregie
998 944 1108 995 prae
1146 928 1269 984 aliis
1301 930 1519 997 meruit,
1556 930 1650 1002 qui
1693 933 1864 987 sancti
1901 931 2138 1003 Spiritus
2167 935 2335 1005 inspi-

753 1021 965 1074 ratione
994 1031 1311 1077 sanctorum
1336 1034 1638 1093 martyrum
1658 1039 1758 1094 pro
1782 1026 2011 1082 veritate
2035 1027 2336 1082 certamina

750 1128 857 1166 non
894 1114 1013 1168 sine
1039 1114 1225 1169 multis
1271 1115 1563 1170 sudoribus
1597 1124 1650 1170 et
1678 1115 1957 1172 laboribus
1988 1118 2336 1190 conscripsit,

749 1214 802 1258 et
839 1221 1091 1267 nervose,
1118 1208 1435 1275 eloquenter
1478 1208 1866 1279 sapienterque
1889 1209 1999 1281 58
2028 1212 2336 1276 exornavit,

752 1297 819 1351 ad
847 1298 1056 1352 laudem
1097 1299 1306 1353 Domini
1337 1301 1509 1355 nostri
1529 1300 1657 1357 Jesu
1680 1303 1910 1369 Christi,
1939 1314 1993 1359 et
2021 1313 2336 1360 sanctorum

755 1398 1079 1456 martyrum,
1113 1391 1203 1457 qui
1239 1404 1339 1459 pro
1385 1404 1451 1444 eo
1484 1392 1782 1445 certamina
1816 1392 2091 1459 obierunt,
2139 1408 2337 1464 peren-

754 1496 877 1532 nem
928 1481 1195 1546 gloriam;
1232 1485 1434 1551 quique
1468 1498 1632 1538 omne
1657 1500 1718 1538 os
1773 1485 1997 1555 impium
2029 1486 2337 1551 obturavit,

750 1580 805 1624 et
862 1570 966 1639 piis
1000 1572 1204 1626 nullum
1261 1574 1486 1630 omnino
1516 1574 1800 1630 dubitandi
1864 1581 2190 1647 praetextum
2246 1592 2336 1632 rc-

751 1661 947 1730 liquit.

820 1754 1008 1808 Canon
1049 1763 1227 1809 autem
1259 1756 1292 1811 9
1318 1772 1438 1826 syn.
1491 1771 1589 1821 vn,
1635 1755 1737 1822 Qui
1774 1756 1963 1821 libros,
2014 1757 2212 1828 inquit,
2244 1770 2336 1811 sa-

2447 582 2556 637 ρων
2582 567 2937 638 πραχθέντων
2962 569 2997 641 ἦ
3026 569 3391 639 λαληθέντων,
3424 572 3510 642 ἐφ’
3529 566 3575 641 ᾧ
3605 572 3734 638 τοὺς
3761 574 4033 644 ἐντυγχά-

2446 672 2634 719 νοντας
2663 658 2745 718 είς
2778 658 3038 712 ἀπιστίαν
3068 660 3100 730 ἢ
3130 661 3343 729 γέλωτα
3371 662 3688 731 ἀνάγεσθαι.

2518 749 2692 802 Πόσου
2738 750 2919 804 τοίνυν
2954 750 3104 817 ἄξιος
3144 754 3210 807 ἂν
3239 755 3322 824 εἴη
3368 757 3725 826 μακαρισμοῦ
3751 758 3780 809 6
3806 757 4034 828 θαυμάο

2444 857 2559 903 σιος
2588 842 2835 912 Συμεὼν,
2864 845 2892 896 6
2936 837 2998 896 τδ
3048 846 3330 900 καλεῖσθαι
3382 849 3795 919 Μεταφραστὴς
3838 851 4038 920 διαφε-

2447 932 2648 1002 ρόντως
2677 935 2782 988 τῶν
2802 934 2978 989 ἀλλων
3005 936 3472 1008 ἀπενεγκάμενος,
3505 942 3534 994 6
3580 945 3646 1013 τῇ
3688 943 3919 1014 ἐπινοίᾳ
3942 943 4035 997 τοῦ

2444 1026 2600 1095 ἁγίου
2629 1026 2948 1098 Πνεῦματος
2979 1027 3045 1081 τὰ
3065 1028 3174 1083 τῶν
3200 1031 3373 1099 ἀγίων
3406 1032 3697 1102 μαρτύρων
3724 1034 3879 1103 ὑπὲρ
3907 1036 4038 1103 ἀλη-

2444 1114 2595 1179 θείας
2623 1116 2923 1187 σκάμματα
2946 1118 3163 1181 πολλοῖς
3192 1119 3381 1190 ἱδρῶσι
3425 1123 3518 1173 καὶ
3547 1123 3733 1185 πόνοις
3774 1138 4031 1191 συγγρα-

2440 1209 2705 1280 ψάμενος.
2731 1210 2827 1264 καὶ
2857 1210 3087 1281 δυνάμει
3108 1211 3270 1281 λόγου
3304 1213 3399 1266 καὶ
3433 1213 3596 1285 σοφίᾳ
3635 1214 3925 1278 καλλύνας
3955 1217 4034 1278 είς

2444 1299 2612 1368 ὕμνον
2630 1299 2725 1352 τοῦ
2765 1302 2975 1371 Κυρίου
3008 1303 3163 1373 ἡμῶν
3215 1303 3397 1374 Ἰησοῦ
3441 1305 3680 1375 Χριστοῦ
3733 1309 3835 1360 καὶ
3866 1307 4030 1371 δόξαν

2440 1392 2855 1457 διαιωνίζουσαν
2885 1395 2994 1448 τῶν
3030 1396 3169 1466 ὑπὲρ
3197 1396 3363 1451 αὐτοῦ
3414 1398 3811 1467 ἠγωνισμένων
3855 1402 4028 1467 ἁγίων

2445 1484 2740 1555 μαρτύρων
2758 1501 2774 1516 ·
2804 1486 2899 1539 καὶ
2932 1489 3040 1541 πᾶν
3064 1487 3321 1547 δυσσεϐὲς
3346 1488 3675 1559 ἀπορράψας
3707 1490 3918 1559 στόμα,
3936 1490 4028 1542 καὶ

2445 1577 2569 1646 μηδ’
2596 1577 2880 1647 ἡντιναοῦν
2917 1578 3194 1648 πρόφασιν
3242 1579 3575 1650 ἀμφιϐολίας
3621 1583 3734 1644 τοῖς
3769 1581 4026 1635 εὐσεϐέσι

2443 1668 2783 1724 καταλιπών.

2523 1762 2581 1816 '0
2610 1762 2667 1816 δὶ
2704 1760 2748 1817 θ’
2768 1764 2867 1834 τῆς
2901 1762 3136 1837 ἑϐδόμης
3184 1762 3403 1817 συνόδου
3445 1762 3649 1831 κανὼν,
3686 1764 3769 1818 Τὰ
3820 1782 4025 1834 συγγε-

753 1862 878 1902 cras
934 1847 1198 1918 imagines
1254 1848 1668 1913 insectantium,
1726 1847 1783 1903 in
1824 1849 2026 1918 quibus
2085 1848 2338 1904 absurdae

2444 1860 2764 1932 γραμμένα,
2806 1863 2962 1931 φησὶ,
2996 1862 3108 1924 τοῖς
3134 1859 3275 1913 κατὰ
3301 1859 3412 1912 τῶν
3441 1858 3613 1927 ἁγίων
3644 1861 3876 1914 εἰκόνων
3908 1862 4028 1913 λυτ-

750 1954 940 1995 eorum
993 1942 1281 2012 opiniones
1336 1942 1896 2011 comprehenduntur,
1956 1941 2154 1997 retinet
2205 1941 2335 1996 abs-

749 2032 1066 2104 conditque,
1100 2033 1145 2089 si
1194 2034 1428 2090 clericus
1451 2034 1543 2100 sit,
1600 2033 1908 2090 sacerdotio
1935 2043 2207 2090 exuatur:
2250 2035 2336 2089 sin

750 2135 936 2182 autem
1004 2126 1222 2194 laicus,
1282 2134 1624 2198 segregetur.
1685 2126 1965 2199 Ejusmodi
2022 2139 2153 2182 vero
2209 2124 2335 2181 libri

748 2219 907 2290 nihil,
967 2219 1168 2293 inquit,
1203 2234 1234 2277 a
1274 2218 1529 2278 ludibriis
1569 2222 1871 2291 puerilibus
1924 2219 2208 2285 diﬂ'erunt,
2243 2227 2336 2273 ut-

752 2332 881 2392 pote
907 2335 1029 2391 que
1058 2320 1290 2375 insaniae
1316 2327 1370 2374 et
1394 2318 1634 2375 lascivia:
1669 2319 2063 2375 bacchationes
2102 2318 2247 2383 sint,
2280 2317 2335 2372 in

753 2413 958 2484 quibus
988 2414 1311 2468 veneranda:
1344 2412 1615 2484 imagines
1650 2410 1810 2483 (proh
1862 2411 2149 2467 hominum
2182 2424 2339 2465 vesa-

753 2505 963 2573 niam!)
992 2505 1133 2559 idola
1167 2505 1540 2559 nominantur.
1572 2505 1674 2571 Qui
1708 2514 1892 2560 autem
1917 2519 2013 2560 eos
2041 2503 2336 2565 invenerit,

753 2600 820 2653 ad
856 2599 1059 2668 Magnae
1112 2601 1359 2655 ecclesia:
1413 2599 1674 2670 palatium
1727 2599 1929 2663 mittat,
1976 2607 2036 2653 ut
2065 2605 2341 2668 perpetua:

752 2690 1073 2745 obscuritati
1109 2691 1414 2755 tradantur,
1447 2690 1553 2754 vel,
1591 2700 1650 2745 ut
1686 2691 1770 2745 lex
1811 2689 1989 2745 civilis
2020 2688 2193 2759 jubet,
2222 2696 2338 2743 sta-

758 2783 853 2835 tim
912 2782 1238 2838 comburat.

822 2868 1075 2926 Canones
1109 2880 1290 2924 autem
1331 2886 1451 2941 syn.
1504 2867 1727 2924 Laodic.
1776 2867 1843 2924 15
1878 2876 1932 2923 et.
1984 2866 2051 2923 59
2096 2881 2202 2921 non
2261 2865 2364 2921 sidi-

753 2974 893 3019 nunt
926 2975 985 3019 ut
1019 2968 1071 3018 in
1121 2966 1358 3020 ecclesia
1391 2962 1561 3031 aliqui
1598 2971 1793 3030 praeter
1830 2960 2003 3015 libros
2040 2958 2340 3014 canonicos

754 3056 969 3113 Veteris
1001 3057 1211 3112 scilicet
1254 3065 1305 3110 et
1335 3055 1471 3109 Novi
1501 3052 1832 3110 Testamenti
1870 3052 2138 3122 legantur,
2180 3049 2343 3105 nimi-

754 3164 878 3205 rum
910 3149 1004 3220 qui
1056 3149 1110 3203 in
1160 3148 1229 3202 85
1260 3163 1383 3203 can.
1437 3145 1740 3216 apostolico
1801 3144 2193 3199 continentur:
2240 3157 2342 3196 nec

756 3200 1368 3315 praetei'viSii—psalrnos
1412 3200 1703 3293 Davidieos
1744 3236 1881 3291 alios
1926 3235 2169 3305 privatos
2200 3233 2343 3304 psal—
2368 3200 2409 3257 θ

757 3340 870 3393 lere
925 3334 1273 3405 permittunt,
1324 3330 1633 3401 cujusmodi
1690 3335 1842 3394 sunt,
1895 3326 1988 3398 qui
2026 3325 2341 3381 Salomonis

756 3442 810 3487 et
844 3430 1120 3486 nullorum
1143 3429 1379 3482 aliorum
1412 3426 1694 3481 dicuntur.

830 3525 1001 3578 Porro
1031 3536 1204 3576 canon
1232 3520 1299 3574 l9
1324 3535 1445 3591 syn.
1481 3535 1531 3574 vn
1565 3517 1620 3573 in
1650 3517 1843 3573 diebus
1878 3513 2194 3577 Dominicis,
2223 3512 2340 3583 qui-

756 3619 861 3673 ltus
893 3615 1124 3686 populus
1153 3615 1222 3668 ab
1255 3613 1512 3684 operibus
1537 3624 1758 3667 cessans
1798 3607 2047 3664 ecclesiis
2074 3607 2340 3659 interesse

759 3711 919 3776 solet,
970 3708 1256 3778 episcopos
1301 3705 1561 3759 doctrinae
1610 3701 1835 3757 nomine
1867 3714 1962 3754 eos
1992 3698 2220 3768 irrigare
2249 3695 2342 3766 ju-

758 3806 870 3866 llet,
901 3818 967 3857 ex
1008 3800 1282 3871 praedictis
1313 3796 1611 3867 Scripturaa
1653 3794 1806 3849 libris
1836 3791 1998 3846 verba
2028 3789 2258 3860 tempori
2289 3795 2342 3841 et

760 3896 926 3956 rebus
980 3891 1360 3949 convenientia
1414 3889 1770 3958 colligentes,
1832 3883 2136 3952 eademque
2182 3880 2338 3949 juxta

760 4000 1075 4044 sanctorum
1110 3987 1328 4040 Patrum
1357 3980 1775 4051 expositionem,
1802 3986 1856 4031 et
1884 3992 1991 4030 non
2033 3972 2339 4031 secundum

762 4080 1000 4148 privatos
1035 4092 1231 4131 sensus
1259 4085 1313 4129 et
1342 4072 1612 4143 judicium
1658 4067 2044 4137 interpretari;
2076 4075 2130 4119 et
2160 4068 2343 4134 potius

760 4172 815 4225 in
838 4170 920 4226 eis
942 4169 1185 4225 celebres
1214 4182 1359 4228 esse,
1390 4180 1553 4234 quam
1587 4162 1641 4217 in
1685 4163 1752 4215 iis
1792 4175 1913 4229 quae
1944 4160 2088 4213 domi
2124 4159 2341 4210 inventa

759 4271 908 4325 sunt,
968 4277 1038 4314 ne
1104 4259 1397 4327 aliquando
1444 4256 1629 4312 forsan
1680 4255 1994 4310 lmsitantes
2049 4250 2344 4319 Scripturze

761 4363 930 4419 scopo
975 4364 1085 4403 non
1118 4348 1271 4401 illttiii
1305 4347 1610 4401 videantur.
1666 4343 1744 4397 Ex
1789 4352 2105 4399 sanctorum
2158 4350 2340 4394 autem

758 4442 980 4496 Patrum
1023 4441 1270 4495 doctrina
1322 4450 1653 4507 cognoscent
1701 4437 1887 4508 populi
1928 4450 2176 4505 quaenam
2243 4432 2343 4488 eli~

2437 1952 2656 2023 τήσασι,
2689 1951 2785 2015 τάς
2813 1949 3234 2021 ἀσυλλογίστους
3281 1951 3462 2004 αὐτῶν
3492 1949 3793 2021 ὑπολήψεις
3826 1953 4025 2004 συλλοο

2439 2045 2726 2115 γιζόμενα,
2780 2044 2809 2097 6
2867 2045 3118 2114 κατέχων
3181 2043 3589 2112 καὶκρύπτων,
3621 2043 3891 2113 κληρικδς
3929 2044 4025 2109 ὢν,

2438 2138 2538 2207 τῆς
2571 2136 2876 2210 ἱερωσύνης
2907 2136 3253 2203 ἀποδυέσθω,
3301 2136 3488 2200 λαῖκδς
3513 2135 3592 2198 δὲ,
3624 2135 3984 2207 ἅφοριζέσθω
4009 2174 4023 2188 .

2452 2230 2809 2303 ’Δθυρμάτων
2828 2229 2956 2302 γὰρ,
2988 2231 3143 2300 φησι,
3168 2229 3453 2295 παιδικῶν,
3482 2230 3634 2283 οὐδὲν
3668 2233 3826 2283 ταυτὶ
3856 2228 4036 2299 διενήι

2441 2340 2585 2393 νοχε,
2612 2323 2810 2394 μανίας
2863 2322 2991 2377 ὄντα
3041 2322 3137 2375 καὶ
3172 2322 3471 2384 ἀκολασίας
3515 2321 3913 2391 βακχεύματα’
3950 2322 4030 2373 εί-

2438 2414 2607 2479 δωλα,
2657 2413 2760 2482 φεῦ
2816 2413 2912 2483 τῆς
2946 2414 3377 2485 παραπληξίαςῐ
3417 2413 3513 2476 τάς
3570 2414 3777 2476 σεπτάς
3809 2414 4028 2475 εἰκόνας

2441 2503 2819 2559 ἀποκαλοῦντα
2840 2520 2854 2535 ο
2888 2503 3004 2558 ἀλλ’
3036 2505 3069 2574 ἢ
3107 2506 3243 2576 πρὸς
3271 2506 3331 2558 τδ
3381 2504 3480 2575 τῆς
3510 2504 3767 2574 Μεγάλης
3820 2504 4028 2573 ἐκκλη-

2444 2600 2564 2662 σίας
2595 2600 2622 2651 6
2649 2596 2824 2670 εὑρὼν
2846 2598 3197 2651 ἐπισκοπείον
3223 2597 3667 2667 παραπεμπέτω,
3700 2598 3790 2666 ἐφ’
3818 2589 3862 2664 ᾧ
3896 2614 4030 2649 παν-

2441 2689 2587 2744 τελεῖ
2610 2693 2676 2760 τῇ
2709 2689 2945 2759 ἀφανείᾳ
2976 2688 3220 2758 δοθῆναι,
3256 2689 3315 2761 ἢ,
3342 2688 3416 2752 ὡς
3444 2691 3471 2742 6
3500 2689 3786 2751 πολιτικὸς
3807 2689 4027 2742 κελεύει

2443 2782 2628 2852 νόμος,
2663 2781 2826 2843 εὐθὺς
2854 2780 3225 2835 κατακαιέτω.

2525 2873 2583 2928 Ὀ
2604 2872 2661 2928 δέ
2691 2873 2789 2943 τῆς
2837 2875 2896 2926 ἐν
2920 2872 3211 2943 Λαοδικείᾳ
3246 2879 3305 2925 ιε’
3357 2874 3452 2927 καὶ
3480 2873 3509 2926 6
3539 2873 3615 2925 v0'
3651 2873 3751 2925 οὐκ
3806 2872 4032 2941 ἐπιτρέ-

2442 2983 2605 3019 πουσι
2652 2965 2815 3018 πλέον
2847 2965 2955 3018 τῶν
3005 2966 3480 3034 κεκανονισμένων
3545 2962 3768 3034 βιϐλίων
3820 2965 3925 3031 τῆς
3968 2981 4029 3017 τι

2443 3059 2688 3123 Παλαιᾶς
2739 3059 2834 3112 καὶ
2898 3059 3139 3129 Καινῆς,
3180 3059 3267 3112 ἐπ’
3304 3057 3602 3127 ἐκκλησίας
3655 3057 4031 3125 ἀναγινώσκε-

2444 3151 2592 3217 σθαι,
2626 3149 2768 3221 άπερ
2791 3150 2868 3222 τῷ
2902 3154 2985 3202 παν
3010 3148 3211 3219 δηλαδὴ
3233 3146 3581 3216 ἀποστολικῷ
3611 3146 3797 3199 κανόνι
3828 3145 4003 3215 διείλη

2446 3261 2579 3298 πται
2602 3259 2615 3272 ’
2646 3243 2767 3296 οὐδέ
2794 3260 2856 3311 γε
2881 3241 3022 3312 πλὴν
3052 3240 3158 3295 τῶν
3184 3247 3258 3311 ρν⁹
3286 3240 3518 3310 ψαλμῶν
3542 3239 3636 3291 τοῦ
3666 3237 3837 3290 Δαδὶδ
3876 3237 4027 3289 ίδιω·

2446 3338 2633 3399 τικοὺς
2663 3336 2886 3405 ἐτέρους
2917 3334 3065 3406 ᾄδειν
3092 3333 3336 3403 ἐφίησιν,
3364 3332 3439 3396 ὠς
3474 3331 3527 3384 oi
3546 3329 3643 3384 τοῦ
3676 3327 4025 3400 maneam;

2446 3429 2728 3498 λεγόμενοι
2751 3426 2843 3480 καί
2864 3443 3028 3479 τινων
3059 3423 3286 3495 ἐτέρων.

2526 3522 2585 3576 '0
2614 3521 2670 3575 δὲ
2702 3521 2803 3589 τῆς
2833 3520 2997 3589 ἐκτης
3033 3519 3253 3574 συνόδου
3277 3516 3363 3584 ιθ’,
3391 3518 3451 3571 ἐν
3492 3520 3613 3581 ταῖς
3651 3515 4026 3587 κυριωνΰμοις

2442 3612 2551 3669 τῶν
2608 3613 2854 3685 ἡμερῶν,
2907 3615 2967 3667 ἐν
3018 3609 3107 3676 αἷς
3149 3611 3405 3666 εἰώθασιν
3455 3613 3483 3665 6
3529 3612 3678 3674 λαὸς,
3706 3611 3818 3663 τῶν
3845 3609 4026 3679 ἔργων

2444 3708 2732 3777 ἀφέμενοι,
2765 3705 3152 3777 προσεδρεύειν
3176 3707 3296 3768 ταῖς
3336 3704 3694 3774 ἐκκλησίαις.
3727 3703 3861 3766 τοὺς
3910 3706 4030 3755 ἐπι-

2445 3799 2681 3861 σκόπους
2702 3796 2911 3850 κελεύει
2942 3797 3020 3866 τῷ
3042 3798 3140 3866 τῆς
3174 3794 3527 3857 διδασκαλίας
3562 3794 3766 3861 νάματι
3798 3793 4028 3848 τούτους

2443 3890 2753 3960 κατάρδειν,
2780 3887 3195 3958 ἐρανιζομένους
3216 3888 3279 3940 ἐκ
3302 3886 3408 3939 τῶν
3438 3886 3717 3958 ῥηθέντων
3746 3883 3848 3952 τῆς
3875 3883 4028 3944 θείας

2443 3983 2665 4054 Γραφῆς
2704 3981 2923 4052 βιϐλίων
2952 3980 3020 4033 τὰ
3052 3980 3129 4049 τῷ
3162 3978 3341 4050 καιρῷ
3369 3978 3716 4048 προσήκοντα
3752 3976 4029 4046 ρητὰ,καὶ

2444 4077 2554 4137 τοῖς
2595 4074 2881 4144 πράγμασι
2912 4076 3006 4127 καὶ
3023 4070 3194 4125 ταῦτα
3217 4071 3570 4141 ἑρμηνεύειν,
3613 4069 3755 4122 κατὰ
3779 4069 3883 4137 τὴν
3916 4067 4027 4120 τῶν

2445 4165 2608 4220 θείων
2637 4165 2901 4234 Πατέρων
2949 4165 3237 4235 ἐξήγησιν,
3274 4163 3411 4216 ἀλλά
3444 4163 3519 4231 μὴ
3560 4162 3616 4228 ἐξ
3649 4162 3871 4214 οίκεξων
3902 4178 4029 4229 v01;-

2448 4259 2635 4328 μάτων
2675 4259 2769 4310 καὶ
2802 4256 3079 4325 λογισμῶν
3103 4271 3119 4288 ο
3159 4256 3253 4307 καὶ
3290 4255 3494 4323 μᾶλλον
3541 4254 3597 4304 ἐν
3623 4255 3839 4311 τούτοις
3882 4252 4031 4303 εὐδο-

2449 4352 2648 4420 κιμεῖν,
2681 4349 2713 4419 ἢ
2745 4350 2857 4408 τοῖς
2879 4348 3089 4400 οἴκοθεν
3141 4346 3546 4414 ἐξευρημένοις,
3584 4344 3668 4395 ἵνα
3708 4344 3783 4412 μὴ
3823 4344 4028 4411 sinapi;

2448 4440 2558 4492 ἐσθ’
2588 4441 2721 4491 ὅπου
2751 4438 3165 4506 συνεσχημένοι,
3189 4435 3381 4497 δόξωσι
3405 4433 3495 4485 τοῦ
3528 4449 3625 4485 σκο
3638 4431 3735 4483 τοῦ
3759 4432 3861 4495 τῆς
3886 4432 4032 4499 Γρα-

762 4550 886 4605 gere
912 4544 965 4588 et
992 4550 1240 4603 quamam
1267 4532 1453 4600 lugere
1476 4541 1766 4603 oporteat;
1802 4539 1858 4585 et
1886 4531 2052 4583 vitam
2088 4542 2244 4582 suam
2268 4529 2335 4580 ad

2447 4528 2554 4596 φῆς
2584 4528 2660 4597 μὴ
2693 4526 3058 4579 ἐπιϐατεύειν.
3102 4525 3194 4577 Ἐκ
3224 4524 3278 4577 δὲ
3309 4524 3407 4592 τῆς
3430 4540 3538 4575 των
3573 4522 3733 4575 θείων
3765 4521 4031 4591 Πατέρων

762 4627 980 4681 virtutis
1012 4641 1259 4679 normam
1318 4625 1720 4679 imminentium
1754 4621 2143 4691 suppliciorum
2191 4626 2339 4673 metu

763 4731 1113 4788 component,
1141 4728 1194 4773 et
1239 4719 1559 4790 ignorantiae
1614 4717 1732 4772 vitii
1764 4730 1872 4771 non
1922 4712 2339 4767 convincentur.

761 4814 1090 4883 Episcopum
1128 4828 1256 4867 τοῖο
1309 4811 1403 4882 qui
1447 4826 1607 4867 secus
1653 4809 1842 4865 iecerit
1875 4820 2116 4879 praesens
2166 4818 2341 4859 canon

765 4919 873 4959 non
909 4906 1083 4973 punit.

832 5175 1022 5232 Canon
1048 5185 1229 5230 autem
1283 5184 1461 5245 apost.
1502 5174 1570 5229 58
1598 5175 1917 5244 episcopum
1970 5171 2052 5224 vel
2081 5168 2344 5222 clericum

761 5270 855 5339 qui
906 5270 1110 5325 clerum
1146 5284 1305 5324 suum
1342 5269 1600 5340 uegligit,
1634 5279 1688 5323 et
1719 5269 1971 5336 pietatem
2022 5278 2129 5318 non
2164 5262 2342 5329 docet,

762 5373 1033 5433 segregat,
1065 5372 1119 5417 et
1155 5364 1209 5417 in
1245 5364 1491 5418 socordia
1527 5370 1962 5432 perseverantem
2016 5356 2274 5426 deponit.

870 5539 1023 5604 Quod
1054 5555 1233 5595 sacros
1270 5540 1429 5593 libros
1480 5538 1812 5592 canscindere
1843 5554 1945 5591 non
1980 5544 2236 5605 oporteat.

835 5632 1021 5685 Conon
1052 5641 1232 5685 autem
1264 5631 1334 5686 68
1367 5647 1417 5684 vt
1452 5647 1573 5703 syn.
1611 5630 1910 5701 Scriptura;
1981 5631 2241 5686 divinitus
2271 5630 2349 5684 in-

765 5723 1004 5790 Spir-am,
1026 5732 1143 5777 tum
1166 5722 1398 5789 Veteris,
1432 5733 1545 5779 tum
1570 5724 1755 5786 Novae,
1797 5737 2005 5778 necnon
2044 5722 2268 5777 Patrum
2295 5730 2349 5777 et

768 5812 1053 5871 doctorum
1088 5817 1570 5889 con-probatorum
1621 5823 2129 5887 praceptorumque
2177 5815 2346 5871 libros

2446 4621 2796 4679 διδασκαλίας
2830 4620 3065 4671 εἴσονται
3117 4618 3168 4669 οἱ
3196 4617 3318 4670 λαοὶ
3342 4617 3463 4669 τίνα
3494 4615 3573 4667 δεῖ
3603 4615 3906 4684 αἱρεῖσθαι,
3937 4616 4026 4665 καὲ

2446 4715 2606 4765 τίνων
2630 4711 3071 4769 ἀποδιῖστασθαι,
3099 4711 3189 4762 καὶ
3211 4710 3306 4779 τὴν
3329 4708 3537 4759 οἰκείαν
3563 4705 3709 4774 ζωὴν
3734 4706 3875 4775 πρὸς,
3905 4708 4029 4774 ἀρε-

2446 4804 2543 4873 τὴν
2577 4804 2921 4873 ρυΟμίσουσι,
2976 4802 3084 4853 δέει
3139 4802 3245 4852 τῶν
3294 4798 3699 4869 ἐπηρτημένων
3724 4799 4026 4853 κολάσεων.

2450 4897 2541 4950 καὶ
2569 4898 2644 4964 τῷ
2677 4897 2773 4963 τῆς
2797 4896 3019 4960 ἀγνοίας
3045 4895 3139 4962 οὐχ
3168 4892 3467 4946 ἁλώσονται
3505 4890 3667 4943 πάθει
3694 4904 3708 4918 ·
3743 4891 3837 4941 τὸν
3868 4891 3926 4942 δέ
3958 4891 4031 4960 μὴ

2447 4988 2590 5042 οὕτω
2626 4988 2836 5058 δριὺντα
2868 4986 3165 5038 ἐπίσκοπον
3212 4986 3240 5036 6
3282 4982 3380 5052 μὲν
3408 4982 3597 5053 παρὼν
3628 4981 3728 5035 οὐκ
3762 4984 4029 5053 επιπλητ-

2446 5095 2525 5130 τει
2553 5077 2751 5128 κανών.

2530 5170 2592 5221 '0
2615 5169 2672 5222 δέ
2697 5185 2759 5235 γε
2803 5164 3158 5227 ἀποστολικὺς
3200 5170 3278 5234 νη⁹
3328 5164 3413 5216 τὸν.
3463 5162 3777 5232 ἀμελοῦντα
3833 5162 3933 5216 τοῦ
3960 5163 4031 5216 οξ-

2448 5259 2599 5313 κείου
2631 5259 2859 5327 κλήρου,
2892 5256 2987 5308 καὶ
3026 5253 3101 5324 μὴ
3131 5253 3529 5306 ἐκπαιδεύοντα
3560 5253 3661 5323 τὴν
3714 5252 4027 5316 εὐσέϐειαν,

2449 5353 2745 5404 ἐπίσκοπον
2780 5348 2813 5418 ἧ
2859 5346 3145 5418 κληρικὸν,
3182 5345 3469 5414 ἀφορίζει·
3500 5345 3838 5414 ἐπιμένοντα
3869 5344 3927 5398 δέ
3964 5345 4027 5414 τῇ

2452 5441 2695 5514 ῥᾳθυμίᾳ
2724 5439 3000 5509 καθαιρεῖ.

2522 5534 2652 5585 Ὅτι
2681 5532 2754 5584 οὐ
2784 5530 2900 5600 χρὴ
2929 5531 3032 5595 τὰς
3055 5527 3216 5598 ἱερὸς
3247 5527 3643 5597 κατατέμνειν
3667 5526 3961 5593 βίϐλους.

2528 5626 2589 5678 Ὀ
2631 5626 2686 5678 δὲ
2728 5622 2810 5695 ξη⁹
2838 5624 2906 5678 τὰ
2931 5623 3113 5695 βιϐλία
3139 5622 3241 5693 τῆς
3269 5622 3633 5675 θεοπνεύστου
3660 5618 4027 5689 Γραφῆς,τῆς

2451 5718 2694 5779 Παλαιᾶς
2750 5733 2808 5769 τε
2861 5716 2955 5769 καὶ
2995 5717 3223 5784 Καινῆς,
3268 5714 3362 5767 καὶ⁵
3385 5712 3493 5766 τῶν
3528 5711 3906 5782 ἐγκριθένεων
3940 5712 4026 5763 καὶ

2450 5811 2928 5883 δεδοκιμασμένων
2972 5809 3231 5880 Πατέρων
3264 5811 3360 5863 καὶ
3392 5807 3639 5863 διδασκάὶ
3656 5825 3755 5870 ων,
3800 5805 4025 5875 ἐπισκή-
