4184 6444
195 393 348 463 Ηᾶὅ

1166 403 1576 469 SYNTAGMA
1617 405 2241 473 ALPHABETICUM.
2275 435 2341 448 -·
2383 413 2451 475 Β.

3324 415 3461 483 Ιῖᾶϐ

194 530 327 565 πται
357 510 668 581 φυλάττειν,
713 513 809 567 καὶ
842 513 917 585 μὴ
958 514 1378 590 κατατέμνεινῆ
1414 517 1775 588 διαφθείρειν,

1887 534 2215 575 conservare
2242 519 2419 589 jubet,
2451 527 2504 574 et
2534 534 2642 576 non
2678 522 3037 580 conseindere
3085 532 3180 578 aut
3215 538 3460 579 corrum-

196 603 343 673 μηδι
404 605 518 668 τοῖς
580 603 1023 675 βιϐλιοκαπήλοις
1079 606 1410 678 ἢμυρεψοῖς
1472 608 1781 663 ἀποδιδόναι

194 695 345 758 προς
366 696 696 765 ἀφανισμὸν,
750 697 799 749 εί
844 700 916 767 μή
943 715 997 751 τι
1018 698 1127 766 ἄρα
1149 699 1331 752 τέλεον
1353 699 1459 753 ὑπὸ
1515 699 1716 769 σητῶν,
1745 698 1779 768 ἢ

196 786 425 852 ὓδατος,
461 787 494 857 ἢ
519 788 696 857 ἑτέρῳ
723 790 909 859 τρόπῳ
940 789 1268 859 ἀχρειωθείη
1294 806 1308 821 ⁸
1344 792 1435 844 τὸν
1457 789 1512 843 δὲ
1538 789 1781 842 τοιοῦτόν

192 881 468 933 τιαποιεῖν
498 880 855 952 ἁλισκόμενον
901 882 989 935 ἔπ’
1019 882 1265 936 ἐνιαυτὸν
1289 882 1668 953 ἀφορίζεσθαι.

886 1058 1093 1126 Νόμοι.

274 1144 359 1199 Τὰ
418 1146 563 1201 κατὰ
613 1149 960 1216 Χριστιανῶν
1006 1148 1419 1218 συγγράμματα
1471 1149 1781 1220 Πορφυρίου

199 1238 301 1289 καὶ
329 1238 507 1292 ἄλλων
530 1240 823 1310 αίρετικῶν
860 1240 1228 1306 καιέσθωσαν,
1254 1242 1347 1294 καὶ
1366 1242 1435 1293 τὰ
1457 1240 1779 1311 Νεστορίου,

199 1330 302 1382 καὶ
329 1330 430 1384 ὅσα
483 1331 558 1402 μὴ
595 1335 878 1401 συμφωνεῖ
925 1336 1046 1395 ταῖς
1096 1334 1155 1385 ὲν
1201 1334 1406 1403 Νικαίᾳ
1436 1333 1529 1385 καὶ
1574 1333 1783 1403 Ἐφέσῳ

201 1421 477 1487 συνόδοις,
512 1424 608 1475 καὶ
667 1424 923 1494 Κυρίλλῳ
962 1424 1043 1495 τῷ
1086 1423 1518 1495 Ἀλεξανδρείας,
1556 1416 1630 1477 ὧν
1682 1425 1783 1476 οὐκ

199 1512 327 1564 εστι
358 1514 676 1584 παρεξιέναι
704 1515 806 1588 τὴν
829 1516 1036 1571 πίστιν.
1093 1517 1156 1568 Oi
1203 1516 1261 1569 δὲ
1290 1515 1358 1567 τὰ
1414 1514 1672 1583 λεχθέντα
1704 1514 1785 1582 βι-

202 1602 338 1657 ϐλία
361 1604 576 1674 ἔχοντες
605 1606 702 1661 καὶ
729 1606 1194 1676 ἀναγινώσκοντες
1248 1606 1491 1677 ἐσχάτως
1523 1605 1784 1676 τιμωρεί-

205 1694 454 1751 σθωσαν.

279 1789 347 1841 Oi
372 1787 771 1860 μαθηματικοὶ,
806 1792 883 1864 μὴ
911 1793 1159 1858 καίοντες
1198 1797 1293 1849 ἐπὶ
1322 1797 1428 1849 τῶν
1470 1799 1785 1851 ἐπισκόπων

1883 625 2050 681 pere;
2083 626 2258 680 neque
2285 612 2553 667 librorum
2586 617 3055 684 cauponatoribus
3084 623 3181 671 aut
3215 631 3463 685 unguen-

1883 702 2038 755 tariis
2085 703 2359 772 perituros
2411 703 2665 768 tradere;
2723 706 2826 759 nisi
2876 707 3069 776 utique
3133 707 3360 761 omnino
3431 722 3462 761 a

1882 792 2065 858 tineis,
2100 795 2182 847 vel
2214 809 2377 863 aqua,
2415 794 2497 847 vel
2532 794 2644 849 alio
2678 796 2839 849 modo
2871 796 3093 850 inutiles
3125 796 3318 850 redditi
3347 795 3465 849 fue-

1882 881 1994 936 rint
2022 899 2035 935 :
2061 896 2185 937 eum
2217 892 2400 937 autem
2432 886 2523 954 qui
2555 885 2628 940 ita
2660 885 2839 942 facere
2867 885 3238 957 deprehensus
3270 888 3364 956 sit,
3407 887 3462 942 in

1883 989 2085 1029 annum
2123 977 2416 1047 segregari.

2579 1067 2762 1140 Leges.

1952 1159 2237 1231 Porphyrii
2328 1163 2673 1231 aliorumque
2761 1161 3136 1216 haereticorum
3197 1161 3463 1217 adversus

1882 1252 2227 1308 Christianos
2274 1255 2396 1308 libri
2446 1257 2875 1317 comburantur;
2916 1250 3147 1306 Nestorii
3187 1253 3370 1313 etiam.
3407 1261 3465 1307 et

1884 1343 2196 1411 quicunque
2220 1341 2440 1397 Nieamo
2466 1343 2855 1414 Ephesinoque
2883 1345 3157 1409 conciliis,
3183 1354 3237 1398 et
3262 1344 3467 1413 Cyrillo

1884 1434 2275 1498 Alexandrino,
2331 1452 2564 1506 quorum
2625 1435 2782 1491 ﬁdem
2838 1439 3102 1492 excedere
3146 1452 3255 1489 non
3317 1420 3464 1499 licet,

1886 1542 1993 1580 non
2033 1536 2365 1581 consonant.
2416 1527 2519 1592 Qui
2567 1537 2745 1581 autem
2776 1527 2953 1583 dictos
2984 1528 3155 1583 libros
3186 1526 3387 1581 habent
3410 1536 3467 1583 et

1886 1618 2089 1689 legunt,
2124 1619 2317 1674 ultimo
2364 1620 2633 1691 supplicio
2672 1619 2998 1675 alﬁciantur.

1957 1794 2330 1852 Mathematici
2377 1800 2467 1867 qui
2539 1813 2723 1854 coram
2780 1799 3050 1868 episcopis
3108 1798 3277 1854 libros
3333 1814 3463 1853 suos

207 1877 315 1942 τὰς
366 1857 585 1949 βίϐλους
633 1857 838 1950 αὐτῶν,
870 1857 991 1940 ’καὶ
1038 1888 1104 1957 τῇ
1152 1887 1405 1959 εὐσεϐείᾳ
1446 1890 1781 1959 προσιόντες,

1887 1904 1996 1942 non
2030 1903 2403 1955 concremant,
2437 1906 2613 1959 neque
2639 1894 2704 1943 ad
2738 1892 3100 1945 orthodoxam
3132 1890 3289 1943 lident
3312 1906 3459 1944 acce-

206 1973 397 2042 πὰσης
428 1974 777 2031 ἀπωθοῦνται
810 1977 1019 2041 πόλεως
1040 1993 1054 2007 ο
1081 1980 1463 2050 εὑρισκόμενοι
1498 1984 1553 2035 δὲ
1582 1985 1638 2035 έν
1666 1985 1786 2046 ταῖς

206 2063 425 2130 πόλεσι,
455 2066 960 2137 δεπορτατεύονται,
986 2072 1103 2141 ἦτοι
1140 2072 1504 2142 ὲξορίζονται.

291 2156 355 2208 ⁸0
386 2157 527 2226 ἔχων
554 2159 734 2229 βιϐλία
756 2162 1089 2233 Μανιχαϊκὰ,
1134 2166 1226 2217 καὶ
1254 2165 1330 2237 μὴ
1360 2166 1609 2236 φανερῶν
1644 2168 1787 2221 αὑτὰ

204 2250 305 2301 ἐπὶ
333 2250 413 2320 τῷ
437 2252 727 2320 καυθῆναι,
754 2258 1105 2325 τιμωρεῖται.

279 2339 350 2392 Οἱ
409 2341 626 2411 ἔχοντες
676 2345 745 2397 τὰ
801 2346 1043 2417 Σεϐήρου
1104 2350 1515 2421 συγγράμματα
1579 2352 1669 2404 καὶ
1713 2353 1788 2424 μὴ

204 2432 459 2496 καίοντες
491 2435 655 2503 αὐτὰ,
687 2441 1160 2507 χειροκοποῡνται.

204 2546 466 2602 ΚΕΦΑΛ.
510 2547 589 2603 1Β¹
597 2588 611 2603 .
646 2552 786 2626 Περί
824 2552 942 2626 τῶν
968 2554 1297 2620 βιοθανῶν,
1331 2555 1463 2626 ἦτοι
1504 2558 1622 2612 τῶν
1648 2562 1787 2612 ἐμυ-

686 2622 830 2689 τοὺς
859 2624 1292 2691 ἀναιρούντων.

280 2708 426 2771 τοὺς
460 2709 726 2779 βιοθανεῖς
781 2713 809 2765 ό
844 2713 1251 2783 Ἀλεξανδρείας
1290 2718 1575 2785 Τιμόθεος,
1632 2724 1689 2773 ὲν
1726 2723 1785 2772 ιὸί

204 2802 425 2868 ⁴ιιανόνι,
448 2802 547 2870 τῆς
576 2802 833 2866 εἰωθυίας
864 2805 1002 2875 ὑπὲρ
1038 2806 1146 2859 τῶν
1177 2808 1424 2862 εὐσεϐῶν
1449 2814 1787 2879 προσφορᾶς,

205 2893 304 2946 καὶ
358 2893 547 2962 εὐχῆς,
600 2895 697 2949 καὶ
747 2894 1091 2965 ψαλμῳδίας,
1142 2900 1239 2951 καὶ
1268 2900 1368 2969 τῆς
1420 2900 1791 2970 νομιζομένης

204 2986 385 3052 ὁσίας,
420 2987 708 3056 στέρεσθαι
748 2989 926 3056 ἀξιοῖ·
977 2991 1093 3044 ὅσοι
1145 2990 1347 3062 δηλαδὴ
1399 2992 1492 3045 τὸν
1530 2993 1790 3063 λογισμὸν

206 3079 345 3146 ὑγιᾶ
368 3081 721 3151 κεκτημένοι,
756 3082 850 3134 καὶ
875 3082 952 3152 μὴ
985 3082 1082 3146 τὰς
1113 3082 1315 3154 φρένας
1350 3084 1457 3137 ὑπὸ
1488 3083 1644 3136 νόσου
1689 3102 1792 3137 πα-

1885 1980 2044 2042 dunt,
2100 1982 2248 2035 omni
2311 1982 2529 2036 civitate
2584 1982 2871 2051 pellantur.
2924 1982 3129 2035 inventi
3171 1991 3353 2035 autem
3411 1982 3461 2033 3;.

1885 2073 2218 2134 civitatibus,
2266 2074 2622 2143 deportantur
2656 2075 2770 2128 sive
2798 2075 3247 2128 exterminantur.

1958 2164 2070 2233 59
2105 2166 2207 2231 Qui
2242 2165 2671 2220 Manichaeorum
2708 2167 2881 2222 libros
2922 2166 3109 2229 habet,
3140 2174 3196 2219 et
3243 2180 3351 2217 non
3405 2165 3436 2213 ζ·

1886 2260 2244 2326 propatulum
2282 2258 2491 2326 profert
2527 2269 2585 2312 ut
2618 2267 3060 2318 concrementur,
3091 2256 3338 2323 punitur.

1960 2352 2064 2416 Qui
2102 2352 2290 2403 Severi
2330 2351 2501 2404 libros
2544 2352 2771 2416 habent,
2811 2360 2867 2405 et
2894 2349 3115 2405 eosdem
3159 2363 3266 2401 non
3307 2361 3454 2402 cout-

1891 2441 2121 2505 but-unt,
2150 2444 2404 2493 manibus
2444 2441 2792 2495 mutilantur.

1956 2551 2110 2607 CAP.
2172 2552 2286 2605 .\'Il.
2346 2552 2422 2605 De
2483 2556 2546 2605 iis
2597 2552 2687 2620 qui
2738 2552 2840 2604 vim
2891 2551 2995 2605 sibi
3047 2549 3312 2618 inferunt,
3362 2550 3468 2602 sive

2550 2622 2794 2677 suicidis.

1968 2714 2074 2768 Eos
2105 2717 2199 2782 qui
2243 2731 2351 2767 vnn
2400 2716 2502 2769 sibi
2544 2716 2810 2778 inferunt,
2856 2690 3181 2768 Timollaeus
3230 2712 3470 2764 Alexan-

1890 2810 2086 2863 drinus
2134 2810 2187 2861 in
2232 2810 2317 2862 lt.
2366 2825 2492 2863 can.
2531 2809 2737 2863 usitata
2786 2824 2884 2877 pro
2932 2807 3034 2876 piis
3074 2804 3375 2867 oblatione,
3406 2812 3464 2858 et

1891 2900 2169 2963 oratione,
2197 2910 2251 2954 et
2295 2901 2625 2970 psalmodia,
2658 2908 2714 2955 et
2760 2899 2923 2953 solita
2966 2897 3213 2965 piatione
3254 2893 3462 2964 privari

1885 2990 2047 3061 jubet
2079 3008 2092 3043 :
2119 3000 2395 3060 quotquot
2422 2992 2678 3045 videlicet
2708 3004 2841 3045 sana
2889 2989 3103 3042 ratione
3146 2984 3381 3053 praediti.
3415 2992 3473 3037 et

1893 3099 2004 3138 non
2040 3100 2150 3154 pra:
2180 3082 2373 3139 morbo
2406 3085 2610 3138 mentis
2632 3093 2860 3153 expotes
2893 3080 3044 3146 laeti,
3083 3089 3300 3148 propter
3330 3091 3468 3131 mmo

209 3170 612 3241 ρατραπέντες,
650 3172 738 3227 διὰ
759 3172 936 3245 λύπην
959 3174 992 3247 ἢ
1021 3176 1409 3246 μικροψυχίαν,
1441 3178 1506 3231 ἐκ
1532 3175 1721 3246 φόϐου,
1748 3174 1780 3245 ἢ

1892 3192 2101 3241 τοι-ειη,
2134 3178 2217 3231 vel
2243 3176 2619 3240 timiditatem,
2655 3190 2766 3245 pra:
2793 3183 2963 3235 metu,
2990 3171 3076 3223 vel
3103 3168 3467 3224 insultatione

212 3264 482 3336 ιπηρείας
516 3264 855 3336 ἡστινοσοῦν,
888 3268 1116 3332 ἑαυτοὺς
1149 3268 1561 3340 διεχειρίσαντο.

886 3362 1107 3431 Νόμος.

300 3450 363 3504 Ὅ
395 3451 585 3506 ἑαυτὸν
608 3452 837 3521 ἀνελὼν,
870 3456 904 3530 ἢ
930 3455 1139 3509 ἀνελεῖν
1166 3457 1543 3527 ἐπιχειρήσας,
1571 3455 1661 3510 διὰ
1698 3455 1792 3523 φί-

213 3540 313 3596 ϐον
357 3545 706 3614 ἐγκλήματος
758 3548 854 3601 καὶ
886 3548 964 3619 μὴ
994 3548 1086 3603 διὰ
1132 3550 1309 3614 νόσον,
1353 3552 1677 3619 τιμωρεῖται
1716 3548 1790 3610 ὠς

214 3635 426 3691 ἀνελὼν
456 3637 665 3709 ιτερον,
701 3642 797 3695 καὶ
825 3642 859 3710 ἡ
906 3641 1062 3695 οὐσία
1091 3641 1258 3696 αὑτοῦ
1289 3642 1605 3712 δημεύεται.

549 3815 801 3869 ΚΕΦΑΛ.
834 3814 932 3871 ll".
977 3816 1117 3884 Περι
1148 3816 1467 3880 stormy.

291 3905 370 3957 Τὸ
401 3905 496 3959 τοῦ
514 3893 810 3971 βίσέκτου
845 3907 1018 3977 ὄνομα
1068 3907 1376 3976 Ῥωμαϊκόν
1432 3910 1568 3972 ἐστι,
1598 3906 1794 3975 δηλοῦν

215 4000 279 4052 τὸ
312 3998 392 4060 ὃῖς
425 3998 485 4064 ἐξ
506 4013 521 4027 ’
554 3998 611 4051 αἱ
641 4000 749 4067 γὰρ
786 3996 1099 4068 Ῥωμαϊκαὶ
1139 3999 1310 4065 λέξεις
1343 4000 1462 4051 ἀντὶ
1490 3984 1584 4051 τοῦ
1608 4003 1634 4049 δ
1669 4000 1728 4050 τὺ
1765 3998 1793 4065 β

217 4091 728 4161 προσλαμϐάνουσι.
746 4092 977 4159 Λέγεται
1005 4091 1060 4144 δὲ
1084 4091 1247 4156 οὕτω,
1271 4091 1361 4145 διὰ
1386 4090 1445 4143 τὸ
1467 4091 1548 4152 δὶς
1572 4090 1632 4154 ἒξ
1656 4088 1795 4143 εἶναι

216 4184 320 4245 τὰς
352 4182 496 4258 (ἔδρας
523 4182 621 4250 τῆς
643 4180 1079 4253 προστιθεμένης
1099 4181 1308 4251 ἡμέρας
1334 4182 1409 4250 τῷ
1426 4182 1796 4252 Φεϐρουαρίῳ,

216 4278 314 4328 καὶ
344 4264 426 4335 δὶς
456 4275 516 4338 ἓξ
541 4276 640 4345 τῆς
663 4275 881 4338 νυκτὸς,
912 4274 1034 4344 ἥτις
1065 4279 1208 4327 κατὰ
1242 4276 1559 4343 τετραετίαν
1608 4275 1801 4327 εἴωθεν

218 4363 648 4433 ἀπαρτίζεσθαι,
676 4363 770 4416 τοῦ
806 4363 1216 4432 περιττεύοντος
1243 4365 1674 4433 τεταρτημορίου
1703 4364 1802 4432 τῆς

219 4456 438 4524 ἡμέρας
470 4456 591 4507 καθ’
617 4455 845 4507 ἕκαστον
876 4456 1120 4507 ἐνιαυτὸν
1154 4456 1234 4515 εἰς
1260 4455 1391 4520 μίαν
1418 4455 1631 4523 ἡμέραν
1655 4471 1803 4523 τηνι-

227 4546 409 4597 καῦτα
449 4544 857 4613 συντιθεμένου,
898 4546 1021 4613 ἦτις
1073 4545 1165 4596 καὶ
1205 4544 1556 4612 προστίθεται
1607 4546 1684 4613 τῷ
1711 4548 1808 4597 Φε-

220 4636 518 4703 δρουιιρίῳ,
557 4634 629 4696 ὡς
668 4631 808 4687 εἶναι
860 4636 958 4697 τὰς
1007 4636 1198 4689 τούτου
1249 4638 1464 4705 ἡμέρας
1495 4632 1598 4701 κθ’,
1624 4637 1723 4700 τὰς
1747 4639 1803 4690 δὲ

216 4728 316 4779 τοῦ
352 4726 603 4779 ἐνιαυτοῦ
638 4728 855 4796 ἡμέρας
882 4728 1027 4794 τξς⁹.

292 4819 502 4888 Συνέϐη
528 4819 584 4869 δὲ
621 4820 796 4890 τούτῳ
826 4822 919 4873 καὶ
956 4821 1254 4891 ἀλλαχόθεν
1295 4822 1394 4891 τὴν
1428 4825 1799 4894 προσηγορίαν

216 4910 427 4979 ταύτην
476 4910 681 4963 λαϐεῖν.
740 4911 834 4974 Είς
879 4914 1007 4983 τρία
1034 4913 1254 4983 διῄρουν
1282 4915 1331 4965 oi
1392 4914 1658 4984 Ῥωμαῖοι
1692 4914 1799 4967 τῶν

223 5002 417 5072 μηνῶν
441 5004 536 5063 τὰς
576 5004 789 5073 ἡμέρας
813 5020 825 5032 ·
859 5005 954 5056 καὶ
974 5003 1073 5065 τὰς
1110 5004 1208 5073 μὲν
1255 5002 1550 5074 ὠνόμαζον
1572 5020 1588 5035 ⁸
1606 5005 1802 5057 καλάν-

219 5094 319 5154 δας
341 5108 357 5121 ⁸
389 5093 485 5154 τὰς
506 5093 585 5157 δὲ,
613 5094 803 5155 νόννας
823 5109 839 5125 ο
872 5094 969 5157 τὰς
988 5095 1067 5160 δὲ,
1090 5094 1284 5161 εἰδοὺς,
1304 5095 1412 5147 ἀπό
1439 5111 1602 5149 τινων
1627 5096 1797 5164 τριῶν

232 5183 529 5250 Ῥωμαίων
562 5183 905 5252 εὐπατριδῶν
955 5184 1095 5236 οὕτω
1135 5184 1448 5253 κληθείσας,
1486 5186 1545 5236 ὲν
1584 5187 1795 5253 καιροῖς

223 5274 417 5344 λοιμοῦ
454 5274 768 5343 θρεψάντων
788 5277 916 5338 τοὺς
942 5277 1001 5328 ὲν
1026 5277 1092 5345 τῇ
1134 5275 1344 5347 Ῥώμῃ.
1383 5277 1493 5329 Καὶ
1539 5276 1798 5330 καλάνδαι

226 5366 332 5439 μὲν
387 5366 638 5436 ἐλέγοντο
685 5368 815 5436 παρ’
850 5367 1034 5431 αὐτοῖς
1064 5368 1120 5419 αί
1174 5369 1303 5437 παρ’
1334 5366 1562 5436 Ἕλλησι
1592 5384 1796 5437 νουμη-

226 5457 372 5510 νίαι·
408 5460 501 5509 ἐπὶ
536 5456 635 5525 μὲν
662 5457 909 5527 Μαρτίου
942 5459 1035 5511 καὶ
1084 5458 1288 5522 Μαΐου,
1335 5458 1558 5510 Ἰουλίου
1592 5474 1650 5510 τε
1698 5457 1796 5510 καὶ

238 5549 599 5619 Ὀκτωϐρίου,
634 5550 741 5603 ἀπὸ
795 5552 893 5617 τῆς
956 5549 1178 5620 πρώτης
1209 5551 1375 5620 μέχρι
1421 5551 1517 5621 τῆς
1548 5548 1590 5613 ζ’
1613 5566 1628 5580 ·
1662 5552 1716 5603 αἱ
1737 5550 1794 5603 δὲ

231 5641 351 5713 μετ’
376 5643 544 5706 αὐτὰς
575 5643 736 5706 εὐθὺς
773 5643 1023 5712 λέγονται
1051 5644 1252 5711 νόνναι,
1289 5644 1450 5714 μέχρι
1493 5646 1592 5714 τῆς
1620 5644 1703 5709 ιε’,
1735 5646 1791 5697 αί

227 5735 284 5788 δὲ
312 5734 519 5802 λοιπαὶ,
544 5736 693 5789 εἰδοί.
740 5736 865 5789 Ἐπὶ
890 5736 947 5789 δὲ
976 5736 1083 5790 τῶν
1114 5736 1289 5790 ἄλλων
1313 5738 1531 5790 πάντων
1586 5736 1788 5807 μηνῶν,

231 5824 331 5886 τὰς
369 5823 468 5892 μὲν
499 5828 686 5889 νόννας
710 5827 818 5881 ἀπὸ
854 5827 956 5897 τῆς
981 5826 1021 5881 ε’
1044 5827 1230 5896 ἔλεγον
1259 5826 1351 5881 τοῦ
1390 5826 1577 5897 μηνὸς,
1608 5828 1703 5890 τὰς
1733 5827 1788 5880 δὲ

1888 3281 2240 3337 quacunque,
2268 3268 2375 3322 sibi
2414 3282 2610 3321 manus
2640 3264 2915 3319 violentas
2938 3260 3249 3317 intulerint.

2602 3358 2735 3411 Lex.

1962 3458 2065 3522 Qui
2096 3455 2200 3509 sibi
2243 3461 2480 3507 mortem
2526 3448 2818 3510 conscivit,
2864 3455 2956 3499 aut
2990 3442 3339 3498 consciscere
3371 3453 3469 3494 co-

1892 3559 2055 3603 natus
2086 3557 2192 3609 cst,
2222 3552 2444 3613 propter
2479 3539 2732 3594 criminis
2763 3548 2993 3600 metum,
3028 3544 3081 3588 et
3109 3550 3214 3587 non
3246 3541 3471 3601 propter

1892 3641 2178 3709 morbttm,’
2228 3635 2482 3705 punitur,
2552 3642 2611 3684 ut
2672 3629 2768 3698 qui
2824 3629 2993 3682 alium
3063 3622 3361 3687 interiecit,
3417 3630 3472 3675 et

1894 3729 2207 3787 substantia
2234 3727 2355 3794 ejus
2392 3723 2730 3793 publicator.

2196 3816 2347 3870 CAP.
2393 3814 2530 3866 Xlll.
2580 3813 2652 3864 De
2700 3824 2840 3862 anno
2872 3806 3153 3861 bissextili.

1969 3913 2262 3964 Βίσεκστον
2308 3907 2502 3961 Latina
2548 3920 2651 3959 vox
2683 3911 2788 3968 est,
2822 3899 3143 3971 signiﬁcans
3190 3896 3276 3952 his
3320 3908 3414 3950 sex
3452 3939 3460 3948 .

1898 4021 2060 4061 voces
2090 4003 2235 4057 enim
2276 4000 2483 4054 Latium
2519 3997 2795 4066 accipiunt
2842 3994 2879 4045 Β
2921 4008 3018 4061 pro
3055 3990 3117 4044 D.
3171 3989 3246 4043 Ita
3280 3996 3456 4042 autem

1900 4101 2123 4161 dicitur,
2164 4095 2309 4165 quod
2343 4093 2460 4146 dies
2500 4100 2554 4146 et
2594 4104 2701 4143 nox
2741 4085 3044 4141 Februario
3087 4082 3306 4143 additae,
3351 4079 3467 4133 sin-

1902 4192 2040 4260 gulte
2080 4190 2163 4243 bis
2217 4202 2313 4240 sex
2361 4186 2523 4238 horas
2576 4180 2922 4241 contineant,
2966 4176 3060 4246 qui
3092 4175 3313 4245 quidem
3351 4170 3470 4224 dies

1903 4291 2100 4350 quarto
2134 4278 2383 4347 quolibet
2425 4290 2570 4329 anno
2611 4272 2801 4343 perlici
2832 4270 3064 4333 solebat,
3105 4274 3302 4335 quarta
3352 4260 3469 4315 diei

1905 4384 2080 4443 parte,
2110 4387 2230 4440 quae
2262 4368 2494 4438 singulis
2524 4367 2687 4420 annis
2705 4364 3024 4425 excedebat,
3046 4370 3175 4414 tunc
3203 4367 3471 4425 temporis

1909 4470 1961 4521 in
2013 4482 2179 4519 unum
2210 4466 2354 4518 diem
2399 4463 2745 4530 composita;
2806 4460 2909 4512 iste
2951 4464 3131 4510 autem
3172 4450 3471 4505 Februario

1841 4568 1880 4621 ι)
1912 4559 2194 4627 adjicitur,
2251 4565 2305 4609 et
2366 4553 2563 4608 exinde
2610 4550 2669 4603 ﬁt
2700 4548 2844 4618 quod
2880 4547 2997 4601 dies
3034 4544 3232 4598 habeat
3276 4540 3370 4605 ‘29,
3419 4548 3475 4594 et

1908 4666 2082 4703 annus
2116 4648 2237 4700 36H.

1974 4827 2214 4895 Contigit
2273 4831 2537 4891 praetcrea
2588 4817 3008 4887 appellationem
3065 4814 3204 4867 hanc
3248 4811 3472 4866 aliunde

1906 4922 2139 4976 desumi.
2176 4916 2410 4970 Romani
2444 4913 2715 4966 mensiqu
2750 4909 2867 4963 dies
2912 4908 2967 4961 in
2996 4905 3101 4960 tria
3136 4905 3469 4961 diviserunt.

1905 5011 2042 5064 alios
2072 5007 2374 5069 Kalendas,
2434 5005 2571 5058 alios
2626 5002 2835 5064 Nonas,
2875 5000 3013 5054 alios
3047 5014 3174 5053 vero
3204 4998 3330 5051 ldus
3364 5012 3466 5050 no-v

1906 5102 2204 5160 minantes,
2236 5112 2265 5150 a
2294 5097 2469 5150 tribus
2498 5095 2820 5165 proceribus
2846 5091 3110 5145 Romanis
3147 5091 3229 5145 sic
3264 5090 3468 5152 dit-tos,

1900 5193 1993 5261 qui
2021 5192 2075 5243 in
2113 5189 2276 5243 lamis
2298 5186 2641 5255 temporibus
2663 5185 2941 5239 Romanos
2969 5183 3307 5237 nutriebant.
3357 5181 3468 5234 Ka-

1901 5282 2075 5338 lendae
2093 5283 2161 5335 ab
2175 5282 2241 5335 iis
2258 5281 2418 5333 dicta:
2436 5287 2581 5342 sunt,
2600 5293 2740 5347 quas
2754 5276 2929 5332 (ἓνωεί
2951 5274 3231 5329 novilunia
3249 5281 3467 5338 vocant,

1901 5390 2089 5430 mense
2112 5374 2328 5435 Martio,
2363 5372 2525 5434 Maio,
2551 5369 2697 5424 Julio
2744 5379 2797 5424 et
2829 5368 3075 5433 Octobri,
3114 5382 3145 5420 a
3174 5366 3354 5437 primo
3380 5366 3479 5422 die

1899 5465 2153 5535 usquead
2173 5464 2488 5533 septimum,
2502 5463 2621 5519 dies
2636 5472 2818 5518 autem
2833 5461 3079 5533 proxime
3092 5470 3385 5530 sequentes
3399 5458 3470 5512 ad

1898 5573 1967 5611 xv
1995 5555 2160 5612 Nonae
2178 5556 2529 5619 dicebantur,
2562 5554 2757 5624 reliqui
2793 5567 2921 5608 vero
2940 5552 3090 5608 idus.
3125 5549 3180 5606 In
3210 5551 3467 5607 omnibus

1900 5664 2028 5704 vero
2058 5649 2286 5719 reliquis
2315 5648 2598 5703 mensibus
2638 5645 2820 5702 Nonas
2859 5661 2889 5700 a
2916 5644 3113 5715 quinto
3140 5643 3347 5699 mensis
3378 5641 3476 5697 die

1898 5740 2278 5804 numerabant,
2301 5737 2429 5793 ldus
2455 5753 2585 5794 vero
2603 5754 2632 5792 a
2664 5752 2785 5791 χιιι.
2806 5738 3035 5806 PrOpter
3055 5736 3200 5791 hanc
3232 5734 3465 5803 inaequ»

1896 5832 2100 5888 litatem
2180 5840 2439 5889 sacerdos
2510 5830 2742 5904 singulis
2815 5828 3116 5886 noviluniis
3195 5826 3470 5901 populum
