4184 6444
157 333 294 400 lll9

1117 330 1522 395 SYNTAGMA
1565 330 2186 394 ALPHABETICUM.
2233 359 2300 369 -·-
2340 328 2410 394 Γ.

3275 327 3418 394 illa!

157 445 588 516 asamoape’vu‘r
647 445 866 499 σύνοδον
937 444 1111 499 ἐδόκει
1168 448 1331 516 νόμον
1390 447 1727 516 ἐπεισάγειν,

1864 461 1983 500 num
2009 445 2362 501 celebrabant
2390 444 2712 508 concilium,
2738 441 3026 497 videbatur
3051 439 3415 496 invehendam

157 541 511 602 ἐπισκόπους,
578 538 669 592 καὶ
724 537 1148 606 πρεσϐυτέρους,
1196 539 1478 603 διακόνους
1529 556 1588 593 τε
1639 540 1732 593 καὶ.

154 631 564 693 ὑποδιακόνους,
610 630 685 700 μὴ
718 629 1106 697 συγκαθεύδειν
1139 631 1275 694 ὅλως
1298 633 1418 694 ταῖς
1441 633 1732 701 γαμεταῖς.

156 724 242 786 ἃς,
274 723 402 791 πρὶν
433 724 464 792 ἢ
491 723 761 793 ἱερᾶσθαι,
795 723 1042 792 νομίμως
1071 724 1364 794 ἠγάγοντο.
1413 724 1472 778 Ὀ
1506 724 1607 794 μέν
1652 741 1736 777 τοι

160 816 522 884 Παφνούτιος.
556 814 817 892 μιᾶςτῶν
842 816 983 867 κατὰ
1021 815 1122 877 τὰς
1143 815 1330 885 Θήϐας
1376 815 1585 869 πόλεων
1617 817 1738 868 ἐπί-

160 923 364 966 σκοπος
403 905 499 964 ὢν,
529 906 668 976 ἀνὴρ
695 907 757 959 ἐκ
777 905 964 968 παιδὸς
989 907 1045 958 ἐν
1074 907 1398 976 άσκητηρίῳ
1420 906 1740 976 τεθραμμέ-

159 1015 272 1060 νος,
303 999 397 1050 καὶ
423 999 605 1051 πᾶσαν
631 996 1012 1068 κατωρθωκὼς
1038 997 1262 1068 ἀρετὴν,
1285 998 1379 1051 ἐπὶ
1415 999 1739 1069 σωφροσύνῃ

158 1089 215 1142 δὲ
252 1091 349 1141 καὶ
388 1089 621 1153 μάλιστα
662 1088 902 1156 γεγονὼς
951 1088 1294 1159 περιϐόητος,
1348 1088 1409 1142 ού
1467 1089 1574 1159 μὴν
1606 1090 1742 1143 ἀλλά

161 1183 257 1234 καὶ
285 1183 367 1249 τῷ
391 1182 486 1251 τῆς
518 1181 810 1250 ὁμολογίας
839 1198 1089 1253 στεφανῳ
1134 1183 1546 1251 κεκοσμημένος
1579 1182 1742 1252 (ἄτε-

165 1294 257 1345 ρος
301 1277 411 1344 γὰρ
434 1275 580 1343 αὐτῷ
597 1275 708 1326 τῶν
742 1273 1037 1342 ὀφθαλμῶν
1061 1274 1127 1327 δι’
1155 1275 1439 1328 εὐσέὸειαν
1472 1274 1742 1345 ἐξορωρυ-

162 1385 263 1420 κτο
285 1366 327 1436 ),
355 1368 577 1421 ἀντεῖπε
603 1367 714 1425 τοῖς
750 1366 921 1427 οὕτως
972 1367 1156 1435 έχουσι
1191 1366 1438 1434 γνώμης,
1469 1367 1652 1432 τίμιόν
1684 1383 1742 1418 τε

162 1459 258 1510 τὸν
286 1461 469 1525 γάμον
501 1457 817 1521 ἀποκαλῶν,
848 1459 943 1511 καὶ
979 1459 1333 1528 σωφροσύνην
1361 1459 1458 1527 τὴν
1487 1458 1622 1527 πρὸς
1643 1458 1744 1520 τὰς

165 1551 308 1612 ἰδίας
327 1551 577 1618 γαμετάς
616 1548 830 1618 ὁμιλίαν
853 1567 866 1580 ·
904 1550 1290 1603 συνεόούλευσε
1323 1568 1380 1602 τε
1418 1553 1484 1620 τῇ
1519 1550 1744 1619 συνόδῳ,

169 1645 246 1713 μὴ
272 1641 513 1695 τοιοῦτον
566 1641 756 1695 θέσθαι
813 1641 998 1710 νόμον,
1050 1641 1310 1713 δυσχερὲς
1363 1638 1647 1704 εἶναιτοῖς
1686 1644 1747 1695 ἐν

166 1738 363 1805 κόσμῳ
412 1735 658 1803 διάγουσι
690 1736 752 1787 τὸ
786 1737 1018 1804 πρᾶγμα
1057 1735 1244 1805 φέρειν
1279 1735 1712 1804 ἀποφαινόμενος

1841 555 1956 594 rem
1990 538 2435 609 vituperabilem,
2476 547 2535 591 ut
2584 537 2865 606 episcopi,
2891 547 2945 590 et
2995 535 3323 605 presbyteri.
3367 543 3421 589 et

1841 631 2091 694 diaconi,
2127 641 2183 684 et
2210 629 2561 692 subdiaconi,
2595 643 2720 682 rum
2754 629 3026 682 uxoribus
3049 627 3168 683 suis
3191 627 3419 680 omnino

1843 742 1953 780 non
1990 727 2281 788 cubarent,
2326 741 2466 795 quas
2512 725 2667 793 prius
2698 723 3006 785 duxissent,
3031 736 3197 791 quam
3231 735 3421 776 sacer-

1843 818 2014 873 dotiis
2056 817 2435 872 initiarentur.
2484 817 2690 871 Verum
2736 813 3104 884 Paphnutius,
3151 815 3316 868 unius
3355 811 3423 865 ad

1846 910 2068 964 Thebas
2109 910 2229 964 sita:
2273 910 2515 964 civitatis
2556 909 2873 978 epbcopus,
2922 906 3017 973 qui
3063 905 3146 958 vir
3195 919 3423 974 apucro

1846 999 2119 1054 educatus
2169 1006 2290 1053 erat
2337 999 2392 1051 in
2444 999 2563 1052 loco
2625 999 2732 1066 piis
2781 998 3065 1051 exercitiis
3114 996 3319 1058 dicato,
3368 1003 3424 1048 et

1848 1105 2066 1146 onmem
2103 1091 2364 1144 virtutem
2423 1088 2662 1158 perfecte
2721 1092 2986 1154 coluerat,
3031 1105 3096 1143 ac
3151 1088 3426 1159 in'primis

1850 1183 2074 1236 nomine
2111 1182 2382 1236 castitatis
2411 1181 2839 1242 celebrabatur,
2898 1182 3007 1234 imo
3064 1181 3158 1250 qui
3211 1179 3427 1234 confes-

1851 1275 2026 1329 sionis
2068 1276 2232 1330 etiam
2289 1290 2498 1328 corona
2546 1273 2725 1328 fuerat
2782 1281 3040 1336 ornatus,
3107 1273 3251 1342 quod
3290 1272 3430 1325 alter

1851 1368 2047 1421 oculus
2100 1369 2149 1422 ei
2184 1376 2406 1437 propter
2439 1366 2699 1435 pietatem
2745 1366 2984 1420 effossus
3038 1374 3224 1429 esset,
3289 1366 3431 1416 lianc

1854 1460 2187 1513 sententiam
2249 1459 2608 1529 probantibus
2650 1458 3007 1520 contradixit,
3069 1471 3194 1511 ctua
3258 1456 3433 1509 hono-

1855 1553 2059 1608 rabiles
2113 1567 2236 1606 esse
2289 1551 2497 1604 diceret
2552 1552 2795 1620 nuptias,
2851 1559 2905 1602 et
2966 1546 3466 1602 consuetudinem.

1855 1661 1980 1699 cum
2013 1645 2280 1698 uxoribus
2315 1644 2614 1714 appellaret
2639 1645 2974 1697 castitatem.
3015 1642 3278 1709 Adeoque
3307 1649 3429 1708 syn.

1856 1748 2049 1792 auctor
2083 1747 2220 1800 erat,
2263 1752 2330 1791 ne
2375 1737 2550 1804 legem
2593 1737 2734 1789 hanc
2789 1734 3249 1803 promulgarent:
3286 1731 3432 1799 quod

171 1829 309 1890 ίσως
340 1828 450 1898 γάρ
483 1828 640 1879 τοῦτό
669 1845 730 1894 γε
764 1829 861 1880 καὶ
893 1828 1100 1889 αὐτοῖς,
1144 1829 1235 1880 καὶ
1268 1829 1387 1887 ταῖς
1417 1827 1621 1879 τούτων
1652 1845 1752 1894 γα-

1864 1831 1998 1882 lianc
2029 1843 2143 1880 rem
2177 1827 2232 1880 iu
2281 1828 2488 1881 mundo
2529 1827 2860 1898 degentibus
2895 1825 3129 1880 toleratu
3158 1824 3432 1878 difﬁcilem

170 1922 390 1987 μεταῖς,
418 1918 512 1971 τοῦ
549 1919 623 1989 μὴ
653 1921 951 1984 σωφρονεῖν
984 1919 1134 1971 αἰτία
1162 1921 1453 1985 γενήσεται
1473 1933 1488 1948 ⁸
1520 1921 1663 1973 κατὰ
1693 1921 1749 1972 δὶ

165 2014 270 2082 τὴν
303 2012 536 2082 ἀρχαίαν
592 2011 688 2079 τῆς
739 2009 1070 2075 Ἐκκλησίας
1124 2010 1439 2080 παράδοσιν,
1475 2015 1600 2073 τοὺς
1652 2012 1752 2080 μέν

166 2104 426 2173 ἀγάμους
483 2100 578 2155 τοῦ
638 2101 914 2172 ἱερατικοῦ
966 2101 1245 2168 τάγματος
1293 2104 1750 2168 κοινωνήσαντας,

170 2196 378 2266 μηκέτι
403 2195 604 2264 γαμεῖν
626 2209 640 2223 ⁶
669 2194 797 2252 τοὺς
829 2192 882 2244 δὲ
916 2193 1056 2262 μετᾶ
1090 2193 1178 2246 τὸν
1197 2193 1381 2259 γάμον
1401 2193 1481 2254 εἰς
1530 2192 1756 2262 ἱερωσύ-

168 2306 272 2358 νην
305 2283 798 2356 προὸιῦασθέντας,
829 2278 905 2338 ὧν
933 2285 1117 2355 ἔχουσι
1154 2284 1412 2354 γαμετῶν
1440 2285 1498 2336 ού
1531 2285 1756 2353 χωρίζε-

171 2379 328 2430 σθαι.
363 2375 550 2431 Ταῦτα
611 2377 712 2445 μὲν
744 2377 772 2427 ὀ
819 2375 1178 2444 Παφνούτιος,
1227 2377 1324 2430 καὶ
1371 2373 1546 2429 ταῦτα
1578 2375 1755 2444 γάμου

170 2472 408 2538 ἄπειρος
451 2467 563 2521 ὤν’
596 2467 829 2537 ἐπῄνεσε
870 2467 926 2518 δέ
969 2467 1069 2531 τὴν
1097 2465 1193 2519 τοῦ
1239 2465 1528 2520 θεσπεσίου
1564 2467 1756 2536 ἀνδρδς

172 2565 473 2630 είσὴγησιν
492 2559 587 2612 καὶ
614 2560 646 2628 ἡ
667 2557 905 2620 σύνοδος,
943 2559 1037 2610 καὶ
1070 2557 1223 2612 οὐδὲν
1247 2575 1313 2611 πε
1323 2558 1377 2627 ρὶ
1401 2557 1590 2610 τούτου
1609 2575 1758 2611 νενο-

176 2653 509 2722 μοθέτηκεν,
542 2649 678 2704 ἀλλά
719 2652 786 2718 τῇ
828 2648 1059 2700 ἑκάστου
1083 2647 1275 2719 γνώμῃ
1299 2649 1361 2700 τὸ
1390 2648 1761 2717 πρᾶγμα,καὶ

171 2748 277 2798 οὐκ
312 2744 526 2813 ἀνάγκῃ
558 2741 740 2795 θέσθαι
771 2742 1073 2809 νενόμικεν.
1106 2739 1264 2793 Οὕτω
1300 2739 1552 2806 θεοφιλὴς
1585 2741 1612 2790 ό
1647 2740 1762 2790 Πα-

173 2838 432 2906 φνοὺτιος
465 2828 618 2897 οὗτος
639 2830 726 2904 ἦν,
752 2834 826 2896 ὠς
846 2834 938 2885 καὶ
970 2835 1174 2901 σημεῖα
1201 2832 1492 2900 θαυμαστὰ
1514 2831 1760 2900 γίνεσθαι

173 2930 270 2984 ὑπ’
295 2928 463 2984 αὐτοῦ
487 2944 500 2956 ’
529 2927 736 2995 σφόδρα
765 2925 822 2978 δέ
845 2928 872 2978 ὁ
895 2924 1146 2994 βασιλεὺς
1167 2925 1573 2985 Κωνσταντῖνος
1596 2924 1763 2992 ἐτίμα

172 3024 269 3074 τὸν
306 3022 500 3089 άιδρα,
531 3019 626 3071 καὶ
682 3015 918 3086 συνεχῶς
951 3017 1046 3070 ἐπὶ
1100 3015 1168 3068 τὰ
1198 3014 1444 3084 βασίλεια
1487 3014 1763 3084 μετεπέμ-

178 3133 342 3177 πετο,
381 3113 477 3165 καὶ
509 3110 602 3163 τὸν
635 3108 1081 3179 ἐξορωρυγμένον
1110 3106 1392 3175 ὀφθαλμὸν
1423 3106 1725 3174 κατεφίλει.

1853 1921 2086 1976 diceret.
2134 1920 2271 1974 Nam
2312 1920 2572 1975 fortassis
2610 1923 2714 1975 hoc
2749 1931 2856 1973 tam
2886 1919 3043 1988 ipsis,
3080 1934 3245 1987 quam
3284 1918 3435 1986 ipso-

1856 2028 1976 2066 rum
2013 2013 2287 2067 uxoribus
2323 2027 2549 2067 causam
2584 2011 2771 2065 minus
2805 2020 2956 2065 caste
2977 2010 3199 2065 vivendi
3238 2008 3437 2078 praebi-

1856 2109 2068 2156 turum.
2100 2100 2176 2154 Ex
2204 2102 2386 2170 prisca
2413 2102 2637 2168 quidem
2664 2101 2924 2156 Ecclesiae
2948 2102 3247 2155 traditione
3274 2109 3438 2169 quot-

1856 2205 1990 2263 quot
2021 2201 2281 2262 expertes
2303 2194 2642 2247 matrimonii
2665 2194 3068 2249 sacerdotalem
3100 2193 3153 2247 in
3188 2193 3436 2248 ordinem

1857 2287 2099 2355 cooptati
2160 2284 2418 2351 fuissent,
2480 2301 2590 2340 nou
2647 2286 2888 2355 amplius
2947 2301 3149 2340 uxores
3187 2285 3437 2338 ducere:

1857 2380 1953 2449 qui
1987 2365 2147 2432 vero
2206 2389 2329 2446 post
2382 2389 2727 2432 contractum
2794 2379 3209 2432 matrimonium
3265 2374 3440 2430 everti

1859 2478 2046 2526 essent
2072 2469 2140 2523 ad
2171 2469 2564 2532 sacerdotium,
2603 2485 2700 2524 eos
2736 2471 2805 2524 ab
2841 2469 3130 2531 uxoribus,
3161 2484 3299 2537 quas
3335 2467 3442 2521 ha—

1860 2563 2085 2625 bebant,
2123 2577 2231 2615 non
2264 2563 2532 2631 separari.
2563 2561 2627 2615 Et
2660 2562 2774 2616 haec
2809 2561 3029 2631 quidem
3064 2560 3432 2628 Paphnutius.

1862 2672 2180 2728 quanquam
2215 2659 2331 2726 ipse
2371 2659 2708 2711 matrimonii
2729 2671 2928 2725 expers
2947 2664 3116 2710 esset.
3140 2654 3437 2708 Collauda-

1863 2747 1938 2800 vit
1962 2745 2262 2799 orationem
2291 2745 2534 2799 hominis
2565 2746 2738 2799 (Ii-riui
2766 2745 3029 2814 synodus,
3059 2759 3236 2813 neque
3253 2743 3319 2796 dc
3343 2743 3448 2796 huc

1863 2834 2166 2905 quidquam
2219 2834 2613 2906 promulgavit,
2647 2835 2741 2890 sed
2780 2851 2895 2888 rem
2932 2835 3160 2910 arbitrio
3196 2832 3442 2901 cujusvis

1866 2925 2346 2992 committendam,
2403 2942 2512 2980 nou
2555 2927 2830 2982 coactioni
2878 2912 3098 2981 statuit.
3133 2926 3284 2979 Adeo
3317 2939 3449 2979 vero

1866 3019 2163 3089 religiosus
2203 3030 2325 3073 erat
2361 3021 2486 3089 ipse
2529 3019 2902 3090 Paphnutius,
2961 3029 3019 3073 ut
3063 3020 3228 3074 etiam
3272 3019 3450 3072 admi-

1868 3111 2042 3164 randa
2080 3111 2331 3180 quaedam
2366 3110 2616 3180 prodigia
2647 3127 2743 3180 per
2773 3127 2898 3164 eum
2935 3109 3151 3164 tierent.
3210 3109 3274 3163 Et
3304 3109 3439 3163 (lotio

178 3206 469 3258 stantinus
508 3205 806 3272 imperator
854 3200 1132 3254 hominem
1189 3213 1385 3266 magno
1433 3197 1671 3252 habebat
1730 3197 1783 3252 in
1825 3204 2024 3270 pretio,
2073 3214 2128 3259 et
2182 3204 2499 3273 frequenter
2550 3204 2616 3257 ad
2670 3204 2854 3258 aulam
2888 3204 3233 3266 arcessebat,
3307 3218 3439 3258 eru-

179 3309 415 3365 tnmque
442 3295 662 3348 oculum
687 3293 1134 3348 exosculabatur.

249 3387 349 3455 Τῷ
378 3387 434 3439 δὲ
470 3392 501 3437 ι’
557 3385 658 3454 τῆς
692 3386 749 3437 ἐν
795 3385 1042 3454 Ἀγκύρῃ
1111 3384 1351 3454 μηδόλως
1388 3385 1632 3454 πρόσχῃς
1664 3385 1753 3438 τ’»ν

1933 3387 2038 3457 61
2072 3384 2343 3441 Caeterum
2365 3402 2487 3458 syn.
2516 3385 2718 3457 Ancyr.
2761 3400 2885 3441 can.
2917 3385 2984 3440 10
3018 3402 3124 3440 non
3151 3387 3453 3442 attendens-

179 3479 336 3542 νῶν,
364 3476 624 3530 δύνασθαι
656 3476 867 3544 λέγοντι
899 3478 1098 3546 γαμεῖν
1122 3476 1213 3528 τὸν
1241 3477 1487 3529 διάκονον
1511 3479 1602 3529 καὶ
1629 3479 1769 3546 μετὰ

180 3572 284 3639 τὴν
340 3569 677 3640 χειροτονίαν
731 3571 796 3640 τῇ
858 3567 954 3622 τοῦ
1020 3567 1220 3621 οἰκείου
1284 3570 1587 3621 ἐπισκόπου
1646 3572 1768 3621 ἐπι-

181 3663 394 3732 τροπῇ.

885 3753 1103 3823 Νόμος.

254 3846 400 3915 Φησὶ
431 3845 542 3915 γὰρ
563 3846 596 3914 ἡ
629 3845 800 3914 νεαρὰ
829 3844 923 3897 τοῦ
967 3845 1234 3914 βασιλέως
1282 3846 1510 3908 Λέοντος
1544 3847 1636 3898 τοῦ
1674 3847 1772 3897 Σο-

183 3938 318 4008 φοῦ,
365 3937 440 4000 ὡς
498 3938 547 3988 εί
606 3940 698 3989 καὶ
725 3937 830 3988 ἀπο
887 3937 1176 4006 συνηθείας
1228 3937 1478 4007 ἀγράφου
1508 3938 1635 4005 ἐξῆν
1667 3941 1773 3999 τοῖς

186 4029 518 4097 ίερωμένοις
572 4027 722 4087 ἐντος
773 4026 1058 4088 δεκαετίας
1120 4027 1259 4095 μετὰ
1309 4027 1412 4094 τὴν
1441 4030 1775 4095 χειροτονίαν

184 4120 580 4188 ψηφιζομένης
638 4117 938 4186 λαμϐάνειν
986 4119 1250 4187 νομίμους
1295 4123 1580 4184 γυναῖκας,
1639 4121 1776 4171 ἀλλὰ

185 4212 377 4271 τοῦτο.
417 4212 492 4270 ὼς
529 4211 629 4264 ὑπὸ
654 4211 763 4263 τῶν
787 4209 1029 4263 κανόνων
1058 4211 1463 4280 κεκωλυμένον,
1500 4213 1600 4264 οὐκ
1628 4212 1777 4278 ὀφεί-

192 4305 278 4356 λει
310 4305 556 4370 κρατεῖν.

272 4395 338 4446 Ὀ
375 4391 696 4460 χειροτονῶν
732 4391 947 4460 ἄγαμον
977 4392 1236 4463 ἐρωτάτω
1269 4392 1451 4454 αὐτὸν,
1483 4394 1530 4445 εί
1553 4393 1776 4445 δύναται

192 4486 372 4554 χωρὶς
398 4483 633 4552 νομίμου
665 4485 910 4552 γαμετῆς
942 4485 1154 4553 σεμνῶς
1187 4484 1357 4553 βιοῦν,
1393 4486 1484 4537 καὶ
1515 4487 1565 4537 εί
1617 4488 1783 4538 κατά-

189 4577 368 4637 θοιτο,
404 4576 592 4627 τοῦτον
620 4576 1018 4644 χειροτονείτω.
1039 4575 1097 4629 Ὀ
1122 4577 1178 4628 δέ
1202 4577 1513 4644 ἐπιτρέπων
1547 4578 1780 4645 διακόνῳ

194 4669 444 4735 γυναῖκα
473 4669 610 4734 μετὰ
631 4668 728 4735 τὴν
756 4668 1090 4737 χειροτονίαν
1113 4669 1320 4731 λαϐεῖν,
1348 4667 1448 4735 τῆς
1475 4669 1782 4736 ἐπισκοπῆς

197 4759 554 4812 ἐκϐαλλέσθω
576 4775 590 4789 ·
633 4759 1009 4828 πρεσϐύτερος
1044 4760 1120 4821 δὲ,
1152 4762 1182 4830 ἢ
1211 4761 1478 4823 διάκονος,
1505 4760 1537 4830 ἢ
1568 4762 1784 4816 ύποὸιά-

197 4868 387 4915 κονος,
422 4850 560 4917 μετὰ
581 4849 680 4921 τὴν
703 4849 1037 4920 χειροτονίαν
1067 4850 1286 4919 γαμῶν,
1340 4850 1660 4906 ἐκϐάλλεται
1690 4854 1783 4905 τοῦ

195 4947 302 5012 κλή
315 4961 410 5013 pou
421 4983 433 4995 .

277 5039 408 5098 Τοῖς
436 5035 719 5106 κληρικοῖς
746 5035 1135 5104 ἐπιτέτραπται
1165 5035 1428 5103 νομίμους
1456 5034 1788 5106 ἔχει-ιγαμε-

201 5145 332 5191 τας.

278 5219 347 5273 Οί
371 5219 569 5286 ψάλται
620 5219 714 5270 καὶ
764 5221 811 5271 οἱ
844 5218 1192 5287 άναγνῶσται
1245 5218 1499 5271 δύνανται
1536 5219 1785 5287 νομίμως

203 5313 440 5379 γαμεῖν·
492 5311 540 5361 οί
583 5309 639 5360 δὲ
678 5310 1046 5369 ύποόιάκονοι,
1100 5311 1194 5363 καὶ
1224 5311 1480 5374 διάκονοι,
1523 5311 1617 5363 καὶ
1657 5329 1789 5380 πρε-

205 5405 510 5472 σϐύτεροι,
568 5401 827 5465 καθάπαξ
893 5401 1260 5455 κεκώλυνται·
1316 5403 1438 5455 ὅθεν
1482 5403 1686 5455 τούτων
1739 5405 1788 5455 οἱ

205 5497 381 5565 γάμῳ
409 5493 836 5564 κοινωνήσαντες
867 5495 1190 5546 ἐκπίπτουσι
1221 5496 1317 5565 τῆς
1354 5496 1674 5566 ἱερωσύνης.

783 5586 962 5654 Ὅρος
1009 5585 1220 5655 γάμου.

283 5679 468 5748 Γάμος
517 5679 668 5730 ἐστὶν
708 5679 902 5748 άνόρὸς
960 5680 1053 5730 καὶ
1111 5681 1365 5747 γυναικὸς
1401 5683 1666 5750 συνάφεια
1696 5685 1787 5736 καί

203 5772 599 5843 σίλγκλήρωσις
631 5771 808 5841 πάσης
854 5771 1020 5844 ζωῆς,
1055 5774 1198 5826 θείου
1232 5792 1286 5827 τε
1320 5777 1412 5830 καὶ
1442 5776 1784 5847 ἀνθρωπίνου

1869 3480 2024 3546 dum,
2077 3481 2171 3548 qui
2229 3495 2396 3552 posse
2444 3481 2576 3536 dicit
2625 3480 2920 3535 diaconum
2971 3497 3195 3536 uxorem
3248 3482 3450 3538 ducere

1869 3572 2036 3626 etiam
2063 3584 2186 3642 post
2225 3573 2653 3640 ordinationem,
2687 3574 2932 3644 episcopi
2966 3575 3051 3627 sui
3087 3573 3385 3643 permissu.

2600 3754 2709 3808 Lex
2719 3793 2732 3807 .

1947 3845 2162 3916 Quippe
2205 3845 2426 3911 Leonis,
2487 3848 2822 3917 cognomine
2874 3847 3180 3917 Sapientis,
3237 3845 3455 3903 novella

1877 3941 2044 4006 dicit,
2075 3941 2296 3994 tametsi
2325 3958 2388 3993 ex
2419 3940 2832 3995 consuetudine
2858 3957 2965 3993 non
3000 3940 3207 4006 scripta
3240 3938 3459 3992 licuerit

1878 4033 2262 4088 sacerdotibus
2301 4033 2443 4085 intra
2495 4033 2852 4095 decennium,
2891 4043 3015 4100 post
3045 4031 3452 4085 ordinationem

1879 4127 2332 4193 computandum,
2380 4124 2656 4191 legitimas
2717 4140 2917 4179 uxores
2982 4124 3210 4190 ducere,
3275 4134 3458 4181 tamen

1883 4216 2008 4280 hoc,
2055 4214 2670 4284 tanquamprobibitum
2699 4230 2728 4268 a
2758 4214 3088 4280 canonibus,
3127 4216 3310 4269 valere
3347 4233 3454 4271 non

1880 4306 2100 4360 debere.

1951 4395 2057 4460 Qui
2123 4403 2400 4464 expertem
2456 4396 2802 4450 matrimonii
2859 4397 3104 4461 ordinat,
3160 4400 3465 4468 interroget

1883 4499 2032 4546 eum,
2069 4501 2136 4538 an
2162 4485 2368 4554 absque
2398 4486 2636 4554 legitima
2666 4501 2839 4541 uxore
2866 4487 3035 4540 vitam
3057 4501 3268 4543 castam
3304 4503 3467 4558 agere

1886 4576 2082 4644 possit.
2121 4576 2178 4629 Si
2215 4577 2318 4630 hoc
2348 4575 2627 4631 facturum
2662 4593 2721 4632 se
2767 4587 3022 4642 testetur,
3055 4579 3335 4634 hominem
3370 4596 3467 4634 or-

1889 4669 2064 4722 dinet.
2100 4668 2203 4734 Qui
2231 4685 2365 4724 vero
2393 4671 2629 4724 diacono
2660 4671 2955 4740 permittit,
2990 4682 3047 4724 ut
3080 4681 3204 4738 post
3244 4672 3466 4726 ordina-

1893 4763 2092 4814 tionem
2119 4760 2286 4815 ducat
2315 4777 2567 4826 uxorem,
2602 4763 2928 4832 episcopatu
2959 4763 3270 4832 expellitur.
3309 4763 3470 4818 Pres-

1892 4854 2050 4924 byter
2097 4865 2193 4908 aut
2244 4857 2644 4919 subdiaconus,
2717 4859 2811 4926 qui
2874 4865 2997 4925 post
3060 4857 3467 4913 ordinationem

1896 4947 2178 5002 contrahit
2216 4948 2462 5017 nuptias,
2494 4965 2523 5002 e
2553 4959 2698 5003 coetu
2731 4949 2865 5003 cleri
2895 4948 3132 5015 eiicitur.

1959 5040 2190 5095 Clericis
2244 5051 2330 5095 est
2385 5042 2738 5111 permissum,
2793 5050 2851 5096 ut
2895 5042 3171 5113 legitimas
3227 5043 3470 5099 habeant

1888 5147 2110 5187 ιιιοτεε.

1953 5223 2222 5278 Cantores
2244 5232 2297 5277 et
2321 5223 2556 5278 lectores
2582 5224 2808 5293 nuptias
2829 5225 3105 5292 legitimas
3131 5224 3468 5278 contrahere

1883 5325 2139 5385 possunt,
2187 5326 2242 5369 at
2278 5316 2607 5373 subdiaconi
2667 5327 2720 5372 et
2768 5316 3089 5388 presbyteri“
3109 5317 3337 5372 omnino
3381 5319 3461 5385 (id

1886 5409 2089 5477 facere)
2133 5409 2684 5478 probibentur:quo
2733 5412 2793 5463 fit
2847 5420 2906 5464 ut
2942 5419 3216 5479 quotquot
3271 5425 3464 5463 eorum

1899 5502 2238 5558 matrimonii
2295 5504 2590 5573 participes
2631 5504 2786 5564 tiunt.
2832 5504 3091 5558 excidunt
3135 5505 3468 5559 sacerdotio.

2376 5595 2710 5648 Matrimonii
2737 5596 3010 5663 deﬁnitio.

1970 5686 2379 5740 Matrimonium
2412 5696 2496 5741 est
2523 5687 2844 5756 conjunctio
2872 5687 3040 5741 maris
3072 5697 3129 5742 et
3159 5686 3397 5753 femina‘,
3423 5699 3477 5743 et

1901 5781 2085 5837 omnis
2109 5781 2231 5836 \ita'
2259 5780 2618 5848 consortium,
2647 5781 2882 5836 divinict
2915 5780 3141 5837 bum-aui
3165 5780 3310 5851 juris
3328 5797 3479 5838 com-
