4184 6444
800 373 934 440 ὶ159

1983 381 2359 444 ΜΛΤΤΙΙᾸΞῙ
2401 382 2832 449 BLASTARIS

3912 394 4050 462 1le

792 491 981 546 tertias
1005 491 1209 560 optavit
1239 492 1491 563 nuptias;
1541 503 1917 566 consuetaque
1976 512 2137 567 pinna.
2194 513 2363 553 reme-

2477 505 2808 578 συγγνώμης
2856 506 3127 575 ἀξιοῦται,
3184 509 3255 565 δι’
3304 510 3496 581 ἔφεσιν
3555 513 3905 578 παιδοποιΐας
3971 519 4056 571 τὸν

788 581 941 635 dium
968 580 1017 635 ei
1045 582 1355 647 adhibetur,
1392 590 1452 637 ut
1500 583 1674 641 tribus
1722 586 1881 642 anuis
1908 601 1937 640 a
1978 588 2369 646 communione

790 682 1063 728 arceatur.

1361 913 1437 967 De
1488 913 1805 985 polggamis.

863 1024 1052 1079 Canon
1085 1026 1118 1080 5
1165 1040 1285 1095 syn.
1332 1024 1642 1079 Neocazsar.
1669 1065 1684 1089 ,
1728 1026 1803 1081 De
1834 1026 1922 1094 iis,
1950 1028 2148 1099 inquit,
2189 1032 2283 1100 qui
2319 1033 2372 1087 in

795 1123 977 1186 plures
1011 1118 1228 1185 nuptias
1250 1117 1517 1181 incidunt,
1541 1129 1599 1171 ut
1632 1118 1769 1172 ultra
1797 1128 1910 1173 tres
1935 1121 2372 1189 progrediantur,

796 1217 1009 1275 tempus
1032 1207 1248 1275 quidem
1278 1207 1640 1275 praestitutum
1671 1208 2022 1262 manifestum
2050 1219 2153 1264 est.
2178 1213 2248 1266 At
2281 1228 2365 1267 re-

796 1315 919 1354 vela
948 1298 1296 1352 manifestum
1330 1314 1439 1353 non
1471 1308 1574 1365 est,
1632 1314 1758 1353 cum
1820 1315 1980 1353 nemo
2018 1317 2083 1355 ex
2135 1304 2376 1373 antiquis

794 1391 1047 1445 Patribus
1076 1391 1205 1444 illud
1240 1391 1590 1444 manifestum
1628 1390 1839 1446 ίοὰετίι.
1889 1392 1992 1447 Sed
2038 1395 2376 1463 resipiscen-

795 1486 957 1549 tium,
989 1485 1183 1552 inquit,
1227 1483 1360 1537 fides
1410 1492 1464 1537 et
1497 1484 1782 1539 conversio
1827 1494 2043 1555 tempus
2078 1488 2372 1544 contrahit.

867 1687 1134 1737 Caaterum
1156 1683 1400 1737 eruditus
1425 1683 1514 1735 ille
1541 1682 1592 1734 in
1619 1682 1872 1735 omnibus
1900 1681 2157 1747 Basilius,
2189 1691 2379 1739 octua-

796 1776 1004 1843 gesimo
1028 1789 1243 1827 canone
1278 1789 1378 1826 suo
1407 1811 1422 1837 ,
1477 1772 1797 1840 Nuptiarum
1855 1775 2250 1842 pluralitatem,
2288 1778 2374 1831 in-

797 1866 937 1934 quit,
1003 1865 1202 1919 silentii
1256 1864 1490 1932 caligine
1560 1863 1747 1917 Patres
1805 1864 2150 1927 obvclaruut,
2213 1867 2374 1921 veluti
2412 1855 2450 1909 Β

796 1958 1079 2013 bestialem
1143 1967 1197 2012 et
1257 1957 1490 2011 alienam
1551 1957 1618 2010 ab
1673 1958 1899 2012 honesta
1958 1960 2378 2017 consuetudine.

797 2050 963 2105 Nobis
988 2063 1169 2105 autem
1207 2052 1273 2104 ad
1302 2050 1541 2103 animum
1575 2050 1796 2113 accidit,
1859 2051 1965 2105 hoc
1996 2061 2100 2116 εει,
2162 2053 2378 2107 videtur

796 2154 851 2199 et
878 2144 1055 2213 placet
1080 2142 1287 2211 judicio
1320 2150 1529 2205 uo~tro,
1589 2142 1761 2206 magis
1795 2141 1938 2194 hanc
1973 2143 2373 2213 castigandam,

795 2250 959 2304 quam
985 2235 1157 2304 ipsam
1194 2234 1610 2289 scortationem.
1649 2233 1713 2286 Et
1744 2234 2063 2303 nuptiarum
2091 2236 2376 2305 pluralitas

793 2338 896 2392 est,
936 2342 1042 2380 nun
1071 2344 1196 2397 eum
1233 2327 1425 2380 multis
1477 2325 1794 2395 promiscue
1829 2342 1945 2380 rem
1998 2327 2221 2393 habere,
2278 2327 2375 2384 sed

793 2421 1043 2476 eumdem
1077 2422 1256 2490 plures
1286 2435 1484 2474 uxores
1538 2419 1761 2485 ducere,
1816 2420 1942 2474 licct
1984 2436 2092 2474 non
2158 2436 2268 2476 una
2320 2430 2375 2476 et

794 2515 987 2567 eadem
1021 2513 1157 2567 vice.
1190 2512 1324 2566 Nam
1356 2514 1559 2580 nuptiae
1585 2527 1692 2565 non
1741 2520 1951 2567 tantum
1995 2522 2123 2567 sunt
2169 2527 2377 2567 concu-

793 2606 942 2660 bitus
981 2620 1105 2660 cum
1145 2605 1391 2671 muliere,
1427 2606 1570 2660 sicut
1628 2606 1823 2675 vulgus
1881 2606 2163 2660 hominum
2222 2605 2373 2675 loqui

793 2698 954 2760 solet,
1014 2698 1106 2751 sed
1150 2697 1472 2766 conjunctio
1535 2698 1704 2753 maris
1749 2709 1801 2753 et
1834 2698 2053 2753 feminae
2087 2707 2141 2752 et
2186 2699 2374 2755 omnis

790 2789 918 2843 vitm
944 2789 1306 2854 consortium,
1348 2790 1519 2844 divini
1551 2799 1605 2844 ct
1634 2791 1857 2845 humani
1889 2791 2031 2860 juris
2060 2790 2373 2845 communi—

794 2879 961 2943 catio,
997 2879 1459 2948 quemadmodum
1504 2880 1651 2948 leges
1685 2881 1931 2935 tradunt.
1964 2878 2085 2935 Non
2124 2881 2268 2935 cutim
2304 2895 2373 2936 ex

793 2970 1185 3039 conjunctione
1204 2971 1474 3026 duntaxat
1495 2983 1887 3042 agnoscuntur,
1905 2988 2094 3027 verum
2118 2974 2284 3027 etiam
2309 2988 2373 3029 ex

794 3063 1009 3117 illorum
1031 3063 1338 3127 alTet-tione,
1355 3065 1464 3135 65
1477 3066 1569 3134 qui
1597 3075 2005 3120 contraxerunt.
2031 3066 2170 3120 Dicit
2187 3075 2372 3122 autem

794 3152 1108 3219 nuptiarum
1141 3153 1510 3223 pluralitatem
1537 3170 1567 3209 a
1597 3154 1849 3209 Patribus
1880 3155 2097 3209 silentio
2123 3156 2366 3225 praeteri-

794 3251 927 3306 tam,
959 3242 1085 3312 quia
1112 3244 1304 3297 tertias
1354 3244 1573 3313 quidem
1607 3247 1825 3315 nuptias
1874 3246 1958 3300 lex
1993 3246 2280 3314 agnoscit;
2311 3257 2369 3302 at

794 3348 983 3387 eorum
1025 3334 1309 3404 pluralitas
1341 3345 1456 3389 tum
1493 3337 1726 3406 legibus.
1773 3346 1887 3389 tum
1933 3338 2242 3393 canonibus
2288 3348 2373 3393 est

794 3426 1071 3494 prohibita
1132 3425 1327 3481 Omnis
1381 3427 1524 3481 enim
1583 3437 1897 3482 contractus
1926 3429 2373 3492 matrimonialis,

791 3512 887 3581 qui
948 3516 1163 3568 tertiam
1222 3515 1540 3584 nuptiarum
1584 3514 1721 3570 lines
1781 3516 1999 3578 transit,
2055 3518 2370 3586 nuptiarum

793 3606 1082 3672 pluralitas
1107 3608 1247 3660 haud
1280 3607 1449 3660 dubio
1479 3607 1699 3662 dicitur.
1740 3606 1998 3663 Eamdcm
2038 3611 2377 3665 scortatione

791 3700 1034 3767 pejorem
1072 3716 1181 3753 non
1210 3701 1307 3754 abs
1333 3717 1390 3754 re
1451 3702 1848 3769 pronuntiavit.
1893 3701 2029 3755 Nam
2088 3702 2182 3770 qui
2224 3717 2377 3757 scor-

794 3796 943 3840 tatur
969 3788 1022 3840 in
1056 3804 1113 3842 se
1155 3789 1329 3843 solum
1372 3789 1583 3845 facinus
1609 3792 1709 3845 hoc
1736 3792 1997 3859 admittit,
2028 3791 2158 3847 dum
2183 3805 2377 3861 sponte

797 3896 897 3931 sua
929 3889 1104 3933 semet
1134 3880 1188 3933 in
1212 3880 1528 3949 voraginem
1560 3881 2003 3950 intemperantiae
2031 3883 2372 3953 praecipitat;

791 3971 886 4038 qui
924 3984 1050 4023 vero
1082 3979 1305 4037 quartas
1351 3980 1444 4023 aut
1474 3970 1695 4037 quiutas
1750 3969 2088 4023 contraxerit
2135 3970 2375 4039 nuptias,

792 4071 843 4114 et
872 4076 1058 4115 sacros
1090 4076 1328 4115 canones
1365 4102 1378 4126 ,
1420 4060 1515 4129 qui
1580 4075 1675 4115 eas
1726 4060 2037 4129 prohibent,
2077 4062 2375 4129 proculcat,

795 4165 845 4208 et
886 4168 1175 4222 germanos
1199 4168 1327 4208 suos
1360 4153 1562 4208 liberos
1594 4152 1757 4207 allii-it
1813 4152 2038 4222 injuria,
2074 4154 2204 4206 dum
2237 4167 2378 4222 pra:-

793 4260 881 4300 tcr
912 4261 1009 4300 cos
1047 4247 1210 4300 etiam
1272 4246 1489 4314 suprins
1535 4257 1811 4315 procreat.
1903 4244 2195 4315 Propterea
2257 4255 2380 4314 post

794 4339 971 4405 ipsius
1006 4339 1269 4393 facinoris
1317 4340 1694 4403 Omissiouem,
1749 4349 1801 4395 et
1830 4348 2013 4393 veram
2078 4339 2379 4393 confessio-

692 4504 699 4510 .
796 4446 941 4495 nem,
999 4432 1117 4485 vult
1162 4432 1326 4485 etiam
1375 4432 1600 4502 gravius
1635 4432 1784 4500 ipsos
1837 4431 2041 4498 puniri,
2083 4448 2245 4500 quam
2282 4432 2377 4501 qui

2474 596 2660 667 τρίτον
2692 599 2873 668 γάμον
2906 601 3252 671 αίρούμενος,
3280 605 3377 658 καὶ
3402 604 3482 674 τῷ
3509 607 3735 677 συνήθει
3777 608 4056 678 ἐπιτιμίῳ

2474 687 2948 761 θεραπευθήσεται
2973 731 2988 755 ,
3023 694 3115 747 ἐπὶ
3156 698 3305 768 τρισὶ
3345 696 3561 766 χρόνοις
3609 697 3711 769 τῆς
3760 701 4057 765 κοινωνίας

2473 779 2814 849 εἰργόμενος.

2993 944 3132 1014 Περί
3163 945 3551 1017 πολυτὰμων.

2559 1059 2620 1112 Ὀ
2667 1058 2768 1127 τῆς
2803 1061 2860 1113 ὲν
2904 1060 3315 1134 Νεοκαισαρεία
3346 1063 3568 1117 συνόδου
3614 1062 3800 1136 τρίτος
3853 1067 4058 1130 κανὼν,

2479 1150 2616 1219 Περὶ
2647 1154 2754 1205 τῶν
2783 1150 3083 1216 πλείστοις,
3109 1154 3490 1225 φησὶ,’γὰμοις
3520 1159 3963 1225 περιπεσόντων,
3989 1158 4059 1219 ὠς

2478 1246 2573 1295 καὶ
2600 1245 2701 1313 τῆς
2734 1246 3039 1315 τριγαμίας
3066 1246 3355 1315 προελθεῖν
3377 1248 3707 1319 περαιτέρω.
3738 1251 3768 1301 ὁ
3796 1250 3906 1319 μὲν
3928 1251 4059 1319 ὡρι-

2480 1336 2679 1405 σμένος
2709 1338 2903 1407 χρόνος
2934 1340 3112 1409 σαφής
3136 1356 3151 1371 ο
3190 1340 3239 1392 εί
3275 1342 3366 1395 καὶ
3410 1342 3653 1411 ἀτεχνῶς
3684 1343 3941 1411 ἀσαφὴς,
3986 1344 4055 1412 μή

2476 1443 2630 1488 τινος
2659 1428 2768 1479 τῶν
2799 1429 3175 1499 παλαιοτέρων
3196 1430 3559 1500 δηλώσαντος,
3580 1433 3644 1485 Ἦ
3671 1434 3728 1485 δὲ
3750 1436 3947 1496 πίστις
3972 1440 4057 1485 καὶ

2480 1521 2512 1589 ἠ
2543 1521 2858 1590 ἀναστροφὴ
2892 1522 3000 1574 τῶν
3033 1523 3443 1593 μετανοούντων
3480 1527 3801 1595 συντέμνειν
3820 1523 3940 1581 οἶδε
3974 1529 4059 1579 τὸν

2481 1613 2691 1682 χρόνον,
2722 1615 2876 1683 φησί.

2569 1707 2625 1757 '0
2654 1705 2710 1758 δὲ
2741 1707 2809 1758 τά
2859 1706 3041 1761 πάντα
3098 1711 3263 1778 σοφὸς
3325 1709 3622 1773 Βασίλειος,
3657 1712 3714 1763 ὲν
3751 1711 3833 1782 τῷ
3879 1718 3936 1765 π’
3966 1732 4060 1765 κα-

2480 1794 2615 1859 νόνι,
2661 1798 2775 1869 Τὴν
2820 1800 3167 1871 πολυγαμίαν
3216 1803 3266 1855 οί
3318 1804 3582 1873 Πατέρες,
3631 1807 3791 1874 φησὶ.
3830 1806 3916 1876 τῷ
3964 1808 4057 1872 τῆς

2482 1891 2726 1959 ἀφασίας
2755 1880 3138 1964 συνεκάλυψαν
3164 1895 3366 1959 σκότει,
3399 1892 3490 1949 οἵα
3515 1896 3790 1967 κτηνὼδη,
3825 1899 3926 1951 καὶ
3964 1901 4061 1967 τῆς

2480 1983 2830 2055 ἀνθρωπίνης
2859 1987 3180 2041 ἀπεοικυῖαν
3206 1989 3501 2058 διαγωγῆς.
3520 1989 3683 2059 Ἡμῖν
3704 1990 3762 2042 δὲ
3787 1991 4062 2060 παρίστα-

2478 2082 2746 2150 ταιρῆτοι
2776 2082 2924 2135 δοκεῖ
2964 2084 3055 2135 καὶ
3082 2083 3351 2153 κρίνεται,
3391 2084 3553 2157 πλέον
3597 2083 3631 2154 ἢ
3663 2084 3763 2155 τὴν
3794 2087 4058 2154 πορνείαν

2478 2176 2686 2245 ταύτην
2714 2176 3043 2242 κολάζεσθαι
3064 2196 3078 2210 ο
3108 2179 3427 2249 πολυγαμία
3467 2180 3524 2233 δέ
3556 2180 3706 2232 ἔστιν
3740 2180 3801 2232 οὐ
3829 2180 3895 2233 τδ
3929 2180 4061 2232 πολ-

2477 2271 2596 2334 λαῖς
2614 2274 2923 2345 ἀδιαφόρως
2944 2275 3262 2346 μίγνυσθαι,
3285 2275 3419 2328 άλλά
3440 2276 3503 2328 τὸ
3526 2274 3725 2338 πολλάς
3747 2277 4057 2343 ἀγαγέσθαι

2477 2366 2569 2418 τὸν
2598 2366 2785 2429 αὑτὸν,
2831 2367 2880 2420 εί
2908 2368 3020 2442 ⁴καὶ.
3062 2370 3137 2439 μὴ
3164 2369 3381 2436 ἀθρόον.
3402 2369 3614 2438 Τάμος
3649 2370 3759 2438 γὰρ
3784 2370 3844 2422 οὗ
3870 2371 3934 2423 τδ
3966 2389 4057 2435 γυ-

2478 2461 2627 2513 ναικὶ
2658 2460 3044 2532 συμφθαρῆναι
3072 2463 3233 2532 μόνον
3251 2464 3366 2515 ἐστὶ
3386 2461 3525 2516 κατά
3560 2463 3927 2533 χυδαιοτέραν
3952 2463 4061 2515 διά-

2478 2554 2691 2620 λεκτον,
2718 2553 2834 2610 ἀλλ’
2854 2555 3047 2622 ἀνδρὸς
3067 2556 3163 2610 καὶ
3190 2556 3450 2625 γυναικὸς
3485 2557 3774 2625 συνάφεια,
3804 2556 3904 2609 καὶ
3931 2572 4062 2621 συγ-

2477 2649 2756 2720 κλήρωσις
2793 2651 2888 2705 τοῦ
2931 2651 3048 2720 βίου
3077 2650 3280 2713 παντὸς
3311 2651 3457 2704 θείου
3489 2667 3551 2704 τε
3583 2650 3676 2703 καὶ
3704 2649 4061 2717 ἀνθρωπίνου

2474 2744 2687 2799 δικαίου
2717 2743 2993 2808 κοινωνία,
3022 2744 3098 2805 ὡς
3117 2743 3167 2796 οί
3201 2743 3356 2813 νόμοι
3380 2743 3812 2813 διαγορεύουσιν.
3844 2742 3928 2795 υῦ
3955 2744 4061 2810 γὰρ

2478 2836 2587 2889 άπδ
2613 2834 2784 2905 μόνης
2814 2833 2917 2896 τῆς
2947 2835 3248 2903 συναφείας
3281 2834 3633 2902 γινώσκεται,
3661 2833 3798 2887 ἀλλά
3831 2835 3933 2886 καὶ
3957 2835 4063 2887 ἀπὸ

2477 2929 2581 2999 τῆς
2603 2927 2895 2990 διαθέσεως
2913 2926 3023 2981 τῶν
3047 2928 3523 2993 πναλλαξάντων.
3539 2928 4063 2997 ’Δποσεσιωπῆσθαι

2476 3022 2531 3077 δέ
2573 3039 2706 3091 φασι
2736 3023 2848 3085 τοῖς
2877 3021 3179 3091 Πατράσιν,
3210 3022 3294 3074 ὅτι
3318 3022 3350 3091 ἠ
3375 3021 3473 3089 μὲν
3508 3023 3779 3091 τριγαμία
3803 3022 3885 3091 τῷ
3909 3022 4063 3091 νόμῳ

2476 3115 2928 3185 ἔπιγινώσκεται,
2963 3117 2996 3183 ἡ
3026 3116 3081 3168 δὲ
3113 3115 3430 3184 πολυγαμία
3468 3116 3563 3168 καὶ
3592 3119 3704 3178 τοῖς
3739 3119 3933 3186 νόμοις
3965 3117 4063 3169 καὶ

2478 3215 2591 3276 τοῖς
2615 3212 2837 3265 κανόσιν
2876 3212 3198 3281 ἀπείρηται.
3236 3211 3351 3263 Πᾶν
3382 3210 3491 3279 γὰρ
3522 3210 3907 3279 συνάλλαγμα,
3939 3216 4063 3271 τοὺς

2477 3306 2635 3375 ὄρους
2663 3303 2991 3374 ὑπερϐαῖνον
3018 3307 3119 3373 τῆς
3154 3302 3475 3376 τριγαμίας,
3508 3303 3826 3370 πολυγαμία
3875 3305 4063 3369 σαφῶς

2476 3395 2843 3466 ὀνομάζεται*
2888 3396 2985 3450 καὶ
3033 3395 3135 3460 τῆς
3171 3395 3429 3464 πορνείας
3465 3393 3523 3447 δὲ
3573 3392 3764 3463 εἴρηκε
3809 3394 4059 3463 χείρονα,

2477 3493 2569 3543 καὶ
2603 3489 2747 3558 μάλα
2771 3490 3018 3552 είκὸτως.
3048 3487 3109 3543 '0
3146 3488 3243 3555 μὲν
3274 3489 3380 3558 γὰρ
3414 3485 3713 3557 πορνεύων,
3748 3489 3829 3549 είς
3863 3488 4059 3539 ἑαυτὸν

2481 3585 2639 3652 μόνον
2687 3583 2786 3653 τὴν
2824 3584 3036 3635 ἀδικίαν
3086 3583 3429 3652 προΐστησιν,
3461 3582 3639 3635 ἑκοντὶ
3679 3580 3755 3648 τῷ
3794 3581 4057 3651 βαράθρῳ

2477 3676 2573 3744 τῆς
2605 3675 2902 3735 ἀκολασίας
2927 3674 3115 3727 ἑαυτὸν
3145 3675 3504 3745 ἐπιρρίπτων.
3523 3674 3581 3725 '0
3608 3672 3662 3725 δὲ
3690 3671 3731 3724 δ’
3756 3671 3791 3742 ἢ
3816 3669 3857 3724 ε’
3882 3673 4061 3741 γάμον

2477 3768 2639 3838 δῆθεν
2673 3767 2851 3834 ἑαυτῷ
2888 3765 3242 3833 συναλλάξας,
3276 3767 3622 3835 κατορχεῖται
3675 3765 3775 3832 μὲν
3815 3764 3928 3815 τῶν
3955 3782 4063 3816 κω-

2478 3862 2716 3916 λυόντων
2745 3859 2933 3913 τοῦτον
2976 3860 3135 3912 θείων
3166 3856 3423 3922 κανόνων,
3451 3857 3628 3910 ἀδικεῖ
3668 3856 3725 3908 δὲ
3761 3857 3891 3918 τοὺς
3929 3873 4060 3925 Tw}-

2481 3956 2630 4017 σίους
2651 3953 2817 4007 αὑτοῦ
2837 3953 3049 4017 παῖδας,
3074 3951 3466 4021 παρασπείρων
3487 3949 3695 4012 τούτοις
3717 3950 3814 4001 καὶ
3831 3948 4023 4012 νόθους
4043 3989 4057 4003 .

2482 4049 2574 4102 Διὸ
2621 4048 2714 4101 καὶ
2760 4046 2897 4115 μετὰ
2938 4048 3035 4114 τὴν
3072 4045 3168 4113 τῆς
3200 4044 3545 4113 παρανομίας
3580 4042 3928 4112 ἀπαλλαγὴν,
3963 4043 4057 4095 καὶ

2479 4146 2579 4209 τὴν
2626 4140 2855 4209 γνησίαν
2898 4137 3303 4208 ἐξομολόγησιν,
3335 4140 3429 4189 καὶ
3467 4135 3629 4189 πλέον
3674 4136 3783 4188 τῶν
3830 4153 4063 4205 πορνευ-

2484 4233 2692 4287 σὰντων
2723 4232 3041 4286 εὐθύνεσθαι
3073 4230 3212 4296 ἀξιοῖ
3235 4248 3248 4263 ο
3292 4232 3419 4294 τοὺς
3463 4230 3563 4299 μὲν
3592 4231 3700 4299 γάρ
3748 4232 3829 4291 εἰς
3864 4234 4063 4282 ἑπταε-

2479 4325 2624 4387 τίαν,
2664 4324 2789 4385 τοὺς
2825 4322 2881 4375 δὲ
2938 4323 3032 4374 καὶ
3074 4325 3152 4384 εἰς
3180 4321 3323 4373 ὀκτὼ
3361 4319 3678 4389 παρατείνει
3717 4319 3971 4387 χρόνους,
4014 4322 4065 4371 εί

2481 4416 2727 4486 ἀκριϐῶς
2769 4415 2859 4467 τὸν
2896 4413 3021 4467 νοῦν
3051 4413 3369 4481 ἐπιστήσεις
3410 4418 3521 4475 τοῖς
3551 4413 3647 4465 τοῦ
3680 4414 3837 4477 ἁγίου
3866 4413 4065 4464 θεσπὶ-

796 4525 1020 4580 scortati
1052 4525 1272 4579 fuerint.
1301 4524 1396 4579 llis
1430 4524 1576 4578 enim
1610 4523 1977 4593 septennium,
2035 4524 2140 4579 illis
2202 4538 2375 4578 annos

2484 4528 2708 4581 σμασιν.
2737 4508 2800 4559 ΕΞ
2830 4508 2939 4577 γὰρ
2976 4506 3083 4558 τῶν
3112 4504 3202 4558 δύο
3234 4504 3414 4556 τόπων
3452 4504 3549 4574 τῆς
3578 4505 3868 4571 μετανοίας
3903 4508 4068 4574 μόνον

792 4622 925 4667 octo
959 4614 1283 4679 constituit;
1327 4613 1371 4667 si
1411 4622 1667 4666 accurate
1727 4621 1965 4666 mentem
2010 4613 2061 4665 iu
2115 4628 2200 4677 ea,
2252 4629 2376 4682 qua:

795 4703 881 4757 vir
921 4713 1148 4757 sanctus
1179 4705 1389 4767 statuit,
1418 4705 1694 4758 delixeris.
1720 4703 1857 4757 Nam
1882 4701 1931 4758 si
1969 4702 2204 4757 duorum
2230 4705 2373 4757 dun-

798 4804 950 4849 taxat
977 4796 1223 4850 loeorum
1258 4796 1592 4865 pmnitentiae
1620 4795 1896 4849 mentione
1944 4794 2107 4860 facta,
2136 4806 2375 4863 quatuor

797 4888 852 4941 in
875 4888 955 4948 cis
995 4904 1169 4942 annos
1196 4888 1473 4958 prmtcrire
1519 4887 1722 4941 debere
1753 4886 1966 4941 deliniit
2000 4905 2012 4941 :
2062 4886 2289 4941 omnino
2315 4887 2371 4941 in

797 4984 1010 5037 duobus
1041 4984 1202 5036 etiam
1260 4982 1407 5049 aliis,
1465 4999 1605 5052 quos
1643 4982 1952 5053 compendii
1986 4998 2151 5038 causa
2204 4983 2370 5039 veluti

797 5087 923 5129 ante
953 5086 1420 5131 sacramentorum
1460 5080 1883 5149 perceptionem.

1524 5212 1651 5267 Lex.

869 5321 1029 5391 Legis
1060 5332 1242 5377 autem
1278 5325 1395 5379 hsce
1433 5326 1597 5380 verba
1637 5336 1807 5382 sunt:
1876 5327 2159 5384 Uuiversis
2199 5331 2374 5383 mani-

800 5414 1002 5468 festum
1039 5425 1180 5481 esto,
1211 5418 1357 5486 quod
1391 5418 1437 5470 si
1472 5420 1596 5486 quis
1635 5435 1802 5473 ausus
1850 5419 2025 5473 fuerit
2050 5420 2115 5473 ad
2145 5431 2373 5489 quartas

799 5510 1094 5561 convolare
1115 5509 1356 5577 nuptias,
1385 5526 1507 5579 qua:
1530 5512 1732 5582 nuptiae
1765 5527 1871 5565 non
1895 5522 2044 5575 sunt,
2078 5528 2185 5566 non
2212 5514 2375 5567 modo

799 5598 1068 5663 luturum,
1103 5614 1160 5653 ut
1189 5616 1265 5654 ea:
1292 5607 1488 5671 nuptue
1531 5618 1629 5672 pro
1676 5604 1839 5657 nullis
1889 5605 2192 5658 habeantur
2220 5646 2234 5671 ,
2282 5604 2377 5659 sed

804 5708 873 5747 ne
928 5692 1085 5747 liberi
1141 5693 1361 5761 quidem
1416 5712 1478 5748 ex
1535 5698 1601 5749 iis
1646 5698 1914 5763 procreati
1967 5711 2063 5762 pro
2124 5695 2379 5765 legitimis

805 5786 1118 5852 ducantur;
1148 5785 1395 5855 adeoque
1431 5788 1607 5856 pinnis
1643 5788 1807 5843 etiam
1856 5788 2188 5856 pollutorum
2224 5803 2376 5844 scor-

2486 4601 2769 4673 μνησθεὶς,
2800 4600 3070 4669 τέσσαρας
3116 4598 3172 4647 ὲν
3217 4597 3401 4657 αὐτοῖς
3450 4594 3680 4647 διελθεῖν
3728 4595 3899 4665 ὥρισε
3940 4600 4068 4665 χρόο

2483 4712 2627 4761 νους,
2660 4690 2802 4765 ἦπου
2834 4691 2929 4745 καὶ
2951 4694 3009 4743 ἐν
3040 4692 3149 4753 τοῖς
3175 4688 3325 4741 δυσὶν
3350 4689 3579 4756 ἑτέροις,
3607 4686 3699 4747 εὖς
3728 4688 3953 4757 παρῆκε
3978 4692 4065 4742 διὰ

2485 4787 2777 4858 συντομίαν
2826 4784 2901 4846 ὡς
2945 4782 3402 4854 δήλοιςιὲτέρους
3444 4779 3526 4831 δεῖ
3564 4781 3839 4849 τέσσαρας
3874 4782 4067 4849 διαγα-

2482 4883 2621 4950 γετν,
2653 4878 2757 4948 πρὸ
2783 4876 2884 4943 τῆς
2914 4874 3022 4926 τῶν
3046 4873 3403 4942 ἀγιασμάτων
3439 4869 3731 4940 μεθέξεως.

2408 4980 2729 5037 manifestos
2752 4975 2956 5042 omisit,
2983 4973 3072 5027 alii
3107 4980 3346 5043 quatuor
3378 4971 3507 5025 anni
3566 4982 3730 5025 erunt
3794 4973 4057 5042 exigendi

3157 5209 3374 5277 Νόμος.

2565 5328 2622 5380 '0
2650 5327 2705 5380 δὲ
2731 5326 2893 5395 νόμος
2922 5324 3084 5392 φησίν
3115 5340 3129 5353 θ
3168 5321 3349 5375 Ἔστω
3379 5321 3472 5375 οὖν
3508 5322 3668 5375 τοῦτο
3704 5324 3846 5376 πᾶσι
3890 5328 4060 5379 κατᾶ-

2480 5423 2659 5493 animi,
2691 5421 2764 5482 ὡς
2792 5420 2944 5481 εἴτις
2973 5418 3263 5486 τολμήσειε
3291 5433 3425 5486 προς
3453 5416 3712 5486 τέταρτον
3740 5418 3947 5489 γάμον,
3972 5422 4060 5490 ab):

2480 5514 2541 5565 οὐ
2572 5512 2772 5580 γάμον,
2805 5511 2998 5572 ἐλθεῖν,
3040 5511 3101 5563 οὐ
3147 5511 3305 5579 μόνον
3346 5510 3459 5562 ἀντ’
3487 5511 3702 5573 οὐδενὸς
3746 5513 3774 5563 ὁ
3821 5513 4059 5576 τοιοῦτος

2485 5600 2835 5671 νομιζόμενος
2866 5602 3039 5669 γάμος
3071 5600 3472 5671 ὶογισθήσεται,
3506 5600 3619 5653 ἀλλ’
3650 5601 3772 5654 οὐδὲ
3802 5605 3854 5655 οί
3883 5604 3945 5669 ἑξ
3967 5604 4059 5655 οῦ-

2484 5690 2578 5744 τοῦ
2605 5691 2883 5760 τεχθέντες
2908 5693 3092 5752 παῖδες
3114 5693 3325 5762 γνήσιοι
3355 5691 3789 5761 λογισθήσονται,
3820 5696 3918 5747 καὶ
3942 5698 4056 5757 ταῖς

2486 5786 2694 5847 ποιναῖς
2735 5784 2788 5837 δὲ
2820 5785 2927 5837 τῶν
2968 5784 3397 5854 μεμολυσμὲνων
3442 5788 3506 5855 τῇ
3548 5788 3776 5855 πορνεία
3811 5786 4054 5857 ὑποϐλη-
