4184 6444
212 394 356 457 1165

1183 393 1587 452 SYNTAGMA
1633 390 2091 451 ALPHABETH
2111 393 2165 443 .l'
2198 398 2227 439 ii

3317 383 3453 446 1166

212 527 331 579 μως
372 509 591 576 γαμεῖν,
641 509 716 578 μὴ
752 508 1127 570 συναινοῦντος
1171 509 1264 559 καί
1312 496 1419 559 τον
1452 526 1659 576 ator/:0;
1695 509 1788 558 αὑ-

1904 505 2216 559 :ontrahere
2279 522 2384 555 tu...
2446 513 2690 570 pessum,
2753 514 2817 553 eo
2882 515 2987 553 non
3046 498 3452 561 consentiente.

209 604 339 663 τοὺς
371 600 743 664 ὑπεξουσέους,
777 603 825 652 εἰ
857 602 931 670 μή
968 617 1069 652 που
1096 603 1122 649 ὁ
1154 600 1337 667 πατὴρ
1373 600 1655 665 γέγονυῖαν
1685 599 1782 648 αὖ·

210 692 307 743 τοῦ
337 692 435 761 τὴν
466 693 740 760 θυγατέρα
765 692 968 761 χρόνων
999 690 1076 743 κε’
1103 690 1259 759 ἀνδρὶ
1296 689 1551 754 συζεῦξαι
1584 689 1785 755 ὑπερέ-

213 786 376 837 θετο·
444 786 561 837 τότε
615 786 725 854 γὰρ
779 784 1047 853 ἐλευθέρῳ
1103 783 1462 853 συζευχθῆναι
1527 783 1662 851 μόνη
1724 782 1783 832 οὗ

216 878 549 931 κεκώλυται.
608 878 772 949 Ζήτᾳ
833 878 926 929 καὶ
981 877 1041 929 τὸ
1096 875 1137 929 λ’
1192 893 1318 944 κεφ.
1368 874 1464 927 τοῦ
1521 873 1786 945 παρόντος

220 967 509 1036 στοιχείου.

220 1079 475 1130 ΚΕΦΑΔ.
503 1076 580 1130 Θ’.
609 1079 746 1145 Περὶ
767 1078 967 1146 γάμων
997 1079 1358 1156 παρεινόμων
1379 1079 1475 1133 καὶ
1501 1078 1793 1147 ἀθεμίτων·

811 1164 1205 1215 συγγενικων.

296 1240 417 1292 Τῶν
441 1240 515 1308 μὴ
547 1241 786 1306 ἐννόμως
817 1241 1119 1307 γινομένων
1165 1240 1355 1308 γάμων
1404 1242 1453 1292 οἱ
1492 1242 1587 1310 μὲν
1614 1242 1796 1308 Myon-

226 1349 320 1384 ται
352 1332 622 1397 ἁθέμιτοι,
644 1330 718 1393 ὡς
752 1331 800 1383 οἱ
827 1330 966 1399 μετὰ
993 1331 1289 1398 συγγενῶν,
1317 1332 1349 1400 ἢ
1387 1333 1678 1401 αἱρετικῶν
1698 1348 1711 1362 ·
1745 1336 1793 1384 τι

225 1423 307 1487 δὲ,
340 1422 671 1491 παράνομοι,
701 1422 776 1484 ὡς
804 1424 852 1474 οἱ
894 1406 1031 1489 μετὰ
1056 1424 1557 1492 ὲπιτροπευομένης
1581 1439 1593 1452 ’
1626 1425 1675 1475 οι
1716 1423 1794 1484 δὲ,

228 1514 574 1581 κατάκριτοι,
612 1513 686 1575 ὡς
719 1514 767 1565 ol
800 1513 936 1581 μετὰ
965 1514 1061 1581 τῆς
1092 1513 1511 1582 ἁνατεθειμένης
1539 1515 1615 1584 τῷ
1644 1515 1761 1583 Θεῴ
1782 1531 1793 1543 ·

227 1605 324 1665 οὓς
349 1608 397 1657 οἱ
424 1606 527 1673 μὲν
549 1606 680 1657 θεῖοι
709 1605 933 1657 κανόνες
960 1605 1293 1658 διασπᾶσθαι
1321 1607 1485 1673 μόνον
1511 1607 1798 1668 θεσπίζου-

229 1713 338 1760 σιν,
361 1698 410 1747 ul
435 1696 492 1749 δὲ
516 1697 691 1765 νόμοι,
716 1696 810 1747 καὶ
835 1695 1168 1763 δημεύεσθαι
1193 1696 1319 1758 τοὺς
1368 1695 1800 1760 συναλλάξαντας

229 1788 328 1839 καὶ
376 1785 744 1855 ὲξορίζεσθαι·
781 1786 1018 1848 εὐτελεῖς
1063 1786 1120 1839 δὲ
1170 1786 1329 1849 ὄντας
1401 1789 1495 1839 καὶ
1543 1789 1800 1855 μαστίζε-

1892 597 2051 666 cujus
2074 597 2126 649 in
2161 604 2427 665 potestate
2457 606 2623 647 sunt:
2654 592 2756 647 nisi
2783 602 2937 659 pater
2959 590 3121 643 tiliam
3150 605 3307 644 suam
3335 606 3457 659 quae

1891 688 1962 742 25
1998 704 2173 741 annos
2199 688 2526 757 impleverit,
2548 686 2666 739 viro
2692 686 2951 753 copulare
2981 683 3278 737 distulerit.
3304 681 3463 735 Tunc

1893 779 2039 833 enim
2070 789 2126 833 ut
2161 779 2398 842 ingenuo
2428 776 2694 830 duntaxat
2731 775 3036 839 copuletur,
3070 789 3180 826 nou
3214 782 3299 825 est
3332 787 3463 841 pro«

1897 870 2150 924 bibitum.
2184 869 2408 934 Quaeras
2438 867 2600 921 etiam
2630 879 2753 934 cap.
2778 863 2847 917 50
2900 863 3185 927 praesentis
3214 863 3293 917 lit.

1895 1065 2054 1122 CAP.
2079 1064 2171 1121 IX.
2213 1066 2284 1119 De
2312 1065 2506 1130 nuptiis
2549 1062 2767 1132 nefariis
2792 1072 2841 1115 et
2870 1061 3077 1116 illicitis
3105 1073 3465 1132 cognatorum.

1971 1222 2207 1291 Nuptiae,
2233 1236 2355 1290 quae
2383 1220 2624 1291 legitime
2658 1235 2769 1274 non
2806 1221 3230 1281 contrahuntur,
3268 1221 3469 1289 partim

1903 1315 2162 1369 dicuntur
2195 1313 2413 1376 illicitae,
2451 1313 2643 1383 quales
2701 1322 2850 1377 sunt,
2898 1328 3020 1382 quae
3062 1326 3186 1365 cum
3224 1314 3473 1380 cognatis

1903 1405 2273 1470 intercedunt,
2318 1412 2413 1458 aut
2460 1420 2585 1458 cum
2636 1402 2937 1466 haereticis;
2977 1402 3173 1471 partim
3229 1404 3471 1467 nelarim,

1903 1497 2070 1552 veluti
2106 1497 2307 1552 tutoris
2336 1511 2463 1550 cum
2504 1510 2590 1561 ea,
2624 1495 2783 1564 cujus
2810 1494 3031 1547 tutelam
3065 1493 3205 1561 gerit
3232 1509 3248 1546 :
3275 1496 3470 1562 partim

1904 1588 2195 1651 damnate,
2224 1589 2306 1642 uti
2339 1602 2461 1657 quae
2498 1588 2900 1640 contrahuntur
2929 1602 3053 1639 cum
3096 1587 3326 1641 muliere
3362 1586 3475 1639 Deo

1906 1690 2276 1735 consecrata:
2340 1696 2477 1751 quas
2534 1680 2677 1734 sacri
2736 1693 2979 1735 canones
3028 1678 3297 1732 duntaxat
3338 1678 3474 1732 diri-

1908 1773 2134 1828 merulas
2173 1782 2443 1837 statuunt,
2474 1788 2645 1843 quum
2692 1773 2838 1841 leges
2880 1771 3045 1825 velint
3090 1786 3283 1824 eorum
3334 1771 3476 1824 bona

231 1881 381 1933 σθαι.
417 1880 721 1942 Λατινικῶς
758 1878 813 1931 δὲ
858 1883 885 1931 ὀ
920 1879 1020 1947 μὲν
1042 1881 1353 1948 παράνομος
1386 1882 1562 1949 γάμος
1593 1882 1806 1948 λέγεται

1910 1865 2001 1933 qui
2029 1879 2121 1918 eas
2160 1866 2558 1929 contraxerint,
2592 1864 2884 1934 publicari,
2918 1873 3083 1930 atque
3134 1863 3288 1931 ipsos
3332 1862 3476 1916 rele-

230 1969 557 2038 νεφάριος,ὀ
591 1968 647 2021 δὲ
674 1968 1021 2036 κατάκριτος,
1062 1968 1357 2038 δαμνὰτος,
1397 1971 1646 2038 ῑγκεστος
1672 1970 1748 2033 δὲ,
1780 1972 1809 2022 δ

231 2060 513 2131 ἀθέμιτος.

450 2241 587 2309 Περὶ
622 2241 932 2309 κληρικῶν
977 2241 1592 2310 ἀθεμιτογαμούντων.

319 2336 380 2386 Ὃ
412 2337 587 2386 τοίνυν
614 2330 676 2384 ιθ¹
701 2334 807 2384 τῶν
831 2334 1000 2400 ἁγίων
1030 2309 1343 2385 saccariam
1370 2333 1574 2396 κανὼν,
1608 2334 1667 2388 Ὀ
1696 2335 1805 2398 δύο,

240 2428 433 2495 φησὶν,
463 2426 694 2493 ἀδελφὰς
726 2425 1011 2494 ἀγόμενος,
1042 2425 1403 2494 ἣάδελςριδὴν,
1444 2428 1701 2497 κληρικδς
1738 2426 1812 2481 εἶ-

236 2537 329 2573 ναι
352 2520 415 2571 οὺ
442 2519 686 2573 δύναται.
722 2519 831 2580 Πᾶς
860 2520 968 2586 γὰρ
996 2518 1249 2587 ἀθέμιτος
1272 2520 1467 2587 γάμος,
1502 2522 1609 2573 εἴτε
1643 2522 1700 2586 ἐξ
1725 2522 1806 2573 αῖ-

242 2627 433 2679 ματος,
466 2610 574 2660 εἴτε
615 2606 673 2671 ἐξ
722 2608 1052 2676 ἀγχιστείας,
1093 2609 1406 2668 διασπᾶται.
1441 2612 1533 2663 καὶ
1571 2616 1599 2663 ὁ
1640 2614 1813 2682 τοᾷτῳ

239 2701 425 2762 ἁλοὺς,
451 2702 547 2767 οὐχ
569 2700 717 2760 ὅπως
740 2699 833 2751 τοῦ
858 2696 1058 2767 κλήρου
1086 2697 1387 2763 ἐξωθεῖται,
1414 2699 1548 2751 ἀλλὰ
1579 2702 1671 2753 καὶ
1697 2704 1814 2753 ἐπτ-

236 2792 442 2863 τιμίοις
476 2791 861 2845 ὑποϐάλλεται.

328 2970 384 3023 Ὀ
440 2970 546 3039 γαρ
598 2970 677 3034 κζ’
722 2971 818 3023 τοῦ
868 2970 1102 3037 μεγάλου
1156 2970 1439 3024 Βασύείου
1496 2973 1645 3040 ιερέα
1720 2975 1813 3026 τὸν

240 3063 467 3132 ἁθέσμῳ
503 3064 664 3131 γάμῳ
693 3065 750 3116 ὲν
783 3063 973 3131 ἀγνοίᾳ
1009 3064 1400 3132 περιπαρέντα,
1436 3067 1535 3134 τὴν
1566 3066 1688 3118 καθ’
1723 3063 1811 3118 αἷ-

243 3172 325 3224 μα
381 3156 542 3222 τυχὸν
598 3159 983 3223 προσήκουσαν
1034 3156 1505 3223 εἰσοικησὰμενον,
1562 3158 1594 3227 ἢ
1650 3159 1814 3227 μονά-

242 3265 435 3315 στριαν
469 3247 528 3297 τὸ
561 3248 703 3316 ἱερὸν
740 3246 1123 3315 ἀρνησαμένην
1155 3247 1361 3314 σχῆμα,
1397 3248 1429 3318 ἢ
1465 3248 1563 3317 τὴν
1603 3250 1679 3317 τῷ
1705 3269 1811 3303 πα..

239 3342 329 3406 τρὶ
390 3339 553 3391 αὑτοῦ
604 3337 1110 3405 ἐπιτροπευθείσαν,
1157 3340 1348 3390 τοῦτον
1391 3339 1489 3407 τῆς
1536 3342 1673 3407 μετὰ
1706 3341 1815 3393 τῶν

242 3430 626 3498 πρεσϐυτέρων
660 3430 923 3497 καθέδρας
957 3430 1127 3497 μόνης
1160 3432 1409 3499 μετέχειν
1438 3431 1601 3497 ἀξιοῖ,
1628 3432 1736 3484 τῶν
1758 3431 1814 3482 δὲ

240 3522 447 3573 λοιπῶν
477 3522 765 3589 ἐνεργειῶν
797 3523 893 3590 τῆς
940 3524 1236 3590 ἱερωσύνης
1282 3522 1606 3590 ἀπέχεσθαι,
1657 3541 1819 3593 μετα-

240 3613 467 3665 νοοῦντα
524 3613 613 3664 διὰ
667 3614 867 3673 παντὸς
914 3613 1032 3681 Θεῷ
1068 3616 1159 3665 καὶ
1192 3614 1505 3683 ἀνθρώποις
1544 3614 1681 3682 μετὰ
1722 3615 1815 3666 δα-

243 3704 449 3772 κρύων,
504 3704 579 3772 τῷ
610 3704 729 3771 μὲν,
762 3703 838 3765 ὡς
881 3703 1027 3773 μόνῳ
1073 3704 1361 3774 δυναμένῳ
1402 3705 1497 3764 τὰς
1543 3705 1815 3773 ἁμαρτιας

242 3794 481 3860 ἀφιέναι,
530 3796 642 3855 τοῖς
688 3792 765 3855 δὲ,
806 3793 892 3845 ἶνα
943 3793 1037 3863 τὴν
1084 3796 1437 3865 σιγχώρησιν
1470 3795 1618 3865 αὐτῷ
1666 3793 1817 3863 παρὰ

246 3886 453 3954 Κυρίου
486 3887 839 3954 αἰτήσωνται.
899 3884 1154 3952 Εὐλογεῖν
1198 3884 1253 3936 δὲ
1302 3884 1393 3936 τὸν
1431 3885 1497 3937 τὰ
1527 3886 1704 3937 οἰκεῖα
1734 3883 1818 3936 Θε-

249 3977 507 4046 ραπεύειν
543 3977 824 4044 ὀφείλοντα
850 3976 1164 4044 τραύματα,
1196 3974 1318 4028 οὔτε
1357 3976 1481 4045 ἰδίᾳ,
1505 3974 1626 4028 οὕτε
1654 3976 1820 4044 δημο-

245 4070 339 4138 σία
371 4070 656 4139 προςήκει,
687 4067 850 4136 φησίν
872 4083 884 4097 ⁸
918 4069 950 4137 ἡ
986 4068 1094 4136 γὰρ
1126 4067 1349 4133 εὐλογία
1397 4069 1620 4137 χάριτος
1658 4084 1820 4119 πνευ-

248 4161 485 4229 ματικῆς
512 4163 605 4211 καὶ
630 4158 904 4227 ἁγιασμοῦ
934 4160 1291 4226 μεταδίδωσιν
1312 4174 1325 4188 ο
1359 4152 1403 4224 ᾧ
1429 4159 1485 4210 δὲ
1516 4158 1720 4209 τούτων
1756 4158 1817 4211 οὐ

248 4255 467 4321 μέτεστι
497 4254 581 4304 διὰ
614 4255 671 4305 τὸ
696 4254 974 4319 ἀνομημα,
994 4254 1041 4302 εἰ
1067 4252 1161 4303 καὶ
1191 4250 1331 4302 κατὰ
1364 4249 1585 4315 ἄγνοιαν
1607 4251 1817 4317 γέγονε,

248 4344 366 4403 πῶς
405 4341 556 4404 οὗτος
587 4346 757 4413 ἑτέρῳ
786 4343 1037 4410 δυνηθείη
1076 4341 1432 4409 μεταδοῦναι;
1462 4340 1522 4393 Εἰ
1551 4341 1607 4392 δὲ
1642 4343 1816 4404 τοῦτο,

246 4435 412 4501 olei-fi
439 4433 489 4499 γ’
511 4434 574 4485 ἂν
601 4433 659 4484 τὸ
688 4435 845 4500 σῶμα
875 4432 969 4482 τοῦ
997 4433 1199 4499 Κυρίου
1219 4434 1494 4499 διανεμεῖ·
1525 4432 1819 4500 ἀποχρῶσα

1910 1956 2023 2026 gari
2053 1974 2068 2021 ;
2108 1957 2252 2024 quod
2286 1956 2333 2011 si
2366 1972 2616 2025 personae
2639 1956 2750 2023 sint
2771 1956 3029 2021 humiles,
3055 1956 3219 2009 etiam
3245 1952 3478 2022 ﬂagellis

1911 2048 2064 2121 caedi.
2097 2045 2190 2102 Hie
2231 2048 2433 2118 nuptiw
2468 2049 2650 2118 lingua
2702 2048 2891 2102 Latina
2939 2046 3201 2101 dicuntur
3233 2044 3477 2109 nefariae,

1911 2138 2200 2203 damnatae,
2258 2142 2502 2196 incestae.

2020 2231 2095 2286 De
2140 2233 2346 2287 clericis
2392 2236 2618 2288 incestas
2655 2233 3088 2286 contrahentibus
3130 2233 3370 2297 nuptias.

1974 2321 2159 2389 'lgitur
2195 2336 2373 2375 canon
2421 2332 2735 2377 sanctorum
2789 2332 2964 2392 apost.
3005 2323 3111 2388 19,
3172 2322 3275 2388 Qui
3321 2324 3477 2387 duas,

1917 2415 2113 2485 inquit,
2174 2429 2394 2468 sorores
2454 2414 2623 2479 ducit,
2672 2424 2768 2469 aut
2818 2431 2962 2481 eam,
2996 2430 3114 2486 qua!
3164 2415 3321 2469 uxori
3369 2430 3483 2468 suae

1916 2507 2125 2563 sororis
2157 2518 2241 2561 est
2288 2507 2415 2572 lilia,
2447 2508 2679 2562 clericus
2722 2523 2846 2563 esse
2881 2510 3085 2577 nequit.
3119 2506 3254 2561 Nam
3290 2523 3483 2562 omnes

1918 2597 2142 2652 incestae
2184 2598 2403 2665 nuptiae,
2460 2597 2576 2651 sive
2618 2612 2713 2667 per
2763 2598 3316 2674 consanguinitatem,
3368 2598 3483 2653 sive

1918 2704 2011 2758 per
2037 2689 2376 2766 aljinitatem,
2416 2674 2755 2742 dirimuntur
2791 2706 2805 2743 :
2849 2697 2905 2743 et
2940 2690 3032 2759 qui
3063 2688 3144 2744 eis
3176 2705 3235 2744 se
3268 2688 3481 2758 polluit,

1915 2799 2024 2836 non
2057 2783 2203 2836 clero
2238 2782 2504 2835 duntaxat
2557 2781 2871 2850 expellitur,
2939 2782 3033 2838 sed
3093 2781 3269 2851 pinnis
3314 2784 3483 2837 etiam

1917 2874 2221 2941 subjicitur.

1989 2967 2198 3036 Quippe
2224 2966 2293 3021 27
2322 2968 2503 3021 Basilii
2539 2966 2715 3038 Magni
2753 2982 2930 3022 canon
2981 2968 3353 3035 sacerdotem,
3388 2969 3483 3038 qui

1920 3073 2013 3126 per
2054 3059 2416 3127 ignorantiam
2464 3060 2514 3113 in
2552 3061 2770 3127 nuptias
2812 3058 3053 3117 incestas
3091 3060 3369 3122 inciderit,
3407 3062 3484 3114 uti

1919 3149 2013 3216 qui
2046 3148 2184 3201 forte
2215 3150 2479 3218 sanguine
2511 3149 2617 3203 sibi
2653 3150 3003 3218 conjunctam
3039 3150 3091 3204 in
3122 3151 3346 3205 domum
3387 3153 3486 3205 de-

1921 3240 2164 3304 duxerit;
2207 3242 2287 3292 vel
2324 3241 2648 3304 solitariam,
2672 3256 2791 3311 quae
2815 3242 3060 3297 habitum
3087 3257 3303 3297 sacrum
3326 3258 3487 3312 repu-

1920 3333 2125 3397 diarit;
2153 3334 2236 3386 Vcl
2260 3348 2405 3397 eam,
2422 3333 2577 3401 cujus
2597 3336 2822 3387 tutelam
2845 3343 2996 3403 pater
3020 3334 3195 3405 ipsius
3217 3337 3484 3404 gesserit,

1922 3424 2067 3477 hunc
2102 3439 2234 3494 ergo
2267 3426 2437 3479 solius
2475 3426 2617 3478 inter
2663 3427 2983 3480 sacerdotes
3012 3428 3280 3483 sessionis
3312 3428 3486 3497 parti-

1920 3515 2094 3583 cipem
2125 3531 2251 3571 esse
2284 3518 2416 3580 vult,
2445 3525 2498 3570 et
2528 3530 2556 3569 a
2596 3516 2821 3586 reliquis
2844 3519 3131 3572 sacerdotii
3164 3520 3485 3573 muneribus

1920 3610 2237 3675 abstinere;
2268 3620 2531 3679 perpetuo
2552 3610 2929 3678 paenitentiam
2957 3611 3063 3665 Deo
3086 3622 3139 3665 et
3168 3612 3487 3666 hominibus

1920 3714 2044 3752 cum
2077 3698 2332 3767 lacrymis
2364 3708 2609 3768 agentem
2638 3718 2653 3763 ;
2695 3697 2804 3753 Deo
2834 3701 3076 3769 quidem,
3122 3703 3199 3755 uti
3236 3703 3331 3771 qui
3362 3718 3489 3772 pec-

1921 3799 2044 3843 cata
2090 3793 2241 3845 solus
2285 3791 2563 3844 remittere
2606 3791 2801 3859 possit,
2839 3792 3153 3847 hominibus
3191 3804 3395 3855 autem,
3431 3805 3489 3848 ut

1923 3882 2024 3949 ipsi
2084 3882 2545 3935 condonationem
2579 3892 2632 3935 et
2684 3883 2899 3936 veniam
2933 3899 2962 3937 a
3002 3883 3230 3939 Domino
3280 3898 3487 3955 petant.

1924 3972 2120 4026 Verum
2143 3984 2198 4026 ut
2223 3974 2657 4028 benedictionem
2685 3975 3029 4043 impertiatur
3057 3977 3120 4042 is,
3148 3977 3238 4046 qui
3267 3980 3487 4048 prppria

1921 4082 2115 4122 sanare
2150 4069 2372 4121 vulnera
2403 4067 2601 4132 debet,
2643 4084 2818 4137 neque
2862 4070 3139 4137 privatim,
3178 4086 3351 4139 neque
3392 4087 3489 4140 pu-

1922 4159 2061 4213 blice
2127 4160 2426 4211 convenire
2479 4159 2632 4212 dicit.
2694 4159 3007 4213 Benedictio
3057 4162 3207 4214 enim
3257 4162 3487 4231 gratiam

1923 4241 2226 4317 spiritalem
2258 4258 2311 4302 et
2348 4251 2689 4303 sanctitatem
2734 4252 2997 4319 largitur;
3041 4261 3096 4305 at
3142 4253 3233 4321 qui
3271 4264 3490 4322 propter

1921 4343 2217 4395 admissum
2282 4340 2494 4395 facinus
2540 4341 2733 4394 horum
2797 4344 3073 4413 particeps
3113 4360 3233 4398 esse
3276 4347 3486 4414 nequit,

1924 4432 2047 4484 licet
2093 4446 2189 4499 per
2242 4432 2606 4499 ignorantiam
2653 4430 2857 4485 laetum
2905 4435 2999 4498 sit,
3043 4449 3281 4502 quonam
3328 4440 3491 4492 modo

244 4527 357 4592 γαρ
404 4524 552 4592 αὐτῷ
592 4524 887 4592 συγγνώμη
930 4522 1018 4575 διὰ
1070 4525 1167 4590 τὴν
1196 4523 1435 4589 ἄγνοιαν,
1478 4523 1537 4574 τὸ
1593 4524 1668 4592 μὴ
1700 4525 1810 4575 ὲπι·

1927 4523 2335 4577 communicare
2370 4539 2494 4576 cum
2520 4524 2626 4576 alio
2650 4524 2859 4591 possit?
2891 4525 3049 4589 Quod
3076 4541 3209 4581 sane
3234 4530 3278 4581 si
3301 4545 3488 4581 verum

244 4617 567 4684 τιμηθῆναι,
607 4616 742 4668 ἀλλὰ
772 4617 861 4667 καὶ
899 4614 997 4679 τῆς
1048 4614 1317 4682 καθέδρας
1347 4615 1516 4667 εἰσέτι
1549 4616 1818 4684 μετέλειν.

1929 4624 2034 4676 est,
2080 4616 2251 4668 multo
2289 4616 2467 4668 minus
2506 4630 2706 4683 corpus
2759 4617 2969 4670 Domini
3000 4618 3311 4673 distriliuet.
3346 4620 3491 4674 Satis

245 4712 394 4766 enim
424 4714 749 4780 niagnahacc
772 4711 871 4777 ipsi
898 4711 1154 4764 veniaest
1220 4717 1435 4779 prepter
1497 4711 1882 4780 ignorantiam,
1929 4709 2072 4779 quod
2123 4724 2227 4762 non
2285 4712 2510 4777 punitus
2566 4710 2659 4773 sit,
2710 4711 2819 4764 imo
2875 4711 3036 4765 etiam
3096 4714 3371 4768 cathedrae
3420 4713 3493 4769 sit

246 4813 431 4865 adhuc
465 4809 757 4877 particeps.

323 4904 430 4956 Τὸν
462 4903 516 4953 δὲ
559 4899 763 4951 κανόνα
794 4894 981 4949 τοῦτον
1022 4898 1080 4949 ὲν
1120 4896 1283 4950 καλοῦ
1322 4896 1485 4966 μοίρᾳ.
1527 4900 1592 4967 τῇ
1629 4894 1819 4967 πρώτῃ

246 4995 506 5062 λεχθηναι
534 4990 855 5059 νομίσαντες
876 4990 925 5040 οἱ
944 4989 1042 5055 τῆς
1071 4993 1123 5050 ς’
1148 4988 1365 5040 συνόδου
1396 4986 1527 5040 θεῖοι
1556 4990 1819 5057 Πατέρες,

246 5092 343 5149 λς’
382 5084 577 5137 κανόνα
611 5083 821 5144 ἑαυτοῖς
864 5081 1250 5145 πεποιήκασιν,
1282 5081 1470 5141 αὑταῖς
1504 5083 1620 5139 ταῖς
1654 5078 1820 5132 αὐτοῦ

248 5176 589 5243 χρησάμενοι
621 5171 795 5234 λέξεσι
819 5187 833 5203 ο
863 5170 1189 5240 προσθέντες
1224 5170 1403 5238 μόνον,
1431 5171 1504 5230 ὼς
1533 5170 1561 5220 ὁ
1584 5169 1821 5230 τοιοῦτος

248 5268 489 5333 ἄθεσμος
512 5265 685 5331 γάμος
708 5263 989 5333 προδήλως
1014 5261 1417 5329 διαλυθήσεται,
1448 5262 1542 5313 καὶ
1564 5261 1818 5328 οὐδαμῶς

248 5362 277 5409 ὁ
308 5357 448 5429 ανὴρ
484 5356 773 5425 μετουσίαν
794 5354 905 5418 ’ἐξει
939 5356 1074 5425 πρὸς
1092 5352 1187 5423 τὴν
1210 5353 1277 5406 δι’
1298 5347 1365 5424 ἦς
1385 5354 1483 5423 τῆς
1508 5356 1654 5420 ἱερᾶς
1674 5356 1821 5421 ἐνερε-

247 5455 405 5520 Teia;
431 5451 743 5519 ἐστέρηται.
785 5448 844 5500 Εἰ
864 5449 971 5516 γὰρ
1013 5446 1086 5515 μὴ
1112 5445 1470 5512 διασπασθείη
1502 5446 1560 5496 τὸ
1587 5444 1822 5513 ἄθεσμον

252 5544 609 5605 συνοικέσιον,
655 5540 780 5592 οὒτε
819 5540 918 5608 τὴν
947 5538 1220 5605 καθέδραν
1264 5536 1399 5598 ἕξει,
1425 5535 1566 5588 ἀλλὰ
1603 5537 1821 5604 καὶτῆς

249 5635 580 5703 Ἐκκλησίας
614 5631 983 5699 ἐξωσθήσεται
1016 5631 1153 5696 μετὰ
1184 5629 1281 5694 τῆς
1311 5628 1641 5695 παρανόμως
1672 5626 1823 5695 αὐτῷ

254 5726 619 5793 μιγνυμένης,
676 5725 765 5775 καὶ
815 5722 901 5773 διὰ
955 5720 1052 5786 τῆς
1102 5720 1210 5769 τῶν
1253 5718 1530 5787 ἀρχόντων
1578 5719 1819 5782 ἐξουσίας

250 5820 280 5869 ο
324 5817 490 5884 γάμος
520 5815 920 5884 διαλυῢὴςεται.
965 5812 1022 5862 'U
1064 5812 1169 5877 γὰρ
1208 5810 1344 5878 μετα
1388 5808 1484 5876 τὴν
1625 5826 1821 5873 γνωτιν

1997 4894 2149 4951 llunc
2180 4906 2359 4949 autem
2394 4910 2518 4950 can.
2551 4897 2757 4964 optime
2784 4901 3197 4965 pronuntiatum
3242 4902 3491 4959 arbitrati

1925 4990 2097 5041 sancti
2134 4987 2320 5042 Patres
2344 5005 2463 5058 syn.
2488 5005 2537 5042 vt
2566 4989 2635 5043 26
2659 4991 2760 5045 sibi
2793 4990 3061 5057 fecerunt,
3093 4994 3339 5063 ipsismet
3368 4996 3491 5065 ejus

1926 5082 2106 5135 verbis
2154 5083 2259 5143 usi,
2310 5082 2414 5134 hoc
2458 5080 2723 5134 duntaxat
2755 5082 2991 5149 adjecto.
3024 5088 3170 5153 quod
3221 5088 3488 5142 incestum

1924 5172 2192 5238 ejusmodi
2247 5171 2657 5225 matrimonium
2711 5172 2856 5226 haud
2913 5174 3079 5229 dubie
3125 5176 3513 5231 dirimendunr

1929 5262 2020 5323 sit,
2054 5276 2152 5314 nec
2183 5261 2626 5329 permittendum,
2663 5261 2852 5317 utullo
2882 5265 3042 5318 modo
3065 5265 3145 5317 vir
3168 5280 3230 5318 ea
3254 5264 3488 5331 fruatur,

1929 5360 2151 5420 propter
2177 5367 2340 5420 quam
2376 5351 2655 5412 iunctione
2682 5370 2839 5408 sacra
2876 5356 3118 5423 privatus
3150 5358 3246 5410 sit.
3285 5358 3494 5428 Quippe

1930 5444 1974 5496 si
1996 5444 2400 5497 matrimonium
2421 5444 2689 5501 incestum
2708 5446 2821 5517 68
2837 5462 2940 5500 non
2962 5448 3123 5501 fuerit
3141 5450 3488 5520 diremptum,

1931 5549 2108 5602 neque
2149 5536 2461 5589 cathedram
2512 5536 2752 5601 habebit,
2788 5547 2948 5606 atque
2980 5539 3144 5592 etiam
3193 5542 3492 5608 expelletur

1929 5640 1995 5678 ex
2040 5626 2266 5680 ecclesia
2296 5643 2419 5681 eum
2465 5643 2527 5680 ea
2569 5643 2800 5698 quacum
2835 5628 3041 5683 ni-l'arie
3082 5632 3406 5697 concubuit;
3439 5644 3493 5686 ct

1930 5720 2256 5773 auctoritate
2311 5720 2729 5788 magistratuum
2779 5722 2984 5790 nuptiae
3021 5722 3319 5776 solventur.
3355 5722 3487 5777 Nam

1931 5811 2023 5876 qui
2070 5820 2190 5877 post
2234 5810 2564 5878 agnitionem
2600 5812 2653 5864 in
2704 5821 2924 5878 peccato
2959 5821 3297 5881 perseverat,
3346 5816 3489 5867 haud
