4184 6444
234 432 374 498 1163

1214 412 1628 478 SYNTAGMA
1670 403 2290 468 ALPHABETICUM.
2314 428 2381 439 --
2434 401 2483 458 ιν

3347 380 3489 445 1170

228 561 436 605 νοντες,
483 541 530 595 εί
585 540 680 593 καὶ
719 537 858 592 κατὰ
924 532 1221 603 διαφόρους
1249 531 1499 600 χρόνους,
1562 524 1697 596 μετᾶ
1746 521 1807 574 τὸ

1917 515 2209 584 accipiunt,
2257 514 2385 568 licet
2416 508 2646 565 diversis
2682 502 3044 573 temporibus,
3085 503 3376 566 postquam
3406 492 3495 543 dt-

228 634 645 702 διασπασθῆναι
679 633 770 685 τὸν
799 628 1058 698 ἀθέμιτον
1098 626 1299 695 γάμον,
1326 622 1404 692 τῷ
1430 620 1527 690 τῆς
1560 613 1811 688 μοιχείας

231 731 556 783 ὑπόκεινται
589 728 840 796 κρίματι.

318 824 378 875 'U
401 823 455 874 δὲ
482 821 577 873 οθ”
612 820 720 872 Καὶ
746 820 795 872 οἱ
823 820 942 880 ταῖς
975 813 1265 885 μητρυιαῖς
1311 808 1493 865 αὐτῶν
1528 801 1815 873 επιμαινό-

236 933 395 985 μενοι
438 914 514 982 τῷ
545 912 729 965 κανόνι
754 901 1115 973 ’ὑπόκεινταῃ
1162 899 1206 973 ᾧ
1232 903 1328 957 καὶ
1368 902 1415 954 ol
1444 900 1561 961 ταῖς
1606 894 1814 949 ἑαυτῶν

231 1009 497 1071 ἀδελφαῖς
531 1005 1012 1074 συμμιαινόμενοι.

323 1097 385 1150 Ὀ
412 1097 466 1149 δὲ
495 1097 590 1164 τῆς
640 1096 697 1147 ὲν
728 1088 1133 1161 Νεοκαισαρείᾳ
1166 1086 1389 1140 συνόδου
1442 1081 1486 1153 β’
1517 1079 1615 1150 τὴν
1662 1076 1814 1131 δυσὶν

231 1191 485 1257 ἀδελφοῖς
519 1186 847 1254 γημαμένην
873 1179 1190 1246 ἐξωθεῖσθαι
1236 1176 1337 1246 τῆς
1390 1171 1687 1241 ἐκκλησίας
1709 1168 1815 1230 ἕως

233 1284 474 1335 θανάτου
506 1278 739 1341 κελεύει,
774 1275 848 1346 μὴ
902 1272 1238 1342 πειθομένην
1288 1269 1449 1321 λῦσαι
1495 1263 1697 1333 δηλαδὴ
1722 1263 1814 1314 τὸν

232 1380 458 1444 γαμνινο
518 1374 660 1443 νόσῳ
702 1371 759 1425 δὲ
812 1367 1221 1439 περιπεσοῦσαν
1252 1365 1344 1417 τὸν
1400 1360 1629 1415 θάνατον
1659 1358 1816 1410 ἀπει-

231 1470 429 1540 λούσῃ,
464 1469 511 1519 εί
561 1464 980 1532 ἐπαγγέλλεται,
1024 1460 1099 1523 ὼς
1130 1459 1367 1529 ραῖσασα
1399 1453 1553 1508 λύσει
1598 1451 1689 1502 τὸν
1719 1447 1819 1517 γά-

234 1580 367 1630 μον,
434 1556 832 1627 προσδέχεσθαι
893 1556 972 1617 είς
1017 1552 1325 1622 μετάνοιαν.
1384 1549 1443 1600 El
1493 1546 1550 1600 δὲ
1591 1546 1687 1597 καὶ
1718 1540 1817 1610 τὴν

232 1655 478 1719 γυναῖκα
516 1648 840 1716 τελευτῆσαι
880 1645 1146 1715 συμϐαίη,
1180 1642 1213 1713 ἢ
1262 1640 1357 1694 καὶ
1386 1638 1477 1692 τὸν
1512 1636 1704 1704 ἄνδρα,
1737 1632 1816 1684 ἔτι

231 1749 304 1813 τῇ
359 1741 586 1814 τοιαύτῃ
645 1738 960 1810 παρανομίᾳ
1010 1734 1435 1807 ἐνεσχημένους,
1487 1725 1816 1798 δυσχερὴςή

237 1835 507 1903 μετάνοια
539 1830 617 1898 τῷ
657 1828 1097 1900 περιλειφθέντι·
1130 1825 1418 1893 ἐλέγχεται
1459 1821 1565 1890 γὰρ
1602 1816 1678 1879 ὡς
1716 1816 1817 1868 οὐκ

233 1928 307 1980 ἂν
346 1926 558 1991 ἀπέστη
590 1924 687 1991 τῆς
720 1920 1020 1991 ἁμαρτίας.
1055 1920 1103 1971 εἰ
1151 1918 1231 1970 ἔτι
1263 1914 1461 1986 περιῆν
1497 1912 1561 1965 τὸ
1578 1910 1817 1979 ’ἀποιχόο

236 2034 409 2087 μενον
446 2017 761 2087 πρόσωπον.

329 2194 389 2245 Ὅ
436 2193 491 2246 δὲ
519 2194 620 2262 τῆς
650 2193 707 2245 ὲν
741 2189 987 2260 ’Δγκύρα
1020 2194 1097 2242 κε’
1138 2185 1324 2250 ίδικῶς
1362 2184 1492 2256 περί
1545 2199 1689 2246 τινος
1729 2182 1821 2234 έκ-

235 2286 584 2355 πεφὼνηται,
610 2284 668 2346 ὃς
702 2284 870 2355 κόρην
904 2282 1004 2352 μέν
1043 2298 1166 2335 τινα
1194 2278 1619 2350 ἐμνηστεύσατο,
1656 2276 1723 2344 τῇ
1764 2273 1819 2325 δὲ

234 2381 452 2447 ταύτης
507 2377 706 2446 ἀδελφῇ
770 2373 1111 2444 συμφθαρεὶς
1174 2370 1451 2441 ἐγκύμονα
1520 2365 1816 2434 πεποίηκε.

236 2474 401 2529 Μετὰ
429 2472 482 2523 δὲ
507 2470 665 2522 τοῦτο
684 2468 964 2535 γήμαντος
995 2463 1159 2517 αὑτοῦ
1187 2463 1288 2531 τὴν
1320 2458 1589 2532 μνηστὴν,
1618 2460 1651 2529 ἠ
1684 2456 1822 2525 φθα-

238 2570 404 2637 ρεῖσα
434 2567 537 2618 ὑπὸ
584 2565 683 2632 τῆς
726 2561 902 2631 λύπης
948 2558 1253 2629 ἀπήγξατο.
1282 2558 1422 2619 Τοὺς
1451 2553 1544 2609 οὖν
1577 2552 1819 2608 συνειδό-

234 2677 343 2723 τας
391 2658 731 2726 ἐψηφίσαντο
777 2656 825 2707 οἱ
863 2655 1105 2722 Πατέρες
1155 2654 1248 2707 ἐπὶ
1283 2651 1415 2703 δέκα
1445 2650 1539 2720 ἐτη
1596 2648 1672 2720 μὴ
1701 2666 1819 2701 κοι-

239 2753 509 2818 νωνῆσαι.
568 2749 880 2802 Συνειδότες
912 2746 969 2800 δέ
1004 2747 1111 2798 εισι
1161 2746 1208 2797 οἱ
1261 2728 1703 2814 συμπράξαντες,
1758 2739 1817 2793 οὐ

239 2846 356 2917 μὴν
382 2848 430 2896 οῖ
462 2844 675 2911 ἔχοντες
706 2840 891 2902 ἁπλῶς
926 2839 1135 2908 εἴδησιν
1181 2839 1277 2891 καὶ
1326 2836 1570 2889 κωλῦσαι
1630 2834 1704 2904 μὴ
1733 2834 1824 2886 δυ-

236 2938 466 3004 νάμενοι
493 2952 508 2965 ο
544 2933 641 2986 ἐπὶ
665 2932 774 3000 γὰρ
811 2931 920 2983 τῶν
952 2929 1228 2997 ἀθεμίτων
1258 2928 1510 2997 πράξεων
1534 2926 1633 2997 οὐχ
1658 2921 1822 2996 ἦττον

234 3029 288 3081 οι
334 3024 721 3097 συνεργοῦντες
753 3023 860 3076 τῶν
895 3020 1220 3091 αὑτουργῶν
1250 3020 1641 3091 τιμωροῦνται.

960 3162 1163 3233 Νόμοι.

1923 583 2148 676 rempue
2209 603 2411 660 fuerim
2468 602 2690 657 incesta:
2738 595 2965 666 nuptire,
3005 583 3261 647 adulterii
3289 584 3498 656 judicio

1922 707 2198 753 tenentur.

1991 790 2178 847 Canon
2210 788 2279 843 79
2314 806 2325 841 :
2357 787 2532 841 Etiam
2568 785 2627 851 ii,
2661 783 2754 853 qui
2786 793 2911 835 cum
2942 772 3194 831 novercis
3228 771 3345 826 suis
3376 783 3499 824 sese

1921 881 2194 949 polluunt,
2229 894 2441 933 canone
2476 885 2733 931 tenentur
2762 872 2978 930 eodem,
3021 879 3133 937 quo
3167 872 3224 918 ct
3267 863 3367 929 illi,
3402 858 3497 930 qui

1921 989 2046 1028 cum
2076 972 2193 1028 suis
2221 987 2344 1026 sese
2370 970 2657 1024 sororibus
2689 966 2999 1035 inquinant.

1991 1067 2101 1139 69
2120 1066 2351 1122 Concilii
2372 1078 2501 1119 vero
2517 1058 2974 1117 Neocaesariensis
2995 1068 3173 1110 canon
3224 1048 3500 1106 secundus

1923 1163 2207 1217 mulierem
2241 1173 2365 1214 cum
2410 1155 2628 1210 duobus
2653 1160 2877 1222 nuptam
2919 1149 3181 1203 fratribus
3221 1156 3398 1213 usque
3430 1139 3500 1194 ad

1924 1265 2155 1308 mortem
2209 1250 2405 1320 expelli
2453 1246 2683 1302 ecclesia
2717 1244 2896 1313 jubet,
2945 1242 2990 1294 si
3039 1252 3231 1309 parere
3289 1233 3501 1289 scilicet

1924 1345 2061 1399 nolit
2095 1344 2148 1398 in
2177 1342 2485 1398 dirimendo
2518 1338 2892 1393 matrimonio.
2926 1332 2982 1388 Si
3030 1344 3209 1385 tamen
3242 1327 3294 1379 in
3346 1338 3502 1379 mor-

1925 1438 2051 1490 bum
2089 1433 2362 1498 inciderit,
2398 1431 2490 1500 qui
2527 1436 2759 1484 mortem
2794 1426 3103 1487 minitetur,
3140 1434 3205 1474 ac
3238 1416 3500 1487 pollicea-

1926 1536 2010 1580 tur
2034 1541 2112 1588 se,
2139 1533 2426 1594 postquam
2448 1519 2805 1580 convaluerit,
2834 1514 3050 1583 nuptias
3077 1512 3499 1577 dirempturam,

1924 1616 2318 1672 admittendam
2367 1627 2491 1667 esse
2551 1611 2619 1665 ad
2676 1606 3078 1679 paenitentiam.
3142 1600 3300 1667 Quod
3335 1598 3383 1653 si
3418 1598 3503 1650 vel

1927 1710 2235 1772 mulierem,
2268 1705 2350 1759 vel
2377 1706 2575 1765 virum,
2603 1702 2757 1756 obire
2775 1706 3006 1754 mortem
3035 1692 3341 1763 contingat,
3370 1688 3500 1744 dum

1925 1803 2103 1856 adlmc
2129 1799 2222 1855 tali
2258 1797 2502 1853 facinore
2526 1802 2654 1850 sunt
2686 1788 2949 1861 implicati
2978 1826 2993 1849 ,
3033 1782 3271 1841 difﬁcilis
3325 1780 3505 1849 patui-

1848 1870 2085 1954 Btentia
2158 1890 2434 1961 superstiti
2510 1899 2756 1957 personae
2811 1879 3161 1948 relinquitur.
3235 1873 3502 1944 Arguitur

1919 1984 2088 2047 enim,
2123 1982 2267 2052 quod
2300 1994 2328 2032 a
2355 1985 2578 2049 peccato
2610 1975 2919 2029 discessura
2950 1984 3059 2024 non
3109 1963 3292 2029 fuerit,
3322 1962 3367 2016 si
3403 1961 3503 2025 ad-

1921 2078 2027 2133 huc
2064 2084 2346 2146 superstes
2377 2080 2533 2127 esset
2560 2082 2791 2138 persona
2822 2064 3104 2121 defuncta.

1988 2169 2178 2224 Canon
2225 2175 2405 2220 autem
2452 2163 2525 2217 25
2579 2164 2779 2231 Ancyr.
2814 2173 2934 2228 syn.
2968 2156 3036 2210 de
3068 2153 3305 2224 quodam
3336 2164 3503 2221 pecu-

1921 2258 2130 2313 liariter
2160 2264 2240 2309 est
2276 2254 2684 2324 pronuntiatus,
2739 2249 2834 2318 qui
2893 2246 3132 2317 puellam
3165 2244 3271 2299 sibi
3301 2256 3500 2312 quatu-

1919 2351 2044 2406 dam
2074 2348 2460 2417 desponderat,
2492 2351 2548 2399 et
2580 2358 2637 2397 re
2667 2351 2855 2411 postea
2883 2354 3010 2393 cum
3036 2338 3158 2407 ejus
3186 2349 3375 2389 sorore
3403 2333 3501 2386 hac

1922 2444 2054 2504 bita,
2086 2448 2454 2511 prregnantem
2491 2436 2629 2488 hanc
2663 2431 2889 2487 fecerat.
2938 2428 3146 2482 Deinde
3202 2425 3493 2480 celebratis

1921 2549 2044 2589 cum
2079 2545 2281 2602 sponsa
2333 2526 2568 2597 nuptiis,
2612 2531 2861 2593 stuprata
2893 2536 3046 2574 soror
3102 2518 3269 2572 animi
3304 2516 3497 2570 dolore

1922 2636 2067 2682 mota
2104 2626 2305 2694 laqueo
2333 2623 2498 2675 vitam
2534 2619 2765 2673 finierat.
2800 2616 2993 2684 Itaque
3025 2611 3280 2667 conscios
3319 2610 3373 2663 in
3405 2624 3498 2661 au-

1923 2735 2024 2775 nos
2077 2718 2263 2773 decem
2319 2715 2587 2770 arcendos
2640 2727 2669 2766 a
2719 2709 3107 2765 communione
3162 2704 3352 2759 Patres
3385 2713 3496 2757 stae

1925 2818 2168 2865 luerunt.
2226 2806 2450 2862 Conscii
2500 2820 2631 2859 vero
2659 2813 2789 2858 sunt
2840 2800 3105 2856 facinoris
3161 2796 3490 2867 participes,

1927 2921 2031 2959 non
2068 2903 2161 2974 qui
2195 2901 2516 2971 simpliciter
2553 2897 2631 2952 rei
2672 2895 2923 2950 notitiam
2958 2891 3256 2956 trahebant,
3284 2897 3338 2943 et
3370 2903 3497 2959 pro-

1929 2998 2115 3053 bibere
2147 3012 2253 3049 non
2304 3000 2572 3064 poterant.
2622 2988 2758 3045 Nam
2812 2988 2868 3042 in
2925 2984 3149 3042 nefariis
3182 2981 3496 3038 actionibus

1928 3104 2034 3141 uou
2068 3087 2249 3140 minus
2284 3086 2361 3140 illi
2393 3086 2486 3155 qui
2521 3083 2725 3137 factum
2756 3080 3039 3151 adjuvant,
3061 3092 3226 3148 quam
3250 3075 3344 3147 qui
3374 3075 3495 3145 ejus

1929 3188 2181 3234 auctores
2206 3187 2353 3241 sunt,
2387 3175 2709 3246 puniuntur.

325 3284 383 3336 Ὀ
405 3284 460 3336 δὲ
493 3290 560 3338 ια’
594 3282 687 3335 τοῦ
735 3281 1006 3350 Τιμοθέου
1036 3280 1446 3350 Ἀλεξανδρείας
1505 3296 1636 3342 τους
1680 3277 1814 3347 κλη-

1991 3270 2181 3325 Canon
2223 3284 2350 3324 vero
2397 3269 2456 3322 ll
2521 3266 2794 3320 Timothei
2835 3262 3191 3319 Alexandrini
3247 3259 3491 3331 ερίεοονί

236 3376 432 3443 ρικοὺς
470 3372 683 3426 κελεύει
726 3372 799 3443 μὴ
827 3373 1047 3425 ἀπιέναι
1092 3371 1459 3439 καλουμένους
1495 3370 1576 3431 είς
1615 3369 1816 3438 γάμον,

234 3474 284 3521 εξ
321 3469 575 3520 πύθοιντο
605 3465 743 3520 εἶναι
774 3468 1111 3537 παράνομον,
1138 3466 1301 3534 εὐχῆς
1325 3463 1486 3532 χάριν
1521 3466 1613 3515 καὶ
1646 3478 1817 3532 προσ·

237 3564 415 3629 φορᾶς
442 3577 455 3589 υ
498 3559 693 3611 πολλοῦ
734 3576 797 3626 γε
858 3559 941 3611 δεῖ
1002 3557 1119 3626 μεθ’
1155 3554 1453 3625 ίερολογίας
1518 3553 1814 3622 συζευγνύ-

234 3672 326 3706 ναι
364 3655 489 3715 τοὺς
537 3651 677 3704 οὕτω
709 3651 888 3720 γῆμαι
943 3649 1368 3720 προελομένους,
1408 3649 1493 3701 ἴνα
1539 3647 1611 3716 μὴ
1656 3646 1815 3699 ἀλλο-

234 3749 421 3815 τρίαις
451 3748 859 3815 κοινωνήσωσιν
893 3744 1213 3813 ἁμαρτίαις.
1244 3743 1407 3813 Ζήτει
1436 3744 1530 3795 καὶ
1562 3743 1620 3793 ὲν
1649 3739 1726 3809 τῷ
1752 3746 1812 3794 ιε’

238 3857 383 3901 κεψ.
451 3839 544 3890 τοῦ
614 3840 879 3908 παρόντος
918 3836 1209 3906 στοιχείου,
1272 3832 1522 3905 περὶτοῦ
1569 3836 1817 3903 συμφθα-

238 3934 431 4004 ρέντος
459 3935 524 4001 τῇ
552 3932 658 4003 ἰδίᾳ
687 3931 944 4002 πενθερᾷ.

1004 4060 1211 4130 Νόμοι.

322 4203 383 4252 '0
416 4200 674 4268 άθέμιτος
702 4198 763 4251 οὗ
796 4196 1111 4267 βεϐαιοῦται
1142 4198 1320 4266 γάμος
1342 4214 1356 4230 ο
1393 4197 1482 4251 διά
1513 4197 1694 4265 τοῦτο,
1718 4200 1815 4253 ἐὰν

238 4299 349 4367 πρὸ
384 4296 717 4366 κατηγορίας
742 4294 899 4364 λυθῇ,
934 4297 1303 4365 συγχωρεῖται
1333 4297 1365 4364 ἡ
1403 4296 1597 4363 ποινή.

322 4470 448 4523 Ἐπὶ
494 4469 587 4522 τοῦ
623 4471 679 4522 ὲν
712 4470 904 4541 ἀγνοίᾳ
946 4472 1243 4539 γενομένου
1289 4471 1550 4541 ἀθεμίτου
1604 4473 1809 4542 γάμου,

1920 3364 2187 3433 praecipit,
2222 3372 2281 3417 ut
2306 3360 2516 3426 clerici,
2552 3374 2722 3429 quum
2756 3358 3082 3420 invitantur,
3124 3356 3351 3411 minime
3383 3369 3491 3407 nu-

1919 3460 2060 3527 ptias
2097 3459 2317 3521 adeant,
2347 3455 2391 3509 si
2428 3454 2665 3508 nefarias
2694 3467 2815 3508 esse
2859 3459 3215 3522 cognoscant,
3262 3462 3488 3517 precum

1917 3563 1968 3604 et
1996 3548 2289 3603 oblationis
2351 3562 2542 3601 causa.
2591 3545 2828 3600 Tantum
2888 3547 3063 3605 abest,
3108 3553 3165 3595 ut
3228 3540 3369 3595 votis
3403 3554 3491 3593 sa-

1917 3642 2029 3697 cris
2066 3640 2557 3695 intervenientibus
2597 3653 2692 3693 eos
2724 3637 3061 3705 conjungere
3092 3634 3350 3696 debeant,
3396 3629 3490 3697 qui

1919 3734 2138 3803 nuptias
2176 3731 2493 3801 hujusmodi
2541 3731 2867 3785 contrahere
2900 3727 3124 3792 volunt,
3156 3740 3223 3779 ne
3263 3724 3491 3795 partici-

1918 3842 2012 3898 pes
2044 3826 2275 3879 aliorum
2306 3834 2655 3894 peccatorum
2697 3822 2847 3876 flatu.
2880 3820 3105 3887 Quaeras
3132 3818 3302 3872 etiam
3336 3816 3391 3870 iu
3426 3816 3488 3868 lii

1917 3936 2037 3989 cap.
2086 3920 2167 3974 lit.
2215 3920 2501 3989 praesentis
2548 3919 2615 3973 de
2646 3932 2711 3971 eo
2741 3917 2833 3987 qui
2881 3930 3006 3969 cum
3058 3914 3276 3982 propria
3326 3924 3487 3966 socru

1918 4012 2308 4067 commercium
2350 4009 2557 4066 habuit.

2606 4101 2766 4175 Leges
2777 4142 2790 4155 .

1990 4198 2258 4253 lncestum
2324 4196 2733 4251 matrimonium
2778 4209 2885 4249 non
2926 4194 3303 4247 confirmatur.
3330 4191 3490 4246 Ideo-

1919 4307 2023 4361 que
2047 4291 2090 4345 si
2117 4300 2243 4345 ante
2270 4290 2678 4344 accusationem
2714 4287 2957 4341 solutum
2986 4288 3085 4351 sit,
3115 4300 3277 4356 paena
3308 4284 3491 4340 remit-

1920 4386 2068 4439 titur.

1988 4476 2044 4531 In
2079 4477 2282 4546 nuptiis
2323 4476 2551 4530 incestis
2594 4491 2690 4545 per
2749 4475 3109 4545 ignorantiam
3166 4474 3485 4536 contractis,

234 4564 423 4616 δίδωσι
445 4560 780 4632 συγγνώμην
804 4566 948 4633 καὶὴ
974 4564 1290 4631 Ἐκκλησία,
1323 4568 1415 4619 καὶ
1442 4567 1474 4621 ἠ
1502 4568 1813 4637 ἐπανόρθω-

1919 4574 2129 4627 veniam
2164 4573 2257 4626 dat
2293 4582 2399 4626 tam
2444 4568 2711 4632 Ecclesia,
2748 4581 2910 4633 quam
2947 4567 3152 4634 peccati
3181 4564 3488 4626 correctio,

238 4672 325 4715 σις
366 4657 458 4707 τοῦ
504 4656 900 4724 ἁμαρτήματος
951 4658 1071 4709 ’καὶ
1120 4656 1356 4723 μάλιστα
1402 4658 1451 4709 εί
1497 4659 1679 4727 μήπου
1726 4676 1810 4722 τις

237 4747 407 4801 αὑτοῦ
439 4747 841 4817 κατηγόρησεν.
1582 4751 1593 4765 ⁸

309 4840 376 4893 Οἱ
419 4838 768 4906 αῖμομίκται,
825 4840 933 4892 εῐτε
968 4842 1149 4906 γονεῖς
1177 4842 1313 4911 πρὸς
1353 4842 1543 4908 τέκνα,
1580 4844 1612 4914 ἢ
1648 4844 1808 4898 τέκνα

236 4932 377 5000 πρὸς
406 4933 605 4996 γονεῖς,
640 4930 671 4998 ἢ
720 4930 940 4998 ἀδελφοὶ
978 4933 1117 4999 πρὸς
1172 4933 1430 5000 ἀδελφὰς,
1457 4936 1605 5001 ξίφει
1638 4954 1809 5006 τιμω·

239 5022 565 5093 ρείσθωσαν.
595 5022 658 5074 Oi
687 5021 742 5074 δὲ
772 5024 889 5075 κατ’
922 5023 1092 5090 ἄλλην
1121 5025 1449 5093 συγγένειαν
1473 5027 1609 5097 πρὸς
1648 5029 1810 5096 ἀλλή-

234 5116 363 5177 λους
397 5116 881 5184 συμφθειρόμενοι,
914 5119 1181 5183 τουτέστι,
1216 5120 1396 5188 πατὴρ
1443 5121 1523 5184 είς
1575 5127 1809 5189 γυναῖκα

236 5206 379 5268 υἱοῦ,
412 5206 444 5274 ἢ
476 5207 592 5269 υἱὸς
637 5209 715 5270 είς
747 5211 980 5275 γυναῖκα
1018 5212 1246 5281 πατρὸς,
1292 5212 1460 5281 ἧγουν
1513 5217 1806 5283 μητρυιὰν,

234 5299 267 5365 ἦ
310 5299 561 5369 πατρῳὸς
600 5300 681 5361 είς
739 5301 1103 5373 προγόνην,ἢ
1157 5303 1384 5370 ἀδελφὸς
1436 5305 1515 5368 εἰς
1576 5306 1806 5375 ἀδελφοῦ

235 5392 493 5455 γυναῖκα.
550 5390 583 5461 ἢ
617 5392 759 5454 θεῖος
790 5393 869 5455 είς
912 5394 1170 5465 ἀνεψιάν..
1209 5396 1240 5466 ἦ
1272 5396 1493 5464 ἀνεψιδς
1520 5400 1599 5459 εἰς
1634 5398 1805 5465 θείαν,

232 5483 266 5551 ἢ
299 5482 382 5543 είς
413 5482 508 5534 δύο
534 5482 791 5551 ἀδελφὰς,
822 5484 855 5555 ἢ
894 5488 974 5548 είς
1018 5487 1235 5556 μητέρα
1266 5486 1425 5556 ξένην
1466 5491 1558 5542 καὶ
1583 5490 1679 5558 τὴν
1706 5494 1808 5544 αύ-

231 5577 329 5641 τῆς
361 5572 662 5643 θυγατέρα,
694 5577 787 5628 καὶ
814 5578 871 5629 ἐν
914 5578 1121 5647 εἰδήσει
1155 5572 1302 5632 οὗτοι
1338 5581 1681 5650 μιγνύμενοι,
1712 5600 1807 5635 τυ-

231 5667 493 5734 πτόμενοι
528 5668 1045 5737 ρινοκοπιίίτθωσαν,
1093 5671 1248 5726 αὐτοί
1297 5690 1354 5724 τε
1386 5674 1481 5726 καὶ
1512 5672 1601 5738 αἷς
1652 5694 1806 5728 συνε-

233 5757 543 5828 ςθάρησαν.

306 5852 371 5904 Οἱ
410 5853 544 5922 πρδς
576 5854 752 5925 γάμον
787 5858 1202 5926 σνναπτόμενοι,
1238 5858 1268 5928 ἢ
1303 5859 1476 5923 ἄλλως
1526 5861 1801 5928 σαρκικῶς

1920 4660 2247 4735 praesertim,
2280 4661 2323 4717 si
2366 4660 2599 4714 necdum
2635 4660 2763 4729 quis
2792 4674 2885 4712 eas
2920 4658 3222 4712 accusavit.

1983 4837 2082 4902 Qui
2118 4852 2175 4890 sc
2220 4836 2440 4905 proprio
2474 4834 2723 4901 sanguini
2767 4833 3026 4897 miscent,
3071 4832 3187 4886 sive
3233 4840 3488 4900 parentes

1915 4946 2034 4984 cum
2068 4929 2281 4991 liberis,
2313 4929 2426 4982 sive
2458 4927 2615 4981 liberi
2649 4941 2772 4981 cum
2810 4925 3151 4994 parentibus,
3180 4926 3263 4977 vel
3292 4923 3487 4977 fratres

1914 5038 2035 5077 cum
2065 5021 2366 5083 sororibus,
2395 5019 2574 5090 gladio
2602 5019 2922 5087 puniantur.
2949 5016 3052 5083 Qui
3075 5027 3259 5071 autem
3291 5035 3354 5073 ex
3379 5012 3486 5073 alio

1889 5116 2255 5182 cognationis
2292 5113 2461 5183 gradu
2487 5113 2720 5167 invicem
2758 5114 2861 5168 sibi
2893 5122 3142 5181 stuprum
3178 5114 3483 5174 intulerint,

1912 5209 2076 5262 veluti
2099 5218 2247 5277 pater
2272 5206 2455 5271 uurui,
2481 5207 2565 5261 vel
2586 5206 2730 5261 filius
2754 5208 2907 5263 uxori
2927 5209 3118 5275 patris,
3144 5207 3249 5261 hoc
3265 5216 3367 5270 est,
3389 5222 3487 5260 no-

1912 5315 2105 5365 vercae,
2133 5300 2215 5353 vel
2241 5300 2466 5353 vitricus
2490 5298 2770 5367 privignae,
2788 5300 2866 5352 vel
2893 5299 3059 5352 frater
3084 5301 3242 5352 uxori
3269 5298 3481 5363 fratris,

1913 5392 1995 5447 vel
2045 5401 2274 5460 patruus
2311 5398 2405 5444 aut
2443 5390 2749 5443 avunculus
2778 5388 2897 5442 filiae
2929 5387 3115 5443 fratris
3146 5388 3227 5441 vel
3253 5390 3481 5454 sororis,

1910 5486 1991 5537 vel
2018 5483 2163 5537 filius
2188 5482 2371 5537 fratris
2396 5484 2711 5537 autsororis
2731 5484 3015 5547 amitteﬁvel
3043 5491 3369 5546 matertera,
3396 5482 3479 5535 vel

1908 5577 1999 5647 qui
2034 5577 2245 5630 duabus
2277 5577 2582 5641 sororibus,
2626 5585 2719 5629 aut
2773 5576 2932 5629 matri
2968 5585 3207 5630 externae
3235 5589 3299 5629 ac
3329 5575 3476 5629 illius

1907 5670 2031 5724 lilia:
2062 5669 2243 5724 sciens
2266 5670 2337 5723 ita
2372 5684 2432 5722 se
2460 5668 2680 5729 miscet;
2711 5668 2795 5722 his
2827 5668 3012 5732 simul,
3040 5676 3093 5720 et
3128 5667 3475 5731 mulieribus,

1907 5778 2044 5833 quas
2073 5772 2411 5830 stupraruut,
2448 5761 2750 5815 verberatis
2794 5776 2953 5815 nares
2987 5761 3399 5815 abscindantur.

1978 5858 2080 5922 Qui
2116 5858 2463 5913 matrimonio
2520 5858 2943 5926 cruijunguntur,
3006 5857 3087 5909 vel
3135 5858 3287 5909 aliter
3322 5872 3473 5909 cotu-
