4184 6444
753 349 887 421 1171

1948 362 2317 427 ΜΑΤΤΙΙᾸΕῘ
2369 373 2647 431 LLASTA
2663 375 2790 433 fit?)

3856 368 4004 404 οι-εδ

3853 407 4007 433 ιιλᾶο

751 469 914 536 plexu
949 484 1130 526 carnis
1163 485 1284 529 sese
1309 480 1563 544 stuprant
1597 473 1887 544 patrueles,
1929 484 1982 530 et
2011 491 2076 530 ex
2103 477 2183 532 eis
2209 494 2330 547 pro-

2451 486 2897 555 τυμφθειρόμενοι
2932 485 3234 555 ἑξάδελφοι,
3285 487 3376 539 καὶ
3422 486 3468 538 oi
3514 485 3571 551 ἐξ
3604 485 3778 538 αὐτῶν
3814 489 4008 538 τικτόε

751 562 902 626 gnati
938 562 1094 617 liberi
1127 564 1416 631 duntaxat,
1446 567 1525 619 vel
1562 576 1716 636 paler
1760 576 1815 620 et
1875 566 2017 622 filius
2047 584 2171 621 cum
2209 585 2326 622 rna-

752 658 836 704 tre
865 667 928 707 ac
957 654 1089 719 tilia,
1125 655 1204 709 vel
1239 656 1350 710 duo
1382 654 1579 711 fratres
1612 673 1733 711 cum
1763 657 1983 712 duabus
2018 661 2325 723 sororibus,

751 741 835 794 Vcl
874 743 984 797 duo
1014 743 1214 800 fratres
1265 763 1389 800 cum
1424 757 1599 801 matre
1629 763 1693 802 ac
1729 748 1858 814 filia,
1886 761 2080 818 praeter
2108 767 2331 820 separa-

751 835 954 911 tionem
983 838 1148 892 etiam
1184 839 1561 894 verberentur.
1896 875 1930 902 -.

820 927 922 994 Qui
951 945 1078 985 cum
1113 948 1209 987 sua
1242 944 1545 988 commatre
1577 935 1661 988 vel
1693 935 1917 990 nomine
1948 936 2216 1006 coniugii,
2245 937 2329 990 vel

751 1022 917 1077 ctiam
967 1026 1126 1079 aliter
1179 1028 1320 1081 clam
1373 1044 1486 1081 rem
1535 1029 1720 1089 habet.
1767 1045 1874 1084 una
1910 1045 2032 1084 cum
2070 1044 2132 1083 ea
2169 1043 2331 1084 nares

753 1117 989 1171 amittat.
1022 1118 1176 1185 Quod
1229 1121 1274 1173 si
1308 1131 1610 1175 commater
1646 1121 1804 1176 alteri
1842 1121 1962 1176 viro
2013 1129 2182 1190 nupta
2236 1121 2328 1186 sit,

756 1208 856 1262 hoc
884 1211 1049 1264 etiam
1085 1212 1325 1280 amplius
1355 1214 1736 1268 verberentur.

755 1322 908 1380 CAP.
952 1325 1021 1381 Χ.
1072 1325 1152 1382 De
1208 1330 1272 1381 iis
1308 1331 1398 1399 qui
1430 1331 1677 1412 mulieres
1706 1332 1759 1384 in
1795 1332 2196 1386 matrimonium
2237 1348 2330 1384 ra-

1456 1413 1629 1464 munt.

827 1488 1056 1554 Quaeras
1083 1500 1247 1561 caput
1278 1492 1343 1546 l3
1376 1491 1568 1548 littera:
1603 1496 1668 1548 Δ.

757 1603 865 1672 70
891 1601 1042 1657 CAP.
1075 1603 1171 1658 XI.
1217 1603 1294 1658 De
1334 1606 1416 1658 Itis
1448 1607 1538 1674 qui
1583 1605 1922 1660 matrimonio
1951 1606 2051 1661 sibi
2082 1605 2332 1673 copulant

1307 1674 1411 1728 Deo
1439 1677 1796 1730 consecratas.

827 1763 1015 1819 Canon
1036 1773 1246 1835 quartae
1269 1782 1391 1838 syn.
1418 1768 1488 1822 16
1514 1768 1610 1831 ait,
1637 1769 1902 1838 virginem
1954 1785 2076 1839 qua:
2107 1767 2338 1824 Domino

2436 595 2588 645 μενοι
2619 579 2807 640 παῖδες
2835 580 2928 632 καὶ
2961 580 3143 648 μόνον,
3174 579 3206 650 ἢ
3253 580 3346 631 καὶ
3378 579 3557 646 πατὴρ
3592 579 3684 629 καὶ
3719 577 3828 639 υίὸς
3859 579 4008 646 πρὸς

2435 671 2646 739 μητέρα
2686 672 2948 734 εἰσιόντες
2983 674 3076 724 καὶ
3113 671 3414 739 θυγατέρα,
3451 671 3484 741 ἢ
3528 669 3620 723 δύο
3660 669 3881 736 ἀδελφοὶ
3923 671 4008 728 ei:

2431 765 2522 818 δύο
2563 763 2876 832 ἀδελφὰς,ἦ
2907 764 3000 816 δύο
3030 763 3248 830 ἀδελφοὶ
3279 762 3414 830 πρὸς
3463 761 3670 828 μητέρα
3701 763 3791 812 καὶ
3824 760 4008 826 Guy:-

2433 859 2588 929 τέρα,
2628 857 2766 926 πρὸς
2795 855 2872 921 τῷ
2905 857 3170 927 χωρισμῴ
3197 857 3288 907 καὶ
3318 854 3724 907 τυπτέσθωταν.

2517 953 2575 1004 ’0
2606 955 2671 1022 τῇ
2737 951 2840 1022 [δία
2876 951 3148 1018 συντέκνῳ
3178 950 3208 1019 ἢ
3240 949 3463 1016 ὀνόματι
3500 948 3675 1014 γάμου
3737 946 3999 1012 μιγνύμε-

2432 1064 2544 1111 νος,
2566 1047 2598 1116 ἢ
2622 1047 2796 1109 ἄλλως
2825 1045 3094 1112 λαθραίως
3130 1041 3598 1109 συμπλεκόμενος,
3633 1040 3742 1118 ἅμα
3769 1040 3832 1104 τῇ
3861 1037 4009 1102 αὐτῇ

2437 1138 2951 1210 ρινοκοπείσθωσαν.
3005 1135 3066 1188 Εἰ
3111 1135 3166 1186 δὲ
3207 1133 3473 1201 ὕπαιδρος
3519 1132 3623 1198 ειη,
3659 1129 3793 1196 πρὸς
3826 1128 3959 1178 τοῦτ
3985 1149 4009 1191 μ

2436 1235 2530 1286 καὶ
2563 1232 2972 1285 τυπτέσθωσαν.

2438 1342 2773 1400 ΚΕΦΑΛ..Ῑ¹.
2817 1345 2954 1413 Περὶ
2994 1343 3247 1473 τῶνζόὲπί
3286 1341 3449 1410 γάμῳ
3495 1336 3786 1409 γυναῖκας
3815 1337 4010 1402 ἁρπα-

3165 1431 3344 1467 ντων.

3165 1431 3344 1467 ντων.

2509 1508 2668 1576 Ζήτει
2693 1507 2752 1560 τδ
2794 1507 2862 1574 ιγ’
2894 1525 3018 1575 κεφ.
3049 1506 3144 1558 τοῦ
3175 1508 3215 1557 Λ
3244 1503 3531 1572 στοιχείου.

2440 1610 2690 1662 ΚΕΦΑΛ.
2727 1609 2826 1662 lA'.
2859 1607 2995 1676 Περὶ
3038 1607 3156 1676 τῶκ
3209 1604 3308 1656 ἐπὶ
3364 1606 3527 1676 γάμῳ
3573 1597 4012 1668 λαμϐανόντων

2808 1679 2916 1744 τὰς
2936 1673 3025 1740 ⁷τῷ
3048 1675 3169 1740 Θεῷ
3195 1673 3628 1743 ἀφιερωμένας.

2523 1771 2580 1823 ’0
2610 1771 2685 1835 ις’
2731 1772 2828 1837 τῆς
2876 1770 3138 1839 τετάρτης
3187 1767 3409 1820 συνόδου
3475 1763 3675 1824 κανὼν,
3742 1759 4011 1827 παρθένον

760 1855 869 1910 Deo
893 1872 953 1912 se
981 1859 1332 1925 dedicaverit,
1364 1861 1668 1932 itidemque
1701 1838 2039 1926 solitarium,
2078 1876 2188 1916 non
2236 1863 2335 1916 ba-

2451 1866 2627 1935 ρησὶν,
2661 1864 2948 1917 ἀναθεῖσαν
2972 1856 3180 1929 ’ἑαυτὴν
3198 1859 3273 1928 τῷ
3299 1859 3546 1925 Δεσπὸτῃ
3575 1855 3714 1922 Θεῷ,
3745 1853 4014 1908 ὡσαύτως

760 1949 888 2003 bere
922 1948 1200 2004 licentiam
1234 1952 1598 2005 contraliendi
1635 1950 1875 2020 nuptias.
1911 1951 2066 2016 Quod
2117 1950 2162 2005 si
2211 1966 2338 2019 pro-

761 2041 931 2094 missa
967 2043 1246 2108 violarint,
1279 2059 1308 2096 a
1340 2044 1736 2099 communione
1759 2059 1916 2099 sacra
1946 2044 2334 2113 segregandos.

761 2132 1000 2202 Tempus
1023 2143 1205 2188 autem
1239 2135 1581 2204 pmnitentia!
1612 2136 1854 2205 ipsorum
1913 2135 2020 2188 loci
2047 2135 2339 2203 episcopus

762 2241 864 2295 pro
898 2227 1169 2298 cujusque
1203 2230 1562 2298 dispositione
1611 2231 1932 2286 constituet.
1965 2226 2097 2282 Nam
2126 2225 2339 2281 etGre-

762 2320 952 2389 gorius
981 2321 1073 2375 ille
1100 2374 1105 2380 _
1128 2320 1442 2393 Theologus
1473 2324 1584 2377 ait:
1623 2322 1679 2376 Si
1727 2321 2052 2392 sponsiones
2080 2333 2209 2387 erga
2242 2319 2342 2372 bo-

764 2415 941 2468 mines
985 2405 1161 2470 factas
1215 2417 1400 2470 firmat
1453 2418 1596 2471 Deus
1652 2415 2046 2477 interveniens,
2072 2421 2337 2482 quantum

763 2508 1069 2575 periculum
1106 2508 1292 2575 fuerit,
1329 2511 1372 2563 si
1420 2519 1729 2580 pactorum,
1768 2523 1890 2577 qua:
1916 2523 2039 2562 cum
2075 2505 2196 2575 ipso
2233 2502 2341 2557 Deo

765 2598 1023 2667 fecimus,
1064 2602 1360 2658 violatores
1389 2603 1733 2657 inveniamur
1759 2600 1782 2654 ?

838 2780 1030 2836 Canon
1084 2791 1265 2836 autem
1303 2781 1337 2835 4
1391 2781 1587 2852 synodi
1636 2790 1804 2835 sextae
1849 2794 2012 2845 eum,
2067 2779 2163 2848 qui
2218 2792 2341 2834 cum

765 2875 995 2931 muliere
1029 2873 1138 2929 Deo
1170 2883 1495 2930 consecrata
1546 2874 1679 2937 coit,
1713 2875 1827 2927 sive
1877 2872 2088 2926 scilicet
2123 2872 2214 2925 illa
2273 2870 2346 2924 sit

765 2970 942 3038 virgo,
977 2967 1095 3026 sive
1121 2967 1304 3030 vidua,
1337 2967 1559 3021 abdicat
1611 2966 1813 3031 cilicio,
1847 2967 1890 3020 si
1927 2967 2000 3021 sit
2055 2965 2293 3019 clericus
2326 2980 2342 3028 ;

767 3063 855 3120 sin
890 3062 1085 3128 laicus,
1119 3069 1391 3133 segregat.
1443 3059 1554 3115 Lex
1599 3071 1781 3115 autem
1827 3059 1991 3114 aliam
2025 3072 2242 3129 pcenam
2276 3058 2344 3112 iis

768 3153 983 3224 infligit.
2164 3133 2175 3152 ⁶

838 3246 1112 3300 Caeterum
1154 3259 1277 3314 quze
1333 3258 1481 3298 nunc
1534 3242 1739 3296 dicturi
1792 3256 1986 3296 sumus
2014 3256 2079 3296 ex
2110 3255 2345 3310 sequen-

769 3339 1040 3394 tibus’bic
1076 3337 1402 3401 canonibus,
1439 3338 1510 3389 ita
1551 3336 1773 3404 quidem
1832 3334 2113 3389 damnavit
2159 3347 2345 3388 rerum

769 3432 1113 3497 vicissitudo,
1139 3448 1248 3487 non
1279 3431 1515 3500 amplius
1556 3439 1615 3484 ut
1652 3429 1706 3482 in
1737 3444 1837 3483 usu
1869 3429 1982 3483 sint
2013 3446 2025 3482 :
2055 3428 2150 3483 sed
2178 3441 2348 3497 etpo-

771 3534 974 3579 nantnr
1005 3537 1211 3579 tamen.

843 3618 1029 3672 Canon
1067 3617 1132 3670 15
1186 3615 1380 3684 synodi
1415 3624 1626 3685 quartae
1650 3656 1663 3678 ,
1701 3611 1779 3667 Ne
1807 3612 2116 3678 ordinetur,
2146 3611 2346 3680 inquit,

775 3709 972 3764 mulier
1009 3708 1320 3764 diaconissa
1382 3709 1555 3779 prius,
1588 3723 1752 3779 quam
1787 3705 1854 3760 ad
1887 3719 2091 3758 annum
2124 3703 2194 3757 40
2224 3718 2348 3773 per-

775 3804 1010 3858 venerit.
1036 3802 1168 3868 Quae
1198 3816 1330 3856 vero
1375 3810 1499 3870 post
1550 3798 1956 3853 ordinationem
2015 3794 2346 3850 contumelia

775 3897 1006 3965 gratiam
1044 3895 1285 3949 divinam
1324 3893 1584 3958 ail'ecerit,
1617 3901 1672 3948 et
1706 3892 1915 3962 nuptiis
1961 3906 2082 3946 sese
2110 3889 2352 3945 tradide-

779 3990 884 4056 rit,
919 3999 1029 4043 tam
1065 3989 1177 4057 ipsa
1235 3989 1539 4055 percutitur
1604 3986 1976 4048 anathemate,
2037 3997 2203 4052 quam
2255 3981 2349 4052 qui

778 4080 951 4150 stupri
985 4095 1108 4134 cum
1151 4094 1214 4133 ea
1247 4078 1701 4132 consuetudinem
1731 4078 1944 4132 habuit.

850 4172 1086 4226 Basilius
1123 4170 1348 4239 Magnus
1385 4170 1438 4223 in
1469 4183 1593 4222 can.
1618 4168 1712 4234 24,
1760 4167 1933 4232 Licet,
1987 4165 2188 4236 inquit,
2233 4166 2354 4220 viro

782 4267 927 4321 facto
952 4265 1113 4319 viduo
1136 4264 1286 4318 nulla
1311 4265 1393 4317 lex
1417 4262 1705 4326 incumbit,
1725 4276 1846 4329 quae
1878 4259 2150 4315 secundas
2176 4260 2225 4314 ei
2251 4273 2356 4313 nu-

779 4365 925 4433 ptias
942 4361 1251 4431 prohibeat,
1269 4367 1494 4429 excepta
1517 4359 1785 4412 duntaxat
1809 4370 1966 4424 ptena
1983 4354 2353 4423 digamorum,

783 4469 964 4511 tamen
996 4469 1116 4508 eam
1168 4453 1473 4515 mulierem,
1509 4465 1632 4520 qua:
1679 4449 1968 4503 viduarum
2003 4446 2058 4498 in
2105 4445 2354 4499 ordinem

2440 1962 2533 2010 καὶ
2583 1955 2901 2024 μονάζοντα,
2953 1956 3025 2022 μὴ
3074 1953 3276 2015 ἐξεῖναι
3315 1951 3478 2018 γάμῳ
3521 1945 3897 2015 προσομιλεῖν.
3952 1941 4014 1992 El

2439 2051 2492 2101 δὲ
2525 2048 2827 2117 παραϐαῖεν
2863 2048 2931 2098 τὰ
2961 2044 3380 2114 ὡμολογημένα,
3415 2041 3512 2109 τῆς
3551 2039 3706 2098 θείας
3749 2037 4013 2104 ἀφορίζε-

2443 2145 2566 2196 σθαι
2623 2142 2947 2203 κοινωνίας·
2999 2140 3089 2193 τὸν
3129 2139 3185 2192 δὲ
3217 2139 3409 2207 χρῶ-ον
3461 2137 3554 2204 τῆς
3605 2136 3787 2187 αὑτῶν
3846 2148 4015 2198 μετ).-

2441 2237 2589 2299 νῡίας
2657 2237 2684 2288 ὁ
2735 2235 2875 2286 κατά
2921 2234 3085 2284 τόπον
3119 2232 3419 2291 ἐπίσκοπος
3455 2230 3588 2297 πρὸς
3644 2226 3740 2289 τὴν
3770 2225 4016 2276 διάθεσιν

2441 2331 2674 2382 ἑκάστου
2696 2328 3062 2394 οἰκονομήσει.
3094 2325 3231 2392 Φησὶ
3259 2325 3366 2392 γὰρ
3393 2322 3487 2374 καὶ
3528 2323 3560 2388 ὴ
3593 2319 3843 2383 θεοὶόχός
3875 2316 4017 2383 Γρη-

2443 2422 2628 2491 γορίου
2692 2422 2842 2491 φωνή
2866 2437 2879 2450 '
2915 2422 2977 2472 Ei
3009 2419 3117 2490 γὰρ
3168 2418 3264 2481 τὰς
3299 2418 3432 2487 πρὶς
3457 2413 3772 2485 ἀνθρώπους
3825 2410 4018 2478 ὁμολο-

2443 2518 2569 2584 γίας
2619 2515 2843 2584 ὲμπεδοῖ
2879 2514 3034 2575 Θεὸς,
3095 2514 3258 2583 μέσος
3300 2501 3700 2578 παραληφθείς,
3773 2507 3940 2563 πόσος
3996 2504 4019 2550 ὁ

2443 2610 2688 2672 κίνδυνος
2716 2601 2792 2662 ὧν
2822 2609 2956 2677 πρὸς
2982 2607 3146 2659 αὑτὸν
3167 2605 3404 2674 ἐθέμεθα
3429 2604 3521 2655 τὸν
3542 2599 3674 2652 Θεὸν
3708 2595 4020 2663 συνθηκῶν,

2443 2702 2652 2756 τούτων
2687 2701 3010 2768 παραϐάτας
3045 2699 3433 2769 εὑρίσκεσθαις

2527 2798 2585 2848 ὐ
2614 2796 2668 2848 δὲ
2699 2795 2740 2847 δ’
2779 2795 2880 2862 τῆς
2920 2795 3088 2862 ἕκτης
3142 2794 3362 2844 συνόδου
3413 2787 3593 2841 κανὼν
3642 2786 3734 2836 τὸν
3796 2791 4022 2848 γυναικί.

2450 2887 2786 2959 μιγνύμενον
2845 2886 3198 2957 ἀφιερωμένῃ
3250 2883 3390 2951 Θεῷ,
3445 2881 3554 2933 εἴτε
3611 2876 3887 2946 παρθένος
3933 2872 4016 2938 εἴη

2445 2982 2671 3051 δηλαδὴ,
2703 2981 2812 3033 εἴτε
2845 2981 3008 3049 χήρα,
3044 2977 3303 3045 κὶηρικζν
3355 2974 3455 3042 μὲν
3501 2972 3655 3032 ὄντα,
3718 2963 4017 3033 καθαιρείο

2446 3073 2634 3124 λαῖκδν
2659 3071 2738 3134 δὲ,
2781 3070 3066 3140 ἀφορίζει·
3109 3069 3280 3128 ἄλλως
3309 3066 3364 3118 δὲ
3404 3067 3431 3116 ὁ
3460 3064 3622 3130 νόμος
3652 3058 3885 3116 τούτους
3937 3072 4023 3108 κο-

2369 3178 2415 3240 c
2447 3168 2622 3230 λάζει.

2519 3259 2640 3312 Τῶν
2685 3257 2784 3325 μέν
2837 3273 2918 3308 τοι
2978 3257 3090 3316 τοῖς
3140 3251 3268 3318 ἑξῆς
3322 3247 3716 3320 ῥηθησομένων
3770 3243 4021 3296 κανόσιν,

2447 3351 2725 3419 ἀπραξίαν
2766 3350 2864 3417 μὲν
2897 3351 2928 3417 ἡ
2964 3348 3072 3399 τῶν
3103 3344 3446 3414 πραγμάτων
3477 3338 3906 3407 κατεψηφίσατο
3939 3351 4028 3398 με·-

2449 3445 2670 3513 ταόολὴ,
2705 3441 2946 3509 λεγέσθω
2977 3457 3038 3508 γε
3079 3441 3208 3508 μήν.

2532 3629 2591 3678 't)
2621 3635 2680 3680 ιε’
2709 3628 2809 3694 τῆς
2842 3625 3108 3690 τετάρτης
3139 3620 3360 3673 συνόδου
3389 3616 3590 3679 κανὼν,
3645 3612 3738 3681 Μὴ
3791 3626 4033 3680 χειροτο-

2450 3720 2670 3782 νείσθω,
2733 3718 2888 3785 φησὶ,
2940 3715 3075 3782 γυνὴ
3134 3714 3401 3773 διάκονος,
3449 3709 3581 3778 πρὶν
3644 3709 3722 3766 είς
3761 3704 3811 3773 μ’
3859 3707 4030 3771 αὐτὴν

2452 3816 2608 3883 ἣκειν
2645 3810 2838 3879 χρόνον
2861 3827 2873 3838 ·
2911 3807 3009 3877 τὴν
3042 3806 3098 3857 δὲ
3134 3805 3270 3874 μετὰ
3305 3803 3402 3872 τήν
3432 3799 3770 3878 χειροτονίαν
3803 3800 3887 3856 εἶς
3937 3798 4034 3856 τὴν

2455 3906 2606 3959 θείαν
2637 3901 2999 3970 ὲνυόρίσασαν
3033 3900 3216 3967 χάριν,
3247 3900 3338 3946 καὶ
3369 3895 3530 3962 γάμῳ
3587 3891 3788 3958 ἑαυτὴν
3821 3886 4038 3940 ὲπιδοῦ-

2455 4017 2576 4058 σαν,
2608 3998 2810 4066 ταύτην
2840 4011 2898 4046 τε
2935 3988 3432 4060 ἀναθεματίζεσθαι
3465 3988 3558 4039 καὶ
3599 3985 3688 4035 rev
3723 3984 3861 4051 αὐτῇ
3894 3999 4038 4047 συμο

2456 4092 2754 4162 φθαρέντα.

2540 4185 2596 4235 ’0
2642 4184 2698 4234 δὲ
2748 4181 2920 4249 μέγας
2977 4175 3280 4235 Βασίλειος,
3339 4173 3397 4224 ὲν
3432 4173 3510 4223 κδ’
3566 4169 3775 4229 κανόνι,
3828 4169 3892 4219 ει
3944 4169 4041 4219 καὶ

2457 4278 2636 4346 ἀνδρὶ,
2697 4275 2849 4342 φησὶ,
2896 4269 3226 4341 χηρεύσαντι
3265 4265 3441 4327 οὖδείς
3490 4265 3766 4316 ἐπίκειται
3798 4261 3965 4327 νόμος
4017 4261 4043 4310 ὁ

2461 4368 2686 4422 κωλύων
2712 4362 3160 4433 δευτερογαμεῖν,
3199 4361 3245 4410 εί
3289 4357 3364 4427 μὴ
3392 4357 3450 4406 τὸ
3485 4355 3590 4408 τῶν
3629 4354 3883 4418 διγάμων
3926 4355 4047 4402 ἐπι-

2461 4463 2638 4528 τίμιον
2674 4458 2853 4526 μόνον,
2899 4454 3034 4507 ἀλλά
3071 4469 3134 4520 γε
3158 4452 3262 4521 τὴν
3303 4449 3379 4517 τῷ
3412 4449 3652 4515 τάγματι
3687 4447 3794 4496 τῶν
3848 4445 4044 4513 χηρῶν

786 4557 1062 4620 couptata,
1116 4547 1374 4614 deinceps
1408 4543 1652 4612 nupserit
1680 4581 1695 4605 ,
1748 4539 2028 4594 vitandam
2060 4539 2345 4606 Apostolus

2467 4551 2858 4617 καταλεγεῖσαν
2890 4547 3144 4611 γυναῖκα,
3179 4542 3303 4594 ὓστε
3317 4557 3405 4610 ρον
3427 4538 3802 4606 γαμουμένην,
3823 4537 4048 4604 ἔκρινεν

786 4646 1000 4708 statuit,
1035 4657 1134 4696 nec
1169 4641 1414 4694 alendam
1447 4639 1515 4692 ab
1548 4635 1815 4691 Ecclesia.
1868 4632 2164 4700 Sexaginta
2228 4644 2358 4682 vero

787 4751 1058 4792 annorum
1101 4735 1316 4797 mulier,
1344 4732 1386 4786 si
1419 4729 1693 4789 secundas
1721 4729 1788 4782 ad
1817 4727 2040 4791 nuptias
2073 4723 2356 4791 respiciat,

785 4832 1104 4886 excludetur
1146 4843 1175 4882 a
1207 4826 1616 4886 communione,
1644 4823 1821 4876 donec
1854 4820 1922 4873 ab
1961 4819 2066 4872 hoc
2105 4817 2240 4870 vitio
2270 4831 2361 4869 se-

788 4933 901 4979 met
939 4923 1289 4987 abstinuerit,
1354 4920 1630 4988 piaculum
1705 4926 1759 4968 et
1810 4911 2184 4978 impuritatem
2239 4909 2359 4976 ejus

787 5025 1088 5070 exsecrata.
1119 5012 1274 5079 Quod
1311 5012 1357 5066 si
1397 5021 1613 5064 nosmet
1650 5006 1752 5076 ipsi
1797 5015 1926 5057 ante
1967 5016 2170 5055 annum
2205 5015 2362 5053 sexa-

790 5110 1054 5180 gesimum
1112 5109 1254 5160 inter
1302 5106 1493 5158 viduas
1547 5117 1668 5156 eam
1719 5097 2093 5162 retulerimus,
2151 5094 2360 5148 crimen

790 5208 1037 5253 nostrum
1074 5207 1176 5262 est,
1207 5211 1313 5251 non
1344 5193 1702 5251 mulierculae.

1519 5287 1646 5341 Lex.

863 5385 967 5452 Qui
996 5384 1298 5440 solitariam
1332 5384 1500 5436 vitam
1535 5378 1847 5449 agentibus,
1890 5385 1985 5430 aut
2013 5374 2361 5438 diaconissis,

793 5491 883 5534 aut
925 5478 1146 5548 pietatis
1179 5475 1442 5529 exercitia
1481 5471 1847 5525 tractantibus
1882 5476 2129 5536 stuprum
2162 5466 2363 5519 intule-

794 5578 922 5638 rint,
972 5573 1121 5626 velut
1159 5570 1213 5622 in
1275 5567 1569 5620 Ecclesium
1606 5564 1721 5629 Dei,
1767 5577 1889 5631 qua:
1934 5560 2137 5614 Christi
2165 5573 2364 5627 sponsa

794 5677 896 5730 cst,
926 5664 1131 5732 injurii,
1172 5671 1278 5716 tam
1308 5660 1535 5713 naribus
1573 5658 1674 5726 ipsi
1711 5656 2018 5726 priven‘tur,
2051 5667 2216 5721 quam
2246 5665 2366 5721 qua:

796 5755 965 5822 stupri
994 5752 1448 5815 consuetudinem
1479 5765 1602 5805 cum
1640 5750 1726 5804 eis
1767 5749 2079 5803 habuerint.

870 5850 1224 5907 liiaconissx.
1277 5863 1398 5903 cum
1471 5846 1816 5908 ordinantur.
1871 5845 1915 5900 si
1969 5857 2114 5899 ausrc
2164 5839 2368 5895 fuerint

2469 4646 2497 4696 ὁ
2535 4641 2860 4700 Ἀπόστολος
2891 4633 3263 4705 παρορᾶσθαι,
3295 4632 3388 4682 καὶ
3429 4630 3502 4699 μὴ
3537 4629 3833 4698 τρέφεσθαι
3895 4647 3963 4677 1:;
3981 4630 4047 4692 ρὰ
4129 4617 4132 4623 ’

2469 4738 2564 4803 τῆς
2614 4729 2964 4798 Ἰίζκκλησίας.
3002 4727 3066 4777 'H
3123 4725 3305 4792 μέντοι
3355 4719 3754 4785 ἑξηκοντούτις,
3818 4718 3868 4767 εἰ
3911 4719 4047 4782 πρὶς

2468 4824 2722 4891 δεύτερον
2774 4817 3092 4873 ἀποκλίνειε
3155 4815 3353 4881 γάμον,
3418 4813 3516 4876 τῆς
3575 4809 3862 4865 κοινωνίας
3913 4809 4049 4857 ἁπαι-

2471 4909 2856 4982 κλεισίιήσεται
2892 4912 3085 4981 μέχρις
3115 4909 3181 4961 ἂν
3209 4906 3301 4958 τοῦ
3333 4906 3537 4963 πάθους
3571 4906 3802 4970 ἀποστῇ,
3836 4905 3896 4953 τὸ
3923 4905 4046 4952 ἐνα-

2471 5012 2562 5080 γὲς
2592 5009 2780 5061 τούτου
2813 5006 3088 5076 μισήσασα
3119 5003 3211 5053 καὶ
3243 5001 3568 5067 ἀκάθαρτον.
3608 4998 3668 5048 Εἰ
3712 4998 3897 5063 μέντοι
3943 4999 4049 5063 πρῆ

2471 5103 2754 5168 ἐξήκοντα,
2792 5099 2976 5166 φησὶν,
3027 5095 3162 5147 ἐτῶν
3195 5094 3314 5152 ταῖς
3362 5096 3558 5160 χήραις
3605 5089 3776 5156 αὐτὴν
3808 5088 4051 5156 ἀριθμῄ.

2474 5210 2679 5262 σωμεν,
2713 5191 2983 5261 ἡμέτερον
3016 5188 3076 5240 τὸ
3103 5185 3375 5253 ἔγκλημα,
3411 5184 3472 5234 οὐ
3509 5181 3600 5233 τοῦ
3631 5181 3884 5245 γυναίου,

3141 5279 3360 5342 Νόμος.

2546 5382 2608 5433 Οἱ
2645 5381 2764 5439 ταῖς
2822 5370 3201 5444 μυναζούσαις,
3271 5368 3302 5436 ἢ
3351 5370 3468 5424 ταῖς
3523 5363 3814 5424 διακόνοις,
3846 5363 3880 5431 ἦ
3935 5365 4049 5421 ταῖς

2475 5469 2798 5539 ἀσκητρίαις
2850 5459 3344 5526 ὲνασελγαίνοντες,
3394 5457 3467 5516 ὡς
3498 5453 3596 5522 τὴν
3658 5452 3884 5520 νύμφην
3919 5452 4048 5518 Χρι..

2478 5562 2628 5626 στοῦ,
2662 5559 2760 5629 τὴν
2795 5551 3146 5622 Ἐκκλησίαν,
3174 5549 3513 5618 ὑῦρίζοντες,
3545 5542 4048 5614 ῥινοκοπείσθωσαν

2476 5657 2629 5710 αὑτοί
2661 5671 2719 5706 τε
2752 5653 2844 5705 καὶ
2881 5645 2968 5713 αἷς
2995 5642 3143 5703 οὗτοι
3174 5642 3612 5709 συνεφθὰρησαν.

2551 5837 2612 5888 Αἱ
2659 5831 3125 5904 γειροτονούμεναι
3177 5827 3428 5887 διάκονοι,
3464 5821 3870 5887 εἰτοίο;ιήπα;εν
3929 5834 4049 5871 κατ-
