  <div class='ocr_page' id='page_1' title='image "/cluster/home/n/w/nwhite01/storage/ocr_20150623/144/nnc1.0046980792/616.png"; bbox 0 0 4184 6444; ppageno 0'>
   <div class='ocr_carea' id='block_1_1' title="bbox 242 383 374 450">
    <p class='ocr_par' dir='ltr' id='par_1_1' title="bbox 242 383 374 450">
     <span class='ocr_line' id='line_1_1' title="bbox 242 383 374 450; baseline 0.061 -7"><span class='ocrx_word' id='word_1_1' title='bbox 242 383 374 450; x_wconf 66' lang='grc' dir='ltr'><strong>ἲῖὸἒ</strong></span> 
     </span>
    </p>
   </div>
   <div class='ocr_carea' id='block_1_2' title="bbox 1234 388 2464 452">
    <p class='ocr_par' dir='ltr' id='par_1_2' title="bbox 1234 388 2464 452">
     <span class='ocr_line' id='line_1_2' title="bbox 1234 388 2464 452; baseline 0.002 -5"><span class='ocrx_word' id='word_1_2' title='bbox 1234 389 1638 449; x_wconf 64' lang='lat' dir='ltr'><strong>smmum</strong></span> <span class='ocrx_word' id='word_1_3' title='bbox 1678 388 2298 452; x_wconf 77' lang='lat' dir='ltr'><strong>ALPHABETICUM.</strong></span> <span class='ocrx_word' id='word_1_4' title='bbox 2352 419 2361 424; x_wconf 58' lang='grc' dir='ltr'><strong>α</strong></span> <span class='ocrx_word' id='word_1_5' title='bbox 2457 416 2464 427; x_wconf 90' lang='grc'><strong>-</strong></span> 
     </span>
    </p>
   </div>
   <div class='ocr_carea' id='block_1_3' title="bbox 3351 388 3487 457">
    <p class='ocr_par' dir='ltr' id='par_1_3' title="bbox 3351 388 3487 457">
     <span class='ocr_line' id='line_1_3' title="bbox 3351 388 3487 457; baseline -0.015 -4"><span class='ocrx_word' id='word_1_6' title='bbox 3351 388 3487 457; x_wconf 68' lang='lat'><strong>118?.</strong></span> 
     </span>
    </p>
   </div>
   <div class='ocr_carea' id='block_1_4' title="bbox 234 499 1837 573">
    <p class='ocr_par' dir='ltr' id='par_1_4' title="bbox 234 499 1809 573">
     <span class='ocr_line' id='line_1_4' title="bbox 234 499 1809 573; baseline 0.004 -25"><span class='ocrx_word' id='word_1_7' title='bbox 234 499 392 563; x_wconf 71' lang='grc' dir='ltr'>ἐντὸς</span> <span class='ocrx_word' id='word_1_8' title='bbox 420 500 619 565; x_wconf 79' lang='grc' dir='ltr'>διετίας</span> <span class='ocrx_word' id='word_1_9' title='bbox 645 500 1040 571; x_wconf 76' lang='grc' dir='ltr'>ἀναλαμϐάνει.</span> <span class='ocrx_word' id='word_1_10' title='bbox 1077 504 1221 557; x_wconf 71' lang='grc' dir='ltr'>κατὰ</span> <span class='ocrx_word' id='word_1_11' title='bbox 1246 505 1345 573; x_wconf 80' lang='grc' dir='ltr'>τὴν</span> <span class='ocrx_word' id='word_1_12' title='bbox 1372 505 1465 558; x_wconf 80' lang='grc' dir='ltr'><strong>τοῦ</strong></span> <span class='ocrx_word' id='word_1_13' title='bbox 1499 507 1809 556; x_wconf 65' lang='grc' dir='ltr'>ἰοιισττνια-</span> 
     </span>
    </p>
   </div>
   <div class='ocr_carea' id='block_1_5' title="bbox 1932 499 3487 573">
    <p class='ocr_par' dir='ltr' id='par_1_5' title="bbox 1932 500 3487 571">
     <span class='ocr_line' id='line_1_5' title="bbox 1932 500 3487 571; baseline 0.001 -13"><span class='ocrx_word' id='word_1_14' title='bbox 1932 506 2174 559; x_wconf 70' lang='lat' dir='ltr'><strong>iitionem</strong></span> <span class='ocrx_word' id='word_1_15' title='bbox 2212 506 2352 559; x_wconf 84' lang='lat' dir='ltr'><strong>intra</strong></span> <span class='ocrx_word' id='word_1_16' title='bbox 2409 502 2686 558; x_wconf 84' lang='lat' dir='ltr'><strong>biennium</strong></span> <span class='ocrx_word' id='word_1_17' title='bbox 2738 516 2859 558; x_wconf 87' lang='lat' dir='ltr'><strong>eam</strong></span> <span class='ocrx_word' id='word_1_18' title='bbox 2919 500 3137 571; x_wconf 86' lang='lat' dir='ltr'><strong>recipit,</strong></span> <span class='ocrx_word' id='word_1_19' title='bbox 3179 501 3487 560; x_wconf 86' lang='lat' dir='ltr'><strong>secundum</strong></span> 
     </span>
    </p>
   </div>
   <div class='ocr_carea' id='block_1_6' title="bbox 234 585 1352 661">
    <p class='ocr_par' dir='ltr' id='par_1_6' title="bbox 234 585 1352 661">
     <span class='ocr_line' id='line_1_6' title="bbox 234 585 1352 661; baseline 0.008 -23"><span class='ocrx_word' id='word_1_20' title='bbox 234 585 332 639; x_wconf 73' lang='grc' dir='ltr'>νοῦ</span> <span class='ocrx_word' id='word_1_21' title='bbox 371 588 614 657; x_wconf 75' lang='grc' dir='ltr'>Νεαρὰν,</span> <span class='ocrx_word' id='word_1_22' title='bbox 647 591 740 642; x_wconf 73' lang='grc' dir='ltr'>καὶ</span> <span class='ocrx_word' id='word_1_23' title='bbox 769 592 999 655; x_wconf 84' lang='grc' dir='ltr'>Λέοντος</span> <span class='ocrx_word' id='word_1_24' title='bbox 1032 592 1125 645; x_wconf 83' lang='grc' dir='ltr'>τοῦ</span> <span class='ocrx_word' id='word_1_25' title='bbox 1157 594 1352 661; x_wconf 78' lang='grc' dir='ltr'>Σοφοῦ.</span> 
     </span>
    </p>
   </div>
   <div class='ocr_carea' id='block_1_7' title="bbox 678 685 1372 753">
    <p class='ocr_par' dir='ltr' id='par_1_7' title="bbox 678 685 1372 753">
     <span class='ocr_line' id='line_1_7' title="bbox 678 685 1372 753; baseline 0.006 -17"><span class='ocrx_word' id='word_1_26' title='bbox 678 685 744 737; x_wconf 80' lang='lat' dir='ltr'><strong>Al</strong></span> <span class='ocrx_word' id='word_1_27' title='bbox 780 686 960 737; x_wconf 74' lang='grc' dir='ltr'>αἰτίαι</span> <span class='ocrx_word' id='word_1_28' title='bbox 992 685 1097 738; x_wconf 86' lang='grc' dir='ltr'>τοῦ</span> <span class='ocrx_word' id='word_1_29' title='bbox 1129 685 1372 753; x_wconf 82' lang='grc' dir='ltr'>ἀνδρός.</span> 
     </span>
    </p>
   </div>
   <div class='ocr_carea' id='block_1_8' title="bbox 325 766 1813 848">
    <p class='ocr_par' dir='ltr' id='par_1_8' title="bbox 325 766 1813 848">
     <span class='ocr_line' id='line_1_8' title="bbox 325 766 1813 848; baseline 0.001 -24"><span class='ocrx_word' id='word_1_30' title='bbox 325 766 394 824; x_wconf 80' lang='grc' dir='ltr'><em>Ἢ</em></span> <span class='ocrx_word' id='word_1_31' title='bbox 431 772 485 826; x_wconf 79' lang='grc' dir='ltr'><strong>δὲ</strong></span> <span class='ocrx_word' id='word_1_32' title='bbox 514 774 651 844; x_wconf 82' lang='grc' dir='ltr'>γυνὴ</span> <span class='ocrx_word' id='word_1_33' title='bbox 696 777 904 845; x_wconf 84' lang='grc' dir='ltr'>πέμπει</span> <span class='ocrx_word' id='word_1_34' title='bbox 956 780 1238 847; x_wconf 79' lang='grc' dir='ltr'>ρεπούδιον</span> <span class='ocrx_word' id='word_1_35' title='bbox 1277 780 1355 848; x_wconf 72' lang='grc' dir='ltr'>τις,</span> <span class='ocrx_word' id='word_1_36' title='bbox 1388 780 1537 848; x_wconf 80' lang='grc' dir='ltr'>ἀνδρι</span> <span class='ocrx_word' id='word_1_37' title='bbox 1585 780 1671 831; x_wconf 58' lang='grc' dir='ltr'><strong>ὂλὰ</strong></span> <span class='ocrx_word' id='word_1_38' title='bbox 1717 796 1813 837; x_wconf 59' lang='grc' dir='ltr'>τις</span> 
     </span>
    </p>
   </div>
   <div class='ocr_carea' id='block_1_9' title="bbox 236 864 1814 941">
    <p class='ocr_par' dir='ltr' id='par_1_9' title="bbox 236 864 1814 941">
     <span class='ocr_line' id='line_1_9' title="bbox 236 864 1814 941; baseline 0.01 -27"><span class='ocrx_word' id='word_1_39' title='bbox 236 864 424 927; x_wconf 69' lang='grc' dir='ltr'>αἰκίας</span> <span class='ocrx_word' id='word_1_40' title='bbox 472 870 698 931; x_wconf 74' lang='grc' dir='ltr'>ταύτας,</span> <span class='ocrx_word' id='word_1_41' title='bbox 732 870 1007 939; x_wconf 72' lang='grc' dir='ltr'><strong>δυναμένη</strong></span> <span class='ocrx_word' id='word_1_42' title='bbox 1057 872 1352 924; x_wconf 78' lang='grc' dir='ltr'>ἀναλαὸεῖν</span> <span class='ocrx_word' id='word_1_43' title='bbox 1395 874 1492 941; x_wconf 76' lang='grc' dir='ltr'>τήν</span> <span class='ocrx_word' id='word_1_44' title='bbox 1521 889 1575 922; x_wconf 85' lang='grc' dir='ltr'><strong>τε</strong></span> <span class='ocrx_word' id='word_1_45' title='bbox 1612 870 1814 938; x_wconf 75' lang='grc' dir='ltr'>ἑαυτῆς</span> 
     </span>
    </p>
   </div>
   <div class='ocr_carea' id='block_1_10' title="bbox 236 960 1813 1032">
    <p class='ocr_par' dir='ltr' id='par_1_10' title="bbox 236 960 1813 1032">
     <span class='ocr_line' id='line_1_10' title="bbox 236 960 1813 1032; baseline 0.003 -25"><span class='ocrx_word' id='word_1_46' title='bbox 236 961 470 1025; x_wconf 78' lang='grc' dir='ltr'>προῖκα,</span> <span class='ocrx_word' id='word_1_47' title='bbox 500 961 593 1011; x_wconf 82' lang='grc' dir='ltr'>καὶ</span> <span class='ocrx_word' id='word_1_48' title='bbox 614 960 710 1029; x_wconf 79' lang='grc' dir='ltr'>τὴν</span> <span class='ocrx_word' id='word_1_49' title='bbox 739 962 827 1014; x_wconf 81' lang='grc' dir='ltr'><strong>διὰ</strong></span> <span class='ocrx_word' id='word_1_50' title='bbox 849 965 975 1024; x_wconf 80' lang='grc' dir='ltr'>τοὺς</span> <span class='ocrx_word' id='word_1_51' title='bbox 1002 963 1213 1032; x_wconf 82' lang='grc' dir='ltr'>γάμους</span> <span class='ocrx_word' id='word_1_52' title='bbox 1240 964 1447 1032; x_wconf 70' lang='grc' dir='ltr'>δωρεὰν</span> <span class='ocrx_word' id='word_1_53' title='bbox 1473 963 1569 1014; x_wconf 78' lang='grc' dir='ltr'>τοῦ</span> <span class='ocrx_word' id='word_1_54' title='bbox 1601 963 1813 1031; x_wconf 67' lang='grc' dir='ltr'>ἀνδρὸς,</span> 
     </span>
    </p>
   </div>
   <div class='ocr_carea' id='block_1_11' title="bbox 236 1050 1815 1124">
    <p class='ocr_par' dir='ltr' id='par_1_11' title="bbox 236 1050 1815 1124">
     <span class='ocr_line' id='line_1_11' title="bbox 236 1050 1815 1124; baseline 0.002 -24"><span class='ocrx_word' id='word_1_55' title='bbox 236 1050 446 1113; x_wconf 77' lang='grc' dir='ltr'>ὁμοίως</span> <span class='ocrx_word' id='word_1_56' title='bbox 475 1054 586 1114; x_wconf 85' lang='grc' dir='ltr'>τοῖς</span> <span class='ocrx_word' id='word_1_57' title='bbox 626 1055 783 1105; x_wconf 75' lang='grc' dir='ltr'>παισὶ</span> <span class='ocrx_word' id='word_1_58' title='bbox 825 1055 1238 1124; x_wconf 73' lang='grc' dir='ltr'><strong>φυλαττομένης</strong></span> <span class='ocrx_word' id='word_1_59' title='bbox 1270 1056 1369 1124; x_wconf 70' lang='grc' dir='ltr'>τῆς</span> <span class='ocrx_word' id='word_1_60' title='bbox 1414 1055 1510 1106; x_wconf 77' lang='grc' dir='ltr'><strong>ἐπὶ</strong></span> <span class='ocrx_word' id='word_1_61' title='bbox 1542 1059 1606 1120; x_wconf 74' lang='grc' dir='ltr'>τῇ</span> <span class='ocrx_word' id='word_1_62' title='bbox 1641 1054 1815 1122; x_wconf 76' lang='grc' dir='ltr'>δωρεᾷ</span> 
     </span>
    </p>
   </div>
   <div class='ocr_carea' id='block_1_12' title="bbox 237 1142 1816 1217">
    <p class='ocr_par' dir='ltr' id='par_1_12' title="bbox 237 1142 1816 1217">
     <span class='ocr_line' id='line_1_12' title="bbox 237 1142 1816 1217; baseline 0.002 -25"><span class='ocrx_word' id='word_1_63' title='bbox 237 1142 589 1207; x_wconf 77' lang='grc' dir='ltr'>δεσποτείας,</span> <span class='ocrx_word' id='word_1_64' title='bbox 645 1148 701 1207; x_wconf 81' lang='grc' dir='ltr'>ἢ,</span> <span class='ocrx_word' id='word_1_65' title='bbox 756 1148 961 1201; x_wconf 80' lang='grc' dir='ltr'>παίδων</span> <span class='ocrx_word' id='word_1_66' title='bbox 998 1149 1096 1201; x_wconf 80' lang='grc' dir='ltr'><strong>οὐκ</strong></span> <span class='ocrx_word' id='word_1_67' title='bbox 1149 1148 1340 1214; x_wconf 73' lang='grc' dir='ltr'>ὄντων,</span> <span class='ocrx_word' id='word_1_68' title='bbox 1395 1148 1539 1217; x_wconf 82' lang='grc' dir='ltr'>ἔχειν</span> <span class='ocrx_word' id='word_1_69' title='bbox 1596 1147 1685 1196; x_wconf 71' lang='grc' dir='ltr'><strong>καὶ</strong></span> <span class='ocrx_word' id='word_1_70' title='bbox 1720 1147 1816 1213; x_wconf 72' lang='grc' dir='ltr'>τὴν</span> 
     </span>
    </p>
   </div>
   <div class='ocr_carea' id='block_1_13' title="bbox 239 1237 788 1305">
    <p class='ocr_par' dir='ltr' id='par_1_13' title="bbox 239 1237 788 1305">
     <span class='ocr_line' id='line_1_13' title="bbox 239 1237 788 1305; baseline 0.011 -20"><span class='ocrx_word' id='word_1_71' title='bbox 239 1237 416 1305; x_wconf 77' lang='grc' dir='ltr'>αὐτῆς</span> <span class='ocrx_word' id='word_1_72' title='bbox 446 1240 788 1292; x_wconf 75' lang='grc' dir='ltr'>δεσποτείαν.</span> 
     </span>
    </p>
   </div>
   <div class='ocr_carea' id='block_1_14' title="bbox 317 1320 1815 1402">
    <p class='ocr_par' dir='ltr' id='par_1_14' title="bbox 317 1320 1815 1402">
     <span class='ocr_line' id='line_1_14' title="bbox 317 1320 1815 1402; baseline -0.001 -22"><span class='ocrx_word' id='word_1_73' title='bbox 317 1326 387 1380; x_wconf 87' lang='grc' dir='ltr'>α’.</span> <span class='ocrx_word' id='word_1_74' title='bbox 441 1320 561 1381; x_wconf 73' lang='grc' dir='ltr'>Ἐάν</span> <span class='ocrx_word' id='word_1_75' title='bbox 594 1347 645 1381; x_wconf 91' lang='grc' dir='ltr'><strong>τι</strong></span> <span class='ocrx_word' id='word_1_76' title='bbox 685 1331 827 1382; x_wconf 76' lang='grc' dir='ltr'>κατὰ</span> <span class='ocrx_word' id='word_1_77' title='bbox 859 1333 958 1400; x_wconf 84' lang='grc' dir='ltr'>τῆς</span> <span class='ocrx_word' id='word_1_78' title='bbox 989 1332 1266 1401; x_wconf 75' lang='grc' dir='ltr'><strong>βασιλείας</strong></span> <span class='ocrx_word' id='word_1_79' title='bbox 1314 1333 1347 1402; x_wconf 84' lang='grc' dir='ltr'>ἢ</span> <span class='ocrx_word' id='word_1_80' title='bbox 1380 1331 1544 1393; x_wconf 74' lang='grc' dir='ltr'>αὐτὸς</span> <span class='ocrx_word' id='word_1_81' title='bbox 1596 1329 1815 1400; x_wconf 76' lang='grc' dir='ltr'>βουλεύ-</span> 
     </span>
    </p>
   </div>
   <div class='ocr_carea' id='block_1_15' title="bbox 244 1422 1819 1495">
    <p class='ocr_par' dir='ltr' id='par_1_15' title="bbox 244 1422 1819 1495">
     <span class='ocr_line' id='line_1_15' title="bbox 244 1422 1819 1495; baseline 0.001 -24"><span class='ocrx_word' id='word_1_82' title='bbox 244 1438 435 1487; x_wconf 77' lang='grc' dir='ltr'>σηται,</span> <span class='ocrx_word' id='word_1_83' title='bbox 469 1423 499 1490; x_wconf 81' lang='grc' dir='ltr'>ἢ</span> <span class='ocrx_word' id='word_1_84' title='bbox 539 1423 695 1475; x_wconf 76' lang='grc' dir='ltr'>τοῦτό</span> <span class='ocrx_word' id='word_1_85' title='bbox 720 1440 831 1478; x_wconf 89' lang='grc' dir='ltr'>τισι</span> <span class='ocrx_word' id='word_1_86' title='bbox 862 1425 1273 1495; x_wconf 73' lang='grc' dir='ltr'><strong>βουλευομένοις</strong></span> <span class='ocrx_word' id='word_1_87' title='bbox 1320 1424 1577 1482; x_wconf 72' lang='grc' dir='ltr'>συνειδὼς</span> <span class='ocrx_word' id='word_1_88' title='bbox 1613 1422 1688 1491; x_wconf 84' lang='grc' dir='ltr'>μὴ</span> <span class='ocrx_word' id='word_1_89' title='bbox 1716 1438 1819 1488; x_wconf 82' lang='grc' dir='ltr'>φα-</span> 
     </span>
    </p>
   </div>
   <div class='ocr_carea' id='block_1_16' title="bbox 241 1511 1818 1586">
    <p class='ocr_par' dir='ltr' id='par_1_16' title="bbox 241 1511 1818 1586">
     <span class='ocr_line' id='line_1_16' title="bbox 241 1511 1818 1586; baseline -0.001 -23"><span class='ocrx_word' id='word_1_90' title='bbox 241 1511 462 1581; x_wconf 82' lang='grc' dir='ltr'>νερὼσῃ</span> <span class='ocrx_word' id='word_1_91' title='bbox 498 1516 562 1581; x_wconf 75' lang='grc' dir='ltr'>τῇ</span> <span class='ocrx_word' id='word_1_92' title='bbox 605 1513 853 1585; x_wconf 71' lang='grc' dir='ltr'>βασιλείᾳ</span> <span class='ocrx_word' id='word_1_93' title='bbox 886 1515 918 1586; x_wconf 78' lang='grc' dir='ltr'>ἢ</span> <span class='ocrx_word' id='word_1_94' title='bbox 955 1516 1024 1568; x_wconf 80' lang='grc' dir='ltr'>δι’</span> <span class='ocrx_word' id='word_1_95' title='bbox 1056 1513 1277 1582; x_wconf 75' lang='grc' dir='ltr'>ἑαυτοῦ,</span> <span class='ocrx_word' id='word_1_96' title='bbox 1319 1515 1353 1583; x_wconf 77' lang='grc' dir='ltr'><strong>ἢ</strong></span> <span class='ocrx_word' id='word_1_97' title='bbox 1402 1513 1469 1566; x_wconf 71' lang='grc' dir='ltr'><strong>δι’</strong></span> <span class='ocrx_word' id='word_1_98' title='bbox 1502 1513 1818 1581; x_wconf 76' lang='grc' dir='ltr'>οῑουδήποτε</span> 
     </span>
    </p>
   </div>
   <div class='ocr_carea' id='block_1_17' title="bbox 246 1620 573 1671">
    <p class='ocr_par' dir='ltr' id='par_1_17' title="bbox 246 1620 573 1671">
     <span class='ocr_line' id='line_1_17' title="bbox 246 1620 573 1671; baseline 0.009 -16"><span class='ocrx_word' id='word_1_99' title='bbox 246 1620 573 1671; x_wconf 78' lang='grc' dir='ltr'>προσωπου.</span> 
     </span>
    </p>
   </div>
   <div class='ocr_carea' id='block_1_18' title="bbox 323 1696 1816 1769">
    <p class='ocr_par' dir='ltr' id='par_1_18' title="bbox 323 1696 1816 1769">
     <span class='ocr_line' id='line_1_18' title="bbox 323 1696 1816 1769; baseline -0.002 -20"><span class='ocrx_word' id='word_1_100' title='bbox 323 1697 389 1765; x_wconf 89' lang='grc' dir='ltr'>β’.</span> <span class='ocrx_word' id='word_1_101' title='bbox 440 1699 566 1750; x_wconf 68' lang='grc' dir='ltr'>Ἐὰν</span> <span class='ocrx_word' id='word_1_102' title='bbox 602 1698 900 1769; x_wconf 82' lang='grc' dir='ltr'>οίῳδήποτε</span> <span class='ocrx_word' id='word_1_103' title='bbox 931 1697 1121 1769; x_wconf 83' lang='grc' dir='ltr'>τρόπῳ</span> <span class='ocrx_word' id='word_1_104' title='bbox 1173 1696 1536 1767; x_wconf 71' lang='grc' dir='ltr'>ὲπιδουλεύσῃ</span> <span class='ocrx_word' id='word_1_105' title='bbox 1588 1698 1654 1766; x_wconf 77' lang='grc' dir='ltr'>τῇ</span> <span class='ocrx_word' id='word_1_106' title='bbox 1707 1696 1816 1764; x_wconf 70' lang='grc' dir='ltr'>ζωῇ</span> 
     </span>
    </p>
   </div>
   <div class='ocr_carea' id='block_1_19' title="bbox 243 1792 675 1860">
    <p class='ocr_par' dir='ltr' id='par_1_19' title="bbox 243 1792 675 1860">
     <span class='ocr_line' id='line_1_19' title="bbox 243 1792 675 1860; baseline 0.012 -19"><span class='ocrx_word' id='word_1_107' title='bbox 243 1792 351 1860; x_wconf 82' lang='grc' dir='ltr'>τῆς</span> <span class='ocrx_word' id='word_1_108' title='bbox 392 1792 675 1857; x_wconf 82' lang='grc' dir='ltr'>γυναικό;.</span> 
     </span>
    </p>
   </div>
   <div class='ocr_carea' id='block_1_20' title="bbox 326 1854 1900 1951">
    <p class='ocr_par' dir='ltr' id='par_1_20' title="bbox 326 1854 1900 1951">
     <span class='ocr_line' id='line_1_20' title="bbox 326 1854 1900 1951; baseline -0.01 -12"><span class='ocrx_word' id='word_1_109' title='bbox 326 1854 567 1945; x_wconf 32' lang='grc' dir='ltr'>γ’.“⁹Εὰν</span> <span class='ocrx_word' id='word_1_110' title='bbox 624 1882 691 1951; x_wconf 80' lang='grc' dir='ltr'>τῇ</span> <span class='ocrx_word' id='word_1_111' title='bbox 751 1883 850 1950; x_wconf 74' lang='grc' dir='ltr'>τῆς</span> <span class='ocrx_word' id='word_1_112' title='bbox 902 1880 1162 1948; x_wconf 75' lang='grc' dir='ltr'>γυναικὸς</span> <span class='ocrx_word' id='word_1_113' title='bbox 1225 1876 1549 1947; x_wconf 68' lang='grc' dir='ltr'>σωφροσύνῃ</span> <span class='ocrx_word' id='word_1_114' title='bbox 1605 1854 1900 1926; x_wconf 74' lang='grc' dir='ltr'>ὲπιόου-Β</span> 
     </span>
    </p>
   </div>
   <div class='ocr_carea' id='block_1_21' title="bbox 247 1967 1822 2041">
    <p class='ocr_par' dir='ltr' id='par_1_21' title="bbox 247 1967 1822 2041">
     <span class='ocr_line' id='line_1_21' title="bbox 247 1967 1822 2041; baseline -0.002 -21"><span class='ocrx_word' id='word_1_115' title='bbox 247 1970 451 2031; x_wconf 84' lang='grc' dir='ltr'>λεύων,</span> <span class='ocrx_word' id='word_1_116' title='bbox 480 1970 662 2034; x_wconf 76' lang='grc' dir='ltr'>ἄλλοις</span> <span class='ocrx_word' id='word_1_117' title='bbox 690 1971 861 2041; x_wconf 80' lang='grc' dir='ltr'>αὐτὴν</span> <span class='ocrx_word' id='word_1_118' title='bbox 900 1972 979 2034; x_wconf 86' lang='grc' dir='ltr'><strong>είς</strong></span> <span class='ocrx_word' id='word_1_119' title='bbox 1007 1972 1068 2024; x_wconf 80' lang='grc' dir='ltr'>τὸ</span> <span class='ocrx_word' id='word_1_120' title='bbox 1104 1969 1460 2040; x_wconf 70' lang='grc' dir='ltr'><strong>μοιχευθῆναι</strong></span> <span class='ocrx_word' id='word_1_121' title='bbox 1492 1967 1822 2037; x_wconf 73' lang='grc' dir='ltr'><strong>ἐπιχειρήσῃ</strong></span> 
     </span>
    </p>
   </div>
   <div class='ocr_carea' id='block_1_22' title="bbox 252 2062 574 2129">
    <p class='ocr_par' dir='ltr' id='par_1_22' title="bbox 252 2062 574 2129">
     <span class='ocr_line' id='line_1_22' title="bbox 252 2062 574 2129; baseline 0.009 -15"><span class='ocrx_word' id='word_1_122' title='bbox 252 2062 574 2129; x_wconf 73' lang='grc' dir='ltr'>προδοῦναι.</span> 
     </span>
    </p>
   </div>
   <div class='ocr_carea' id='block_1_23' title="bbox 323 2155 1823 2228">
    <p class='ocr_par' dir='ltr' id='par_1_23' title="bbox 323 2155 1823 2228">
     <span class='ocr_line' id='line_1_23' title="bbox 323 2155 1823 2228; baseline -0.004 -20"><span class='ocrx_word' id='word_1_123' title='bbox 323 2156 389 2208; x_wconf 84' lang='grc' dir='ltr'><strong>δ’.</strong></span> <span class='ocrx_word' id='word_1_124' title='bbox 436 2157 492 2208; x_wconf 80' lang='grc' dir='ltr'>Ἐ</span> <span class='ocrx_word' id='word_1_125' title='bbox 507 2158 560 2205; x_wconf 61' lang='grc' dir='ltr'>ὶν</span> <span class='ocrx_word' id='word_1_126' title='bbox 589 2157 974 2228; x_wconf 79' lang='grc' dir='ltr'>κατηγορήσας</span> <span class='ocrx_word' id='word_1_127' title='bbox 1008 2157 1174 2227; x_wconf 74' lang='grc' dir='ltr'>αὐτῆς</span> <span class='ocrx_word' id='word_1_128' title='bbox 1220 2157 1248 2209; x_wconf 87' lang='grc' dir='ltr'>ὁ</span> <span class='ocrx_word' id='word_1_129' title='bbox 1274 2155 1416 2224; x_wconf 70' lang='grc' dir='ltr'>ἀνὴρ</span> <span class='ocrx_word' id='word_1_130' title='bbox 1448 2155 1539 2205; x_wconf 72' lang='grc' dir='ltr'><strong>ἐπὶ</strong></span> <span class='ocrx_word' id='word_1_131' title='bbox 1586 2156 1823 2222; x_wconf 74' lang='grc' dir='ltr'>μοιχεὲᾳ,</span> 
     </span>
    </p>
   </div>
   <div class='ocr_carea' id='block_1_24' title="bbox 255 2249 1371 2320">
    <p class='ocr_par' dir='ltr' id='par_1_24' title="bbox 255 2249 1371 2320">
     <span class='ocr_line' id='line_1_24' title="bbox 255 2249 1371 2320; baseline 0.002 -20"><span class='ocrx_word' id='word_1_132' title='bbox 255 2249 336 2318; x_wconf 81' lang='grc' dir='ltr'>μὴ</span> <span class='ocrx_word' id='word_1_133' title='bbox 364 2250 647 2320; x_wconf 76' lang='grc' dir='ltr'>ἀποδείξῃ.</span> <span class='ocrx_word' id='word_1_134' title='bbox 1368 2278 1371 2279; x_wconf 52' lang='grc' dir='ltr'><strong>ν</strong></span> 
     </span>
    </p>
   </div>
   <div class='ocr_carea' id='block_1_25' title="bbox 330 2331 1829 2411">
    <p class='ocr_par' dir='ltr' id='par_1_25' title="bbox 330 2331 1829 2411">
     <span class='ocr_line' id='line_1_25' title="bbox 330 2331 1829 2411; baseline -0.005 -19"><span class='ocrx_word' id='word_1_135' title='bbox 330 2337 392 2392; x_wconf 86' lang='grc' dir='ltr'>ε’.</span> <span class='ocrx_word' id='word_1_136' title='bbox 442 2339 564 2392; x_wconf 73' lang='grc' dir='ltr'><strong>Ἐὰν</strong></span> <span class='ocrx_word' id='word_1_137' title='bbox 610 2341 776 2411; x_wconf 77' lang='grc' dir='ltr'>ἑτέρᾳ</span> <span class='ocrx_word' id='word_1_138' title='bbox 831 2339 1165 2408; x_wconf 81' lang='grc' dir='ltr'>συνέρχηται</span> <span class='ocrx_word' id='word_1_139' title='bbox 1204 2337 1426 2406; x_wconf 75' lang='grc' dir='ltr'>γυναικὶ</span> <span class='ocrx_word' id='word_1_140' title='bbox 1464 2336 1521 2389; x_wconf 79' lang='grc' dir='ltr'>ὲν</span> <span class='ocrx_word' id='word_1_141' title='bbox 1568 2333 1646 2403; x_wconf 82' lang='grc' dir='ltr'><strong>τῷ</strong></span> <span class='ocrx_word' id='word_1_142' title='bbox 1677 2331 1829 2402; x_wconf 79' lang='grc' dir='ltr'>αὐτῷ</span> 
     </span>
    </p>
   </div>
   <div class='ocr_carea' id='block_1_26' title="bbox 254 2427 1830 2501">
    <p class='ocr_par' dir='ltr' id='par_1_26' title="bbox 254 2427 1830 2501">
     <span class='ocr_line' id='line_1_26' title="bbox 254 2427 1830 2501; baseline -0.003 -18"><span class='ocrx_word' id='word_1_143' title='bbox 254 2431 417 2501; x_wconf 79' lang='grc' dir='ltr'>οἴκῳ,</span> <span class='ocrx_word' id='word_1_144' title='bbox 454 2432 486 2500; x_wconf 82' lang='grc' dir='ltr'>ἢ</span> <span class='ocrx_word' id='word_1_145' title='bbox 511 2435 576 2500; x_wconf 80' lang='grc' dir='ltr'>τῇ</span> <span class='ocrx_word' id='word_1_146' title='bbox 608 2432 747 2500; x_wconf 80' lang='grc' dir='ltr'>αὐτῇ</span> <span class='ocrx_word' id='word_1_147' title='bbox 777 2432 948 2493; x_wconf 81' lang='grc' dir='ltr'>πόλει,</span> <span class='ocrx_word' id='word_1_148' title='bbox 980 2435 1074 2483; x_wconf 56' lang='grc' dir='ltr'><strong>καὶ⁸</strong></span> <span class='ocrx_word' id='word_1_149' title='bbox 1103 2429 1470 2498; x_wconf 63' lang='grc' dir='ltr'>ὑπομνησθεὶς</span> <span class='ocrx_word' id='word_1_150' title='bbox 1502 2428 1631 2497; x_wconf 84' lang='grc' dir='ltr'>παρ’</span> <span class='ocrx_word' id='word_1_151' title='bbox 1660 2427 1830 2494; x_wconf 79' lang='grc' dir='ltr'>αὐτῆς</span> 
     </span>
    </p>
   </div>
   <div class='ocr_carea' id='block_1_27' title="bbox 254 2519 1833 2593">
    <p class='ocr_par' dir='ltr' id='par_1_27' title="bbox 254 2519 1833 2593">
     <span class='ocr_line' id='line_1_27' title="bbox 254 2519 1833 2593; baseline -0.002 -21"><span class='ocrx_word' id='word_1_152' title='bbox 254 2523 293 2592; x_wconf 75' lang='grc' dir='ltr'>ἢ</span> <span class='ocrx_word' id='word_1_153' title='bbox 334 2524 445 2573; x_wconf 85' lang='grc' dir='ltr'>τῶν</span> <span class='ocrx_word' id='word_1_154' title='bbox 479 2524 679 2588; x_wconf 80' lang='grc' dir='ltr'>γονέων</span> <span class='ocrx_word' id='word_1_155' title='bbox 710 2522 899 2591; x_wconf 80' lang='grc' dir='ltr'>αὐτῆς,</span> <span class='ocrx_word' id='word_1_156' title='bbox 931 2520 1318 2593; x_wconf 74' lang='grc' dir='ltr'>ἠοίουδὴτινος</span> <span class='ocrx_word' id='word_1_157' title='bbox 1346 2520 1554 2587; x_wconf 79' lang='grc' dir='ltr'>ἑτέρου,</span> <span class='ocrx_word' id='word_1_158' title='bbox 1595 2519 1833 2587; x_wconf 81' lang='grc' dir='ltr'>ἀποσχέ-</span> 
     </span>
    </p>
   </div>
   <div class='ocr_carea' id='block_1_28' title="bbox 261 2614 819 2683">
    <p class='ocr_par' dir='ltr' id='par_1_28' title="bbox 261 2614 819 2683">
     <span class='ocr_line' id='line_1_28' title="bbox 261 2614 819 2683; baseline 0.002 -17"><span class='ocrx_word' id='word_1_159' title='bbox 261 2615 390 2666; x_wconf 90' lang='grc' dir='ltr'>σθαι</span> <span class='ocrx_word' id='word_1_160' title='bbox 432 2615 506 2683; x_wconf 75' lang='grc' dir='ltr'>μὴ</span> <span class='ocrx_word' id='word_1_161' title='bbox 540 2614 819 2682; x_wconf 84' lang='grc' dir='ltr'>βούληται.</span> 
     </span>
    </p>
   </div>
   <div class='ocr_carea' id='block_1_29' title="bbox 350 2702 1833 2775">
    <p class='ocr_par' dir='ltr' id='par_1_29' title="bbox 350 2702 1833 2775">
     <span class='ocr_line' id='line_1_29' title="bbox 350 2702 1833 2775; baseline -0.001 -18"><span class='ocrx_word' id='word_1_162' title='bbox 350 2706 468 2757; x_wconf 80' lang='grc' dir='ltr'><strong>Ἐπὶ</strong></span> <span class='ocrx_word' id='word_1_163' title='bbox 496 2708 705 2767; x_wconf 81' lang='grc' dir='ltr'><strong>τούτοις</strong></span> <span class='ocrx_word' id='word_1_164' title='bbox 738 2704 812 2775; x_wconf 83' lang='grc' dir='ltr'>μὴ</span> <span class='ocrx_word' id='word_1_165' title='bbox 859 2703 1018 2775; x_wconf 81' lang='grc' dir='ltr'>μόνον</span> <span class='ocrx_word' id='word_1_166' title='bbox 1046 2705 1146 2774; x_wconf 80' lang='grc' dir='ltr'>τὴν</span> <span class='ocrx_word' id='word_1_167' title='bbox 1196 2704 1304 2775; x_wconf 71' lang='grc' dir='ltr'><strong>πρὸ</strong></span> <span class='ocrx_word' id='word_1_168' title='bbox 1333 2704 1515 2773; x_wconf 76' lang='grc' dir='ltr'>γάμου</span> <span class='ocrx_word' id='word_1_169' title='bbox 1567 2702 1775 2772; x_wconf 79' lang='grc' dir='ltr'>δωρεὰν</span> <span class='ocrx_word' id='word_1_170' title='bbox 1805 2703 1833 2755; x_wconf 85' lang='grc' dir='ltr'>ὁ</span> 
     </span>
    </p>
   </div>
   <div class='ocr_carea' id='block_1_30' title="bbox 261 2796 1832 2868">
    <p class='ocr_par' dir='ltr' id='par_1_30' title="bbox 261 2796 1832 2868">
     <span class='ocr_line' id='line_1_30' title="bbox 261 2796 1832 2868; baseline -0.001 -19"><span class='ocrx_word' id='word_1_171' title='bbox 261 2796 408 2867; x_wconf 77' lang='grc' dir='ltr'>ἀνὴρ</span> <span class='ocrx_word' id='word_1_172' title='bbox 444 2796 760 2865; x_wconf 75' lang='grc' dir='ltr'>ζημιοῦται,</span> <span class='ocrx_word' id='word_1_173' title='bbox 798 2798 935 2850; x_wconf 81' lang='grc' dir='ltr'>ἀλλὰ</span> <span class='ocrx_word' id='word_1_174' title='bbox 982 2797 1076 2851; x_wconf 80' lang='grc' dir='ltr'>καὶ</span> <span class='ocrx_word' id='word_1_175' title='bbox 1102 2796 1288 2868; x_wconf 66' lang='grc' dir='ltr'>ἕτερον</span> <span class='ocrx_word' id='word_1_176' title='bbox 1316 2799 1500 2866; x_wconf 84' lang='grc' dir='ltr'>τρίτον</span> <span class='ocrx_word' id='word_1_177' title='bbox 1548 2796 1718 2866; x_wconf 82' lang='grc' dir='ltr'>αὐτῆς</span> <span class='ocrx_word' id='word_1_178' title='bbox 1768 2797 1832 2848; x_wconf 81' lang='grc' dir='ltr'>ὲκ</span> 
     </span>
    </p>
   </div>
   <div class='ocr_carea' id='block_1_31' title="bbox 262 2886 1833 2958">
    <p class='ocr_par' dir='ltr' id='par_1_31' title="bbox 262 2886 1833 2958">
     <span class='ocr_line' id='line_1_31' title="bbox 262 2886 1833 2958; baseline -0.001 -19"><span class='ocrx_word' id='word_1_179' title='bbox 262 2889 365 2956; x_wconf 81' lang='grc' dir='ltr'>τῆς</span> <span class='ocrx_word' id='word_1_180' title='bbox 410 2886 575 2955; x_wconf 78' lang='grc' dir='ltr'>ἄλλης</span> <span class='ocrx_word' id='word_1_181' title='bbox 624 2888 788 2941; x_wconf 82' lang='grc' dir='ltr'>αύτού</span> <span class='ocrx_word' id='word_1_182' title='bbox 846 2888 1192 2958; x_wconf 73' lang='grc' dir='ltr'>περιουσίας,</span> <span class='ocrx_word' id='word_1_183' title='bbox 1252 2889 1347 2941; x_wconf 76' lang='grc' dir='ltr'>καὶ</span> <span class='ocrx_word' id='word_1_184' title='bbox 1403 2890 1501 2950; x_wconf 83' lang='grc' dir='ltr'>τὰς</span> <span class='ocrx_word' id='word_1_185' title='bbox 1563 2886 1833 2956; x_wconf 83' lang='grc' dir='ltr'>τιμωρίας</span> 
     </span>
    </p>
   </div>
   <div class='ocr_carea' id='block_1_32' title="bbox 265 2978 1838 3050">
    <p class='ocr_par' dir='ltr' id='par_1_32' title="bbox 265 2978 1838 3050">
     <span class='ocr_line' id='line_1_32' title="bbox 265 2978 1838 3050; baseline 0 -20"><span class='ocrx_word' id='word_1_186' title='bbox 265 2978 674 3045; x_wconf 66' lang='grc' dir='ltr'>ὑφίσταται,ᾱς</span> <span class='ocrx_word' id='word_1_187' title='bbox 730 2979 924 3050; x_wconf 72' lang='grc' dir='ltr'>ἔμελλε</span> <span class='ocrx_word' id='word_1_188' title='bbox 979 2980 1175 3035; x_wconf 78' lang='grc' dir='ltr'><strong>παθεῖν</strong></span> <span class='ocrx_word' id='word_1_189' title='bbox 1229 2982 1259 3050; x_wconf 73' lang='grc' dir='ltr'>ἡ</span> <span class='ocrx_word' id='word_1_190' title='bbox 1303 2981 1443 3050; x_wconf 81' lang='grc' dir='ltr'>γυνὴ</span> <span class='ocrx_word' id='word_1_191' title='bbox 1480 2978 1838 3040; x_wconf 75' lang='grc' dir='ltr'>καταδικαζο-</span> 
     </span>
    </p>
   </div>
   <div class='ocr_carea' id='block_1_33' title="bbox 270 3071 433 3141">
    <p class='ocr_par' dir='ltr' id='par_1_33' title="bbox 270 3071 433 3141">
     <span class='ocr_line' id='line_1_33' title="bbox 270 3071 433 3141; baseline 0.006 -18"><span class='ocrx_word' id='word_1_192' title='bbox 270 3071 433 3141; x_wconf 81' lang='grc' dir='ltr'>μένη.</span> 
     </span>
    </p>
   </div>
   <div class='ocr_carea' id='block_1_34' title="bbox 1919 592 3378 664">
    <p class='ocr_par' dir='ltr' id='par_1_34' title="bbox 1919 592 3378 664">
     <span class='ocr_line' id='line_1_34' title="bbox 1919 592 3378 664; baseline -0.001 -11"><span class='ocrx_word' id='word_1_193' title='bbox 1919 598 2195 653; x_wconf 81' lang='lat' dir='ltr'><strong>Novellam</strong></span> <span class='ocrx_word' id='word_1_194' title='bbox 2227 595 2549 659; x_wconf 83' lang='lat' dir='ltr'><strong>Justiniani,</strong></span> <span class='ocrx_word' id='word_1_195' title='bbox 2585 604 2636 650; x_wconf 89' lang='lat' dir='ltr'><strong>et</strong></span> <span class='ocrx_word' id='word_1_196' title='bbox 2668 593 2873 649; x_wconf 81' lang='lat' dir='ltr'><strong>Leonis</strong></span> <span class='ocrx_word' id='word_1_197' title='bbox 2898 594 3048 649; x_wconf 90' lang='lat' dir='ltr'><strong>illius</strong></span> <span class='ocrx_word' id='word_1_198' title='bbox 3077 592 3378 664; x_wconf 71' lang='lat' dir='ltr'><strong>Sapientis.</strong></span> 
     </span>
    </p>
   </div>
   <div class='ocr_carea' id='block_1_35' title="bbox 2479 686 2922 742">
    <p class='ocr_par' dir='ltr' id='par_1_35' title="bbox 2479 686 2922 742">
     <span class='ocr_line' id='line_1_35' title="bbox 2479 686 2922 742; baseline -0.009 0"><span class='ocrx_word' id='word_1_199' title='bbox 2479 686 2671 742; x_wconf 71' lang='lat' dir='ltr'><strong>Causa:</strong></span> <span class='ocrx_word' id='word_1_200' title='bbox 2718 686 2922 738; x_wconf 86' lang='lat' dir='ltr'><strong>mariti.</strong></span> 
     </span>
    </p>
   </div>
   <div class='ocr_carea' id='block_1_36' title="bbox 1989 776 3489 845">
    <p class='ocr_par' dir='ltr' id='par_1_36' title="bbox 1989 776 3489 845">
     <span class='ocr_line' id='line_1_36' title="bbox 1989 776 3489 845; baseline -0.003 -11"><span class='ocrx_word' id='word_1_201' title='bbox 1989 780 2138 834; x_wconf 74' lang='lat' dir='ltr'><strong>Uxor</strong></span> <span class='ocrx_word' id='word_1_202' title='bbox 2175 789 2354 833; x_wconf 88' lang='lat' dir='ltr'><strong>autem</strong></span> <span class='ocrx_word' id='word_1_203' title='bbox 2384 779 2579 832; x_wconf 90' lang='lat' dir='ltr'><strong>marito</strong></span> <span class='ocrx_word' id='word_1_204' title='bbox 2620 779 2906 845; x_wconf 83' lang='lat' dir='ltr'><strong>repudium</strong></span> <span class='ocrx_word' id='word_1_205' title='bbox 2931 776 3100 829; x_wconf 92' lang='lat' dir='ltr'><strong>mittit</strong></span> <span class='ocrx_word' id='word_1_206' title='bbox 3138 787 3361 845; x_wconf 82' lang='lat' dir='ltr'><strong>propter</strong></span> <span class='ocrx_word' id='word_1_207' title='bbox 3387 776 3489 830; x_wconf 79' lang='lat' dir='ltr'><strong>has</strong></span> 
     </span>
    </p>
   </div>
   <div class='ocr_carea' id='block_1_37' title="bbox 1918 872 3484 936">
    <p class='ocr_par' dir='ltr' id='par_1_37' title="bbox 1918 872 3484 936">
     <span class='ocr_line' id='line_1_37' title="bbox 1918 872 3484 936; baseline -0.004 -8"><span class='ocrx_word' id='word_1_208' title='bbox 1918 890 2137 936; x_wconf 80' lang='lat' dir='ltr'><strong>causas,</strong></span> <span class='ocrx_word' id='word_1_209' title='bbox 2167 889 2290 927; x_wconf 89' lang='lat' dir='ltr'><strong>cum</strong></span> <span class='ocrx_word' id='word_1_210' title='bbox 2317 872 2569 925; x_wconf 67' lang='lat' dir='ltr'><strong>facultate</strong></span> <span class='ocrx_word' id='word_1_211' title='bbox 2601 873 2785 925; x_wconf 80' lang='lat' dir='ltr'><strong>dotem</strong></span> <span class='ocrx_word' id='word_1_212' title='bbox 2813 886 2995 935; x_wconf 88' lang='lat' dir='ltr'><strong>suam,</strong></span> <span class='ocrx_word' id='word_1_213' title='bbox 3037 881 3091 923; x_wconf 89' lang='lat' dir='ltr'><strong>et</strong></span> <span class='ocrx_word' id='word_1_214' title='bbox 3133 873 3484 923; x_wconf 83' lang='lat' dir='ltr'><strong>donationem</strong></span> 
     </span>
    </p>
   </div>
   <div class='ocr_carea' id='block_1_38' title="bbox 1920 960 3491 1034">
    <p class='ocr_par' dir='ltr' id='par_1_38' title="bbox 1920 960 3491 1034">
     <span class='ocr_line' id='line_1_38' title="bbox 1920 960 3491 1034; baseline -0.004 -17"><span class='ocrx_word' id='word_1_215' title='bbox 1920 966 2019 1018; x_wconf 89' lang='lat' dir='ltr'><strong>viri</strong></span> <span class='ocrx_word' id='word_1_216' title='bbox 2088 974 2306 1034; x_wconf 81' lang='lat' dir='ltr'><strong>prepter</strong></span> <span class='ocrx_word' id='word_1_217' title='bbox 2358 963 2599 1031; x_wconf 88' lang='lat' dir='ltr'><strong>nuptias,</strong></span> <span class='ocrx_word' id='word_1_218' title='bbox 2634 962 2951 1030; x_wconf 86' lang='lat' dir='ltr'><strong>recipiendi,</strong></span> <span class='ocrx_word' id='word_1_219' title='bbox 2989 962 3181 1015; x_wconf 88' lang='lat' dir='ltr'><strong>liberis</strong></span> <span class='ocrx_word' id='word_1_220' title='bbox 3231 960 3491 1013; x_wconf 83' lang='lat' dir='ltr'><strong>consimi-</strong></span> 
     </span>
    </p>
   </div>
   <div class='ocr_carea' id='block_1_39' title="bbox 1920 1040 3477 1119">
    <p class='ocr_par' dir='ltr' id='par_1_39' title="bbox 1920 1040 3477 1119">
     <span class='ocr_line' id='line_1_39' title="bbox 1920 1040 3477 1119; baseline -0.003 -12"><span class='ocrx_word' id='word_1_221' title='bbox 1920 1057 2042 1111; x_wconf 90' lang='lat' dir='ltr'><strong>liter</strong></span> <span class='ocrx_word' id='word_1_222' title='bbox 2083 1057 2136 1110; x_wconf 93' lang='lat' dir='ltr'><strong>in</strong></span> <span class='ocrx_word' id='word_1_223' title='bbox 2190 1056 2485 1109; x_wconf 81' lang='lat' dir='ltr'><strong>donatione</strong></span> <span class='ocrx_word' id='word_1_224' title='bbox 2515 1054 2894 1106; x_wconf 86' lang='lat' dir='ltr'><strong>conservando</strong></span> <span class='ocrx_word' id='word_1_225' title='bbox 2927 1052 3174 1105; x_wconf 88' lang='lat' dir='ltr'><strong>dominio</strong></span> <span class='ocrx_word' id='word_1_226' title='bbox 3218 1040 3332 1104; x_wconf 84' lang='lat' dir='ltr'><strong>sive</strong></span> <span class='ocrx_word' id='word_1_227' title='bbox 3369 1067 3477 1119; x_wconf 86' lang='lat' dir='ltr'><strong>pro</strong></span> 
     </span>
    </p>
   </div>
   <div class='ocr_carea' id='block_1_40' title="bbox 1918 1140 3491 1221">
    <p class='ocr_par' dir='ltr' id='par_1_40' title="bbox 1918 1140 3491 1221">
     <span class='ocr_line' id='line_1_40' title="bbox 1918 1140 3491 1221; baseline -0.006 -19"><span class='ocrx_word' id='word_1_228' title='bbox 1918 1151 2169 1219; x_wconf 80' lang='lat' dir='ltr'><strong>prictate,</strong></span> <span class='ocrx_word' id='word_1_229' title='bbox 2230 1147 2309 1199; x_wconf 88' lang='lat' dir='ltr'><strong>vel</strong></span> <span class='ocrx_word' id='word_1_230' title='bbox 2340 1145 2525 1199; x_wconf 85' lang='lat' dir='ltr'><strong>liberis</strong></span> <span class='ocrx_word' id='word_1_231' title='bbox 2561 1159 2669 1221; x_wconf 88' lang='lat' dir='ltr'><strong>non</strong></span> <span class='ocrx_word' id='word_1_232' title='bbox 2693 1142 3269 1208; x_wconf 41' lang='lat' dir='ltr'><strong>exsmntibusyetiam</strong></span> <span class='ocrx_word' id='word_1_233' title='bbox 3307 1140 3491 1197; x_wconf 85' lang='lat' dir='ltr'><strong>domi-</strong></span> 
     </span>
    </p>
   </div>
   <div class='ocr_carea' id='block_1_41' title="bbox 1920 1226 2504 1309">
    <p class='ocr_par' dir='ltr' id='par_1_41' title="bbox 1920 1226 2504 1309">
     <span class='ocr_line' id='line_1_41' title="bbox 1920 1226 2504 1309; baseline -0.01 -12"><span class='ocrx_word' id='word_1_234' title='bbox 1920 1243 2071 1297; x_wconf 91' lang='lat' dir='ltr'><strong>nittm</strong></span> <span class='ocrx_word' id='word_1_235' title='bbox 2100 1242 2218 1309; x_wconf 86' lang='lat' dir='ltr'><strong>ejus</strong></span> <span class='ocrx_word' id='word_1_236' title='bbox 2249 1226 2504 1293; x_wconf 79' lang='lat' dir='ltr'><strong>habendi.</strong></span> 
     </span>
    </p>
   </div>
   <div class='ocr_carea' id='block_1_42' title="bbox 1994 1322 3488 1397">
    <p class='ocr_par' dir='ltr' id='par_1_42' title="bbox 1994 1322 3488 1397">
     <span class='ocr_line' id='line_1_42' title="bbox 1994 1322 3488 1397; baseline -0.007 -10"><span class='ocrx_word' id='word_1_237' title='bbox 1994 1334 2043 1387; x_wconf 81' lang='grc' dir='ltr'>Ι.</span> <span class='ocrx_word' id='word_1_238' title='bbox 2074 1332 2130 1386; x_wconf 81' lang='lat' dir='ltr'><strong>Si</strong></span> <span class='ocrx_word' id='word_1_239' title='bbox 2153 1329 2416 1385; x_wconf 86' lang='lat' dir='ltr'><strong>adversus</strong></span> <span class='ocrx_word' id='word_1_240' title='bbox 2451 1328 2791 1397; x_wconf 92' lang='lat' dir='ltr'><strong>majestatem</strong></span> <span class='ocrx_word' id='word_1_241' title='bbox 2814 1324 3081 1395; x_wconf 84' lang='lat' dir='ltr'><strong>principis</strong></span> <span class='ocrx_word' id='word_1_242' title='bbox 3106 1323 3191 1377; x_wconf 90' lang='lat' dir='ltr'><strong>vel</strong></span> <span class='ocrx_word' id='word_1_243' title='bbox 3217 1323 3333 1391; x_wconf 82' lang='lat' dir='ltr'><strong>ipse</strong></span> <span class='ocrx_word' id='word_1_244' title='bbox 3358 1322 3488 1392; x_wconf 90' lang='lat' dir='ltr'><strong>quid</strong></span> 
     </span>
    </p>
   </div>
   <div class='ocr_carea' id='block_1_43' title="bbox 1920 1415 3493 1489">
    <p class='ocr_par' dir='ltr' id='par_1_43' title="bbox 1920 1415 3493 1489">
     <span class='ocr_line' id='line_1_43' title="bbox 1920 1415 3493 1489; baseline -0.008 -11"><span class='ocrx_word' id='word_1_245' title='bbox 1920 1425 2144 1478; x_wconf 76' lang='lat' dir='ltr'><strong>molitus</strong></span> <span class='ocrx_word' id='word_1_246' title='bbox 2174 1422 2360 1485; x_wconf 80' lang='lat' dir='ltr'><strong>fuerit,</strong></span> <span class='ocrx_word' id='word_1_247' title='bbox 2394 1421 2477 1474; x_wconf 89' lang='lat' dir='ltr'><strong>vel</strong></span> <span class='ocrx_word' id='word_1_248' title='bbox 2510 1417 2789 1489; x_wconf 81' lang='lat' dir='ltr'><strong>aliquibus</strong></span> <span class='ocrx_word' id='word_1_249' title='bbox 2813 1415 3165 1470; x_wconf 86' lang='lat' dir='ltr'><strong>molientibus</strong></span> <span class='ocrx_word' id='word_1_250' title='bbox 3197 1416 3313 1482; x_wconf 89' lang='lat' dir='ltr'><strong>ipsc</strong></span> <span class='ocrx_word' id='word_1_251' title='bbox 3360 1429 3493 1468; x_wconf 90' lang='lat' dir='ltr'><strong>con-</strong></span> 
     </span>
    </p>
   </div>
   <div class='ocr_carea' id='block_1_44' title="bbox 1921 1508 3493 1586">
    <p class='ocr_par' dir='ltr' id='par_1_44' title="bbox 1921 1508 3493 1586">
     <span class='ocr_line' id='line_1_44' title="bbox 1921 1508 3493 1586; baseline -0.011 -11"><span class='ocrx_word' id='word_1_252' title='bbox 1921 1521 2093 1582; x_wconf 87' lang='lat' dir='ltr'><strong>scius,</strong></span> <span class='ocrx_word' id='word_1_253' title='bbox 2136 1519 2187 1571; x_wconf 90' lang='lat' dir='ltr'><strong>id</strong></span> <span class='ocrx_word' id='word_1_254' title='bbox 2236 1514 2475 1586; x_wconf 85' lang='lat' dir='ltr'><strong>principi</strong></span> <span class='ocrx_word' id='word_1_255' title='bbox 2511 1528 2617 1566; x_wconf 90' lang='lat' dir='ltr'><strong>non</strong></span> <span class='ocrx_word' id='word_1_256' title='bbox 2652 1508 2989 1580; x_wconf 78' lang='lat' dir='ltr'><strong>patefecerit,</strong></span> <span class='ocrx_word' id='word_1_257' title='bbox 3034 1508 3118 1562; x_wconf 87' lang='lat' dir='ltr'><strong>vel</strong></span> <span class='ocrx_word' id='word_1_258' title='bbox 3152 1524 3248 1578; x_wconf 90' lang='lat' dir='ltr'><strong>per</strong></span> <span class='ocrx_word' id='word_1_259' title='bbox 3294 1524 3373 1575; x_wconf 85' lang='lat' dir='ltr'><strong>se,</strong></span> <span class='ocrx_word' id='word_1_260' title='bbox 3409 1510 3493 1561; x_wconf 87' lang='lat' dir='ltr'><strong>vel</strong></span> 
     </span>
    </p>
   </div>
   <div class='ocr_carea' id='block_1_45' title="bbox 1924 1620 2795 1682">
    <p class='ocr_par' dir='ltr' id='par_1_45' title="bbox 1924 1620 2795 1682">
     <span class='ocr_line' id='line_1_45' title="bbox 1924 1620 2795 1682; baseline -0.01 -16"><span class='ocrx_word' id='word_1_261' title='bbox 1924 1628 2019 1682; x_wconf 91' lang='lat' dir='ltr'><strong>per</strong></span> <span class='ocrx_word' id='word_1_262' title='bbox 2052 1621 2438 1678; x_wconf 81' lang='lat' dir='ltr'><strong>quamcunque</strong></span> <span class='ocrx_word' id='word_1_263' title='bbox 2476 1620 2795 1676; x_wconf 83' lang='lat' dir='ltr'><strong>personam.</strong></span> 
     </span>
    </p>
   </div>
   <div class='ocr_carea' id='block_1_46' title="bbox 1992 1693 3495 1775">
    <p class='ocr_par' dir='ltr' id='par_1_46' title="bbox 1992 1693 3495 1775">
     <span class='ocr_line' id='line_1_46' title="bbox 1992 1693 3495 1775; baseline -0.007 -18"><span class='ocrx_word' id='word_1_264' title='bbox 1992 1702 2101 1775; x_wconf 66' lang='grc'><strong>74</strong></span> <span class='ocrx_word' id='word_1_265' title='bbox 2125 1703 2178 1758; x_wconf 73' lang='grc'>2.</span> <span class='ocrx_word' id='word_1_266' title='bbox 2213 1702 2271 1758; x_wconf 90' lang='lat' dir='ltr'><strong>Si</strong></span> <span class='ocrx_word' id='word_1_267' title='bbox 2303 1714 2635 1773; x_wconf 84' lang='lat' dir='ltr'><strong>quocunque</strong></span> <span class='ocrx_word' id='word_1_268' title='bbox 2658 1698 2821 1751; x_wconf 89' lang='lat' dir='ltr'><strong>modo</strong></span> <span class='ocrx_word' id='word_1_269' title='bbox 2842 1696 2964 1750; x_wconf 75' lang='lat' dir='ltr'><strong>vita:</strong></span> <span class='ocrx_word' id='word_1_270' title='bbox 2987 1695 3235 1765; x_wconf 80' lang='lat' dir='ltr'><strong>conjugis</strong></span> <span class='ocrx_word' id='word_1_271' title='bbox 3268 1693 3495 1749; x_wconf 87' lang='lat' dir='ltr'><strong>insidia-</strong></span> 
     </span>
    </p>
   </div>
   <div class='ocr_carea' id='block_1_47' title="bbox 1926 1798 2243 1851">
    <p class='ocr_par' dir='ltr' id='par_1_47' title="bbox 1926 1798 2243 1851">
     <span class='ocr_line' id='line_1_47' title="bbox 1926 1798 2243 1851; baseline -0.009 0"><span class='ocrx_word' id='word_1_272' title='bbox 1926 1806 2016 1851; x_wconf 88' lang='lat' dir='ltr'><strong>tus</strong></span> <span class='ocrx_word' id='word_1_273' title='bbox 2056 1798 2243 1851; x_wconf 77' lang='lat' dir='ltr'><strong>fuerit.</strong></span> 
     </span>
    </p>
   </div>
   <div class='ocr_carea' id='block_1_48' title="bbox 2000 1879 3497 1956">
    <p class='ocr_par' dir='ltr' id='par_1_48' title="bbox 2000 1879 3497 1956">
     <span class='ocr_line' id='line_1_48' title="bbox 2000 1879 3497 1956; baseline -0.005 -15"><span class='ocrx_word' id='word_1_274' title='bbox 2000 1888 2053 1941; x_wconf 80' lang='lat'><strong>5.</strong></span> <span class='ocrx_word' id='word_1_275' title='bbox 2085 1886 2141 1940; x_wconf 64' lang='lat' dir='ltr'><strong>Si</strong></span> <span class='ocrx_word' id='word_1_276' title='bbox 2192 1884 2472 1955; x_wconf 66' lang='lat' dir='ltr'><strong>pudicitiae</strong></span> <span class='ocrx_word' id='word_1_277' title='bbox 2523 1886 2773 1956; x_wconf 77' lang='lat' dir='ltr'><strong>conjugis</strong></span> <span class='ocrx_word' id='word_1_278' title='bbox 2826 1885 3055 1939; x_wconf 76' lang='lat' dir='ltr'><strong>insidias</strong></span> <span class='ocrx_word' id='word_1_279' title='bbox 3107 1891 3348 1945; x_wconf 88' lang='lat' dir='ltr'><strong>struens,</strong></span> <span class='ocrx_word' id='word_1_280' title='bbox 3374 1879 3497 1933; x_wconf 89' lang='lat' dir='ltr'><strong>aliis</strong></span> 
     </span>
    </p>
   </div>
   <div class='ocr_carea' id='block_1_49' title="bbox 1933 1975 3174 2045">
    <p class='ocr_par' dir='ltr' id='par_1_49' title="bbox 1933 1975 3174 2045">
     <span class='ocr_line' id='line_1_49' title="bbox 1933 1975 3174 2045; baseline 0 -16"><span class='ocrx_word' id='word_1_281' title='bbox 1933 1993 2048 2032; x_wconf 69' lang='lat' dir='ltr'><strong>iam</strong></span> <span class='ocrx_word' id='word_1_282' title='bbox 2086 1978 2441 2045; x_wconf 79' lang='lat' dir='ltr'><strong>stuprandam</strong></span> <span class='ocrx_word' id='word_1_283' title='bbox 2484 1978 2696 2032; x_wconf 86' lang='lat' dir='ltr'><strong>tradere</strong></span> <span class='ocrx_word' id='word_1_284' title='bbox 2730 1990 2959 2032; x_wconf 80' lang='lat' dir='ltr'><strong>conatus</strong></span> <span class='ocrx_word' id='word_1_285' title='bbox 2990 1975 3174 2030; x_wconf 82' lang='lat' dir='ltr'><strong>fuerit.</strong></span> 
     </span>
    </p>
   </div>
   <div class='ocr_carea' id='block_1_50' title="bbox 2008 2164 3501 2232">
    <p class='ocr_par' dir='ltr' id='par_1_50' title="bbox 2008 2164 3501 2232">
     <span class='ocr_line' id='line_1_50' title="bbox 2008 2164 3501 2232; baseline -0.008 -11"><span class='ocrx_word' id='word_1_286' title='bbox 2008 2193 2055 2221; x_wconf 61' lang='grc' dir='ltr'>ηρ.</span> <span class='ocrx_word' id='word_1_287' title='bbox 2089 2166 2145 2220; x_wconf 78' lang='lat' dir='ltr'><strong>Si</strong></span> <span class='ocrx_word' id='word_1_288' title='bbox 2185 2166 2435 2232; x_wconf 85' lang='lat' dir='ltr'><strong>maritus,</strong></span> <span class='ocrx_word' id='word_1_289' title='bbox 2470 2181 2637 2221; x_wconf 78' lang='lat' dir='ltr'><strong>uxore</strong></span> <span class='ocrx_word' id='word_1_290' title='bbox 2662 2164 2915 2219; x_wconf 89' lang='lat' dir='ltr'><strong>adulterii</strong></span> <span class='ocrx_word' id='word_1_291' title='bbox 2941 2170 3224 2226; x_wconf 87' lang='lat' dir='ltr'><strong>accusata,</strong></span> <span class='ocrx_word' id='word_1_292' title='bbox 3250 2174 3362 2214; x_wconf 85' lang='lat' dir='ltr'><strong>rem</strong></span> <span class='ocrx_word' id='word_1_293' title='bbox 3392 2171 3501 2213; x_wconf 89' lang='lat' dir='ltr'><strong>non</strong></span> 
     </span>
    </p>
   </div>
   <div class='ocr_carea' id='block_1_51' title="bbox 1935 2260 2271 2330">
    <p class='ocr_par' dir='ltr' id='par_1_51' title="bbox 1935 2260 2271 2330">
     <span class='ocr_line' id='line_1_51' title="bbox 1935 2260 2271 2330; baseline 0.009 -18"><span class='ocrx_word' id='word_1_294' title='bbox 1935 2260 2271 2330; x_wconf 80' lang='lat' dir='ltr'><strong>probaverit.</strong></span> 
     </span>
    </p>
   </div>
   <div class='ocr_carea' id='block_1_52' title="bbox 2004 2341 3497 2409">
    <p class='ocr_par' dir='ltr' id='par_1_52' title="bbox 2004 2341 3497 2409">
     <span class='ocr_line' id='line_1_52' title="bbox 2004 2341 3497 2409; baseline -0.005 -6"><span class='ocrx_word' id='word_1_295' title='bbox 2004 2352 2056 2404; x_wconf 77' lang='lat'><strong>5.</strong></span> <span class='ocrx_word' id='word_1_296' title='bbox 2092 2352 2147 2402; x_wconf 88' lang='lat' dir='ltr'><strong>Si</strong></span> <span class='ocrx_word' id='word_1_297' title='bbox 2170 2351 2274 2405; x_wconf 86' lang='lat' dir='ltr'><strong>alia</strong></span> <span class='ocrx_word' id='word_1_298' title='bbox 2300 2364 2425 2403; x_wconf 84' lang='lat' dir='ltr'><strong>cum</strong></span> <span class='ocrx_word' id='word_1_299' title='bbox 2452 2348 2680 2401; x_wconf 89' lang='lat' dir='ltr'><strong>muliere</strong></span> <span class='ocrx_word' id='word_1_300' title='bbox 2700 2356 2855 2402; x_wconf 89' lang='lat' dir='ltr'><strong>coeat</strong></span> <span class='ocrx_word' id='word_1_301' title='bbox 2910 2348 2965 2400; x_wconf 91' lang='lat' dir='ltr'><strong>in</strong></span> <span class='ocrx_word' id='word_1_302' title='bbox 2989 2345 3177 2399; x_wconf 88' lang='lat' dir='ltr'><strong>eadem</strong></span> <span class='ocrx_word' id='word_1_303' title='bbox 3201 2345 3385 2409; x_wconf 78' lang='lat' dir='ltr'><strong>d‘omo,</strong></span> <span class='ocrx_word' id='word_1_304' title='bbox 3413 2341 3497 2396; x_wconf 83' lang='lat' dir='ltr'><strong>vel</strong></span> 
     </span>
    </p>
   </div>
   <div class='ocr_carea' id='block_1_53' title="bbox 1936 2436 3507 2505">
    <p class='ocr_par' dir='ltr' id='par_1_53' title="bbox 1936 2436 3507 2505">
     <span class='ocr_line' id='line_1_53' title="bbox 1936 2436 3507 2505; baseline -0.003 -12"><span class='ocrx_word' id='word_1_305' title='bbox 1936 2442 2125 2494; x_wconf 86' lang='lat' dir='ltr'><strong>eadem</strong></span> <span class='ocrx_word' id='word_1_306' title='bbox 2179 2441 2421 2505; x_wconf 86' lang='lat' dir='ltr'><strong>civitate,</strong></span> <span class='ocrx_word' id='word_1_307' title='bbox 2465 2454 2528 2493; x_wconf 89' lang='lat' dir='ltr'><strong>ac</strong></span> <span class='ocrx_word' id='word_1_308' title='bbox 2574 2438 2815 2492; x_wconf 89' lang='lat' dir='ltr'><strong>monitus</strong></span> <span class='ocrx_word' id='word_1_309' title='bbox 2860 2437 2929 2490; x_wconf 81' lang='lat' dir='ltr'><strong>ab</strong></span> <span class='ocrx_word' id='word_1_310' title='bbox 2963 2452 3153 2499; x_wconf 76' lang='lat' dir='ltr'><strong>uxore,</strong></span> <span class='ocrx_word' id='word_1_311' title='bbox 3199 2436 3281 2488; x_wconf 85' lang='lat' dir='ltr'><strong>vel</strong></span> <span class='ocrx_word' id='word_1_312' title='bbox 3310 2450 3507 2504; x_wconf 83' lang='lat' dir='ltr'><strong>paren-</strong></span> 
     </span>
    </p>
   </div>
   <div class='ocr_carea' id='block_1_54' title="bbox 1938 2524 3398 2599">
    <p class='ocr_par' dir='ltr' id='par_1_54' title="bbox 1938 2524 3398 2599">
     <span class='ocr_line' id='line_1_54' title="bbox 1938 2524 3398 2599; baseline -0.003 -15"><span class='ocrx_word' id='word_1_313' title='bbox 1938 2530 2085 2585; x_wconf 75' lang='lat' dir='ltr'><strong>tibus</strong></span> <span class='ocrx_word' id='word_1_314' title='bbox 2114 2524 2255 2598; x_wconf 82' lang='lat' dir='ltr'><strong>ejus,</strong></span> <span class='ocrx_word' id='word_1_315' title='bbox 2293 2529 2375 2581; x_wconf 84' lang='lat' dir='ltr'><strong>vel</strong></span> <span class='ocrx_word' id='word_1_316' title='bbox 2410 2528 2606 2599; x_wconf 85' lang='lat' dir='ltr'><strong>quovis</strong></span> <span class='ocrx_word' id='word_1_317' title='bbox 2637 2527 2765 2592; x_wconf 88' lang='lat' dir='ltr'><strong>alio,</strong></span> <span class='ocrx_word' id='word_1_318' title='bbox 2798 2542 2904 2580; x_wconf 92' lang='lat' dir='ltr'><strong>non</strong></span> <span class='ocrx_word' id='word_1_319' title='bbox 2939 2526 3070 2580; x_wconf 89' lang='lat' dir='ltr'><strong>velit</strong></span> <span class='ocrx_word' id='word_1_320' title='bbox 3100 2527 3398 2580; x_wconf 80' lang='lat' dir='ltr'><strong>abstinere.</strong></span> 
     </span>
    </p>
   </div>
   <div class='ocr_carea' id='block_1_55' title="bbox 2008 2704 3507 2773">
    <p class='ocr_par' dir='ltr' id='par_1_55' title="bbox 2008 2704 3507 2773">
     <span class='ocr_line' id='line_1_55' title="bbox 2008 2704 3507 2773; baseline -0.006 -8"><span class='ocrx_word' id='word_1_321' title='bbox 2008 2711 2065 2765; x_wconf 93' lang='lat' dir='ltr'><strong>In</strong></span> <span class='ocrx_word' id='word_1_322' title='bbox 2092 2711 2177 2764; x_wconf 88' lang='lat' dir='ltr'><strong>his</strong></span> <span class='ocrx_word' id='word_1_323' title='bbox 2207 2725 2315 2763; x_wconf 94' lang='lat' dir='ltr'><strong>non</strong></span> <span class='ocrx_word' id='word_1_324' title='bbox 2346 2710 2526 2763; x_wconf 90' lang='lat' dir='ltr'><strong>solum</strong></span> <span class='ocrx_word' id='word_1_325' title='bbox 2556 2708 2907 2762; x_wconf 81' lang='lat' dir='ltr'><strong>donationem</strong></span> <span class='ocrx_word' id='word_1_326' title='bbox 2958 2719 3086 2761; x_wconf 91' lang='lat' dir='ltr'><strong>ante</strong></span> <span class='ocrx_word' id='word_1_327' title='bbox 3127 2704 3349 2773; x_wconf 86' lang='lat' dir='ltr'><strong>nuptias</strong></span> <span class='ocrx_word' id='word_1_328' title='bbox 3392 2718 3507 2757; x_wconf 85' lang='lat' dir='ltr'><strong>ma-</strong></span> 
     </span>
    </p>
   </div>
   <div class='ocr_carea' id='block_1_56' title="bbox 1941 2781 3504 2872">
    <p class='ocr_par' dir='ltr' id='par_1_56' title="bbox 1941 2781 3504 2872">
     <span class='ocr_line' id='line_1_56' title="bbox 1941 2781 3504 2872; baseline -0.007 -14"><span class='ocrx_word' id='word_1_329' title='bbox 1941 2804 2081 2858; x_wconf 83' lang='lat' dir='ltr'><strong>ritus</strong></span> <span class='ocrx_word' id='word_1_330' title='bbox 2139 2781 2261 2857; x_wconf 83' lang='lat' dir='ltr'><strong>loco</strong></span> <span class='ocrx_word' id='word_1_331' title='bbox 2311 2817 2484 2872; x_wconf 59' lang='lat' dir='ltr'><strong>poenae</strong></span> <span class='ocrx_word' id='word_1_332' title='bbox 2530 2802 2759 2864; x_wconf 89' lang='lat' dir='ltr'><strong>amittit,</strong></span> <span class='ocrx_word' id='word_1_333' title='bbox 2813 2815 3001 2853; x_wconf 90' lang='lat' dir='ltr'><strong>verum</strong></span> <span class='ocrx_word' id='word_1_334' title='bbox 3052 2798 3216 2851; x_wconf 81' lang='lat' dir='ltr'><strong>etiam</strong></span> <span class='ocrx_word' id='word_1_335' title='bbox 3250 2797 3504 2850; x_wconf 84' lang='lat' dir='ltr'><strong>trientem</strong></span> 
     </span>
    </p>
   </div>
   <div class='ocr_carea' id='block_1_57' title="bbox 1941 2887 3508 2961">
    <p class='ocr_par' dir='ltr' id='par_1_57' title="bbox 1941 2887 3508 2961">
     <span class='ocr_line' id='line_1_57' title="bbox 1941 2887 3508 2961; baseline -0.004 -14"><span class='ocrx_word' id='word_1_336' title='bbox 1941 2894 2275 2961; x_wconf 85' lang='lat' dir='ltr'><strong>reliquarum</strong></span> <span class='ocrx_word' id='word_1_337' title='bbox 2328 2891 2503 2959; x_wconf 84' lang='lat' dir='ltr'><strong>ipsius</strong></span> <span class='ocrx_word' id='word_1_338' title='bbox 2557 2890 2910 2951; x_wconf 81' lang='lat' dir='ltr'><strong>facultatum;</strong></span> <span class='ocrx_word' id='word_1_339' title='bbox 2953 2896 3315 2956; x_wconf 67' lang='lat' dir='ltr'><strong>praeterquam</strong></span> <span class='ocrx_word' id='word_1_340' title='bbox 3360 2887 3508 2955; x_wconf 89' lang='lat' dir='ltr'><strong>quod</strong></span> 
     </span>
    </p>
   </div>
   <div class='ocr_carea' id='block_1_58' title="bbox 1942 2976 3512 3052">
    <p class='ocr_par' dir='ltr' id='par_1_58' title="bbox 1942 2976 3512 3052">
     <span class='ocr_line' id='line_1_58' title="bbox 1942 2976 3512 3052; baseline -0.004 -15"><span class='ocrx_word' id='word_1_341' title='bbox 1942 2998 2039 3037; x_wconf 84' lang='lat' dir='ltr'><strong>eas</strong></span> <span class='ocrx_word' id='word_1_342' title='bbox 2070 2996 2293 3052; x_wconf 89' lang='lat' dir='ltr'><strong>quoque</strong></span> <span class='ocrx_word' id='word_1_343' title='bbox 2326 2996 2520 3049; x_wconf 73' lang='lat' dir='ltr'><strong>pwnas</strong></span> <span class='ocrx_word' id='word_1_344' title='bbox 2554 2981 2814 3043; x_wconf 81' lang='lat' dir='ltr'><strong>sustinet,</strong></span> <span class='ocrx_word' id='word_1_345' title='bbox 2842 2993 2983 3047; x_wconf 81' lang='lat' dir='ltr'><strong>quas</strong></span> <span class='ocrx_word' id='word_1_346' title='bbox 3024 2979 3137 3046; x_wconf 81' lang='lat' dir='ltr'><strong>ipsa</strong></span> <span class='ocrx_word' id='word_1_347' title='bbox 3164 2976 3360 3029; x_wconf 88' lang='lat' dir='ltr'><strong>mulier</strong></span> <span class='ocrx_word' id='word_1_348' title='bbox 3392 2986 3512 3031; x_wconf 89' lang='lat' dir='ltr'><strong>erat</strong></span> 
     </span>
    </p>
   </div>
   <div class='ocr_carea' id='block_1_59' title="bbox 1943 3070 2869 3136">
    <p class='ocr_par' dir='ltr' id='par_1_59' title="bbox 1943 3070 2869 3136">
     <span class='ocr_line' id='line_1_59' title="bbox 1943 3070 2869 3136; baseline -0.001 -12"><span class='ocrx_word' id='word_1_349' title='bbox 1943 3076 2135 3136; x_wconf 86' lang='lat' dir='ltr'><strong>latura,</strong></span> <span class='ocrx_word' id='word_1_350' title='bbox 2166 3073 2216 3127; x_wconf 83' lang='lat' dir='ltr'><strong>&#39;si</strong></span> <span class='ocrx_word' id='word_1_351' title='bbox 2258 3074 2619 3125; x_wconf 90' lang='lat' dir='ltr'><strong>condemnata</strong></span> <span class='ocrx_word' id='word_1_352' title='bbox 2655 3070 2869 3123; x_wconf 58' lang='lat' dir='ltr'><strong>fuisset.</strong></span> 
     </span>
    </p>
   </div>
   <div class='ocr_carea' id='block_1_60' title="bbox 344 3159 1837 3263">
    <p class='ocr_par' dir='ltr' id='par_1_60' title="bbox 344 3162 1834 3234">
     <span class='ocr_line' id='line_1_60' title="bbox 344 3162 1834 3234; baseline -0.003 -17"><span class='ocrx_word' id='word_1_353' title='bbox 344 3164 488 3233; x_wconf 74' lang='grc' dir='ltr'>Πλὴν</span> <span class='ocrx_word' id='word_1_354' title='bbox 518 3164 643 3217; x_wconf 74' lang='grc' dir='ltr'>οὗτε</span> <span class='ocrx_word' id='word_1_355' title='bbox 683 3166 717 3234; x_wconf 79' lang='grc' dir='ltr'><strong>η</strong></span> <span class='ocrx_word' id='word_1_356' title='bbox 753 3163 891 3233; x_wconf 79' lang='grc' dir='ltr'>γυνὴ</span> <span class='ocrx_word' id='word_1_357' title='bbox 923 3164 1237 3232; x_wconf 82' lang='grc' dir='ltr'>αὐτονόμως</span> <span class='ocrx_word' id='word_1_358' title='bbox 1281 3165 1587 3233; x_wconf 79' lang='grc' dir='ltr'><strong>ἀναχωρεῖν</strong></span> <span class='ocrx_word' id='word_1_359' title='bbox 1612 3162 1834 3215; x_wconf 77' lang='grc' dir='ltr'>δύναται</span> 
     </span>
    </p>
   </div>
   <div class='ocr_carea' id='block_1_61' title="bbox 1932 3159 3511 3263">
    <p class='ocr_par' dir='ltr' id='par_1_61' title="bbox 2015 3159 3511 3219">
     <span class='ocr_line' id='line_1_61' title="bbox 2015 3159 3511 3219; baseline -0.005 -1"><span class='ocrx_word' id='word_1_360' title='bbox 2015 3164 2133 3219; x_wconf 82' lang='lat' dir='ltr'><strong>Non</strong></span> <span class='ocrx_word' id='word_1_361' title='bbox 2162 3175 2339 3218; x_wconf 88' lang='lat' dir='ltr'><strong>tamen</strong></span> <span class='ocrx_word' id='word_1_362' title='bbox 2376 3173 2470 3217; x_wconf 90' lang='lat' dir='ltr'><strong>aut</strong></span> <span class='ocrx_word' id='word_1_363' title='bbox 2512 3164 2707 3217; x_wconf 87' lang='lat' dir='ltr'><strong>mulier</strong></span> <span class='ocrx_word' id='word_1_364' title='bbox 2757 3162 3028 3214; x_wconf 85' lang='lat' dir='ltr'><strong>arbitratu</strong></span> <span class='ocrx_word' id='word_1_365' title='bbox 3103 3176 3206 3215; x_wconf 85' lang='lat' dir='ltr'><strong>suo</strong></span> <span class='ocrx_word' id='word_1_366' title='bbox 3240 3159 3511 3213; x_wconf 81' lang='lat' dir='ltr'><strong>divertere</strong></span> 
     </span>
    </p>
   </div>
   <div class='ocr_carea' id='block_1_62' title="bbox 267 3250 1837 3326">
    <p class='ocr_par' dir='ltr' id='par_1_62' title="bbox 267 3251 1835 3324">
     <span class='ocr_line' id='line_1_62' title="bbox 267 3251 1835 3324; baseline -0.001 -18"><span class='ocrx_word' id='word_1_367' title='bbox 267 3254 367 3306; x_wconf 73' lang='grc' dir='ltr'>τοῦ</span> <span class='ocrx_word' id='word_1_368' title='bbox 409 3255 619 3323; x_wconf 77' lang='grc' dir='ltr'>ἀνδρὸς,</span> <span class='ocrx_word' id='word_1_369' title='bbox 648 3254 772 3307; x_wconf 82' lang='grc' dir='ltr'>οὔτε</span> <span class='ocrx_word' id='word_1_370' title='bbox 800 3251 951 3316; x_wconf 79' lang='grc' dir='ltr'>οὗτος</span> <span class='ocrx_word' id='word_1_371' title='bbox 990 3256 1226 3324; x_wconf 69' lang='grc' dir='ltr'>ἐκείνης,</span> <span class='ocrx_word' id='word_1_372' title='bbox 1261 3254 1435 3322; x_wconf 72' lang='grc' dir='ltr'>χωρὶς</span> <span class='ocrx_word' id='word_1_373' title='bbox 1467 3256 1703 3323; x_wconf 84' lang='grc' dir='ltr'>κρίσεως</span> <span class='ocrx_word' id='word_1_374' title='bbox 1740 3255 1835 3305; x_wconf 73' lang='grc' dir='ltr'>καὶ</span> 
     </span>
    </p>
   </div>
   <div class='ocr_carea' id='block_1_63' title="bbox 1932 3250 3511 3326">
    <p class='ocr_par' dir='ltr' id='par_1_63' title="bbox 1938 3250 3511 3326">
     <span class='ocr_line' id='line_1_63' title="bbox 1938 3250 3511 3326; baseline -0.006 -16"><span class='ocrx_word' id='word_1_375' title='bbox 1938 3266 2115 3326; x_wconf 89' lang='lat' dir='ltr'><strong>potest</strong></span> <span class='ocrx_word' id='word_1_376' title='bbox 2149 3270 2179 3311; x_wconf 85' lang='lat' dir='ltr'><strong>a</strong></span> <span class='ocrx_word' id='word_1_377' title='bbox 2212 3255 2432 3318; x_wconf 89' lang='lat' dir='ltr'><strong>marito,</strong></span> <span class='ocrx_word' id='word_1_378' title='bbox 2473 3265 2565 3307; x_wconf 89' lang='lat' dir='ltr'><strong>aut</strong></span> <span class='ocrx_word' id='word_1_379' title='bbox 2594 3255 2826 3307; x_wconf 89' lang='lat' dir='ltr'><strong>maritus</strong></span> <span class='ocrx_word' id='word_1_380' title='bbox 2865 3254 2935 3305; x_wconf 85' lang='lat' dir='ltr'><strong>ab</strong></span> <span class='ocrx_word' id='word_1_381' title='bbox 2970 3256 3109 3321; x_wconf 87' lang='lat' dir='ltr'><strong>ipsa,</strong></span> <span class='ocrx_word' id='word_1_382' title='bbox 3158 3254 3273 3305; x_wconf 91' lang='lat' dir='ltr'><strong>sine</strong></span> <span class='ocrx_word' id='word_1_383' title='bbox 3299 3250 3511 3319; x_wconf 81' lang='lat' dir='ltr'><strong>judicio</strong></span> 
     </span>
    </p>
   </div>
   <div class='ocr_carea' id='block_1_64' title="bbox 268 3342 1837 3419">
    <p class='ocr_par' dir='ltr' id='par_1_64' title="bbox 268 3345 1837 3414">
     <span class='ocr_line' id='line_1_64' title="bbox 268 3345 1837 3414; baseline 0.001 -17"><span class='ocrx_word' id='word_1_384' title='bbox 268 3347 455 3413; x_wconf 76' lang='grc' dir='ltr'>ψήφου</span> <span class='ocrx_word' id='word_1_385' title='bbox 481 3345 589 3397; x_wconf 81' lang='grc' dir='ltr'><strong>τῶν</strong></span> <span class='ocrx_word' id='word_1_386' title='bbox 610 3346 896 3407; x_wconf 75' lang='grc' dir='ltr'>δικαστῶν,</span> <span class='ocrx_word' id='word_1_387' title='bbox 928 3348 1004 3407; x_wconf 84' lang='grc' dir='ltr'>ὡς</span> <span class='ocrx_word' id='word_1_388' title='bbox 1037 3347 1287 3414; x_wconf 81' lang='grc' dir='ltr'>διάφοροι</span> <span class='ocrx_word' id='word_1_389' title='bbox 1312 3347 1469 3399; x_wconf 82' lang='grc' dir='ltr'>τοῦτο</span> <span class='ocrx_word' id='word_1_390' title='bbox 1491 3346 1837 3409; x_wconf 74' lang='grc' dir='ltr'>θεσπίζουσιν</span> 
     </span>
    </p>
   </div>
   <div class='ocr_carea' id='block_1_65' title="bbox 1932 3342 3514 3419">
    <p class='ocr_par' dir='ltr' id='par_1_65' title="bbox 1936 3342 3514 3419">
     <span class='ocr_line' id='line_1_65' title="bbox 1936 3342 3514 3419; baseline -0.008 -15"><span class='ocrx_word' id='word_1_391' title='bbox 1936 3361 1989 3405; x_wconf 85' lang='lat' dir='ltr'><strong>et</strong></span> <span class='ocrx_word' id='word_1_392' title='bbox 2018 3352 2284 3406; x_wconf 77' lang='lat' dir='ltr'><strong>sententia</strong></span> <span class='ocrx_word' id='word_1_393' title='bbox 2313 3349 2559 3419; x_wconf 85' lang='lat' dir='ltr'><strong>judicunt</strong></span> <span class='ocrx_word' id='word_1_394' title='bbox 2590 3366 2602 3402; x_wconf 89' lang='lat'><strong>:</strong></span> <span class='ocrx_word' id='word_1_395' title='bbox 2639 3349 3101 3418; x_wconf 88' lang='lat' dir='ltr'><strong>quemadmodum</strong></span> <span class='ocrx_word' id='word_1_396' title='bbox 3154 3346 3385 3397; x_wconf 68' lang='lat' dir='ltr'><strong>diversa:</strong></span> <span class='ocrx_word' id='word_1_397' title='bbox 3420 3342 3514 3393; x_wconf 83' lang='lat' dir='ltr'><strong>.I&#39;u-</strong></span> 
     </span>
    </p>
   </div>
   <div class='ocr_carea' id='block_1_66' title="bbox 284 3435 1837 3510">
    <p class='ocr_par' dir='ltr' id='par_1_66' title="bbox 284 3435 1837 3506">
     <span class='ocr_line' id='line_1_66' title="bbox 284 3435 1837 3506; baseline -0.001 -18"><span class='ocrx_word' id='word_1_398' title='bbox 284 3437 704 3489; x_wconf 74' lang='grc' dir='ltr'>Ἰουστινιάνειοι</span> <span class='ocrx_word' id='word_1_399' title='bbox 730 3437 961 3506; x_wconf 80' lang='grc' dir='ltr'>Νεαραί.</span> <span class='ocrx_word' id='word_1_400' title='bbox 992 3438 1092 3489; x_wconf 76' lang='grc' dir='ltr'><strong>Διὰ</strong></span> <span class='ocrx_word' id='word_1_401' title='bbox 1113 3436 1271 3490; x_wconf 83' lang='grc' dir='ltr'>τοῦτο</span> <span class='ocrx_word' id='word_1_402' title='bbox 1299 3439 1326 3490; x_wconf 84' lang='grc' dir='ltr'><strong>ὁ</strong></span> <span class='ocrx_word' id='word_1_403' title='bbox 1350 3437 1606 3506; x_wconf 85' lang='grc' dir='ltr'>γαμήσας</span> <span class='ocrx_word' id='word_1_404' title='bbox 1633 3436 1733 3506; x_wconf 81' lang='grc' dir='ltr'>τὴν</span> <span class='ocrx_word' id='word_1_405' title='bbox 1763 3435 1837 3505; x_wconf 85' lang='grc' dir='ltr'>μὴ</span> 
     </span>
    </p>
   </div>
   <div class='ocr_carea' id='block_1_67' title="bbox 1932 3435 3511 3510">
    <p class='ocr_par' dir='ltr' id='par_1_67' title="bbox 1937 3436 3511 3510">
     <span class='ocr_line' id='line_1_67' title="bbox 1937 3436 3511 3510; baseline -0.006 -13"><span class='ocrx_word' id='word_1_406' title='bbox 1937 3443 2165 3497; x_wconf 86' lang='lat' dir='ltr'><strong>stiniani</strong></span> <span class='ocrx_word' id='word_1_407' title='bbox 2192 3440 2429 3494; x_wconf 71' lang='grc' dir='ltr'>Νυνριιω</span> <span class='ocrx_word' id='word_1_408' title='bbox 2456 3450 2721 3494; x_wconf 79' lang='lat' dir='ltr'><strong>statuunt.</strong></span> <span class='ocrx_word' id='word_1_409' title='bbox 2770 3441 2848 3494; x_wconf 89' lang='lat' dir='ltr'><strong>Ac</strong></span> <span class='ocrx_word' id='word_1_410' title='bbox 2878 3451 3166 3510; x_wconf 86' lang='lat' dir='ltr'><strong>propterea</strong></span> <span class='ocrx_word' id='word_1_411' title='bbox 3218 3437 3313 3507; x_wconf 89' lang='lat' dir='ltr'><strong>qui</strong></span> <span class='ocrx_word' id='word_1_412' title='bbox 3359 3436 3511 3489; x_wconf 86' lang='lat' dir='ltr'><strong>ducit</strong></span> 
     </span>
    </p>
   </div>
   <div class='ocr_carea' id='block_1_68' title="bbox 267 3527 1837 3602">
    <p class='ocr_par' dir='ltr' id='par_1_68' title="bbox 267 3527 1144 3598">
     <span class='ocr_line' id='line_1_68' title="bbox 267 3527 1144 3598; baseline 0.001 -19"><span class='ocrx_word' id='word_1_413' title='bbox 267 3527 444 3589; x_wconf 71' lang='grc' dir='ltr'>οὕτως</span> <span class='ocrx_word' id='word_1_414' title='bbox 469 3529 830 3580; x_wconf 83' lang='grc' dir='ltr'>ἀπολυθεῖσαν</span> <span class='ocrx_word' id='word_1_415' title='bbox 866 3529 1144 3598; x_wconf 77' lang='grc' dir='ltr'>μοιχᾶται.</span> 
     </span>
    </p>
   </div>
   <div class='ocr_carea' id='block_1_69' title="bbox 1932 3527 3503 3602">
    <p class='ocr_par' dir='ltr' id='par_1_69' title="bbox 1940 3531 3503 3602">
     <span class='ocr_line' id='line_1_69' title="bbox 1940 3531 3503 3602; baseline -0.008 -11"><span class='ocrx_word' id='word_1_416' title='bbox 1940 3552 2166 3591; x_wconf 76' lang='lat' dir='ltr'><strong>uxorem</strong></span> <span class='ocrx_word' id='word_1_417' title='bbox 2228 3550 2334 3588; x_wconf 90' lang='lat' dir='ltr'><strong>non</strong></span> <span class='ocrx_word' id='word_1_418' title='bbox 2392 3534 2463 3587; x_wconf 89' lang='lat' dir='ltr'><strong>ita</strong></span> <span class='ocrx_word' id='word_1_419' title='bbox 2538 3534 2887 3602; x_wconf 87' lang='lat' dir='ltr'><strong>diremptam,</strong></span> <span class='ocrx_word' id='word_1_420' title='bbox 2959 3531 3292 3585; x_wconf 86' lang='lat' dir='ltr'><strong>adulterium</strong></span> <span class='ocrx_word' id='word_1_421' title='bbox 3357 3543 3503 3583; x_wconf 78' lang='lat' dir='ltr'><strong>coni-</strong></span> 
     </span>
    </p>
   </div>
   <div class='ocr_carea' id='block_1_70' title="bbox 1940 3629 2131 3683">
    <p class='ocr_par' dir='ltr' id='par_1_70' title="bbox 1940 3629 2131 3683">
     <span class='ocr_line' id='line_1_70' title="bbox 1940 3629 2131 3683; baseline -0.01 0"><span class='ocrx_word' id='word_1_422' title='bbox 1940 3629 2131 3683; x_wconf 90' lang='lat' dir='ltr'><strong>mittit.</strong></span> 
     </span>
    </p>
   </div>
   <div class='ocr_carea' id='block_1_71' title="bbox 270 3729 1837 3805">
    <p class='ocr_par' dir='ltr' id='par_1_71' title="bbox 270 3729 1837 3805">
     <span class='ocr_line' id='line_1_71' title="bbox 270 3729 1837 3805; baseline 0 -19"><span class='ocrx_word' id='word_1_423' title='bbox 270 3731 465 3795; x_wconf 84' lang='grc' dir='ltr'>Λύσις</span> <span class='ocrx_word' id='word_1_424' title='bbox 490 3730 681 3801; x_wconf 79' lang='grc' dir='ltr'>τάμου</span> <span class='ocrx_word' id='word_1_425' title='bbox 716 3729 980 3805; x_wconf 64' lang='grc' dir='ltr'><strong>ἀζήμιος3</strong></span> <span class='ocrx_word' id='word_1_426' title='bbox 1014 3731 1112 3786; x_wconf 76' lang='grc' dir='ltr'>καὶ</span> <span class='ocrx_word' id='word_1_427' title='bbox 1157 3732 1289 3805; x_wconf 67' lang='grc' dir='ltr'>,περὶ</span> <span class='ocrx_word' id='word_1_428' title='bbox 1337 3732 1445 3795; x_wconf 84' lang='grc' dir='ltr'>τοῦ</span> <span class='ocrx_word' id='word_1_429' title='bbox 1471 3732 1544 3785; x_wconf 79' lang='grc' dir='ltr'><strong>δι’</strong></span> <span class='ocrx_word' id='word_1_430' title='bbox 1573 3732 1837 3793; x_wconf 77' lang='grc' dir='ltr'>ἄσκησιν</span> 
     </span>
    </p>
   </div>
   <div class='ocr_carea' id='block_1_72' title="bbox 1932 3729 3513 3805">
    <p class='ocr_par' dir='ltr' id='par_1_72' title="bbox 1943 3737 3513 3805">
     <span class='ocr_line' id='line_1_72' title="bbox 1943 3737 3513 3805; baseline -0.008 -6"><span class='ocrx_word' id='word_1_431' title='bbox 1943 3745 2150 3799; x_wconf 82' lang='lat' dir='ltr'><strong>Salutio</strong></span> <span class='ocrx_word' id='word_1_432' title='bbox 2177 3743 2503 3795; x_wconf 78' lang='lat' dir='ltr'><strong>matrimonii</strong></span> <span class='ocrx_word' id='word_1_433' title='bbox 2533 3744 2667 3795; x_wconf 81' lang='lat' dir='ltr'><strong>citra</strong></span> <span class='ocrx_word' id='word_1_434' title='bbox 2697 3756 2901 3805; x_wconf 73' lang='lat' dir='ltr'><strong>poenam</strong></span> <span class='ocrx_word' id='word_1_435' title='bbox 2929 3754 2947 3792; x_wconf 91' lang='lat'><em>:</em></span> <span class='ocrx_word' id='word_1_436' title='bbox 2974 3739 3136 3805; x_wconf 85' lang='lat' dir='ltr'><strong>deque</strong></span> <span class='ocrx_word' id='word_1_437' title='bbox 3170 3737 3513 3789; x_wconf 81' lang='lat' dir='ltr'><strong>matrimonio</strong></span> 
     </span>
    </p>
   </div>
   <div class='ocr_carea' id='block_1_73' title="bbox 789 3801 1837 3883">
    <p class='ocr_par' dir='ltr' id='par_1_73' title="bbox 789 3801 1335 3871">
     <span class='ocr_line' id='line_1_73' title="bbox 789 3801 1335 3871; baseline 0.002 -17"><span class='ocrx_word' id='word_1_438' title='bbox 789 3801 1090 3871; x_wconf 73' lang='grc' dir='ltr'>λυομένου</span> <span class='ocrx_word' id='word_1_439' title='bbox 1122 3803 1335 3870; x_wconf 77' lang='grc' dir='ltr'>γάμου.</span> 
     </span>
    </p>
   </div>
   <div class='ocr_carea' id='block_1_74' title="bbox 1932 3801 3300 3883">
    <p class='ocr_par' dir='ltr' id='par_1_74' title="bbox 2148 3801 3300 3883">
     <span class='ocr_line' id='line_1_74' title="bbox 2148 3801 3300 3883; baseline -0.008 -18"><span class='ocrx_word' id='word_1_440' title='bbox 2148 3819 2286 3883; x_wconf 85' lang='lat' dir='ltr'><strong>quod</strong></span> <span class='ocrx_word' id='word_1_441' title='bbox 2315 3801 2709 3865; x_wconf 71' lang='lat' dir='ltr'><strong>exercitationis</strong></span> <span class='ocrx_word' id='word_1_442' title='bbox 2742 3814 2839 3879; x_wconf 69' lang='lat' dir='ltr'><strong>pia:</strong></span> <span class='ocrx_word' id='word_1_443' title='bbox 2873 3801 3300 3861; x_wconf 41' lang='lat' dir='ltr'><strong>causa&#39;solvitur.</strong></span> 
     </span>
    </p>
   </div>
   <div class='ocr_carea' id='block_1_75' title="bbox 358 3894 1846 3965">
    <p class='ocr_par' dir='ltr' id='par_1_75' title="bbox 358 3894 1846 3965">
     <span class='ocr_line' id='line_1_75' title="bbox 358 3894 1846 3965; baseline -0.001 -17"><span class='ocrx_word' id='word_1_444' title='bbox 358 3894 637 3963; x_wconf 75' lang='grc' dir='ltr'>Ἀζημίως</span> <span class='ocrx_word' id='word_1_445' title='bbox 682 3894 739 3948; x_wconf 77' lang='grc' dir='ltr'><strong>δὲ</strong></span> <span class='ocrx_word' id='word_1_446' title='bbox 783 3895 971 3947; x_wconf 83' lang='grc' dir='ltr'>λύεται</span> <span class='ocrx_word' id='word_1_447' title='bbox 999 3896 1197 3965; x_wconf 76' lang='grc' dir='ltr'>γάμος,</span> <span class='ocrx_word' id='word_1_448' title='bbox 1225 3896 1337 3959; x_wconf 85' lang='grc' dir='ltr'>ὅτε,</span> <span class='ocrx_word' id='word_1_449' title='bbox 1371 3894 1609 3962; x_wconf 82' lang='grc' dir='ltr'>τριετίας</span> <span class='ocrx_word' id='word_1_450' title='bbox 1648 3896 1846 3963; x_wconf 83' lang='grc' dir='ltr'>παρελ-</span> 
     </span>
    </p>
   </div>
   <div class='ocr_carea' id='block_1_76' title="bbox 275 3968 1842 4056">
    <p class='ocr_par' dir='ltr' id='par_1_76' title="bbox 275 3968 1842 4056">
     <span class='ocr_line' id='line_1_76' title="bbox 275 3968 1842 4056; baseline -0.001 -18"><span class='ocrx_word' id='word_1_451' title='bbox 275 3985 498 4054; x_wconf 84' lang='grc' dir='ltr'>θούσης,</span> <span class='ocrx_word' id='word_1_452' title='bbox 533 3987 560 4036; x_wconf 86' lang='grc' dir='ltr'>ὁ</span> <span class='ocrx_word' id='word_1_453' title='bbox 589 3985 726 4056; x_wconf 80' lang='grc' dir='ltr'>ἀνὴρ</span> <span class='ocrx_word' id='word_1_454' title='bbox 752 3985 847 4053; x_wconf 74' lang='grc' dir='ltr'>οὐχ</span> <span class='ocrx_word' id='word_1_455' title='bbox 873 3979 983 4047; x_wconf 77' lang='grc' dir='ltr'>οἷός</span> <span class='ocrx_word' id='word_1_456' title='bbox 1017 4002 1076 4037; x_wconf 89' lang='grc' dir='ltr'><strong>τε</strong></span> <span class='ocrx_word' id='word_1_457' title='bbox 1099 3985 1185 4054; x_wconf 74' lang='grc' dir='ltr'>εἴη</span> <span class='ocrx_word' id='word_1_458' title='bbox 1224 3985 1467 4037; x_wconf 82' lang='grc' dir='ltr'>συνιέναι</span> <span class='ocrx_word' id='word_1_459' title='bbox 1512 3987 1576 4043; x_wconf 85' lang='grc' dir='ltr'>τῆ</span> <span class='ocrx_word' id='word_1_460' title='bbox 1607 3968 1842 4056; x_wconf 80' lang='grc' dir='ltr'>γαμετῇ,</span> 
     </span>
    </p>
   </div>
   <div class='ocr_carea' id='block_1_77' title="bbox 273 4080 1845 4153">
    <p class='ocr_par' dir='ltr' id='par_1_77' title="bbox 273 4080 1845 4153">
     <span class='ocr_line' id='line_1_77' title="bbox 273 4080 1845 4153; baseline -0.004 -17"><span class='ocrx_word' id='word_1_461' title='bbox 273 4086 327 4136; x_wconf 80' lang='grc' dir='ltr'>εἰ</span> <span class='ocrx_word' id='word_1_462' title='bbox 356 4085 449 4137; x_wconf 75' lang='grc' dir='ltr'>καὶ</span> <span class='ocrx_word' id='word_1_463' title='bbox 490 4083 653 4146; x_wconf 73' lang='grc' dir='ltr'>αὐτὸς</span> <span class='ocrx_word' id='word_1_464' title='bbox 684 4086 784 4153; x_wconf 79' lang='grc' dir='ltr'>τὴν</span> <span class='ocrx_word' id='word_1_465' title='bbox 817 4082 1090 4148; x_wconf 78' lang='grc' dir='ltr'>διάζευξιν</span> <span class='ocrx_word' id='word_1_466' title='bbox 1130 4082 1228 4150; x_wconf 83' lang='grc' dir='ltr'>οὐχ</span> <span class='ocrx_word' id='word_1_467' title='bbox 1276 4082 1535 4148; x_wconf 82' lang='grc' dir='ltr'>αἱρεῖται,</span> <span class='ocrx_word' id='word_1_468' title='bbox 1580 4080 1845 4148; x_wconf 80' lang='grc' dir='ltr'>μενούσης</span> 
     </span>
    </p>
   </div>
   <div class='ocr_carea' id='block_1_78' title="bbox 274 4170 1848 4244">
    <p class='ocr_par' dir='ltr' id='par_1_78' title="bbox 274 4170 1848 4244">
     <span class='ocr_line' id='line_1_78' title="bbox 274 4170 1848 4244; baseline -0.003 -19"><span class='ocrx_word' id='word_1_469' title='bbox 274 4174 432 4243; x_wconf 78' lang='grc' dir='ltr'>παρὰ</span> <span class='ocrx_word' id='word_1_470' title='bbox 464 4175 540 4244; x_wconf 80' lang='grc' dir='ltr'>τῷ</span> <span class='ocrx_word' id='word_1_471' title='bbox 572 4175 726 4243; x_wconf 79' lang='grc' dir='ltr'>ἀνδρὶ</span> <span class='ocrx_word' id='word_1_472' title='bbox 772 4174 870 4241; x_wconf 84' lang='grc' dir='ltr'>τῆς</span> <span class='ocrx_word' id='word_1_473' title='bbox 910 4174 1017 4243; x_wconf 84' lang='grc' dir='ltr'>πρὸ</span> <span class='ocrx_word' id='word_1_474' title='bbox 1047 4171 1143 4225; x_wconf 81' lang='grc' dir='ltr'>τοῦ</span> <span class='ocrx_word' id='word_1_475' title='bbox 1176 4172 1358 4240; x_wconf 84' lang='grc' dir='ltr'>γάμου</span> <span class='ocrx_word' id='word_1_476' title='bbox 1406 4170 1633 4240; x_wconf 80' lang='grc' dir='ltr'>δωρεᾶς,</span> <span class='ocrx_word' id='word_1_477' title='bbox 1680 4170 1848 4239; x_wconf 80' lang='grc' dir='ltr'>μηδὲν</span> 
     </span>
    </p>
   </div>
   <div class='ocr_carea' id='block_1_79' title="bbox 274 4265 894 4334">
    <p class='ocr_par' dir='ltr' id='par_1_79' title="bbox 274 4265 894 4334">
     <span class='ocr_line' id='line_1_79' title="bbox 274 4265 894 4334; baseline 0 -16"><span class='ocrx_word' id='word_1_478' title='bbox 274 4266 493 4319; x_wconf 59' lang='grc' dir='ltr'>οἴκοθεν</span> <span class='ocrx_word' id='word_1_479' title='bbox 516 4265 894 4334; x_wconf 81' lang='grc' dir='ltr'>ζημιουμένῳ.</span> 
     </span>
    </p>
   </div>
   <div class='ocr_carea' id='block_1_80' title="bbox 348 4352 1847 4425">
    <p class='ocr_par' dir='ltr' id='par_1_80' title="bbox 348 4352 1847 4425">
     <span class='ocr_line' id='line_1_80' title="bbox 348 4352 1847 4425; baseline -0.003 -15"><span class='ocrx_word' id='word_1_480' title='bbox 348 4359 545 4411; x_wconf 85' lang='grc' dir='ltr'>Λύεται</span> <span class='ocrx_word' id='word_1_481' title='bbox 597 4360 776 4425; x_wconf 78' lang='grc' dir='ltr'>γάμος</span> <span class='ocrx_word' id='word_1_482' title='bbox 811 4359 904 4409; x_wconf 76' lang='grc' dir='ltr'>καὶ</span> <span class='ocrx_word' id='word_1_483' title='bbox 964 4357 1091 4409; x_wconf 82' lang='grc' dir='ltr'>ὅταν</span> <span class='ocrx_word' id='word_1_484' title='bbox 1123 4356 1356 4423; x_wconf 80' lang='grc' dir='ltr'>ἄσκησιν</span> <span class='ocrx_word' id='word_1_485' title='bbox 1388 4354 1614 4423; x_wconf 81' lang='grc' dir='ltr'>θάτερον</span> <span class='ocrx_word' id='word_1_486' title='bbox 1656 4352 1847 4422; x_wconf 73' lang='grc' dir='ltr'>ἕληται</span> 
     </span>
    </p>
   </div>
   <div class='ocr_carea' id='block_1_81' title="bbox 2017 3899 3517 3973">
    <p class='ocr_par' dir='ltr' id='par_1_81' title="bbox 2017 3899 3517 3973">
     <span class='ocr_line' id='line_1_81' title="bbox 2017 3899 3517 3973; baseline -0.007 -13"><span class='ocrx_word' id='word_1_487' title='bbox 2017 3908 2237 3973; x_wconf 76' lang='lat' dir='ltr'><strong>Absque</strong></span> <span class='ocrx_word' id='word_1_488' title='bbox 2266 3920 2423 3972; x_wconf 66' lang='lat' dir='ltr'><strong>paena</strong></span> <span class='ocrx_word' id='word_1_489' title='bbox 2452 3903 2861 3956; x_wconf 85' lang='lat' dir='ltr'><strong>matrimonium</strong></span> <span class='ocrx_word' id='word_1_490' title='bbox 2897 3901 3150 3964; x_wconf 66' lang='lat' dir='ltr'><strong>solvitur,</strong></span> <span class='ocrx_word' id='word_1_491' title='bbox 3177 3914 3299 3951; x_wconf 89' lang='lat' dir='ltr'><strong>eum</strong></span> <span class='ocrx_word' id='word_1_492' title='bbox 3329 3899 3517 3965; x_wconf 74' lang='lat' dir='ltr'><strong>elapso</strong></span> 
     </span>
    </p>
   </div>
   <div class='ocr_carea' id='block_1_82' title="bbox 1948 3991 3514 4061">
    <p class='ocr_par' dir='ltr' id='par_1_82' title="bbox 1948 3991 3514 4061">
     <span class='ocr_line' id='line_1_82' title="bbox 1948 3991 3514 4061; baseline -0.006 -8"><span class='ocrx_word' id='word_1_493' title='bbox 1948 3999 2188 4053; x_wconf 88' lang='lat' dir='ltr'><strong>triennio</strong></span> <span class='ocrx_word' id='word_1_494' title='bbox 2222 3996 2452 4049; x_wconf 83' lang='lat' dir='ltr'><strong>maritus</strong></span> <span class='ocrx_word' id='word_1_495' title='bbox 2476 4011 2599 4048; x_wconf 91' lang='lat' dir='ltr'><strong>cum</strong></span> <span class='ocrx_word' id='word_1_496' title='bbox 2629 4011 2797 4047; x_wconf 81' lang='lat' dir='ltr'><strong>uxore</strong></span> <span class='ocrx_word' id='word_1_497' title='bbox 2827 3994 2974 4047; x_wconf 86' lang='lat' dir='ltr'><strong>coire</strong></span> <span class='ocrx_word' id='word_1_498' title='bbox 3007 3994 3214 4061; x_wconf 85' lang='lat' dir='ltr'><strong>nequit,</strong></span> <span class='ocrx_word' id='word_1_499' title='bbox 3243 3992 3368 4045; x_wconf 83' lang='lat' dir='ltr'><strong>licet</strong></span> <span class='ocrx_word' id='word_1_500' title='bbox 3395 3991 3514 4060; x_wconf 73' lang='lat' dir='ltr'><strong>ipse</strong></span> 
     </span>
    </p>
   </div>
   <div class='ocr_carea' id='block_1_83' title="bbox 1947 4088 3514 4158">
    <p class='ocr_par' dir='ltr' id='par_1_83' title="bbox 1947 4088 3514 4158">
     <span class='ocr_line' id='line_1_83' title="bbox 1947 4088 3514 4158; baseline -0.005 -11"><span class='ocrx_word' id='word_1_501' title='bbox 1947 4093 2240 4147; x_wconf 80' lang='lat' dir='ltr'><strong>divortium</strong></span> <span class='ocrx_word' id='word_1_502' title='bbox 2285 4091 2398 4143; x_wconf 86' lang='lat' dir='ltr'><strong>lieri</strong></span> <span class='ocrx_word' id='word_1_503' title='bbox 2436 4091 2571 4145; x_wconf 88' lang='lat' dir='ltr'><strong>nolit</strong></span> <span class='ocrx_word' id='word_1_504' title='bbox 2607 4108 2619 4143; x_wconf 90' lang='lat'>:</span> <span class='ocrx_word' id='word_1_505' title='bbox 2656 4100 2911 4143; x_wconf 89' lang='lat' dir='ltr'><strong>manente</strong></span> <span class='ocrx_word' id='word_1_506' title='bbox 2944 4103 3110 4158; x_wconf 88' lang='lat' dir='ltr'><strong>penes</strong></span> <span class='ocrx_word' id='word_1_507' title='bbox 3138 4088 3317 4141; x_wconf 90' lang='lat' dir='ltr'><strong>virum</strong></span> <span class='ocrx_word' id='word_1_508' title='bbox 3347 4090 3514 4140; x_wconf 78' lang='lat' dir='ltr'><strong>donn-</strong></span> 
     </span>
    </p>
   </div>
   <div class='ocr_carea' id='block_1_84' title="bbox 1949 4181 3514 4250">
    <p class='ocr_par' dir='ltr' id='par_1_84' title="bbox 1949 4181 3514 4250">
     <span class='ocr_line' id='line_1_84' title="bbox 1949 4181 3514 4250; baseline -0.005 -13"><span class='ocrx_word' id='word_1_509' title='bbox 1949 4185 2096 4238; x_wconf 91' lang='lat' dir='ltr'><strong>tione</strong></span> <span class='ocrx_word' id='word_1_510' title='bbox 2145 4194 2273 4235; x_wconf 89' lang='lat' dir='ltr'><strong>ante</strong></span> <span class='ocrx_word' id='word_1_511' title='bbox 2311 4183 2547 4248; x_wconf 86' lang='lat' dir='ltr'><strong>nuptias,</strong></span> <span class='ocrx_word' id='word_1_512' title='bbox 2599 4197 2698 4236; x_wconf 90' lang='lat' dir='ltr'><strong>nec</strong></span> <span class='ocrx_word' id='word_1_513' title='bbox 2727 4181 3026 4250; x_wconf 86' lang='lat' dir='ltr'><strong>quidquam</strong></span> <span class='ocrx_word' id='word_1_514' title='bbox 3060 4194 3287 4235; x_wconf 73' lang='lat' dir='ltr'><strong>Suarum</strong></span> <span class='ocrx_word' id='word_1_515' title='bbox 3333 4195 3514 4231; x_wconf 87' lang='lat' dir='ltr'><strong>rerum</strong></span> 
     </span>
    </p>
   </div>
   <div class='ocr_carea' id='block_1_85' title="bbox 1950 4273 2623 4345">
    <p class='ocr_par' dir='ltr' id='par_1_85' title="bbox 1950 4273 2623 4345">
     <span class='ocr_line' id='line_1_85' title="bbox 1950 4273 2623 4345; baseline -0.006 -16"><span class='ocrx_word' id='word_1_516' title='bbox 1950 4290 2124 4345; x_wconf 58' lang='lat' dir='ltr'><strong>poenae</strong></span> <span class='ocrx_word' id='word_1_517' title='bbox 2162 4273 2282 4327; x_wconf 90' lang='lat' dir='ltr'><strong>loco</strong></span> <span class='ocrx_word' id='word_1_518' title='bbox 2314 4275 2623 4326; x_wconf 75' lang='lat' dir='ltr'><strong>emittente.</strong></span> 
     </span>
    </p>
   </div>
   <div class='ocr_carea' id='block_1_86' title="bbox 2026 4361 3517 4426">
    <p class='ocr_par' dir='ltr' id='par_1_86' title="bbox 2026 4361 3517 4426">
     <span class='ocr_line' id='line_1_86' title="bbox 2026 4361 3517 4426; baseline -0.005 -8"><span class='ocrx_word' id='word_1_519' title='bbox 2026 4364 2268 4418; x_wconf 81' lang='lat' dir='ltr'><strong>Solvitur</strong></span> <span class='ocrx_word' id='word_1_520' title='bbox 2298 4363 2461 4415; x_wconf 88' lang='lat' dir='ltr'><strong>etiam</strong></span> <span class='ocrx_word' id='word_1_521' title='bbox 2521 4361 2953 4424; x_wconf 88' lang='lat' dir='ltr'><strong>matrimonium,</strong></span> <span class='ocrx_word' id='word_1_522' title='bbox 2997 4375 3122 4414; x_wconf 89' lang='lat' dir='ltr'><strong>cum</strong></span> <span class='ocrx_word' id='word_1_523' title='bbox 3160 4361 3345 4412; x_wconf 81' lang='lat' dir='ltr'><strong>altera</strong></span> <span class='ocrx_word' id='word_1_524' title='bbox 3395 4373 3517 4426; x_wconf 87' lang='lat' dir='ltr'><strong>pars</strong></span> 
     </span>
    </p>
   </div>
   <div class='ocr_carea' id='block_1_87' title="bbox 273 4445 1837 4519">
    <p class='ocr_par' dir='ltr' id='par_1_87' title="bbox 273 4445 1837 4519">
     <span class='ocr_line' id='line_1_87' title="bbox 273 4445 1837 4519; baseline -0.003 -18"><span class='ocrx_word' id='word_1_525' title='bbox 273 4450 384 4501; x_wconf 79' lang='grc' dir='ltr'>τῶν</span> <span class='ocrx_word' id='word_1_526' title='bbox 420 4450 625 4519; x_wconf 80' lang='grc' dir='ltr'>μερῶν,</span> <span class='ocrx_word' id='word_1_527' title='bbox 661 4451 797 4519; x_wconf 78' lang='grc' dir='ltr'>πρὸς</span> <span class='ocrx_word' id='word_1_528' title='bbox 836 4452 935 4513; x_wconf 75' lang='grc' dir='ltr'>τὴν</span> <span class='ocrx_word' id='word_1_529' title='bbox 974 4450 1067 4499; x_wconf 76' lang='grc' dir='ltr'><strong>ἐπὶ</strong></span> <span class='ocrx_word' id='word_1_530' title='bbox 1121 4447 1190 4499; x_wconf 80' lang='grc' dir='ltr'><strong>τὰ</strong></span> <span class='ocrx_word' id='word_1_531' title='bbox 1246 4446 1477 4513; x_wconf 79' lang='grc' dir='ltr'>κρείττω</span> <span class='ocrx_word' id='word_1_532' title='bbox 1521 4445 1837 4514; x_wconf 62' lang='grc' dir='ltr'>μεταϐαῖνοι</span> 
     </span>
    </p>
   </div>
   <div class='ocr_carea' id='block_1_88' title="bbox 1932 4445 3515 4519">
    <p class='ocr_par' dir='ltr' id='par_1_88' title="bbox 1952 4452 3515 4515">
     <span class='ocr_line' id='line_1_88' title="bbox 1952 4452 3515 4515; baseline -0.004 -6"><span class='ocrx_word' id='word_1_533' title='bbox 1952 4454 2216 4509; x_wconf 78' lang='lat' dir='ltr'><strong>exercitio</strong></span> <span class='ocrx_word' id='word_1_534' title='bbox 2246 4467 2403 4506; x_wconf 87' lang='lat' dir='ltr'><strong>sacro</strong></span> <span class='ocrx_word' id='word_1_535' title='bbox 2437 4467 2497 4506; x_wconf 90' lang='lat' dir='ltr'><strong>se</strong></span> <span class='ocrx_word' id='word_1_536' title='bbox 2528 4452 2698 4515; x_wconf 87' lang='lat' dir='ltr'><strong>dedit,</strong></span> <span class='ocrx_word' id='word_1_537' title='bbox 2730 4452 2795 4504; x_wconf 88' lang='lat' dir='ltr'><strong>ad</strong></span> <span class='ocrx_word' id='word_1_538' title='bbox 2846 4452 2983 4504; x_wconf 88' lang='lat' dir='ltr'><strong>viam</strong></span> <span class='ocrx_word' id='word_1_539' title='bbox 3014 4452 3292 4503; x_wconf 70' lang='lat' dir='ltr'><strong>meliorem</strong></span> <span class='ocrx_word' id='word_1_540' title='bbox 3330 4462 3515 4502; x_wconf 79' lang='lat' dir='ltr'><strong>trans-</strong></span> 
     </span>
    </p>
   </div>
   <div class='ocr_carea' id='block_1_89' title="bbox 273 4536 1837 4611">
    <p class='ocr_par' dir='ltr' id='par_1_89' title="bbox 273 4536 1837 4608">
     <span class='ocr_line' id='line_1_89' title="bbox 273 4536 1837 4608; baseline -0.003 -16"><span class='ocrx_word' id='word_1_541' title='bbox 273 4540 417 4603; x_wconf 73' lang='grc' dir='ltr'>ὁδὸν,</span> <span class='ocrx_word' id='word_1_542' title='bbox 474 4540 569 4593; x_wconf 75' lang='grc' dir='ltr'>καὶ</span> <span class='ocrx_word' id='word_1_543' title='bbox 602 4541 693 4592; x_wconf 82' lang='grc' dir='ltr'>τὸν</span> <span class='ocrx_word' id='word_1_544' title='bbox 719 4539 929 4608; x_wconf 80' lang='grc' dir='ltr'>ἀμείνω</span> <span class='ocrx_word' id='word_1_545' title='bbox 974 4538 1089 4608; x_wconf 84' lang='grc' dir='ltr'>βίον</span> <span class='ocrx_word' id='word_1_546' title='bbox 1137 4536 1482 4608; x_wconf 78' lang='grc' dir='ltr'>αἱρούμενον.</span> <span class='ocrx_word' id='word_1_547' title='bbox 1529 4536 1837 4603; x_wconf 85' lang='grc' dir='ltr'>Τηνικαῦτα</span> 
     </span>
    </p>
   </div>
   <div class='ocr_carea' id='block_1_90' title="bbox 1932 4536 3517 4611">
    <p class='ocr_par' dir='ltr' id='par_1_90' title="bbox 1955 4539 3517 4611">
     <span class='ocr_line' id='line_1_90' title="bbox 1955 4539 3517 4611; baseline -0.004 -12"><span class='ocrx_word' id='word_1_548' title='bbox 1955 4546 2096 4606; x_wconf 82' lang='lat' dir='ltr'><strong>iens.</strong></span> <span class='ocrx_word' id='word_1_549' title='bbox 2127 4554 2182 4597; x_wconf 85' lang='lat' dir='ltr'><strong>et</strong></span> <span class='ocrx_word' id='word_1_550' title='bbox 2212 4544 2376 4596; x_wconf 81' lang='lat' dir='ltr'><strong>vitam</strong></span> <span class='ocrx_word' id='word_1_551' title='bbox 2427 4543 2480 4595; x_wconf 89' lang='lat' dir='ltr'><strong>in</strong></span> <span class='ocrx_word' id='word_1_552' title='bbox 2503 4542 2739 4611; x_wconf 85' lang='lat' dir='ltr'><strong>puritate</strong></span> <span class='ocrx_word' id='word_1_553' title='bbox 2768 4542 3067 4607; x_wconf 73' lang='lat' dir='ltr'><strong>degendam</strong></span> <span class='ocrx_word' id='word_1_554' title='bbox 3101 4541 3334 4605; x_wconf 64' lang='lat' dir='ltr'><strong>eligens.</strong></span> <span class='ocrx_word' id='word_1_555' title='bbox 3363 4539 3517 4593; x_wconf 86' lang='lat' dir='ltr'><strong>Tunc</strong></span> 
     </span>
    </p>
   </div>
   <div class='ocr_carea' id='block_1_91' title="bbox 273 4626 1849 4702">
    <p class='ocr_par' dir='ltr' id='par_1_91' title="bbox 273 4626 1849 4702">
     <span class='ocr_line' id='line_1_91' title="bbox 273 4626 1849 4702; baseline -0.002 -20"><span class='ocrx_word' id='word_1_556' title='bbox 273 4636 385 4701; x_wconf 67' lang='grc' dir='ltr'>γὰρ</span> <span class='ocrx_word' id='word_1_557' title='bbox 433 4633 732 4699; x_wconf 76' lang='grc' dir='ltr'>κελεύομεν</span> <span class='ocrx_word' id='word_1_558' title='bbox 796 4632 1116 4702; x_wconf 78' lang='grc' dir='ltr'>παρρησίαν</span> <span class='ocrx_word' id='word_1_559' title='bbox 1166 4626 1308 4682; x_wconf 86' lang='grc' dir='ltr'>εῐναι</span> <span class='ocrx_word' id='word_1_560' title='bbox 1373 4629 1469 4687; x_wconf 71' lang='grc' dir='ltr'>καὶ</span> <span class='ocrx_word' id='word_1_561' title='bbox 1530 4629 1687 4698; x_wconf 80' lang='grc' dir='ltr'>ἀνδρὶ</span> <span class='ocrx_word' id='word_1_562' title='bbox 1754 4628 1849 4681; x_wconf 80' lang='grc' dir='ltr'>καὶ</span> 
     </span>
    </p>
   </div>
   <div class='ocr_carea' id='block_1_92' title="bbox 276 4719 1846 4793">
    <p class='ocr_par' dir='ltr' id='par_1_92' title="bbox 276 4719 1846 4793">
     <span class='ocr_line' id='line_1_92' title="bbox 276 4719 1846 4793; baseline -0.001 -20"><span class='ocrx_word' id='word_1_563' title='bbox 276 4724 497 4790; x_wconf 68' lang='grc' dir='ltr'>γυναικὶ</span> <span class='ocrx_word' id='word_1_564' title='bbox 527 4724 664 4793; x_wconf 75' lang='grc' dir='ltr'>πρὸς</span> <span class='ocrx_word' id='word_1_565' title='bbox 697 4723 764 4775; x_wconf 78' lang='grc' dir='ltr'>τὰ</span> <span class='ocrx_word' id='word_1_566' title='bbox 795 4722 992 4792; x_wconf 84' lang='grc' dir='ltr'>βελτίω</span> <span class='ocrx_word' id='word_1_567' title='bbox 1027 4721 1449 4791; x_wconf 75' lang='grc' dir='ltr'>μεθισταμένοις</span> <span class='ocrx_word' id='word_1_568' title='bbox 1494 4719 1736 4773; x_wconf 84' lang='grc' dir='ltr'>διαλύειν</span> <span class='ocrx_word' id='word_1_569' title='bbox 1785 4721 1846 4772; x_wconf 84' lang='grc' dir='ltr'>τὸ</span> 
     </span>
    </p>
   </div>
   <div class='ocr_carea' id='block_1_93' title="bbox 278 4813 1849 4885">
    <p class='ocr_par' dir='ltr' id='par_1_93' title="bbox 278 4813 1849 4885">
     <span class='ocr_line' id='line_1_93' title="bbox 278 4813 1849 4885; baseline -0.003 -17"><span class='ocrx_word' id='word_1_570' title='bbox 278 4816 634 4881; x_wconf 86' lang='grc' dir='ltr'>συνοικέσιον,</span> <span class='ocrx_word' id='word_1_571' title='bbox 676 4817 769 4869; x_wconf 83' lang='grc' dir='ltr'>καὶ</span> <span class='ocrx_word' id='word_1_572' title='bbox 832 4818 1138 4885; x_wconf 81' lang='grc' dir='ltr'>ἀναχωρεῖν</span> <span class='ocrx_word' id='word_1_573' title='bbox 1196 4815 1335 4884; x_wconf 82' lang='grc' dir='ltr'>μετά</span> <span class='ocrx_word' id='word_1_574' title='bbox 1388 4830 1534 4875; x_wconf 87' lang='grc' dir='ltr'>τινος</span> <span class='ocrx_word' id='word_1_575' title='bbox 1590 4813 1849 4883; x_wconf 88' lang='grc' dir='ltr'>βραχείας</span> 
     </span>
    </p>
   </div>
   <div class='ocr_carea' id='block_1_94' title="bbox 278 4904 1843 4977">
    <p class='ocr_par' dir='ltr' id='par_1_94' title="bbox 278 4904 1843 4977">
     <span class='ocr_line' id='line_1_94' title="bbox 278 4904 1843 4977; baseline -0.001 -17"><span class='ocrx_word' id='word_1_576' title='bbox 278 4908 801 4977; x_wconf 76' lang='grc' dir='ltr'>ὑπολιμπανομένης</span> <span class='ocrx_word' id='word_1_577' title='bbox 830 4906 908 4975; x_wconf 88' lang='grc' dir='ltr'>τῷ</span> <span class='ocrx_word' id='word_1_578' title='bbox 940 4905 1426 4975; x_wconf 75' lang='grc' dir='ltr'>καταλελειμμένῳ</span> <span class='ocrx_word' id='word_1_579' title='bbox 1465 4904 1843 4973; x_wconf 80' lang='grc' dir='ltr'>παραμυθίας.</span> 
     </span>
    </p>
   </div>
   <div class='ocr_carea' id='block_1_95' title="bbox 282 4996 1852 5068">
    <p class='ocr_par' dir='ltr' id='par_1_95' title="bbox 282 4996 1852 5068">
     <span class='ocr_line' id='line_1_95' title="bbox 282 4996 1852 5068; baseline -0.003 -17"><span class='ocrx_word' id='word_1_580' title='bbox 282 5000 462 5068; x_wconf 78' lang='grc' dir='ltr'>Ὅπερ</span> <span class='ocrx_word' id='word_1_581' title='bbox 484 5004 594 5068; x_wconf 80' lang='grc' dir='ltr'>γὰρ</span> <span class='ocrx_word' id='word_1_582' title='bbox 623 5001 685 5051; x_wconf 73' lang='lat' dir='ltr'><strong>iv</strong></span> <span class='ocrx_word' id='word_1_583' title='bbox 704 5002 1122 5068; x_wconf 77' lang='grc' dir='ltr'>συμφωνήσειαν</span> <span class='ocrx_word' id='word_1_584' title='bbox 1139 4998 1191 5049; x_wconf 81' lang='grc' dir='ltr'>οἱ</span> <span class='ocrx_word' id='word_1_585' title='bbox 1218 4996 1593 5066; x_wconf 76' lang='grc' dir='ltr'>συμϐαλόντες</span> <span class='ocrx_word' id='word_1_586' title='bbox 1622 4996 1731 5049; x_wconf 80' lang='grc' dir='ltr'><strong>ἀπὸ</strong></span> <span class='ocrx_word' id='word_1_587' title='bbox 1764 5013 1852 5048; x_wconf 89' lang='grc' dir='ltr'>τε-</span> 
     </span>
    </p>
   </div>
   <div class='ocr_carea' id='block_1_96' title="bbox 276 5088 1850 5160">
    <p class='ocr_par' dir='ltr' id='par_1_96' title="bbox 276 5088 1850 5160">
     <span class='ocr_line' id='line_1_96' title="bbox 276 5088 1850 5160; baseline -0.003 -17"><span class='ocrx_word' id='word_1_588' title='bbox 276 5092 475 5160; x_wconf 75' lang='grc' dir='ltr'>λευτῆς</span> <span class='ocrx_word' id='word_1_589' title='bbox 502 5091 755 5159; x_wconf 78' lang='grc' dir='ltr'>γενέσθαι</span> <span class='ocrx_word' id='word_1_590' title='bbox 782 5091 995 5158; x_wconf 81' lang='grc' dir='ltr'>κέρδος,</span> <span class='ocrx_word' id='word_1_591' title='bbox 1026 5091 1183 5143; x_wconf 76' lang='grc' dir='ltr'>τοῦτο</span> <span class='ocrx_word' id='word_1_592' title='bbox 1224 5089 1369 5159; x_wconf 67' lang='grc' dir='ltr'>ἔχειν</span> <span class='ocrx_word' id='word_1_593' title='bbox 1393 5089 1477 5141; x_wconf 88' lang='grc' dir='ltr'>δεῖ</span> <span class='ocrx_word' id='word_1_594' title='bbox 1506 5092 1596 5143; x_wconf 82' lang='grc' dir='ltr'>τὸν</span> <span class='ocrx_word' id='word_1_595' title='bbox 1620 5088 1850 5142; x_wconf 83' lang='grc' dir='ltr'>καταλε-</span> 
     </span>
    </p>
   </div>
   <div class='ocr_carea' id='block_1_97' title="bbox 276 5181 1848 5254">
    <p class='ocr_par' dir='ltr' id='par_1_97' title="bbox 276 5181 1848 5254">
     <span class='ocr_line' id='line_1_97' title="bbox 276 5181 1848 5254; baseline -0.001 -19"><span class='ocrx_word' id='word_1_596' title='bbox 276 5186 572 5252; x_wconf 77' lang='grc' dir='ltr'>ὶειμμένον</span> <span class='ocrx_word' id='word_1_597' title='bbox 639 5183 792 5254; x_wconf 82' lang='grc' dir='ltr'>παρὰ</span> <span class='ocrx_word' id='word_1_598' title='bbox 844 5183 1098 5251; x_wconf 83' lang='grc' dir='ltr'>θατέρου,</span> <span class='ocrx_word' id='word_1_599' title='bbox 1151 5183 1265 5235; x_wconf 81' lang='grc' dir='ltr'>εἴτε</span> <span class='ocrx_word' id='word_1_600' title='bbox 1321 5182 1479 5251; x_wconf 75' lang='grc' dir='ltr'>ἀνὴρ,</span> <span class='ocrx_word' id='word_1_601' title='bbox 1543 5182 1655 5235; x_wconf 75' lang='grc' dir='ltr'>εἴτε</span> <span class='ocrx_word' id='word_1_602' title='bbox 1709 5181 1848 5250; x_wconf 80' lang='grc' dir='ltr'>γυνὴ</span> 
     </span>
    </p>
   </div>
   <div class='ocr_carea' id='block_1_98' title="bbox 280 5268 1849 5346">
    <p class='ocr_par' dir='ltr' id='par_1_98' title="bbox 280 5268 1849 5346">
     <span class='ocr_line' id='line_1_98' title="bbox 280 5268 1849 5346; baseline -0.001 -18"><span class='ocrx_word' id='word_1_603' title='bbox 280 5277 619 5346; x_wconf 64' lang='grc' dir='ltr'>καθεστήκοι</span> <span class='ocrx_word' id='word_1_604' title='bbox 639 5294 651 5306; x_wconf 92' lang='grc'><strong>·</strong></span> <span class='ocrx_word' id='word_1_605' title='bbox 678 5277 815 5330; x_wconf 85' lang='grc' dir='ltr'>διότι</span> <span class='ocrx_word' id='word_1_606' title='bbox 847 5278 938 5328; x_wconf 79' lang='grc' dir='ltr'>καὶ</span> <span class='ocrx_word' id='word_1_607' title='bbox 971 5268 1126 5338; x_wconf 72' lang='grc' dir='ltr'>οὗτος</span> <span class='ocrx_word' id='word_1_608' title='bbox 1166 5278 1227 5328; x_wconf 88' lang='grc' dir='ltr'>τό</span> <span class='ocrx_word' id='word_1_609' title='bbox 1256 5293 1320 5344; x_wconf 89' lang='grc' dir='ltr'><strong>γε</strong></span> <span class='ocrx_word' id='word_1_610' title='bbox 1353 5277 1445 5329; x_wconf 75' lang='grc' dir='ltr'><strong>ἐπὶ</strong></span> <span class='ocrx_word' id='word_1_611' title='bbox 1488 5275 1566 5344; x_wconf 84' lang='grc' dir='ltr'>τῷ</span> <span class='ocrx_word' id='word_1_612' title='bbox 1596 5276 1849 5345; x_wconf 79' lang='grc' dir='ltr'>συνοική-</span> 
     </span>
    </p>
   </div>
   <div class='ocr_carea' id='block_1_99' title="bbox 279 5367 1848 5441">
    <p class='ocr_par' dir='ltr' id='par_1_99' title="bbox 279 5367 1848 5441">
     <span class='ocr_line' id='line_1_99' title="bbox 279 5367 1848 5441; baseline 0.001 -21"><span class='ocrx_word' id='word_1_613' title='bbox 279 5386 434 5421; x_wconf 76' lang='grc' dir='ltr'>σαντι</span> <span class='ocrx_word' id='word_1_614' title='bbox 486 5370 635 5422; x_wconf 84' lang='grc' dir='ltr'>δοκεῖ</span> <span class='ocrx_word' id='word_1_615' title='bbox 661 5368 944 5439; x_wconf 82' lang='grc' dir='ltr'>τελευτᾷν,</span> <span class='ocrx_word' id='word_1_616' title='bbox 997 5368 1191 5437; x_wconf 76' lang='grc' dir='ltr'>ἑτέραν</span> <span class='ocrx_word' id='word_1_617' title='bbox 1220 5367 1337 5422; x_wconf 84' lang='grc' dir='ltr'>ἀνθ’</span> <span class='ocrx_word' id='word_1_618' title='bbox 1370 5369 1558 5441; x_wconf 80' lang='grc' dir='ltr'>ἑτέρας</span> <span class='ocrx_word' id='word_1_619' title='bbox 1603 5368 1717 5437; x_wconf 86' lang='grc' dir='ltr'>βίου</span> <span class='ocrx_word' id='word_1_620' title='bbox 1755 5385 1848 5421; x_wconf 81' lang='grc' dir='ltr'>πο-</span> 
     </span>
    </p>
   </div>
   <div class='ocr_carea' id='block_1_100' title="bbox 281 5460 735 5529">
    <p class='ocr_par' dir='ltr' id='par_1_100' title="bbox 281 5460 735 5529">
     <span class='ocr_line' id='line_1_100' title="bbox 281 5460 735 5529; baseline 0.004 -18"><span class='ocrx_word' id='word_1_621' title='bbox 281 5461 439 5529; x_wconf 81' lang='grc' dir='ltr'>ρείαν</span> <span class='ocrx_word' id='word_1_622' title='bbox 462 5460 735 5528; x_wconf 77' lang='grc' dir='ltr'>ἑλόμενος.</span> 
     </span>
    </p>
   </div>
   <div class='ocr_carea' id='block_1_101' title="bbox 359 5550 1843 5621">
    <p class='ocr_par' dir='ltr' id='par_1_101' title="bbox 359 5550 1843 5621">
     <span class='ocr_line' id='line_1_101' title="bbox 359 5550 1843 5621; baseline -0.001 -15"><span class='ocrx_word' id='word_1_623' title='bbox 359 5552 427 5606; x_wconf 80' lang='grc' dir='ltr'><strong>Ἠ</strong></span> <span class='ocrx_word' id='word_1_624' title='bbox 461 5552 572 5619; x_wconf 74' lang='grc' dir='ltr'>γὰρ</span> <span class='ocrx_word' id='word_1_625' title='bbox 628 5552 959 5619; x_wconf 82' lang='grc' dir='ltr'>ἁπόκαρσις,</span> <span class='ocrx_word' id='word_1_626' title='bbox 1016 5553 1111 5605; x_wconf 74' lang='grc' dir='ltr'><strong>καὶ</strong></span> <span class='ocrx_word' id='word_1_627' title='bbox 1173 5552 1399 5615; x_wconf 66' lang='grc' dir='ltr'>ἄκοντος</span> <span class='ocrx_word' id='word_1_628' title='bbox 1460 5551 1690 5621; x_wconf 81' lang='grc' dir='ltr'>θατέρου</span> <span class='ocrx_word' id='word_1_629' title='bbox 1736 5550 1843 5605; x_wconf 80' lang='grc' dir='ltr'>τῶν</span> 
     </span>
    </p>
   </div>
   <div class='ocr_carea' id='block_1_102' title="bbox 277 5643 1841 5713">
    <p class='ocr_par' dir='ltr' id='par_1_102' title="bbox 277 5643 1841 5713">
     <span class='ocr_line' id='line_1_102' title="bbox 277 5643 1841 5713; baseline -0.003 -17"><span class='ocrx_word' id='word_1_630' title='bbox 277 5645 589 5711; x_wconf 61' lang='grc' dir='ltr'>ὁμοζύγων,</span> <span class='ocrx_word' id='word_1_631' title='bbox 655 5647 863 5711; x_wconf 86' lang='grc' dir='ltr'>γίνεται</span> <span class='ocrx_word' id='word_1_632' title='bbox 922 5646 1210 5713; x_wconf 83' lang='grc' dir='ltr'>ἀσφαλῶς·</span> <span class='ocrx_word' id='word_1_633' title='bbox 1263 5649 1358 5700; x_wconf 71' lang='grc' dir='ltr'><strong>καὶ</strong></span> <span class='ocrx_word' id='word_1_634' title='bbox 1389 5643 1621 5711; x_wconf 74' lang='grc' dir='ltr'>λέγομεν</span> <span class='ocrx_word' id='word_1_635' title='bbox 1667 5645 1841 5713; x_wconf 77' lang='grc' dir='ltr'>ἀγαθῇ</span> 
     </span>
    </p>
   </div>
   <div class='ocr_carea' id='block_1_103' title="bbox 276 5736 1841 5807">
    <p class='ocr_par' dir='ltr' id='par_1_103' title="bbox 276 5736 1841 5807">
     <span class='ocr_line' id='line_1_103' title="bbox 276 5736 1841 5807; baseline -0.001 -20"><span class='ocrx_word' id='word_1_636' title='bbox 276 5736 463 5807; x_wconf 79' lang='grc' dir='ltr'>χάριτι</span> <span class='ocrx_word' id='word_1_637' title='bbox 506 5737 608 5806; x_wconf 75' lang='grc' dir='ltr'><strong>τὴν</strong></span> <span class='ocrx_word' id='word_1_638' title='bbox 632 5738 903 5802; x_wconf 77' lang='grc' dir='ltr'>διάζευξιν</span> <span class='ocrx_word' id='word_1_639' title='bbox 942 5736 1189 5803; x_wconf 78' lang='grc' dir='ltr'>γίνεσθαι</span> <span class='ocrx_word' id='word_1_640' title='bbox 1214 5752 1225 5765; x_wconf 90' lang='grc'><strong>·</strong></span> <span class='ocrx_word' id='word_1_641' title='bbox 1263 5738 1358 5788; x_wconf 71' lang='grc' dir='ltr'><strong>καὶ</strong></span> <span class='ocrx_word' id='word_1_642' title='bbox 1397 5737 1456 5788; x_wconf 74' lang='grc' dir='ltr'><strong>τὸ</strong></span> <span class='ocrx_word' id='word_1_643' title='bbox 1494 5737 1841 5804; x_wconf 77' lang='grc' dir='ltr'>περιλειφθὲν</span> 
     </span>
    </p>
   </div>
   <div class='ocr_carea' id='block_1_104' title="bbox 285 5827 1837 5899">
    <p class='ocr_par' dir='ltr' id='par_1_104' title="bbox 285 5827 1837 5899">
     <span class='ocr_line' id='line_1_104' title="bbox 285 5827 1837 5899; baseline -0.002 -19"><span class='ocrx_word' id='word_1_644' title='bbox 285 5827 575 5897; x_wconf 72' lang='grc' dir='ltr'>πρόσωπον</span> <span class='ocrx_word' id='word_1_645' title='bbox 609 5828 828 5882; x_wconf 53' lang='grc' dir='ltr'>δύναται</span> <span class='ocrx_word' id='word_1_646' title='bbox 890 5829 1024 5897; x_wconf 56' lang='grc' dir='ltr'>πρὸς</span> <span class='ocrx_word' id='word_1_647' title='bbox 1077 5829 1268 5899; x_wconf 69' lang='grc' dir='ltr'>ἑτέραν</span> <span class='ocrx_word' id='word_1_648' title='bbox 1309 5828 1568 5892; x_wconf 65' lang='grc' dir='ltr'>συζυγὲττν</span> <span class='ocrx_word' id='word_1_649' title='bbox 1625 5827 1837 5879; x_wconf 68' lang='grc' dir='ltr'>ἐλθεῖν·</span> 
     </span>
    </p>
   </div>
   <div class='ocr_carea' id='block_1_105' title="bbox 1953 4634 3515 4703">
    <p class='ocr_par' dir='ltr' id='par_1_105' title="bbox 1953 4634 3515 4703">
     <span class='ocr_line' id='line_1_105' title="bbox 1953 4634 3515 4703; baseline -0.004 -12"><span class='ocrx_word' id='word_1_650' title='bbox 1953 4638 2095 4691; x_wconf 88' lang='lat' dir='ltr'><strong>enim</strong></span> <span class='ocrx_word' id='word_1_651' title='bbox 2130 4647 2235 4689; x_wconf 87' lang='lat' dir='ltr'><strong>tam</strong></span> <span class='ocrx_word' id='word_1_652' title='bbox 2276 4636 2478 4697; x_wconf 79' lang='lat' dir='ltr'><strong>virum,</strong></span> <span class='ocrx_word' id='word_1_653' title='bbox 2513 4650 2677 4703; x_wconf 86' lang='lat' dir='ltr'><strong>quam</strong></span> <span class='ocrx_word' id='word_1_654' title='bbox 2727 4634 3034 4698; x_wconf 86' lang='lat' dir='ltr'><strong>mulierem,</strong></span> <span class='ocrx_word' id='word_1_655' title='bbox 3067 4634 3133 4686; x_wconf 90' lang='lat' dir='ltr'><strong>ad</strong></span> <span class='ocrx_word' id='word_1_656' title='bbox 3169 4634 3515 4701; x_wconf 70' lang='lat' dir='ltr'><strong>prreclariora</strong></span> 
     </span>
    </p>
   </div>
   <div class='ocr_carea' id='block_1_106' title="bbox 1952 4728 3529 4796">
    <p class='ocr_par' dir='ltr' id='par_1_106' title="bbox 1952 4728 3529 4796">
     <span class='ocr_line' id='line_1_106' title="bbox 1952 4728 3529 4796; baseline -0.004 -11"><span class='ocrx_word' id='word_1_657' title='bbox 1952 4747 2010 4785; x_wconf 90' lang='lat' dir='ltr'><strong>se</strong></span> <span class='ocrx_word' id='word_1_658' title='bbox 2035 4731 2424 4796; x_wconf 76' lang='lat' dir='ltr'><strong>conferentem,</strong></span> <span class='ocrx_word' id='word_1_659' title='bbox 2446 4729 2757 4782; x_wconf 87' lang='lat' dir='ltr'><strong>divortendi</strong></span> <span class='ocrx_word' id='word_1_660' title='bbox 2777 4728 3174 4796; x_wconf 87' lang='lat' dir='ltr'><strong>recedendiquc</strong></span> <span class='ocrx_word' id='word_1_661' title='bbox 3192 4736 3529 4795; x_wconf 62' lang='lat' dir='ltr'><strong>potestatem,</strong></span> 
     </span>
    </p>
   </div>
   <div class='ocr_carea' id='block_1_107' title="bbox 1954 4818 3517 4889">
    <p class='ocr_par' dir='ltr' id='par_1_107' title="bbox 1954 4818 3517 4889">
     <span class='ocr_line' id='line_1_107' title="bbox 1954 4818 3517 4889; baseline -0.004 -14"><span class='ocrx_word' id='word_1_662' title='bbox 1954 4822 2156 4875; x_wconf 85' lang='lat' dir='ltr'><strong>habere</strong></span> <span class='ocrx_word' id='word_1_663' title='bbox 2183 4821 2480 4888; x_wconf 86' lang='lat' dir='ltr'><strong>jubemus;</strong></span> <span class='ocrx_word' id='word_1_664' title='bbox 2510 4820 2709 4889; x_wconf 79' lang='lat' dir='ltr'><strong>exiguo</strong></span> <span class='ocrx_word' id='word_1_665' title='bbox 2736 4819 2973 4887; x_wconf 88' lang='lat' dir='ltr'><strong>quodam</strong></span> <span class='ocrx_word' id='word_1_666' title='bbox 3002 4819 3229 4872; x_wconf 66' lang='lat' dir='ltr'><strong>desertae</strong></span> <span class='ocrx_word' id='word_1_667' title='bbox 3264 4818 3402 4886; x_wconf 85' lang='lat' dir='ltr'><strong>parti</strong></span> <span class='ocrx_word' id='word_1_668' title='bbox 3429 4833 3517 4870; x_wconf 86' lang='lat' dir='ltr'><strong>so-</strong></span> 
     </span>
    </p>
   </div>
   <div class='ocr_carea' id='block_1_108' title="bbox 1953 4911 3515 4982">
    <p class='ocr_par' dir='ltr' id='par_1_108' title="bbox 1953 4911 3515 4982">
     <span class='ocr_line' id='line_1_108' title="bbox 1953 4911 3515 4982; baseline -0.003 -15"><span class='ocrx_word' id='word_1_669' title='bbox 1953 4914 2083 4968; x_wconf 88' lang='lat' dir='ltr'><strong>latio</strong></span> <span class='ocrx_word' id='word_1_670' title='bbox 2137 4914 2350 4968; x_wconf 86' lang='lat' dir='ltr'><strong>relicto.</strong></span> <span class='ocrx_word' id='word_1_671' title='bbox 2402 4913 2675 4982; x_wconf 84' lang='lat' dir='ltr'><strong>Quidquid</strong></span> <span class='ocrx_word' id='word_1_672' title='bbox 2728 4912 2873 4966; x_wconf 91' lang='lat' dir='ltr'><strong>enim</strong></span> <span class='ocrx_word' id='word_1_673' title='bbox 2921 4913 3311 4967; x_wconf 67' lang='lat' dir='ltr'><strong>contrahentes</strong></span> <span class='ocrx_word' id='word_1_674' title='bbox 3375 4911 3515 4978; x_wconf 83' lang='lat' dir='ltr'><strong>pacti</strong></span> 
     </span>
    </p>
   </div>
   <div class='ocr_carea' id='block_1_109' title="bbox 1951 5001 3518 5068">
    <p class='ocr_par' dir='ltr' id='par_1_109' title="bbox 1951 5001 3518 5068">
     <span class='ocr_line' id='line_1_109' title="bbox 1951 5001 3518 5068; baseline -0.002 -10"><span class='ocrx_word' id='word_1_675' title='bbox 1951 5016 2100 5068; x_wconf 88' lang='lat' dir='ltr'><strong>sunt,</strong></span> <span class='ocrx_word' id='word_1_676' title='bbox 2130 5014 2238 5057; x_wconf 91' lang='lat' dir='ltr'><strong>uta</strong></span> <span class='ocrx_word' id='word_1_677' title='bbox 2275 5012 2452 5056; x_wconf 91' lang='lat' dir='ltr'><strong>morte</strong></span> <span class='ocrx_word' id='word_1_678' title='bbox 2496 5004 2646 5056; x_wconf 82' lang='lat' dir='ltr'><strong>lucro</strong></span> <span class='ocrx_word' id='word_1_679' title='bbox 2677 5002 2907 5055; x_wconf 85' lang='lat' dir='ltr'><strong>alterius</strong></span> <span class='ocrx_word' id='word_1_680' title='bbox 2935 5002 3174 5064; x_wconf 88' lang='lat' dir='ltr'><strong>cederet,</strong></span> <span class='ocrx_word' id='word_1_681' title='bbox 3222 5002 3273 5055; x_wconf 90' lang='lat' dir='ltr'><strong>id</strong></span> <span class='ocrx_word' id='word_1_682' title='bbox 3318 5001 3518 5055; x_wconf 83' lang='lat' dir='ltr'><strong>habere</strong></span> 
     </span>
    </p>
   </div>
   <div class='ocr_carea' id='block_1_110' title="bbox 1952 5091 3539 5165">
    <p class='ocr_par' dir='ltr' id='par_1_110' title="bbox 1952 5091 3539 5165">
     <span class='ocr_line' id='line_1_110' title="bbox 1952 5091 3539 5165; baseline -0.007 -16"><span class='ocrx_word' id='word_1_683' title='bbox 1952 5103 2167 5165; x_wconf 89' lang='lat' dir='ltr'><strong>oportet</strong></span> <span class='ocrx_word' id='word_1_684' title='bbox 2196 5096 2265 5149; x_wconf 89' lang='lat' dir='ltr'><strong>ab</strong></span> <span class='ocrx_word' id='word_1_685' title='bbox 2294 5097 2465 5148; x_wconf 90' lang='lat' dir='ltr'><strong>altero</strong></span> <span class='ocrx_word' id='word_1_686' title='bbox 2494 5093 2796 5156; x_wconf 87' lang='lat' dir='ltr'><strong>desertum,</strong></span> <span class='ocrx_word' id='word_1_687' title='bbox 2846 5092 2963 5146; x_wconf 87' lang='lat' dir='ltr'><strong>sive</strong></span> <span class='ocrx_word' id='word_1_688' title='bbox 2994 5097 3100 5157; x_wconf 83' lang='lat' dir='ltr'><strong>vir,</strong></span> <span class='ocrx_word' id='word_1_689' title='bbox 3146 5094 3261 5147; x_wconf 80' lang='lat' dir='ltr'><strong>sive</strong></span> <span class='ocrx_word' id='word_1_690' title='bbox 3319 5091 3539 5145; x_wconf 16' lang='lat' dir='ltr'><strong>mulier.</strong></span> 
     </span>
    </p>
   </div>
   <div class='ocr_carea' id='block_1_111' title="bbox 1950 5183 3509 5257">
    <p class='ocr_par' dir='ltr' id='par_1_111' title="bbox 1950 5183 3509 5257">
     <span class='ocr_line' id='line_1_111' title="bbox 1950 5183 3509 5257; baseline -0.004 -16"><span class='ocrx_word' id='word_1_691' title='bbox 1950 5188 2020 5241; x_wconf 80' lang='lat' dir='ltr'><strong>sit</strong></span> <span class='ocrx_word' id='word_1_692' title='bbox 2050 5205 2063 5242; x_wconf 91' lang='lat'><strong>:</strong></span> <span class='ocrx_word' id='word_1_693' title='bbox 2089 5188 2306 5257; x_wconf 91' lang='lat' dir='ltr'><strong>quando</strong></span> <span class='ocrx_word' id='word_1_694' title='bbox 2332 5194 2385 5238; x_wconf 92' lang='lat' dir='ltr'><strong>et</strong></span> <span class='ocrx_word' id='word_1_695' title='bbox 2406 5186 2539 5253; x_wconf 86' lang='lat' dir='ltr'><strong>ipse.</strong></span> <span class='ocrx_word' id='word_1_696' title='bbox 2573 5192 2838 5254; x_wconf 88' lang='lat' dir='ltr'><strong>quantum</strong></span> <span class='ocrx_word' id='word_1_697' title='bbox 2873 5184 3095 5253; x_wconf 91' lang='lat' dir='ltr'><strong>quidem</strong></span> <span class='ocrx_word' id='word_1_698' title='bbox 3122 5186 3185 5237; x_wconf 79' lang='lat' dir='ltr'><strong>ad</strong></span> <span class='ocrx_word' id='word_1_699' title='bbox 3224 5183 3509 5252; x_wconf 74' lang='lat' dir='ltr'><strong>conjugem</strong></span> 
     </span>
    </p>
   </div>
   <div class='ocr_carea' id='block_1_112' title="bbox 1950 5277 3512 5357">
    <p class='ocr_par' dir='ltr' id='par_1_112' title="bbox 1950 5277 3512 5357">
     <span class='ocr_line' id='line_1_112' title="bbox 1950 5277 3512 5357; baseline -0.002 -25"><span class='ocrx_word' id='word_1_700' title='bbox 1950 5280 2166 5357; x_wconf 73' lang='lat' dir='ltr'><strong>attinet,</strong></span> <span class='ocrx_word' id='word_1_701' title='bbox 2197 5279 2335 5331; x_wconf 90' lang='lat' dir='ltr'><strong>mori</strong></span> <span class='ocrx_word' id='word_1_702' title='bbox 2360 5277 2599 5341; x_wconf 79' lang='lat' dir='ltr'><strong>videtur,</strong></span> <span class='ocrx_word' id='word_1_703' title='bbox 2632 5277 2868 5331; x_wconf 86' lang='lat' dir='ltr'><strong>alterum</strong></span> <span class='ocrx_word' id='word_1_704' title='bbox 2892 5277 3018 5330; x_wconf 70' lang='lat' dir='ltr'><strong>vita:</strong></span> <span class='ocrx_word' id='word_1_705' title='bbox 3052 5277 3158 5330; x_wconf 89' lang='lat' dir='ltr'><strong>iter</strong></span> <span class='ocrx_word' id='word_1_706' title='bbox 3195 5290 3318 5330; x_wconf 89' lang='lat' dir='ltr'><strong>cum</strong></span> <span class='ocrx_word' id='word_1_707' title='bbox 3340 5277 3512 5330; x_wconf 85' lang='lat' dir='ltr'><strong>altero</strong></span> 
     </span>
    </p>
   </div>
   <div class='ocr_carea' id='block_1_113' title="bbox 1950 5368 2317 5425">
    <p class='ocr_par' dir='ltr' id='par_1_113' title="bbox 1950 5368 2317 5425">
     <span class='ocr_line' id='line_1_113' title="bbox 1950 5368 2317 5425; baseline -0.005 -1"><span class='ocrx_word' id='word_1_708' title='bbox 1950 5368 2317 5425; x_wconf 39' lang='lat' dir='ltr'><strong>ciommutans.</strong></span> 
     </span>
    </p>
   </div>
   <div class='ocr_carea' id='block_1_114' title="bbox 2020 5549 3511 5620">
    <p class='ocr_par' dir='ltr' id='par_1_114' title="bbox 2020 5549 3511 5620">
     <span class='ocr_line' id='line_1_114' title="bbox 2020 5549 3511 5620; baseline -0.002 -15"><span class='ocrx_word' id='word_1_709' title='bbox 2020 5551 2232 5605; x_wconf 85' lang='lat' dir='ltr'><strong>Etenim</strong></span> <span class='ocrx_word' id='word_1_710' title='bbox 2284 5560 2506 5603; x_wconf 89' lang='lat' dir='ltr'><strong>tonsura</strong></span> <span class='ocrx_word' id='word_1_711' title='bbox 2542 5557 2690 5602; x_wconf 89' lang='lat' dir='ltr'><strong>recte</strong></span> <span class='ocrx_word' id='word_1_712' title='bbox 2719 5549 2775 5602; x_wconf 81' lang='lat' dir='ltr'><strong>iit</strong></span> <span class='ocrx_word' id='word_1_713' title='bbox 2806 5549 2972 5603; x_wconf 91' lang='lat' dir='ltr'><strong>etiam</strong></span> <span class='ocrx_word' id='word_1_714' title='bbox 3000 5549 3267 5604; x_wconf 84' lang='lat' dir='ltr'><strong>alterutro</strong></span> <span class='ocrx_word' id='word_1_715' title='bbox 3304 5551 3511 5620; x_wconf 53' lang='lat' dir='ltr'><strong>conju-s</strong></span> 
     </span>
    </p>
   </div>
   <div class='ocr_carea' id='block_1_115' title="bbox 1948 5641 3512 5713">
    <p class='ocr_par' dir='ltr' id='par_1_115' title="bbox 1948 5641 3512 5713">
     <span class='ocr_line' id='line_1_115' title="bbox 1948 5641 3512 5713; baseline 0 -18"><span class='ocrx_word' id='word_1_716' title='bbox 1948 5659 2073 5713; x_wconf 80' lang='lat' dir='ltr'><strong>gum</strong></span> <span class='ocrx_word' id='word_1_717' title='bbox 2107 5644 2299 5696; x_wconf 87' lang='lat' dir='ltr'><strong>invito.</strong></span> <span class='ocrx_word' id='word_1_718' title='bbox 2335 5641 2576 5696; x_wconf 82' lang='lat' dir='ltr'><strong>Dicimus</strong></span> <span class='ocrx_word' id='word_1_719' title='bbox 2598 5643 2784 5706; x_wconf 88' lang='lat' dir='ltr'><strong>etiam,</strong></span> <span class='ocrx_word' id='word_1_720' title='bbox 2814 5642 2955 5695; x_wconf 86' lang='lat' dir='ltr'><strong>bona</strong></span> <span class='ocrx_word' id='word_1_721' title='bbox 2984 5645 3163 5711; x_wconf 72' lang='lat' dir='ltr'><strong>gratia</strong></span> <span class='ocrx_word' id='word_1_722' title='bbox 3190 5643 3304 5696; x_wconf 82' lang='lat' dir='ltr'><strong>ﬁeri</strong></span> <span class='ocrx_word' id='word_1_723' title='bbox 3331 5644 3512 5697; x_wconf 83' lang='lat' dir='ltr'><strong>divor-</strong></span> 
     </span>
    </p>
   </div>
   <div class='ocr_carea' id='block_1_116' title="bbox 1949 5732 3503 5805">
    <p class='ocr_par' dir='ltr' id='par_1_116' title="bbox 1949 5732 3503 5805">
     <span class='ocr_line' id='line_1_116' title="bbox 1949 5732 3503 5805; baseline 0.001 -18"><span class='ocrx_word' id='word_1_724' title='bbox 1949 5736 2105 5788; x_wconf 91' lang='lat' dir='ltr'><strong>tium.</strong></span> <span class='ocrx_word' id='word_1_725' title='bbox 2160 5734 2398 5788; x_wconf 84' lang='lat' dir='ltr'><strong>Persona</strong></span> <span class='ocrx_word' id='word_1_726' title='bbox 2437 5748 2660 5804; x_wconf 89' lang='lat' dir='ltr'><strong>quoque</strong></span> <span class='ocrx_word' id='word_1_727' title='bbox 2696 5732 2960 5788; x_wconf 89' lang='lat' dir='ltr'><strong>derelicta</strong></span> <span class='ocrx_word' id='word_1_728' title='bbox 3014 5743 3193 5805; x_wconf 87' lang='lat' dir='ltr'><strong>potest</strong></span> <span class='ocrx_word' id='word_1_729' title='bbox 3242 5735 3389 5789; x_wconf 85' lang='lat' dir='ltr'><strong>aliud</strong></span> <span class='ocrx_word' id='word_1_730' title='bbox 3438 5737 3503 5789; x_wconf 82' lang='lat' dir='ltr'><strong>ad</strong></span> 
     </span>
    </p>
   </div>
   <div class='ocr_carea' id='block_1_117' title="bbox 1949 5823 3503 5897">
    <p class='ocr_par' dir='ltr' id='par_1_117' title="bbox 1949 5823 3503 5897">
     <span class='ocr_line' id='line_1_117' title="bbox 1949 5823 3503 5897; baseline -0.001 -17"><span class='ocrx_word' id='word_1_731' title='bbox 1949 5826 2358 5880; x_wconf 85' lang='lat' dir='ltr'><strong>matrimonium</strong></span> <span class='ocrx_word' id='word_1_732' title='bbox 2420 5824 2696 5879; x_wconf 79' lang='lat' dir='ltr'><strong>accedere.</strong></span> <span class='ocrx_word' id='word_1_733' title='bbox 2743 5823 2849 5878; x_wconf 80' lang='lat' dir='ltr'><strong>Sed</strong></span> <span class='ocrx_word' id='word_1_734' title='bbox 2892 5824 2996 5879; x_wconf 86' lang='lat' dir='ltr'><strong>hoc</strong></span> <span class='ocrx_word' id='word_1_735' title='bbox 3048 5826 3205 5881; x_wconf 75' lang='lat' dir='ltr'><strong>uxori</strong></span> <span class='ocrx_word' id='word_1_736' title='bbox 3263 5828 3503 5897; x_wconf 73' lang='grc' dir='ltr'>ιιρίεςυυὶ</span> 
     </span>
    </p>
   </div>
  </div>
