  <div class='ocr_page' id='page_1' title='image "/cluster/home/n/w/nwhite01/storage/ocr_20150623/144/nnc1.0046980792/626.png"; bbox 0 0 4184 6444; ppageno 0'>
   <div class='ocr_carea' id='block_1_1' title="bbox 203 386 347 453">
    <p class='ocr_par' dir='ltr' id='par_1_1' title="bbox 203 386 347 453">
     <span class='ocr_line' id='line_1_1' title="bbox 203 386 347 453; baseline 0.028 -4"><span class='ocrx_word' id='word_1_1' title='bbox 203 386 347 453; x_wconf 78' lang='grc'><strong>1201</strong></span> 
     </span>
    </p>
   </div>
   <div class='ocr_carea' id='block_1_2' title="bbox 1207 408 2482 481">
    <p class='ocr_par' dir='ltr' id='par_1_2' title="bbox 1207 408 2482 481">
     <span class='ocr_line' id='line_1_2' title="bbox 1207 408 2482 481; baseline 0.013 -16"><span class='ocrx_word' id='word_1_2' title='bbox 1207 408 1619 471; x_wconf 79' lang='lat' dir='ltr'><strong>SYNTAGMA</strong></span> <span class='ocrx_word' id='word_1_3' title='bbox 1660 412 2255 478; x_wconf 75' lang='lat' dir='ltr'><strong>ALPHABETICUM</strong></span> <span class='ocrx_word' id='word_1_4' title='bbox 2320 446 2389 457; x_wconf 91' lang='lat'><strong>—</strong></span> <span class='ocrx_word' id='word_1_5' title='bbox 2418 417 2482 481; x_wconf 84' lang='grc' dir='ltr'><strong>Γ.</strong></span> 
     </span>
    </p>
   </div>
   <div class='ocr_carea' id='block_1_3' title="bbox 3294 419 3430 484">
    <p class='ocr_par' dir='ltr' id='par_1_3' title="bbox 3294 419 3430 484">
     <span class='ocr_line' id='line_1_3' title="bbox 3294 419 3430 484; baseline 0.029 -4"><span class='ocrx_word' id='word_1_6' title='bbox 3294 419 3430 484; x_wconf 78' lang='lat'><strong>1‘202</strong></span> 
     </span>
    </p>
   </div>
   <div class='ocr_carea' id='block_1_4' title="bbox 194 504 1765 594">
    <p class='ocr_par' dir='ltr' id='par_1_4' title="bbox 194 504 1765 587">
     <span class='ocr_line' id='line_1_4' title="bbox 194 504 1765 587; baseline 0.011 -34"><span class='ocrx_word' id='word_1_7' title='bbox 194 504 495 571; x_wconf 79' lang='grc' dir='ltr'>λαφῶντας</span> <span class='ocrx_word' id='word_1_8' title='bbox 527 507 858 577; x_wconf 79' lang='grc' dir='ltr'>ίερωμένους</span> <span class='ocrx_word' id='word_1_9' title='bbox 897 511 959 564; x_wconf 76' lang='grc' dir='ltr'>ἑκ</span> <span class='ocrx_word' id='word_1_10' title='bbox 991 511 1096 565; x_wconf 87' lang='grc' dir='ltr'><strong>τῶν</strong></span> <span class='ocrx_word' id='word_1_11' title='bbox 1147 513 1295 566; x_wconf 73' lang='grc' dir='ltr'>ἰδίων</span> <span class='ocrx_word' id='word_1_12' title='bbox 1340 518 1765 587; x_wconf 79' lang='grc' dir='ltr'>ὲγκρατεύεσθαι</span> 
     </span>
    </p>
   </div>
   <div class='ocr_carea' id='block_1_5' title="bbox 1833 504 3429 594">
    <p class='ocr_par' dir='ltr' id='par_1_5' title="bbox 1833 523 3429 594">
     <span class='ocr_line' id='line_1_5' title="bbox 1833 523 3429 594; baseline 0.003 -18"><span class='ocrx_word' id='word_1_13' title='bbox 1833 527 2150 586; x_wconf 71' lang='lat' dir='ltr'><strong>ttrectant,</strong></span> <span class='ocrx_word' id='word_1_14' title='bbox 2197 523 2264 577; x_wconf 78' lang='lat' dir='ltr'><strong>nl)</strong></span> <span class='ocrx_word' id='word_1_15' title='bbox 2322 523 2582 578; x_wconf 81' lang='lat' dir='ltr'><strong>uxoribus</strong></span> <span class='ocrx_word' id='word_1_16' title='bbox 2627 524 2743 580; x_wconf 85' lang='lat' dir='ltr'><strong>suis</strong></span> <span class='ocrx_word' id='word_1_17' title='bbox 2815 523 3086 579; x_wconf 85' lang='lat' dir='ltr'><strong>abstinere</strong></span> <span class='ocrx_word' id='word_1_18' title='bbox 3130 523 3429 594; x_wconf 76' lang='lat' dir='ltr'><strong>iubentes,</strong></span> 
     </span>
    </p>
   </div>
   <div class='ocr_carea' id='block_1_6' title="bbox 198 594 1767 676">
    <p class='ocr_par' dir='ltr' id='par_1_6' title="bbox 198 594 1767 676">
     <span class='ocr_line' id='line_1_6' title="bbox 198 594 1767 676; baseline 0.012 -33"><span class='ocrx_word' id='word_1_19' title='bbox 198 594 460 664; x_wconf 76' lang='grc' dir='ltr'>συμϐίων</span> <span class='ocrx_word' id='word_1_20' title='bbox 483 597 816 663; x_wconf 83' lang='grc' dir='ltr'>κελεύοντες,</span> <span class='ocrx_word' id='word_1_21' title='bbox 838 602 1112 671; x_wconf 80' lang='grc' dir='ltr'>πρόφασιν</span> <span class='ocrx_word' id='word_1_22' title='bbox 1138 606 1249 669; x_wconf 82' lang='grc' dir='ltr'>τοῖς</span> <span class='ocrx_word' id='word_1_23' title='bbox 1273 608 1522 670; x_wconf 82' lang='grc' dir='ltr'>Λατίνοις</span> <span class='ocrx_word' id='word_1_24' title='bbox 1545 609 1767 676; x_wconf 74' lang='grc' dir='ltr'>ἐνῆκαν,</span> 
     </span>
    </p>
   </div>
   <div class='ocr_carea' id='block_1_7' title="bbox 195 684 1770 776">
    <p class='ocr_par' dir='ltr' id='par_1_7' title="bbox 195 684 1770 776">
     <span class='ocr_line' id='line_1_7' title="bbox 195 684 1770 776; baseline 0.013 -42"><span class='ocrx_word' id='word_1_25' title='bbox 195 684 335 776; x_wconf 59' lang='grc' dir='ltr'><strong>⁸τοὺς</strong></span> <span class='ocrx_word' id='word_1_26' title='bbox 360 686 758 756; x_wconf 77' lang='grc' dir='ltr'>ίερωθήσεσθαι</span> <span class='ocrx_word' id='word_1_27' title='bbox 788 693 1080 761; x_wconf 74' lang='grc' dir='ltr'>μέλλοντας</span> <span class='ocrx_word' id='word_1_28' title='bbox 1096 697 1467 766; x_wconf 78' lang='grc' dir='ltr'>εἰσπράττειν,</span> <span class='ocrx_word' id='word_1_29' title='bbox 1498 701 1605 752; x_wconf 84' lang='grc' dir='ltr'><strong>τῶν</strong></span> <span class='ocrx_word' id='word_1_30' title='bbox 1627 700 1770 755; x_wconf 81' lang='grc' dir='ltr'>ἰδίων</span> 
     </span>
    </p>
   </div>
   <div class='ocr_carea' id='block_1_8' title="bbox 193 777 1770 863">
    <p class='ocr_par' dir='ltr' id='par_1_8' title="bbox 193 777 1770 863">
     <span class='ocr_line' id='line_1_8' title="bbox 193 777 1770 863; baseline 0.013 -35"><span class='ocrx_word' id='word_1_31' title='bbox 193 777 536 846; x_wconf 72' lang='grc' dir='ltr'><strong>χωρίζεσθαι</strong></span> <span class='ocrx_word' id='word_1_32' title='bbox 573 786 868 849; x_wconf 82' lang='grc' dir='ltr'>γυναικῶν.</span> <span class='ocrx_word' id='word_1_33' title='bbox 912 788 973 840; x_wconf 84' lang='lat' dir='ltr'><strong>El</strong></span> <span class='ocrx_word' id='word_1_34' title='bbox 1002 790 1184 843; x_wconf 78' lang='grc' dir='ltr'>τοίνυν</span> <span class='ocrx_word' id='word_1_35' title='bbox 1213 792 1353 845; x_wconf 80' lang='grc' dir='ltr'>οὕτω</span> <span class='ocrx_word' id='word_1_36' title='bbox 1377 794 1537 863; x_wconf 79' lang='grc' dir='ltr'>δόξης</span> <span class='ocrx_word' id='word_1_37' title='bbox 1556 795 1770 863; x_wconf 81' lang='grc' dir='ltr'>ἔχουσιν</span> 
     </span>
    </p>
   </div>
   <div class='ocr_carea' id='block_1_9' title="bbox 190 870 1769 953">
    <p class='ocr_par' dir='ltr' id='par_1_9' title="bbox 190 870 1769 953">
     <span class='ocr_line' id='line_1_9' title="bbox 190 870 1769 953; baseline 0.015 -36"><span class='ocrx_word' id='word_1_38' title='bbox 190 870 251 919; x_wconf 77' lang='lat' dir='ltr'><strong>ot</strong></span> <span class='ocrx_word' id='word_1_39' title='bbox 286 870 521 925; x_wconf 76' lang='grc' dir='ltr'>τοιοῦτοι</span> <span class='ocrx_word' id='word_1_40' title='bbox 557 876 802 946; x_wconf 77' lang='grc' dir='ltr'><strong>κανόνες,</strong></span> <span class='ocrx_word' id='word_1_41' title='bbox 855 879 1008 933; x_wconf 77' lang='grc' dir='ltr'>αὐτοὶ</span> <span class='ocrx_word' id='word_1_42' title='bbox 1044 882 1109 935; x_wconf 81' lang='grc' dir='ltr'>ἂν</span> <span class='ocrx_word' id='word_1_43' title='bbox 1161 878 1276 937; x_wconf 77' lang='grc' dir='ltr'>εἷεν</span> <span class='ocrx_word' id='word_1_44' title='bbox 1318 885 1518 953; x_wconf 77' lang='grc' dir='ltr'>μᾶλλον</span> <span class='ocrx_word' id='word_1_45' title='bbox 1570 888 1769 941; x_wconf 85' lang='grc' dir='ltr'>δίκαιοι</span> 
     </span>
    </p>
   </div>
   <div class='ocr_carea' id='block_1_10' title="bbox 192 960 1769 1042">
    <p class='ocr_par' dir='ltr' id='par_1_10' title="bbox 192 960 1769 1042">
     <span class='ocr_line' id='line_1_10' title="bbox 192 960 1769 1042; baseline 0.015 -33"><span class='ocrx_word' id='word_1_46' title='bbox 192 960 313 1012; x_wconf 85' lang='grc' dir='ltr'><strong>τῶν</strong></span> <span class='ocrx_word' id='word_1_47' title='bbox 337 963 498 1033; x_wconf 84' lang='grc' dir='ltr'>ἱερῶν</span> <span class='ocrx_word' id='word_1_48' title='bbox 524 969 765 1022; x_wconf 78' lang='grc' dir='ltr'>κανόνων</span> <span class='ocrx_word' id='word_1_49' title='bbox 794 974 1149 1042; x_wconf 73' lang='grc' dir='ltr'>χωρίζεσθαι,</span> <span class='ocrx_word' id='word_1_50' title='bbox 1176 976 1286 1029; x_wconf 84' lang='grc' dir='ltr'><strong>τῶν</strong></span> <span class='ocrx_word' id='word_1_51' title='bbox 1311 994 1368 1029; x_wconf 88' lang='grc' dir='ltr'><strong>τε</strong></span> <span class='ocrx_word' id='word_1_52' title='bbox 1394 980 1769 1033; x_wconf 73' lang='grc' dir='ltr'>ἀποπολικῶν</span> 
     </span>
    </p>
   </div>
   <div class='ocr_carea' id='block_1_11' title="bbox 193 1052 1769 1140">
    <p class='ocr_par' dir='ltr' id='par_1_11' title="bbox 193 1052 1769 1140">
     <span class='ocr_line' id='line_1_11' title="bbox 193 1052 1769 1140; baseline 0.018 -38"><span class='ocrx_word' id='word_1_53' title='bbox 193 1052 297 1103; x_wconf 76' lang='grc' dir='ltr'>καὶ</span> <span class='ocrx_word' id='word_1_54' title='bbox 322 1056 640 1121; x_wconf 84' lang='grc' dir='ltr'>συνοδικῶν,</span> <span class='ocrx_word' id='word_1_55' title='bbox 661 1061 737 1123; x_wconf 81' lang='grc' dir='ltr'><strong>ὡς</strong></span> <span class='ocrx_word' id='word_1_56' title='bbox 760 1064 1020 1119; x_wconf 78' lang='grc' dir='ltr'>τάναντία</span> <span class='ocrx_word' id='word_1_57' title='bbox 1042 1067 1254 1131; x_wconf 76' lang='grc' dir='ltr'><strong>τούτοις</strong></span> <span class='ocrx_word' id='word_1_58' title='bbox 1282 1070 1540 1140; x_wconf 71' lang='grc' dir='ltr'>ἄντικρυς</span> <span class='ocrx_word' id='word_1_59' title='bbox 1565 1072 1769 1140; x_wconf 84' lang='grc' dir='ltr'>δογμα-</span> 
     </span>
    </p>
   </div>
   <div class='ocr_carea' id='block_1_12' title="bbox 190 1141 1768 1229">
    <p class='ocr_par' dir='ltr' id='par_1_12' title="bbox 190 1141 1768 1229">
     <span class='ocr_line' id='line_1_12' title="bbox 190 1141 1768 1229; baseline 0.016 -38"><span class='ocrx_word' id='word_1_60' title='bbox 190 1141 467 1208; x_wconf 81' lang='grc' dir='ltr'>τίζοντες.</span> <span class='ocrx_word' id='word_1_61' title='bbox 498 1148 668 1203; x_wconf 80' lang='grc' dir='ltr'>Τοῦτο</span> <span class='ocrx_word' id='word_1_62' title='bbox 696 1152 804 1222; x_wconf 69' lang='grc' dir='ltr'>γὰρ</span> <span class='ocrx_word' id='word_1_63' title='bbox 839 1155 903 1207; x_wconf 76' lang='grc' dir='ltr'>ἐκ</span> <span class='ocrx_word' id='word_1_64' title='bbox 936 1156 1131 1209; x_wconf 81' lang='grc' dir='ltr'>πολλοῦ</span> <span class='ocrx_word' id='word_1_65' title='bbox 1166 1158 1258 1210; x_wconf 84' lang='grc' dir='ltr'>τοῦ</span> <span class='ocrx_word' id='word_1_66' title='bbox 1288 1163 1598 1229; x_wconf 81' lang='grc' dir='ltr'>κρείττονος</span> <span class='ocrx_word' id='word_1_67' title='bbox 1638 1164 1768 1216; x_wconf 81' lang='grc' dir='ltr'>ἀνα-</span> 
     </span>
    </p>
   </div>
   <div class='ocr_carea' id='block_1_13' title="bbox 190 1235 1768 1325">
    <p class='ocr_par' dir='ltr' id='par_1_13' title="bbox 190 1235 1768 1325">
     <span class='ocr_line' id='line_1_13' title="bbox 190 1235 1768 1325; baseline 0.018 -44"><span class='ocrx_word' id='word_1_68' title='bbox 190 1235 560 1301; x_wconf 73' lang='grc' dir='ltr'>τρέπωνόὲν</span> <span class='ocrx_word' id='word_1_69' title='bbox 612 1242 688 1310; x_wconf 84' lang='grc' dir='ltr'><strong>τῷ</strong></span> <span class='ocrx_word' id='word_1_70' title='bbox 736 1244 778 1313; x_wconf 82' lang='grc' dir='ltr'><strong>β’</strong></span> <span class='ocrx_word' id='word_1_71' title='bbox 826 1248 1102 1319; x_wconf 77' lang='grc' dir='ltr'>κεφαλαίῳ</span> <span class='ocrx_word' id='word_1_72' title='bbox 1133 1252 1319 1319; x_wconf 76' lang='grc' dir='ltr'>ῥηθεὶς</span> <span class='ocrx_word' id='word_1_73' title='bbox 1359 1253 1452 1305; x_wconf 77' lang='grc' dir='ltr'>τοῦ</span> <span class='ocrx_word' id='word_1_74' title='bbox 1500 1257 1768 1325; x_wconf 85' lang='grc' dir='ltr'>παρόντος</span> 
     </span>
    </p>
   </div>
   <div class='ocr_carea' id='block_1_14' title="bbox 194 1326 1766 1415">
    <p class='ocr_par' dir='ltr' id='par_1_14' title="bbox 194 1326 1766 1415">
     <span class='ocr_line' id='line_1_14' title="bbox 194 1326 1766 1415; baseline 0.018 -43"><span class='ocrx_word' id='word_1_75' title='bbox 194 1326 475 1393; x_wconf 77' lang='grc' dir='ltr'>στοιχείου</span> <span class='ocrx_word' id='word_1_76' title='bbox 514 1329 585 1396; x_wconf 84' lang='grc' dir='ltr'>ιγ’</span> <span class='ocrx_word' id='word_1_77' title='bbox 613 1333 714 1401; x_wconf 81' lang='grc' dir='ltr'>τῆς</span> <span class='ocrx_word' id='word_1_78' title='bbox 754 1342 810 1399; x_wconf 82' lang='grc' dir='ltr'>ς’</span> <span class='ocrx_word' id='word_1_79' title='bbox 834 1339 1055 1392; x_wconf 69' lang='grc' dir='ltr'>συνόδου</span> <span class='ocrx_word' id='word_1_80' title='bbox 1087 1340 1283 1403; x_wconf 87' lang='grc' dir='ltr'>κανὼν,</span> <span class='ocrx_word' id='word_1_81' title='bbox 1318 1346 1624 1415; x_wconf 72' lang='grc' dir='ltr'>ἀφορισμὶιν</span> <span class='ocrx_word' id='word_1_82' title='bbox 1645 1349 1766 1399; x_wconf 75' lang='grc' dir='ltr'>ἐπι-</span> 
     </span>
    </p>
   </div>
   <div class='ocr_carea' id='block_1_15' title="bbox 192 1414 1766 1502">
    <p class='ocr_par' dir='ltr' id='par_1_15' title="bbox 192 1414 1766 1502">
     <span class='ocr_line' id='line_1_15' title="bbox 192 1414 1766 1502; baseline 0.018 -39"><span class='ocrx_word' id='word_1_83' title='bbox 192 1414 341 1467; x_wconf 84' lang='grc' dir='ltr'>σείει</span> <span class='ocrx_word' id='word_1_84' title='bbox 375 1420 488 1480; x_wconf 82' lang='grc' dir='ltr'>τοῖς</span> <span class='ocrx_word' id='word_1_85' title='bbox 518 1422 661 1475; x_wconf 84' lang='grc' dir='ltr'>οὕτω</span> <span class='ocrx_word' id='word_1_86' title='bbox 709 1428 801 1479; x_wconf 74' lang='grc' dir='ltr'>καὶ</span> <span class='ocrx_word' id='word_1_87' title='bbox 840 1430 1097 1497; x_wconf 80' lang='grc' dir='ltr'>φρονοῦσι</span> <span class='ocrx_word' id='word_1_88' title='bbox 1146 1434 1237 1485; x_wconf 79' lang='grc' dir='ltr'>καὶ</span> <span class='ocrx_word' id='word_1_89' title='bbox 1278 1436 1632 1502; x_wconf 77' lang='grc' dir='ltr'>πράττουσιν.</span> <span class='ocrx_word' id='word_1_90' title='bbox 1678 1440 1766 1492; x_wconf 86' lang='grc' dir='ltr'>Ἑν</span> 
     </span>
    </p>
   </div>
   <div class='ocr_carea' id='block_1_16' title="bbox 195 1507 1767 1600">
    <p class='ocr_par' dir='ltr' id='par_1_16' title="bbox 195 1507 1767 1600">
     <span class='ocr_line' id='line_1_16' title="bbox 195 1507 1767 1600; baseline 0.017 -42"><span class='ocrx_word' id='word_1_91' title='bbox 195 1507 387 1574; x_wconf 75' lang='grc' dir='ltr'>μέντοι</span> <span class='ocrx_word' id='word_1_92' title='bbox 433 1514 511 1577; x_wconf 84' lang='grc' dir='ltr'>τῷ</span> <span class='ocrx_word' id='word_1_93' title='bbox 585 1519 761 1587; x_wconf 84' lang='grc' dir='ltr'>καιρῷ</span> <span class='ocrx_word' id='word_1_94' title='bbox 804 1522 902 1590; x_wconf 76' lang='grc' dir='ltr'>τῆς</span> <span class='ocrx_word' id='word_1_95' title='bbox 937 1523 1045 1573; x_wconf 81' lang='grc' dir='ltr'>τῶν</span> <span class='ocrx_word' id='word_1_96' title='bbox 1099 1525 1262 1577; x_wconf 75' lang='grc' dir='ltr'>θείων</span> <span class='ocrx_word' id='word_1_97' title='bbox 1322 1531 1767 1600; x_wconf 81' lang='grc' dir='ltr'>μεταχειρήσεως</span> 
     </span>
    </p>
   </div>
   <div class='ocr_carea' id='block_1_17' title="bbox 196 1600 1766 1691">
    <p class='ocr_par' dir='ltr' id='par_1_17' title="bbox 196 1600 1766 1691">
     <span class='ocr_line' id='line_1_17' title="bbox 196 1600 1766 1691; baseline 0.018 -44"><span class='ocrx_word' id='word_1_98' title='bbox 196 1600 520 1691; x_wconf 66' lang='grc' dir='ltr'>μυστηρίων</span> <span class='ocrx_word' id='word_1_99' title='bbox 573 1607 698 1665; x_wconf 73' lang='grc' dir='ltr'>τοὺς</span> <span class='ocrx_word' id='word_1_100' title='bbox 743 1607 821 1677; x_wconf 85' lang='grc' dir='ltr'>τῷ</span> <span class='ocrx_word' id='word_1_101' title='bbox 890 1612 1074 1681; x_wconf 75' lang='grc' dir='ltr'>κλήρῳ</span> <span class='ocrx_word' id='word_1_102' title='bbox 1133 1617 1583 1686; x_wconf 83' lang='grc' dir='ltr'>κατειλεγμένους</span> <span class='ocrx_word' id='word_1_103' title='bbox 1665 1622 1766 1691; x_wconf 83' lang='grc' dir='ltr'>τῆς</span> 
     </span>
    </p>
   </div>
   <div class='ocr_carea' id='block_1_18' title="bbox 192 1684 1764 1777">
    <p class='ocr_par' dir='ltr' id='par_1_18' title="bbox 192 1684 1764 1777">
     <span class='ocr_line' id='line_1_18' title="bbox 192 1684 1764 1777; baseline 0.022 -44"><span class='ocrx_word' id='word_1_104' title='bbox 192 1684 422 1777; x_wconf 71' lang='grc' dir='ltr'>ὁμιλίας</span> <span class='ocrx_word' id='word_1_105' title='bbox 474 1692 578 1744; x_wconf 76' lang='grc' dir='ltr'><strong>τῶν</strong></span> <span class='ocrx_word' id='word_1_106' title='bbox 619 1696 765 1749; x_wconf 79' lang='grc' dir='ltr'>ἰδίων</span> <span class='ocrx_word' id='word_1_107' title='bbox 802 1702 1104 1770; x_wconf 79' lang='grc' dir='ltr'>ἀπέχεσθαι</span> <span class='ocrx_word' id='word_1_108' title='bbox 1162 1684 1436 1771; x_wconf 74' lang='grc' dir='ltr'>γυναικῶν</span> <span class='ocrx_word' id='word_1_109' title='bbox 1488 1713 1580 1763; x_wconf 76' lang='grc' dir='ltr'>καὶ</span> <span class='ocrx_word' id='word_1_110' title='bbox 1612 1684 1764 1777; x_wconf 75' lang='grc' dir='ltr'>οὗτος</span> 
     </span>
    </p>
   </div>
   <div class='ocr_carea' id='block_1_19' title="bbox 192 1776 1765 1876">
    <p class='ocr_par' dir='ltr' id='par_1_19' title="bbox 192 1776 1765 1876">
     <span class='ocr_line' id='line_1_19' title="bbox 192 1776 1765 1876; baseline 0.02 -50"><span class='ocrx_word' id='word_1_111' title='bbox 192 1776 442 1876; x_wconf 49' lang='lat' dir='ltr'><strong>ruﬁ-ﬁeres</strong></span> <span class='ocrx_word' id='word_1_112' title='bbox 504 1779 644 1839; x_wconf 79' lang='grc' dir='ltr'>εἶναι</span> <span class='ocrx_word' id='word_1_113' title='bbox 700 1790 877 1858; x_wconf 83' lang='grc' dir='ltr'>κρίνει</span> <span class='ocrx_word' id='word_1_114' title='bbox 921 1795 1014 1846; x_wconf 78' lang='grc' dir='ltr'>καὶ</span> <span class='ocrx_word' id='word_1_115' title='bbox 1062 1796 1235 1861; x_wconf 73' lang='grc' dir='ltr'>ὅσιον,</span> <span class='ocrx_word' id='word_1_116' title='bbox 1289 1801 1365 1869; x_wconf 84' lang='grc' dir='ltr'>τῷ</span> <span class='ocrx_word' id='word_1_117' title='bbox 1410 1802 1540 1872; x_wconf 85' lang='grc' dir='ltr'>θείῳ</span> <span class='ocrx_word' id='word_1_118' title='bbox 1570 1804 1765 1876; x_wconf 80' lang='grc' dir='ltr'>Παύλῳ</span> 
     </span>
    </p>
   </div>
   <div class='ocr_carea' id='block_1_20' title="bbox 191 1869 1763 1960">
    <p class='ocr_par' dir='ltr' id='par_1_20' title="bbox 191 1869 1763 1960">
     <span class='ocr_line' id='line_1_20' title="bbox 191 1869 1763 1960; baseline 0.022 -44"><span class='ocrx_word' id='word_1_119' title='bbox 191 1869 576 1940; x_wconf 81' lang='grc' dir='ltr'>πειθόμενος,ι</span> <span class='ocrx_word' id='word_1_120' title='bbox 613 1879 705 1947; x_wconf 75' lang='grc' dir='ltr'>Μὴ</span> <span class='ocrx_word' id='word_1_121' title='bbox 733 1882 1105 1954; x_wconf 77' lang='grc' dir='ltr'>ἀποστερεῖτε,</span> <span class='ocrx_word' id='word_1_122' title='bbox 1129 1888 1357 1956; x_wconf 70' lang='grc' dir='ltr'>λέγοντι,</span> <span class='ocrx_word' id='word_1_123' title='bbox 1388 1869 1672 1960; x_wconf 53' lang='grc' dir='ltr'>ἀλλήλους,</span> <span class='ocrx_word' id='word_1_124' title='bbox 1714 1869 1763 1951; x_wconf 66' lang='grc' dir='ltr'><strong>εί</strong></span> 
     </span>
    </p>
   </div>
   <div class='ocr_carea' id='block_1_21' title="bbox 193 1961 1762 2060">
    <p class='ocr_par' dir='ltr' id='par_1_21' title="bbox 193 1961 1762 2060">
     <span class='ocr_line' id='line_1_21' title="bbox 193 1961 1762 2060; baseline 0.02 -49"><span class='ocrx_word' id='word_1_125' title='bbox 193 1961 273 2029; x_wconf 88' lang='grc' dir='ltr'>μή</span> <span class='ocrx_word' id='word_1_126' title='bbox 309 1977 365 2014; x_wconf 89' lang='grc' dir='ltr'><strong>τι</strong></span> <span class='ocrx_word' id='word_1_127' title='bbox 405 1964 473 2018; x_wconf 84' lang='grc' dir='ltr'>ἂν</span> <span class='ocrx_word' id='word_1_128' title='bbox 502 1970 565 2020; x_wconf 81' lang='grc' dir='ltr'>ἐκ</span> <span class='ocrx_word' id='word_1_129' title='bbox 622 1974 912 2041; x_wconf 81' lang='grc' dir='ltr'>συμφώνου</span> <span class='ocrx_word' id='word_1_130' title='bbox 944 1979 1195 2049; x_wconf 82' lang='grc' dir='ltr'>γένηται,</span> <span class='ocrx_word' id='word_1_131' title='bbox 1231 1984 1318 2037; x_wconf 80' lang='grc' dir='ltr'>ἵνα</span> <span class='ocrx_word' id='word_1_132' title='bbox 1352 1986 1647 2055; x_wconf 83' lang='grc' dir='ltr'>σχολάσητε</span> <span class='ocrx_word' id='word_1_133' title='bbox 1696 1992 1762 2060; x_wconf 79' lang='grc' dir='ltr'>τῇ</span> 
     </span>
    </p>
   </div>
   <div class='ocr_carea' id='block_1_22' title="bbox 186 2059 1765 2150">
    <p class='ocr_par' dir='ltr' id='par_1_22' title="bbox 186 2059 1765 2150">
     <span class='ocr_line' id='line_1_22' title="bbox 186 2059 1765 2150; baseline 0.02 -48"><span class='ocrx_word' id='word_1_134' title='bbox 186 2059 476 2150; x_wconf 71' lang='grc' dir='ltr'>προσευχῇ</span> <span class='ocrx_word' id='word_1_135' title='bbox 497 2060 591 2113; x_wconf 60' lang='grc' dir='ltr'><strong>καὶ⁸</strong></span> <span class='ocrx_word' id='word_1_136' title='bbox 618 2065 683 2133; x_wconf 82' lang='grc' dir='ltr'><strong>τῇ</strong></span> <span class='ocrx_word' id='word_1_137' title='bbox 716 2066 991 2138; x_wconf 80' lang='grc' dir='ltr'>νηστείᾳ,›</span> <span class='ocrx_word' id='word_1_138' title='bbox 1024 2072 1122 2141; x_wconf 78' lang='grc' dir='ltr'>τὴν</span> <span class='ocrx_word' id='word_1_139' title='bbox 1146 2073 1201 2124; x_wconf 79' lang='grc' dir='ltr'><strong>έν</strong></span> <span class='ocrx_word' id='word_1_140' title='bbox 1218 2074 1541 2144; x_wconf 79' lang='grc' dir='ltr'>ὡρισμένοις</span> <span class='ocrx_word' id='word_1_141' title='bbox 1564 2059 1765 2150; x_wconf 79' lang='grc' dir='ltr'>δηλαδῆ</span> 
     </span>
    </p>
   </div>
   <div class='ocr_carea' id='block_1_23' title="bbox 191 2148 1765 2236">
    <p class='ocr_par' dir='ltr' id='par_1_23' title="bbox 191 2148 1765 2236">
     <span class='ocr_line' id='line_1_23' title="bbox 191 2148 1765 2236; baseline 0.019 -43"><span class='ocrx_word' id='word_1_142' title='bbox 191 2148 418 2213; x_wconf 77' lang='grc' dir='ltr'>καιροῖς</span> <span class='ocrx_word' id='word_1_143' title='bbox 447 2153 701 2218; x_wconf 83' lang='grc' dir='ltr'>νηστείαν</span> <span class='ocrx_word' id='word_1_144' title='bbox 734 2154 931 2223; x_wconf 86' lang='grc' dir='ltr'>δηλῶν,</span> <span class='ocrx_word' id='word_1_145' title='bbox 973 2160 1059 2213; x_wconf 81' lang='grc' dir='ltr'>ὅτε</span> <span class='ocrx_word' id='word_1_146' title='bbox 1104 2179 1186 2226; x_wconf 89' lang='grc' dir='ltr'><strong>τις</strong></span> <span class='ocrx_word' id='word_1_147' title='bbox 1223 2164 1404 2233; x_wconf 77' lang='grc' dir='ltr'>μέλλει</span> <span class='ocrx_word' id='word_1_148' title='bbox 1452 2167 1563 2220; x_wconf 84' lang='grc' dir='ltr'><strong>τῶν</strong></span> <span class='ocrx_word' id='word_1_149' title='bbox 1607 2148 1765 2236; x_wconf 56' lang='grc' dir='ltr'>ἀγιαέ</span> 
     </span>
    </p>
   </div>
   <div class='ocr_carea' id='block_1_24' title="bbox 191 2237 1765 2329">
    <p class='ocr_par' dir='ltr' id='par_1_24' title="bbox 191 2237 1765 2329">
     <span class='ocr_line' id='line_1_24' title="bbox 191 2237 1765 2329; baseline 0.018 -44"><span class='ocrx_word' id='word_1_150' title='bbox 191 2237 424 2329; x_wconf 51' lang='lat' dir='ltr'><strong>attrith</strong></span> <span class='ocrx_word' id='word_1_151' title='bbox 460 2241 727 2310; x_wconf 75' lang='grc' dir='ltr'>μεθέξειν,</span> <span class='ocrx_word' id='word_1_152' title='bbox 767 2249 857 2300; x_wconf 74' lang='grc' dir='ltr'>καὶ</span> <span class='ocrx_word' id='word_1_153' title='bbox 883 2251 982 2319; x_wconf 82' lang='grc' dir='ltr'>τὴν</span> <span class='ocrx_word' id='word_1_154' title='bbox 1012 2253 1442 2325; x_wconf 81' lang='grc' dir='ltr'>ὲπιτεταγμένην</span> <span class='ocrx_word' id='word_1_155' title='bbox 1475 2261 1611 2324; x_wconf 74' lang='grc' dir='ltr'>μετὰ</span> <span class='ocrx_word' id='word_1_156' title='bbox 1643 2260 1765 2329; x_wconf 86' lang='grc' dir='ltr'>θερ-</span> 
     </span>
    </p>
   </div>
   <div class='ocr_carea' id='block_1_25' title="bbox 195 2327 1762 2420">
    <p class='ocr_par' dir='ltr' id='par_1_25' title="bbox 195 2327 1762 2420">
     <span class='ocr_line' id='line_1_25' title="bbox 195 2327 1762 2420; baseline 0.017 -42"><span class='ocrx_word' id='word_1_157' title='bbox 195 2327 319 2410; x_wconf 73' lang='grc' dir='ltr'><strong>μῷν</strong></span> <span class='ocrx_word' id='word_1_158' title='bbox 358 2330 613 2401; x_wconf 78' lang='grc' dir='ltr'>δακρύων</span> <span class='ocrx_word' id='word_1_159' title='bbox 662 2344 993 2411; x_wconf 80' lang='grc' dir='ltr'>προσευχὴν,</span> <span class='ocrx_word' id='word_1_160' title='bbox 1046 2344 1106 2397; x_wconf 77' lang='grc' dir='ltr'>οὗ</span> <span class='ocrx_word' id='word_1_161' title='bbox 1160 2347 1265 2415; x_wconf 82' lang='grc' dir='ltr'>μὴν</span> <span class='ocrx_word' id='word_1_162' title='bbox 1406 2327 1762 2420; x_wconf 72' lang='grc' dir='ltr'>προσανέχειν</span> 
     </span>
    </p>
   </div>
   <div class='ocr_carea' id='block_1_26' title="bbox 190 2421 1760 2513">
    <p class='ocr_par' dir='ltr' id='par_1_26' title="bbox 190 2421 1760 2513">
     <span class='ocr_line' id='line_1_26' title="bbox 190 2421 1760 2513; baseline 0.017 -43"><span class='ocrx_word' id='word_1_163' title='bbox 190 2421 560 2488; x_wconf 80' lang='grc' dir='ltr'>ἀδιαλείπτως</span> <span class='ocrx_word' id='word_1_164' title='bbox 630 2429 1070 2501; x_wconf 74' lang='grc' dir='ltr'>ἐπιτετάγμεθα·</span> <span class='ocrx_word' id='word_1_165' title='bbox 1112 2455 1131 2487; x_wconf 78' lang='grc' dir='ltr'><strong>ι</strong></span> <span class='ocrx_word' id='word_1_166' title='bbox 1180 2437 1562 2503; x_wconf 70' lang='grc' dir='ltr'>Ἀδιαλείπτως</span> <span class='ocrx_word' id='word_1_167' title='bbox 1613 2444 1760 2513; x_wconf 81' lang='grc' dir='ltr'>γὰρ,</span> 
     </span>
    </p>
   </div>
   <div class='ocr_carea' id='block_1_27' title="bbox 187 2515 1761 2602">
    <p class='ocr_par' dir='ltr' id='par_1_27' title="bbox 187 2515 1761 2602">
     <span class='ocr_line' id='line_1_27' title="bbox 187 2515 1761 2602; baseline 0.015 -38"><span class='ocrx_word' id='word_1_168' title='bbox 187 2515 352 2602; x_wconf 70' lang='grc' dir='ltr'>ιρησὶ,</span> <span class='ocrx_word' id='word_1_169' title='bbox 373 2518 765 2590; x_wconf 70' lang='grc' dir='ltr'>προσεύχεσθε.</span> <span class='ocrx_word' id='word_1_170' title='bbox 808 2541 826 2573; x_wconf 80' lang='grc' dir='ltr'><strong>ι</strong></span> <span class='ocrx_word' id='word_1_171' title='bbox 858 2525 963 2578; x_wconf 73' lang='grc' dir='ltr'><strong>Καὶ</strong></span> <span class='ocrx_word' id='word_1_172' title='bbox 991 2530 1103 2592; x_wconf 76' lang='grc' dir='ltr'>τοῖς</span> <span class='ocrx_word' id='word_1_173' title='bbox 1147 2530 1419 2593; x_wconf 81' lang='grc' dir='ltr'>Ἰουδαίοις</span> <span class='ocrx_word' id='word_1_174' title='bbox 1450 2534 1558 2602; x_wconf 73' lang='grc' dir='ltr'><strong>γὰρ</strong></span> <span class='ocrx_word' id='word_1_175' title='bbox 1594 2534 1761 2588; x_wconf 79' lang='grc' dir='ltr'>πάλαι</span> 
     </span>
    </p>
   </div>
   <div class='ocr_carea' id='block_1_28' title="bbox 186 2600 1762 2687">
    <p class='ocr_par' dir='ltr' id='par_1_28' title="bbox 186 2600 1762 2687">
     <span class='ocr_line' id='line_1_28' title="bbox 186 2600 1762 2687; baseline 0.017 -36"><span class='ocrx_word' id='word_1_176' title='bbox 186 2600 557 2673; x_wconf 74' lang='grc' dir='ltr'>ἐπετέτακτο,</span> <span class='ocrx_word' id='word_1_177' title='bbox 604 2610 712 2663; x_wconf 82' lang='grc' dir='ltr'><strong>τῶν</strong></span> <span class='ocrx_word' id='word_1_178' title='bbox 760 2614 818 2665; x_wconf 78' lang='grc' dir='ltr'>ἐν</span> <span class='ocrx_word' id='word_1_179' title='bbox 876 2616 993 2687; x_wconf 73' lang='grc' dir='ltr'>ὄρει</span> <span class='ocrx_word' id='word_1_180' title='bbox 1046 2618 1301 2687; x_wconf 77' lang='grc' dir='ltr'>μέλλουσι</span> <span class='ocrx_word' id='word_1_181' title='bbox 1342 2600 1762 2677; x_wconf 48' lang='grc' dir='ltr'>θείωνξὲπαῖειν</span> 
     </span>
    </p>
   </div>
   <div class='ocr_carea' id='block_1_29' title="bbox 187 2692 1722 2783">
    <p class='ocr_par' dir='ltr' id='par_1_29' title="bbox 187 2692 1722 2783">
     <span class='ocr_line' id='line_1_29' title="bbox 187 2692 1722 2783; baseline 0.016 -39"><span class='ocrx_word' id='word_1_182' title='bbox 187 2692 413 2759; x_wconf 78' lang='grc' dir='ltr'>φωνῶν,</span> <span class='ocrx_word' id='word_1_183' title='bbox 438 2698 530 2749; x_wconf 78' lang='grc' dir='ltr'><strong>ἐπὶ</strong></span> <span class='ocrx_word' id='word_1_184' title='bbox 558 2700 737 2768; x_wconf 82' lang='grc' dir='ltr'>τρισὶν</span> <span class='ocrx_word' id='word_1_185' title='bbox 770 2704 1003 2775; x_wconf 78' lang='grc' dir='ltr'>ἡμέραι;</span> <span class='ocrx_word' id='word_1_186' title='bbox 1046 2710 1272 2775; x_wconf 76' lang='grc' dir='ltr'>γυναικὶ</span> <span class='ocrx_word' id='word_1_187' title='bbox 1306 2711 1382 2781; x_wconf 78' lang='grc' dir='ltr'><strong>μὴ</strong></span> <span class='ocrx_word' id='word_1_188' title='bbox 1416 2717 1722 2783; x_wconf 86' lang='grc' dir='ltr'>προσιέναι.</span> 
     </span>
    </p>
   </div>
   <div class='ocr_carea' id='block_1_30' title="bbox 274 2785 1753 2874">
    <p class='ocr_par' dir='ltr' id='par_1_30' title="bbox 274 2785 1753 2874">
     <span class='ocr_line' id='line_1_30' title="bbox 274 2785 1753 2874; baseline 0.018 -36"><span class='ocrx_word' id='word_1_189' title='bbox 274 2785 336 2840; x_wconf 84' lang='grc'><strong>⁸0</strong></span> <span class='ocrx_word' id='word_1_190' title='bbox 380 2787 437 2840; x_wconf 79' lang='grc' dir='ltr'>δὲ</span> <span class='ocrx_word' id='word_1_191' title='bbox 488 2795 537 2857; x_wconf 78' lang='grc' dir='ltr'><strong>γ’</strong></span> <span class='ocrx_word' id='word_1_192' title='bbox 577 2791 671 2843; x_wconf 76' lang='grc' dir='ltr'>τοῦ</span> <span class='ocrx_word' id='word_1_193' title='bbox 725 2794 1121 2869; x_wconf 82' lang='grc' dir='ltr'>ίερομάρτυρος</span> <span class='ocrx_word' id='word_1_194' title='bbox 1175 2805 1456 2856; x_wconf 84' lang='grc' dir='ltr'>Διονυσίου</span> <span class='ocrx_word' id='word_1_195' title='bbox 1511 2807 1753 2874; x_wconf 78' lang='grc' dir='ltr'>Ἀλεξαν-</span> 
     </span>
    </p>
   </div>
   <div class='ocr_carea' id='block_1_31' title="bbox 186 2876 1760 2970">
    <p class='ocr_par' dir='ltr' id='par_1_31' title="bbox 186 2876 1760 2970">
     <span class='ocr_line' id='line_1_31' title="bbox 186 2876 1760 2970; baseline 0.018 -43"><span class='ocrx_word' id='word_1_196' title='bbox 186 2876 380 2970; x_wconf 76' lang='grc' dir='ltr'>δρείας</span> <span class='ocrx_word' id='word_1_197' title='bbox 432 2884 735 2949; x_wconf 78' lang='grc' dir='ltr'>ἀρκοῦντας</span> <span class='ocrx_word' id='word_1_198' title='bbox 757 2889 1007 2959; x_wconf 68' lang='grc' dir='ltr'>ἐφίστησι</span> <span class='ocrx_word' id='word_1_199' title='bbox 1041 2892 1224 2965; x_wconf 81' lang='grc' dir='ltr'>σφίσιν</span> <span class='ocrx_word' id='word_1_200' title='bbox 1245 2895 1430 2961; x_wconf 77' lang='grc' dir='ltr'>αὐτοῖς</span> <span class='ocrx_word' id='word_1_201' title='bbox 1454 2900 1581 2962; x_wconf 83' lang='grc' dir='ltr'>τοὺς</span> <span class='ocrx_word' id='word_1_202' title='bbox 1605 2902 1760 2970; x_wconf 87' lang='grc' dir='ltr'>ἱερω-</span> 
     </span>
    </p>
   </div>
   <div class='ocr_carea' id='block_1_32' title="bbox 190 2968 1758 3060">
    <p class='ocr_par' dir='ltr' id='par_1_32' title="bbox 190 2968 1758 3060">
     <span class='ocr_line' id='line_1_32' title="bbox 190 2968 1758 3060; baseline 0.018 -42"><span class='ocrx_word' id='word_1_203' title='bbox 190 2968 397 3060; x_wconf 73' lang='grc' dir='ltr'>μένους</span> <span class='ocrx_word' id='word_1_204' title='bbox 447 2972 747 3046; x_wconf 70' lang='grc' dir='ltr'>διαιτητὰς,</span> <span class='ocrx_word' id='word_1_205' title='bbox 803 2981 965 3050; x_wconf 69' lang='grc' dir='ltr'>ἡνίκα</span> <span class='ocrx_word' id='word_1_206' title='bbox 1009 2985 1121 3045; x_wconf 84' lang='grc' dir='ltr'>τοῖς</span> <span class='ocrx_word' id='word_1_207' title='bbox 1170 2988 1422 3051; x_wconf 82' lang='grc' dir='ltr'>φρικτοῖς</span> <span class='ocrx_word' id='word_1_208' title='bbox 1471 2968 1758 3060; x_wconf 82' lang='grc' dir='ltr'>προσιέναι</span> 
     </span>
    </p>
   </div>
   <div class='ocr_carea' id='block_1_33' title="bbox 193 3059 1761 3151">
    <p class='ocr_par' dir='ltr' id='par_1_33' title="bbox 193 3059 1761 3151">
     <span class='ocr_line' id='line_1_33' title="bbox 193 3059 1761 3151; baseline 0.017 -41"><span class='ocrx_word' id='word_1_209' title='bbox 193 3059 453 3127; x_wconf 74' lang='grc' dir='ltr'>μέλλουσι</span> <span class='ocrx_word' id='word_1_210' title='bbox 489 3068 831 3136; x_wconf 76' lang='grc' dir='ltr'>μυστηρίοις,</span> <span class='ocrx_word' id='word_1_211' title='bbox 865 3073 1165 3143; x_wconf 83' lang='grc' dir='ltr'>ἀπέχεσθαι</span> <span class='ocrx_word' id='word_1_212' title='bbox 1204 3077 1303 3144; x_wconf 77' lang='grc' dir='ltr'>μὲν</span> <span class='ocrx_word' id='word_1_213' title='bbox 1333 3079 1441 3131; x_wconf 84' lang='grc' dir='ltr'>τῶν</span> <span class='ocrx_word' id='word_1_214' title='bbox 1480 3059 1625 3133; x_wconf 86' lang='grc' dir='ltr'>ίδίων</span> <span class='ocrx_word' id='word_1_215' title='bbox 1664 3101 1761 3151; x_wconf 84' lang='grc' dir='ltr'><strong>γυ-</strong></span> 
     </span>
    </p>
   </div>
   <div class='ocr_carea' id='block_1_34' title="bbox 188 3152 1829 3251">
    <p class='ocr_par' dir='ltr' id='par_1_34' title="bbox 188 3152 1829 3251">
     <span class='ocr_line' id='line_1_34' title="bbox 188 3152 1829 3251; baseline 0.018 -51"><span class='ocrx_word' id='word_1_216' title='bbox 188 3152 422 3251; x_wconf 54' lang='grc' dir='ltr'>ναικιῖυν,</span> <span class='ocrx_word' id='word_1_217' title='bbox 448 3155 565 3207; x_wconf 81' lang='grc' dir='ltr'>ἀλλ’</span> <span class='ocrx_word' id='word_1_218' title='bbox 604 3161 667 3213; x_wconf 76' lang='grc' dir='ltr'>ἐκ</span> <span class='ocrx_word' id='word_1_219' title='bbox 716 3164 904 3232; x_wconf 82' lang='grc' dir='ltr'>κοινῆς</span> <span class='ocrx_word' id='word_1_220' title='bbox 949 3167 1292 3235; x_wconf 81' lang='grc' dir='ltr'>συμφωνίας,</span> <span class='ocrx_word' id='word_1_221' title='bbox 1329 3173 1468 3224; x_wconf 82' lang='grc' dir='ltr'>κατά</span> <span class='ocrx_word' id='word_1_222' title='bbox 1518 3174 1613 3243; x_wconf 83' lang='grc' dir='ltr'>τὴν</span> <span class='ocrx_word' id='word_1_223' title='bbox 1666 3174 1757 3227; x_wconf 78' lang='grc' dir='ltr'><strong>τοῦ</strong></span> <span class='ocrx_word' id='word_1_224' title='bbox 1786 3195 1829 3251; x_wconf 81' lang='lat' dir='ltr'>c</span> 
     </span>
    </p>
   </div>
   <div class='ocr_carea' id='block_1_35' title="bbox 193 3244 1755 3334">
    <p class='ocr_par' dir='ltr' id='par_1_35' title="bbox 193 3244 1755 3334">
     <span class='ocr_line' id='line_1_35' title="bbox 193 3244 1755 3334; baseline 0.017 -44"><span class='ocrx_word' id='word_1_225' title='bbox 193 3244 438 3334; x_wconf 80' lang='grc' dir='ltr'>μεγάλου</span> <span class='ocrx_word' id='word_1_226' title='bbox 474 3248 685 3302; x_wconf 82' lang='grc' dir='ltr'>Παύλου</span> <span class='ocrx_word' id='word_1_227' title='bbox 716 3254 919 3323; x_wconf 73' lang='grc' dir='ltr'>φωνὴν,</span> <span class='ocrx_word' id='word_1_228' title='bbox 950 3258 1031 3309; x_wconf 80' lang='grc' dir='ltr'>ὅτι</span> <span class='ocrx_word' id='word_1_229' title='bbox 1062 3259 1089 3309; x_wconf 97' lang='lat'><strong>6</strong></span> <span class='ocrx_word' id='word_1_230' title='bbox 1116 3258 1254 3329; x_wconf 76' lang='grc' dir='ltr'>ἀνὴρ</span> <span class='ocrx_word' id='word_1_231' title='bbox 1284 3260 1376 3312; x_wconf 78' lang='grc' dir='ltr'><strong>τοῦ</strong></span> <span class='ocrx_word' id='word_1_232' title='bbox 1413 3262 1541 3315; x_wconf 84' lang='grc' dir='ltr'>ίδίου</span> <span class='ocrx_word' id='word_1_233' title='bbox 1568 3264 1755 3334; x_wconf 79' lang='grc' dir='ltr'>σώμα-</span> 
     </span>
    </p>
   </div>
   <div class='ocr_carea' id='block_1_36' title="bbox 187 3332 1187 3415">
    <p class='ocr_par' dir='ltr' id='par_1_36' title="bbox 187 3332 1187 3415">
     <span class='ocr_line' id='line_1_36' title="bbox 187 3332 1187 3415; baseline 0.02 -36"><span class='ocrx_word' id='word_1_234' title='bbox 187 3345 283 3393; x_wconf 83' lang='grc' dir='ltr'><strong>τος</strong></span> <span class='ocrx_word' id='word_1_235' title='bbox 324 3332 425 3384; x_wconf 73' lang='grc' dir='ltr'>οὐκ</span> <span class='ocrx_word' id='word_1_236' title='bbox 450 3336 777 3403; x_wconf 73' lang='grc' dir='ltr'>ἐξουσιάζει,</span> <span class='ocrx_word' id='word_1_237' title='bbox 809 3344 903 3396; x_wconf 78' lang='grc' dir='ltr'>καὶ</span> <span class='ocrx_word' id='word_1_238' title='bbox 941 3346 1009 3398; x_wconf 75' lang='grc' dir='ltr'><strong>τὰ</strong></span> <span class='ocrx_word' id='word_1_239' title='bbox 1040 3347 1187 3415; x_wconf 78' lang='grc' dir='ltr'><strong>ἑξῆς.</strong></span> 
     </span>
    </p>
   </div>
   <div class='ocr_carea' id='block_1_37' title="bbox 277 3424 1760 3513">
    <p class='ocr_par' dir='ltr' id='par_1_37' title="bbox 277 3424 1760 3513">
     <span class='ocr_line' id='line_1_37' title="bbox 277 3424 1760 3513; baseline 0.017 -38"><span class='ocrx_word' id='word_1_240' title='bbox 277 3424 334 3476; x_wconf 92' lang='lat'><strong>&#39;0</strong></span> <span class='ocrx_word' id='word_1_241' title='bbox 368 3426 423 3477; x_wconf 77' lang='grc' dir='ltr'>δὲ</span> <span class='ocrx_word' id='word_1_242' title='bbox 463 3426 503 3479; x_wconf 87' lang='grc' dir='ltr'>ε’</span> <span class='ocrx_word' id='word_1_243' title='bbox 549 3431 640 3482; x_wconf 82' lang='grc' dir='ltr'>καὶ</span> <span class='ocrx_word' id='word_1_244' title='bbox 670 3434 697 3484; x_wconf 89' lang='lat'><strong>6</strong></span> <span class='ocrx_word' id='word_1_245' title='bbox 760 3432 828 3501; x_wconf 85' lang='grc' dir='ltr'>ιγ’</span> <span class='ocrx_word' id='word_1_246' title='bbox 889 3434 983 3489; x_wconf 81' lang='grc' dir='ltr'>τοῦ</span> <span class='ocrx_word' id='word_1_247' title='bbox 1032 3436 1295 3507; x_wconf 81' lang='grc' dir='ltr'>Τιμοθέου</span> <span class='ocrx_word' id='word_1_248' title='bbox 1355 3441 1760 3513; x_wconf 79' lang='grc' dir='ltr'>Ἀλεξανδρείας</span> 
     </span>
    </p>
   </div>
   <div class='ocr_carea' id='block_1_38' title="bbox 184 3514 1757 3607">
    <p class='ocr_par' dir='ltr' id='par_1_38' title="bbox 184 3514 1757 3607">
     <span class='ocr_line' id='line_1_38' title="bbox 184 3514 1757 3607; baseline 0.008 -28"><span class='ocrx_word' id='word_1_249' title='bbox 184 3514 319 3580; x_wconf 77' lang='grc' dir='ltr'>τοὺς</span> <span class='ocrx_word' id='word_1_250' title='bbox 358 3523 639 3588; x_wconf 76' lang='grc' dir='ltr'>σαρκικῶς</span> <span class='ocrx_word' id='word_1_251' title='bbox 683 3525 782 3595; x_wconf 76' lang='grc' dir='ltr'>τῆς</span> <span class='ocrx_word' id='word_1_252' title='bbox 812 3529 1005 3591; x_wconf 80' lang='grc' dir='ltr'>νυκτὸς</span> <span class='ocrx_word' id='word_1_253' title='bbox 1053 3532 1427 3599; x_wconf 81' lang='grc' dir='ltr'>συναφθέντας</span> <span class='ocrx_word' id='word_1_254' title='bbox 1470 3538 1670 3607; x_wconf 73' lang='grc' dir='ltr'>ἄνδρας</span> <span class='ocrx_word' id='word_1_255' title='bbox 1700 3556 1757 3591; x_wconf 90' lang='grc' dir='ltr'><strong>τε</strong></span> 
     </span>
    </p>
   </div>
   <div class='ocr_carea' id='block_1_39' title="bbox 186 3610 1760 3699">
    <p class='ocr_par' dir='ltr' id='par_1_39' title="bbox 186 3610 1760 3699">
     <span class='ocr_line' id='line_1_39' title="bbox 186 3610 1760 3699; baseline 0.015 -40"><span class='ocrx_word' id='word_1_256' title='bbox 186 3610 286 3660; x_wconf 78' lang='grc' dir='ltr'>καὶ</span> <span class='ocrx_word' id='word_1_257' title='bbox 344 3616 610 3677; x_wconf 81' lang='grc' dir='ltr'>γυναῖκας</span> <span class='ocrx_word' id='word_1_258' title='bbox 692 3618 811 3684; x_wconf 84' lang='grc' dir='ltr'>μεθ’</span> <span class='ocrx_word' id='word_1_259' title='bbox 852 3621 1066 3691; x_wconf 78' lang='grc' dir='ltr'>ἡμέραν</span> <span class='ocrx_word' id='word_1_260' title='bbox 1126 3626 1404 3695; x_wconf 75' lang='grc' dir='ltr'>ἀπείργει,</span> <span class='ocrx_word' id='word_1_261' title='bbox 1462 3630 1559 3697; x_wconf 80' lang='grc' dir='ltr'>τῆς</span> <span class='ocrx_word' id='word_1_262' title='bbox 1610 3632 1760 3699; x_wconf 78' lang='grc' dir='ltr'>ἱερᾶς</span> 
     </span>
    </p>
   </div>
   <div class='ocr_carea' id='block_1_40' title="bbox 186 3702 1760 3792">
    <p class='ocr_par' dir='ltr' id='par_1_40' title="bbox 186 3702 1760 3792">
     <span class='ocr_line' id='line_1_40' title="bbox 186 3702 1760 3792; baseline 0.017 -42"><span class='ocrx_word' id='word_1_263' title='bbox 186 3702 523 3773; x_wconf 82' lang='grc' dir='ltr'>τελουμένης</span> <span class='ocrx_word' id='word_1_264' title='bbox 556 3710 851 3774; x_wconf 77' lang='grc' dir='ltr'>συνάξεως,</span> <span class='ocrx_word' id='word_1_265' title='bbox 879 3713 987 3764; x_wconf 83' lang='grc' dir='ltr'>τῶν</span> <span class='ocrx_word' id='word_1_266' title='bbox 1012 3714 1175 3768; x_wconf 87' lang='grc' dir='ltr'>θείων</span> <span class='ocrx_word' id='word_1_267' title='bbox 1200 3722 1523 3790; x_wconf 79' lang='grc' dir='ltr'>κοινωνῆσαι</span> <span class='ocrx_word' id='word_1_268' title='bbox 1556 3741 1760 3792; x_wconf 76' lang='grc' dir='ltr'>μυστη-</span> 
     </span>
    </p>
   </div>
   <div class='ocr_carea' id='block_1_41' title="bbox 190 3792 1759 3880">
    <p class='ocr_par' dir='ltr' id='par_1_41' title="bbox 190 3792 1759 3880">
     <span class='ocr_line' id='line_1_41' title="bbox 190 3792 1759 3880; baseline 0.015 -40"><span class='ocrx_word' id='word_1_269' title='bbox 190 3792 347 3860; x_wconf 86' lang='grc' dir='ltr'>ρίων,</span> <span class='ocrx_word' id='word_1_270' title='bbox 405 3796 707 3866; x_wconf 82' lang='grc' dir='ltr'>μαρτύριον</span> <span class='ocrx_word' id='word_1_271' title='bbox 769 3801 1010 3869; x_wconf 83' lang='grc' dir='ltr'>ἀσφαλὲς</span> <span class='ocrx_word' id='word_1_272' title='bbox 1056 3806 1155 3874; x_wconf 75' lang='grc' dir='ltr'>τὴν</span> <span class='ocrx_word' id='word_1_273' title='bbox 1205 3811 1613 3880; x_wconf 63' lang='grc' dir='ltr'>πριρῤηοεῖσαν</span> <span class='ocrx_word' id='word_1_274' title='bbox 1666 3813 1759 3864; x_wconf 72' lang='grc' dir='ltr'>τοῦ</span> 
     </span>
    </p>
   </div>
   <div class='ocr_carea' id='block_1_42' title="bbox 186 3882 1760 3969">
    <p class='ocr_par' dir='ltr' id='par_1_42' title="bbox 186 3882 1760 3969">
     <span class='ocr_line' id='line_1_42' title="bbox 186 3882 1760 3969; baseline 0.014 -36"><span class='ocrx_word' id='word_1_275' title='bbox 186 3882 516 3937; x_wconf 78' lang='grc' dir='ltr'>Ἀποστόλου</span> <span class='ocrx_word' id='word_1_276' title='bbox 541 3889 697 3956; x_wconf 78' lang='grc' dir='ltr'><strong>ρἧιν</strong></span> <span class='ocrx_word' id='word_1_277' title='bbox 733 3892 825 3944; x_wconf 78' lang='grc' dir='ltr'><strong>καὶ</strong></span> <span class='ocrx_word' id='word_1_278' title='bbox 863 3888 1025 3957; x_wconf 69' lang='grc' dir='ltr'>οὗτος</span> <span class='ocrx_word' id='word_1_279' title='bbox 1055 3900 1453 3968; x_wconf 82' lang='grc' dir='ltr'>προϊσχόμενος</span> <span class='ocrx_word' id='word_1_280' title='bbox 1474 3918 1487 3931; x_wconf 85' lang='grc'><strong>·</strong></span> <span class='ocrx_word' id='word_1_281' title='bbox 1526 3903 1760 3969; x_wconf 79' lang='grc' dir='ltr'>μάλιστά</span> 
     </span>
    </p>
   </div>
   <div class='ocr_carea' id='block_1_43' title="bbox 190 3974 1757 4064">
    <p class='ocr_par' dir='ltr' id='par_1_43' title="bbox 190 3974 1757 4064">
     <span class='ocr_line' id='line_1_43' title="bbox 190 3974 1757 4064; baseline 0.013 -38"><span class='ocrx_word' id='word_1_282' title='bbox 190 3974 259 4041; x_wconf 85' lang='grc' dir='ltr'>γέ</span> <span class='ocrx_word' id='word_1_283' title='bbox 299 3992 381 4029; x_wconf 77' lang='grc' dir='ltr'><strong>τοι</strong></span> <span class='ocrx_word' id='word_1_284' title='bbox 412 3977 505 4029; x_wconf 78' lang='grc' dir='ltr'>τοῦ</span> <span class='ocrx_word' id='word_1_285' title='bbox 528 3981 807 4035; x_wconf 75' lang='grc' dir='ltr'>Σαὸὁάτου</span> <span class='ocrx_word' id='word_1_286' title='bbox 836 3986 927 4037; x_wconf 78' lang='grc' dir='ltr'>καὶ</span> <span class='ocrx_word' id='word_1_287' title='bbox 947 3988 1234 4059; x_wconf 83' lang='grc' dir='ltr'>Κυριακῆς</span> <span class='ocrx_word' id='word_1_288' title='bbox 1266 3992 1627 4059; x_wconf 65' lang='grc' dir='ltr'>φυλάττεσθαι</span> <span class='ocrx_word' id='word_1_289' title='bbox 1653 3996 1757 4064; x_wconf 84' lang='grc' dir='ltr'>χρή</span> 
     </span>
    </p>
   </div>
   <div class='ocr_carea' id='block_1_44' title="bbox 188 4068 1760 4154">
    <p class='ocr_par' dir='ltr' id='par_1_44' title="bbox 188 4068 1760 4154">
     <span class='ocr_line' id='line_1_44' title="bbox 188 4068 1760 4154; baseline 0.013 -37"><span class='ocrx_word' id='word_1_290' title='bbox 188 4084 326 4135; x_wconf 80' lang='grc' dir='ltr'>φησι</span> <span class='ocrx_word' id='word_1_291' title='bbox 360 4068 458 4136; x_wconf 79' lang='grc' dir='ltr'>τῆς</span> <span class='ocrx_word' id='word_1_292' title='bbox 489 4072 623 4139; x_wconf 83' lang='grc' dir='ltr'>πρὸς</span> <span class='ocrx_word' id='word_1_293' title='bbox 670 4074 936 4142; x_wconf 49' lang='grc' dir='ltr'>ἀλλήλοις</span> <span class='ocrx_word' id='word_1_294' title='bbox 979 4081 1285 4144; x_wconf 85' lang='grc' dir='ltr'>κοινωνίας,</span> <span class='ocrx_word' id='word_1_295' title='bbox 1340 4078 1425 4136; x_wconf 70' lang='grc' dir='ltr'>οἷα</span> <span class='ocrx_word' id='word_1_296' title='bbox 1461 4088 1760 4154; x_wconf 76' lang='grc' dir='ltr'>τηνικαῦτα</span> 
     </span>
    </p>
   </div>
   <div class='ocr_carea' id='block_1_45' title="bbox 187 4160 1526 4244">
    <p class='ocr_par' dir='ltr' id='par_1_45' title="bbox 187 4160 1526 4244">
     <span class='ocr_line' id='line_1_45' title="bbox 187 4160 1526 4244; baseline 0.013 -33"><span class='ocrx_word' id='word_1_297' title='bbox 187 4160 290 4227; x_wconf 83' lang='grc' dir='ltr'>τῆς</span> <span class='ocrx_word' id='word_1_298' title='bbox 331 4161 482 4230; x_wconf 73' lang='grc' dir='ltr'>ἱερᾶς</span> <span class='ocrx_word' id='word_1_299' title='bbox 525 4164 714 4228; x_wconf 86' lang='grc' dir='ltr'>θυσίας</span> <span class='ocrx_word' id='word_1_300' title='bbox 753 4166 827 4235; x_wconf 83' lang='grc' dir='ltr'><strong>τῷ</strong></span> <span class='ocrx_word' id='word_1_301' title='bbox 868 4169 1056 4240; x_wconf 86' lang='grc' dir='ltr'>Κυρίῳ</span> <span class='ocrx_word' id='word_1_302' title='bbox 1091 4172 1526 4244; x_wconf 72' lang='grc' dir='ltr'>ἀναφερομένης.</span> 
     </span>
    </p>
   </div>
   <div class='ocr_carea' id='block_1_46' title="bbox 189 4271 1761 4353">
    <p class='ocr_par' dir='ltr' id='par_1_46' title="bbox 189 4271 1761 4353">
     <span class='ocr_line' id='line_1_46' title="bbox 189 4271 1761 4353; baseline 0.013 -31"><span class='ocrx_word' id='word_1_303' title='bbox 189 4271 447 4353; x_wconf 60' lang='grc' dir='ltr'><strong>ΚΕΦΑΔἶ</strong></span> <span class='ocrx_word' id='word_1_304' title='bbox 485 4273 585 4353; x_wconf 57' lang='grc' dir='ltr'><strong>Ιξῖ.</strong></span> <span class='ocrx_word' id='word_1_305' title='bbox 628 4278 763 4353; x_wconf 63' lang='grc' dir='ltr'>Περὶ</span> <span class='ocrx_word' id='word_1_306' title='bbox 812 4278 937 4353; x_wconf 64' lang='grc' dir='ltr'><strong>τῶνΔ</strong></span> <span class='ocrx_word' id='word_1_307' title='bbox 977 4282 1265 4353; x_wconf 73' lang='grc' dir='ltr'>γυναῖκας</span> <span class='ocrx_word' id='word_1_308' title='bbox 1315 4287 1761 4353; x_wconf 74' lang='grc' dir='ltr'>συνεισάκτους</span> 
     </span>
    </p>
   </div>
   <div class='ocr_carea' id='block_1_47' title="bbox 422 4344 1525 4420">
    <p class='ocr_par' dir='ltr' id='par_1_47' title="bbox 422 4344 1525 4420">
     <span class='ocr_line' id='line_1_47' title="bbox 422 4344 1525 4420; baseline 0.012 -26"><span class='ocrx_word' id='word_1_309' title='bbox 422 4344 686 4411; x_wconf 74' lang='grc' dir='ltr'>ἐχόντων·</span> <span class='ocrx_word' id='word_1_310' title='bbox 715 4344 1090 4415; x_wconf 59' lang='grc' dir='ltr'>ἐπισκόπων,</span> <span class='ocrx_word' id='word_1_311' title='bbox 1128 4352 1166 4420; x_wconf 76' lang='grc' dir='ltr'>ἢ</span> <span class='ocrx_word' id='word_1_312' title='bbox 1202 4344 1525 4420; x_wconf 64' lang='grc' dir='ltr'>κξὶηρικῶν.</span> 
     </span>
    </p>
   </div>
   <div class='ocr_carea' id='block_1_48' title="bbox 275 4430 1759 4515">
    <p class='ocr_par' dir='ltr' id='par_1_48' title="bbox 275 4430 1759 4515">
     <span class='ocr_line' id='line_1_48' title="bbox 275 4430 1759 4515; baseline 0.008 -32"><span class='ocrx_word' id='word_1_313' title='bbox 275 4430 337 4484; x_wconf 82' lang='grc' dir='ltr'><strong>Ὀ</strong></span> <span class='ocrx_word' id='word_1_314' title='bbox 375 4431 427 4499; x_wconf 84' lang='grc' dir='ltr'><strong>γ’</strong></span> <span class='ocrx_word' id='word_1_315' title='bbox 456 4433 551 4502; x_wconf 79' lang='grc' dir='ltr'>τῆς</span> <span class='ocrx_word' id='word_1_316' title='bbox 612 4437 829 4504; x_wconf 81' lang='grc' dir='ltr'>πρώτης</span> <span class='ocrx_word' id='word_1_317' title='bbox 877 4438 1095 4490; x_wconf 79' lang='grc' dir='ltr'>συνόδου</span> <span class='ocrx_word' id='word_1_318' title='bbox 1149 4440 1330 4493; x_wconf 88' lang='grc' dir='ltr'>κανὼν</span> <span class='ocrx_word' id='word_1_319' title='bbox 1381 4442 1759 4515; x_wconf 77' lang='grc' dir='ltr'>έπίσκοπον,ἦ</span> 
     </span>
    </p>
   </div>
   <div class='ocr_carea' id='block_1_49' title="bbox 1874 611 3431 684">
    <p class='ocr_par' dir='ltr' id='par_1_49' title="bbox 1874 611 3431 684">
     <span class='ocr_line' id='line_1_49' title="bbox 1874 611 3431 684; baseline 0.003 -23"><span class='ocrx_word' id='word_1_320' title='bbox 1874 618 2190 677; x_wconf 69' lang='lat' dir='ltr'><strong>praetextum</strong></span> <span class='ocrx_word' id='word_1_321' title='bbox 2245 611 2452 667; x_wconf 87' lang='lat' dir='ltr'><strong>Latinis</strong></span> <span class='ocrx_word' id='word_1_322' title='bbox 2511 614 2774 668; x_wconf 84' lang='lat' dir='ltr'><strong>dederunt</strong></span> <span class='ocrx_word' id='word_1_323' title='bbox 2822 613 3067 683; x_wconf 73' lang='lat' dir='ltr'><strong>exigendi</strong></span> <span class='ocrx_word' id='word_1_324' title='bbox 3118 613 3186 667; x_wconf 86' lang='lat' dir='ltr'><strong>ab</strong></span> <span class='ocrx_word' id='word_1_325' title='bbox 3224 613 3289 668; x_wconf 91' lang='lat' dir='ltr'><strong>iis</strong></span> <span class='ocrx_word' id='word_1_326' title='bbox 3337 613 3431 684; x_wconf 88' lang='lat' dir='ltr'><strong>qui</strong></span> 
     </span>
    </p>
   </div>
   <div class='ocr_carea' id='block_1_50' title="bbox 1872 700 3428 774">
    <p class='ocr_par' dir='ltr' id='par_1_50' title="bbox 1872 700 3428 774">
     <span class='ocr_line' id='line_1_50' title="bbox 1872 700 3428 774; baseline 0.004 -23"><span class='ocrx_word' id='word_1_327' title='bbox 1872 700 2352 766; x_wconf 84' lang='lat' dir='ltr'><strong>ordinandierant,</strong></span> <span class='ocrx_word' id='word_1_328' title='bbox 2394 712 2506 758; x_wconf 90' lang='lat' dir='ltr'><strong>uta</strong></span> <span class='ocrx_word' id='word_1_329' title='bbox 2554 704 2787 774; x_wconf 79' lang='lat' dir='ltr'><strong>propriis</strong></span> <span class='ocrx_word' id='word_1_330' title='bbox 2846 704 3108 758; x_wconf 80' lang='lat' dir='ltr'><strong>uxoribus</strong></span> <span class='ocrx_word' id='word_1_331' title='bbox 3160 705 3428 759; x_wconf 78' lang='lat' dir='ltr'><strong>recedant.</strong></span> 
     </span>
    </p>
   </div>
   <div class='ocr_carea' id='block_1_51' title="bbox 1873 788 3432 867">
    <p class='ocr_par' dir='ltr' id='par_1_51' title="bbox 1873 788 3432 867">
     <span class='ocr_line' id='line_1_51' title="bbox 1873 788 3432 867; baseline 0.003 -21"><span class='ocrx_word' id='word_1_332' title='bbox 1873 788 2031 855; x_wconf 87' lang='lat' dir='ltr'><strong>Quod</strong></span> <span class='ocrx_word' id='word_1_333' title='bbox 2090 794 2137 848; x_wconf 93' lang='lat' dir='ltr'><strong>si</strong></span> <span class='ocrx_word' id='word_1_334' title='bbox 2178 808 2411 851; x_wconf 77' lang='lat' dir='ltr'><strong>canones</strong></span> <span class='ocrx_word' id='word_1_335' title='bbox 2472 796 2561 851; x_wconf 88' lang='lat' dir='ltr'><strong>isti</strong></span> <span class='ocrx_word' id='word_1_336' title='bbox 2613 796 2686 850; x_wconf 82' lang='lat' dir='ltr'><strong>ita</strong></span> <span class='ocrx_word' id='word_1_337' title='bbox 2763 798 3052 862; x_wconf 82' lang='lat' dir='ltr'><strong>sentiant,</strong></span> <span class='ocrx_word' id='word_1_338' title='bbox 3095 797 3197 867; x_wconf 85' lang='lat' dir='ltr'><strong>ipsi</strong></span> <span class='ocrx_word' id='word_1_339' title='bbox 3250 800 3432 866; x_wconf 85' lang='lat' dir='ltr'><strong>potius</strong></span> 
     </span>
    </p>
   </div>
   <div class='ocr_carea' id='block_1_52' title="bbox 1872 882 3428 957">
    <p class='ocr_par' dir='ltr' id='par_1_52' title="bbox 1872 882 3428 957">
     <span class='ocr_line' id='line_1_52' title="bbox 1872 882 3428 957; baseline 0.004 -21"><span class='ocrx_word' id='word_1_340' title='bbox 1872 882 2021 954; x_wconf 72' lang='lat' dir='ltr'><strong>digni</strong></span> <span class='ocrx_word' id='word_1_341' title='bbox 2069 894 2200 939; x_wconf 88' lang='lat' dir='ltr'><strong>sunt</strong></span> <span class='ocrx_word' id='word_1_342' title='bbox 2248 901 2277 939; x_wconf 90' lang='lat' dir='ltr'><strong>a</strong></span> <span class='ocrx_word' id='word_1_343' title='bbox 2345 887 2517 943; x_wconf 87' lang='lat' dir='ltr'><strong>sacris</strong></span> <span class='ocrx_word' id='word_1_344' title='bbox 2574 889 2898 951; x_wconf 87' lang='lat' dir='ltr'><strong>canonibus,</strong></span> <span class='ocrx_word' id='word_1_345' title='bbox 2940 898 3054 942; x_wconf 92' lang='lat' dir='ltr'><strong>tum</strong></span> <span class='ocrx_word' id='word_1_346' title='bbox 3111 889 3428 957; x_wconf 78' lang='lat' dir='ltr'><strong>apostolicis</strong></span> 
     </span>
    </p>
   </div>
   <div class='ocr_carea' id='block_1_53' title="bbox 1872 976 3430 1050">
    <p class='ocr_par' dir='ltr' id='par_1_53' title="bbox 1872 976 3430 1050">
     <span class='ocr_line' id='line_1_53' title="bbox 1872 976 3430 1050; baseline 0.004 -21"><span class='ocrx_word' id='word_1_347' title='bbox 1872 983 1987 1030; x_wconf 88' lang='lat' dir='ltr'><strong>tum</strong></span> <span class='ocrx_word' id='word_1_348' title='bbox 2021 976 2293 1047; x_wconf 89' lang='lat' dir='ltr'><strong>synodicis</strong></span> <span class='ocrx_word' id='word_1_349' title='bbox 2321 981 2606 1045; x_wconf 84' lang='lat' dir='ltr'><strong>removeri,</strong></span> <span class='ocrx_word' id='word_1_350' title='bbox 2632 982 2775 1050; x_wconf 92' lang='lat' dir='ltr'><strong>quod</strong></span> <span class='ocrx_word' id='word_1_351' title='bbox 2812 981 2878 1035; x_wconf 89' lang='lat' dir='ltr'><strong>iis</strong></span> <span class='ocrx_word' id='word_1_352' title='bbox 2909 980 3132 1035; x_wconf 90' lang='lat' dir='ltr'><strong>omnino</strong></span> <span class='ocrx_word' id='word_1_353' title='bbox 3158 982 3430 1036; x_wconf 87' lang='lat' dir='ltr'><strong>contraria</strong></span> 
     </span>
    </p>
   </div>
   <div class='ocr_carea' id='block_1_54' title="bbox 1869 1067 3427 1127">
    <p class='ocr_par' dir='ltr' id='par_1_54' title="bbox 1869 1067 3427 1127">
     <span class='ocr_line' id='line_1_54' title="bbox 1869 1067 3427 1127; baseline 0.003 -7"><span class='ocrx_word' id='word_1_354' title='bbox 1869 1067 2119 1123; x_wconf 82' lang='lat' dir='ltr'><strong>doceant.</strong></span> <span class='ocrx_word' id='word_1_355' title='bbox 2150 1068 2282 1125; x_wconf 89' lang='lat' dir='ltr'><strong>Illud</strong></span> <span class='ocrx_word' id='word_1_356' title='bbox 2308 1070 2454 1126; x_wconf 86' lang='lat' dir='ltr'><strong>enim</strong></span> <span class='ocrx_word' id='word_1_357' title='bbox 2479 1070 2620 1126; x_wconf 85' lang='lat' dir='ltr'><strong>clare</strong></span> <span class='ocrx_word' id='word_1_358' title='bbox 2650 1072 2941 1126; x_wconf 81' lang='lat' dir='ltr'><strong>admodum</strong></span> <span class='ocrx_word' id='word_1_359' title='bbox 2986 1081 3232 1127; x_wconf 82' lang='lat' dir='ltr'><strong>evertens</strong></span> <span class='ocrx_word' id='word_1_360' title='bbox 3253 1087 3427 1125; x_wconf 82' lang='lat' dir='ltr'><strong>canon</strong></span> 
     </span>
    </p>
   </div>
   <div class='ocr_carea' id='block_1_55' title="bbox 1869 1160 3429 1234">
    <p class='ocr_par' dir='ltr' id='par_1_55' title="bbox 1869 1160 3429 1234">
     <span class='ocr_line' id='line_1_55' title="bbox 1869 1160 3429 1234; baseline 0.001 -21"><span class='ocrx_word' id='word_1_361' title='bbox 1869 1160 2112 1216; x_wconf 88' lang='lat' dir='ltr'><strong>decimus</strong></span> <span class='ocrx_word' id='word_1_362' title='bbox 2158 1160 2351 1217; x_wconf 87' lang='lat' dir='ltr'><strong>tertius</strong></span> <span class='ocrx_word' id='word_1_363' title='bbox 2401 1171 2567 1218; x_wconf 65' lang='lat' dir='ltr'><strong>sextae</strong></span> <span class='ocrx_word' id='word_1_364' title='bbox 2602 1164 2794 1234; x_wconf 81' lang='lat' dir='ltr'><strong>synodi</strong></span> <span class='ocrx_word' id='word_1_365' title='bbox 2827 1164 2879 1217; x_wconf 91' lang='lat' dir='ltr'><strong>in</strong></span> <span class='ocrx_word' id='word_1_366' title='bbox 2915 1164 3090 1232; x_wconf 86' lang='lat' dir='ltr'><strong>capite</strong></span> <span class='ocrx_word' id='word_1_367' title='bbox 3139 1164 3429 1217; x_wconf 86' lang='lat' dir='ltr'><strong>undecimo</strong></span> 
     </span>
    </p>
   </div>
   <div class='ocr_carea' id='block_1_56' title="bbox 1867 1253 3429 1326">
    <p class='ocr_par' dir='ltr' id='par_1_56' title="bbox 1867 1253 3429 1326">
     <span class='ocr_line' id='line_1_56' title="bbox 1867 1253 3429 1326; baseline 0.001 -20"><span class='ocrx_word' id='word_1_368' title='bbox 1867 1253 2149 1321; x_wconf 79' lang='lat' dir='ltr'><strong>praesentis</strong></span> <span class='ocrx_word' id='word_1_369' title='bbox 2187 1254 2380 1309; x_wconf 77' lang='lat' dir='ltr'><strong>littera:</strong></span> <span class='ocrx_word' id='word_1_370' title='bbox 2404 1256 2702 1325; x_wconf 85' lang='lat' dir='ltr'><strong>expositus,</strong></span> <span class='ocrx_word' id='word_1_371' title='bbox 2761 1257 2829 1310; x_wconf 92' lang='lat' dir='ltr'><strong>iis</strong></span> <span class='ocrx_word' id='word_1_372' title='bbox 2858 1256 2950 1326; x_wconf 89' lang='lat' dir='ltr'><strong>qui</strong></span> <span class='ocrx_word' id='word_1_373' title='bbox 2999 1256 3073 1309; x_wconf 90' lang='lat' dir='ltr'><strong>ita</strong></span> <span class='ocrx_word' id='word_1_374' title='bbox 3110 1256 3351 1310; x_wconf 88' lang='lat' dir='ltr'><strong>sentiunt</strong></span> <span class='ocrx_word' id='word_1_375' title='bbox 3376 1263 3429 1309; x_wconf 91' lang='lat' dir='ltr'><strong>ct</strong></span> 
     </span>
    </p>
   </div>
   <div class='ocr_carea' id='block_1_57' title="bbox 1869 1342 3427 1416">
    <p class='ocr_par' dir='ltr' id='par_1_57' title="bbox 1869 1342 3427 1416">
     <span class='ocr_line' id='line_1_57' title="bbox 1869 1342 3427 1416; baseline 0.001 -21"><span class='ocrx_word' id='word_1_376' title='bbox 1869 1342 2074 1398; x_wconf 81' lang='lat' dir='ltr'><strong>faciunt</strong></span> <span class='ocrx_word' id='word_1_377' title='bbox 2104 1349 2536 1416; x_wconf 74' lang='lat' dir='ltr'><strong>segregationem</strong></span> <span class='ocrx_word' id='word_1_378' title='bbox 2571 1347 2817 1401; x_wconf 81' lang='lat' dir='ltr'><strong>intentat.</strong></span> <span class='ocrx_word' id='word_1_379' title='bbox 2848 1348 2906 1401; x_wconf 91' lang='lat' dir='ltr'><strong>ln</strong></span> <span class='ocrx_word' id='word_1_380' title='bbox 2932 1356 3176 1416; x_wconf 87' lang='lat' dir='ltr'><strong>tempore</strong></span> <span class='ocrx_word' id='word_1_381' title='bbox 3207 1347 3427 1412; x_wconf 73' lang='lat' dir='ltr'><strong>quidem</strong></span> 
     </span>
    </p>
   </div>
   <div class='ocr_carea' id='block_1_58' title="bbox 1867 1437 3427 1507">
    <p class='ocr_par' dir='ltr' id='par_1_58' title="bbox 1867 1437 3427 1507">
     <span class='ocr_line' id='line_1_58' title="bbox 1867 1437 3427 1507; baseline 0 -20"><span class='ocrx_word' id='word_1_382' title='bbox 1867 1449 1976 1503; x_wconf 90' lang='lat' dir='ltr'><strong>quo</strong></span> <span class='ocrx_word' id='word_1_383' title='bbox 2013 1449 2165 1489; x_wconf 80' lang='lat' dir='ltr'><strong>sacra</strong></span> <span class='ocrx_word' id='word_1_384' title='bbox 2205 1437 2459 1505; x_wconf 80' lang='lat' dir='ltr'><strong>mysteria</strong></span> <span class='ocrx_word' id='word_1_385' title='bbox 2490 1446 2920 1501; x_wconf 88' lang='lat' dir='ltr'><strong>contrectantur,</strong></span> <span class='ocrx_word' id='word_1_386' title='bbox 2978 1447 3039 1491; x_wconf 90' lang='lat' dir='ltr'><strong>ut</strong></span> <span class='ocrx_word' id='word_1_387' title='bbox 3069 1437 3163 1507; x_wconf 91' lang='lat' dir='ltr'><strong>qui</strong></span> <span class='ocrx_word' id='word_1_388' title='bbox 3201 1437 3254 1489; x_wconf 93' lang='lat' dir='ltr'><strong>in</strong></span> <span class='ocrx_word' id='word_1_389' title='bbox 3317 1437 3427 1489; x_wconf 90' lang='lat' dir='ltr'><strong>cle-</strong></span> 
     </span>
    </p>
   </div>
   <div class='ocr_carea' id='block_1_59' title="bbox 1867 1527 3428 1595">
    <p class='ocr_par' dir='ltr' id='par_1_59' title="bbox 1867 1527 3428 1595">
     <span class='ocr_line' id='line_1_59' title="bbox 1867 1527 3428 1595; baseline -0.001 -16"><span class='ocrx_word' id='word_1_390' title='bbox 1867 1541 1988 1579; x_wconf 84' lang='lat' dir='ltr'><strong>rum</strong></span> <span class='ocrx_word' id='word_1_391' title='bbox 2023 1528 2245 1595; x_wconf 86' lang='lat' dir='ltr'><strong>ascripti</strong></span> <span class='ocrx_word' id='word_1_392' title='bbox 2272 1535 2417 1594; x_wconf 89' lang='lat' dir='ltr'><strong>sunt,</strong></span> <span class='ocrx_word' id='word_1_393' title='bbox 2446 1528 2513 1583; x_wconf 83' lang='lat' dir='ltr'><strong>ab</strong></span> <span class='ocrx_word' id='word_1_394' title='bbox 2568 1545 2800 1585; x_wconf 83' lang='lat' dir='ltr'><strong>uxorum</strong></span> <span class='ocrx_word' id='word_1_395' title='bbox 2835 1544 3062 1583; x_wconf 89' lang='lat' dir='ltr'><strong>suarum</strong></span> <span class='ocrx_word' id='word_1_396' title='bbox 3098 1527 3428 1583; x_wconf 89' lang='lat' dir='ltr'><strong>commercio</strong></span> 
     </span>
    </p>
   </div>
   <div class='ocr_carea' id='block_1_60' title="bbox 1867 1619 3427 1687">
    <p class='ocr_par' dir='ltr' id='par_1_60' title="bbox 1867 1619 3427 1687">
     <span class='ocr_line' id='line_1_60' title="bbox 1867 1619 3427 1687; baseline -0.001 -14"><span class='ocrx_word' id='word_1_397' title='bbox 1867 1620 2198 1685; x_wconf 85' lang='lat' dir='ltr'><strong>abstineant,</strong></span> <span class='ocrx_word' id='word_1_398' title='bbox 2254 1622 2587 1677; x_wconf 79' lang='lat' dir='ltr'><strong>conveniens</strong></span> <span class='ocrx_word' id='word_1_399' title='bbox 2614 1631 2671 1677; x_wconf 89' lang='lat' dir='ltr'><strong>et</strong></span> <span class='ocrx_word' id='word_1_400' title='bbox 2731 1630 2977 1678; x_wconf 91' lang='lat' dir='ltr'><strong>sanctum</strong></span> <span class='ocrx_word' id='word_1_401' title='bbox 3030 1636 3152 1677; x_wconf 83' lang='lat' dir='ltr'><strong>esse</strong></span> <span class='ocrx_word' id='word_1_402' title='bbox 3196 1619 3427 1687; x_wconf 88' lang='lat' dir='ltr'><strong>judicat,</strong></span> 
     </span>
    </p>
   </div>
   <div class='ocr_carea' id='block_1_61' title="bbox 1865 1709 3429 1779">
    <p class='ocr_par' dir='ltr' id='par_1_61' title="bbox 1865 1709 3429 1779">
     <span class='ocr_line' id='line_1_61' title="bbox 1865 1709 3429 1779; baseline -0.001 -16"><span class='ocrx_word' id='word_1_403' title='bbox 1865 1710 1920 1763; x_wconf 94' lang='lat' dir='ltr'><strong>d.</strong></span> <span class='ocrx_word' id='word_1_404' title='bbox 1954 1710 2112 1764; x_wconf 77' lang='lat' dir='ltr'><strong>Paulo</strong></span> <span class='ocrx_word' id='word_1_405' title='bbox 2147 1726 2350 1765; x_wconf 88' lang='lat' dir='ltr'><strong>morcm</strong></span> <span class='ocrx_word' id='word_1_406' title='bbox 2379 1718 2575 1779; x_wconf 79' lang='lat' dir='ltr'><strong>gerens</strong></span> <span class='ocrx_word' id='word_1_407' title='bbox 2605 1712 2844 1766; x_wconf 85' lang='lat' dir='ltr'><strong>dicenti:</strong></span> <span class='ocrx_word' id='word_1_408' title='bbox 2889 1729 2907 1761; x_wconf 79' lang='grc' dir='ltr'><strong>ι</strong></span> <span class='ocrx_word' id='word_1_409' title='bbox 2938 1709 3015 1765; x_wconf 84' lang='lat' dir='ltr'><strong>Ne</strong></span> <span class='ocrx_word' id='word_1_410' title='bbox 3042 1710 3303 1764; x_wconf 79' lang='lat' dir='ltr'><strong>fraudetis</strong></span> <span class='ocrx_word' id='word_1_411' title='bbox 3333 1724 3429 1762; x_wconf 87' lang='lat' dir='ltr'><strong>vos</strong></span> 
     </span>
    </p>
   </div>
   <div class='ocr_carea' id='block_1_62' title="bbox 1797 1802 3429 1901">
    <p class='ocr_par' dir='ltr' id='par_1_62' title="bbox 1797 1802 3429 1901">
     <span class='ocr_line' id='line_1_62' title="bbox 1797 1802 3429 1901; baseline -0.002 -45"><span class='ocrx_word' id='word_1_412' title='bbox 1797 1843 1841 1901; x_wconf 67' lang='grc' dir='ltr'><strong><em>Β</em></strong></span> <span class='ocrx_word' id='word_1_413' title='bbox 1872 1804 2124 1864; x_wconf 86' lang='lat' dir='ltr'><strong>invicem.</strong></span> <span class='ocrx_word' id='word_1_414' title='bbox 2165 1804 2265 1859; x_wconf 91' lang='lat' dir='ltr'><strong>nisi</strong></span> <span class='ocrx_word' id='word_1_415' title='bbox 2295 1819 2358 1857; x_wconf 75' lang='lat' dir='ltr'><strong>ex</strong></span> <span class='ocrx_word' id='word_1_416' title='bbox 2390 1819 2661 1859; x_wconf 87' lang='lat' dir='ltr'><strong>consensu</strong></span> <span class='ocrx_word' id='word_1_417' title='bbox 2700 1805 2810 1870; x_wconf 81' lang='lat' dir='ltr'><strong>fiat,</strong></span> <span class='ocrx_word' id='word_1_418' title='bbox 2838 1816 2898 1858; x_wconf 89' lang='lat' dir='ltr'><strong>ut</strong></span> <span class='ocrx_word' id='word_1_419' title='bbox 2922 1803 3158 1859; x_wconf 85' lang='lat' dir='ltr'><strong>orationi</strong></span> <span class='ocrx_word' id='word_1_420' title='bbox 3198 1812 3251 1856; x_wconf 87' lang='lat' dir='ltr'><strong>et</strong></span> <span class='ocrx_word' id='word_1_421' title='bbox 3286 1802 3429 1870; x_wconf 83' lang='lat' dir='ltr'><strong>jeju-</strong></span> 
     </span>
    </p>
   </div>
   <div class='ocr_carea' id='block_1_63' title="bbox 1871 1894 3427 1965">
    <p class='ocr_par' dir='ltr' id='par_1_63' title="bbox 1871 1894 3427 1965">
     <span class='ocr_line' id='line_1_63' title="bbox 1871 1894 3427 1965; baseline -0.002 -17"><span class='ocrx_word' id='word_1_422' title='bbox 1871 1897 1962 1948; x_wconf 90' lang='lat' dir='ltr'><strong>nio</strong></span> <span class='ocrx_word' id='word_1_423' title='bbox 1999 1898 2218 1960; x_wconf 80' lang='lat' dir='ltr'><strong>vacetis,</strong></span> <span class='ocrx_word' id='word_1_424' title='bbox 2260 1915 2277 1946; x_wconf 79' lang='grc' dir='ltr'><strong>ι</strong></span> <span class='ocrx_word' id='word_1_425' title='bbox 2309 1897 2360 1949; x_wconf 92' lang='lat' dir='ltr'><strong>in</strong></span> <span class='ocrx_word' id='word_1_426' title='bbox 2391 1897 2548 1951; x_wconf 83' lang='lat' dir='ltr'><strong>statis</strong></span> <span class='ocrx_word' id='word_1_427' title='bbox 2569 1897 2773 1951; x_wconf 78' lang='lat' dir='ltr'><strong>scilicet</strong></span> <span class='ocrx_word' id='word_1_428' title='bbox 2802 1895 3138 1965; x_wconf 79' lang='lat' dir='ltr'><strong>temporibus</strong></span> <span class='ocrx_word' id='word_1_429' title='bbox 3159 1894 3427 1963; x_wconf 74' lang='lat' dir='ltr'><strong>jejunium</strong></span> 
     </span>
    </p>
   </div>
   <div class='ocr_carea' id='block_1_64' title="bbox 1870 1982 3441 2058">
    <p class='ocr_par' dir='ltr' id='par_1_64' title="bbox 1870 1982 3441 2058">
     <span class='ocr_line' id='line_1_64' title="bbox 1870 1982 3441 2058; baseline -0.002 -16"><span class='ocrx_word' id='word_1_430' title='bbox 1870 1989 2196 2058; x_wconf 82' lang='lat' dir='ltr'><strong>intelligens,</strong></span> <span class='ocrx_word' id='word_1_431' title='bbox 2232 1989 2452 2057; x_wconf 82' lang='lat' dir='ltr'><strong>quando</strong></span> <span class='ocrx_word' id='word_1_432' title='bbox 2482 1990 2606 2058; x_wconf 89' lang='lat' dir='ltr'><strong>quis</strong></span> <span class='ocrx_word' id='word_1_433' title='bbox 2629 1998 2967 2045; x_wconf 80' lang='lat' dir='ltr'><strong>sacramenta</strong></span> <span class='ocrx_word' id='word_1_434' title='bbox 3001 1982 3441 2057; x_wconf 78' lang='lat' dir='ltr'><strong>participaturus</strong></span> 
     </span>
    </p>
   </div>
   <div class='ocr_carea' id='block_1_65' title="bbox 1865 2080 3429 2151">
    <p class='ocr_par' dir='ltr' id='par_1_65' title="bbox 1865 2080 3429 2151">
     <span class='ocr_line' id='line_1_65' title="bbox 1865 2080 3429 2151; baseline -0.003 -17"><span class='ocrx_word' id='word_1_435' title='bbox 1865 2090 1967 2145; x_wconf 85' lang='lat' dir='ltr'><strong>est,</strong></span> <span class='ocrx_word' id='word_1_436' title='bbox 2000 2091 2055 2135; x_wconf 88' lang='lat' dir='ltr'><strong>et</strong></span> <span class='ocrx_word' id='word_1_437' title='bbox 2105 2081 2371 2135; x_wconf 86' lang='lat' dir='ltr'><strong>intensam</strong></span> <span class='ocrx_word' id='word_1_438' title='bbox 2417 2096 2539 2136; x_wconf 91' lang='lat' dir='ltr'><strong>cum</strong></span> <span class='ocrx_word' id='word_1_439' title='bbox 2586 2080 2915 2137; x_wconf 78' lang='lat' dir='ltr'><strong>ferventibus</strong></span> <span class='ocrx_word' id='word_1_440' title='bbox 2947 2080 3201 2151; x_wconf 84' lang='lat' dir='ltr'><strong>lacrymis</strong></span> <span class='ocrx_word' id='word_1_441' title='bbox 3242 2093 3429 2147; x_wconf 89' lang='lat' dir='ltr'><strong>prcca-</strong></span> 
     </span>
    </p>
   </div>
   <div class='ocr_carea' id='block_1_66' title="bbox 1866 2171 3427 2236">
    <p class='ocr_par' dir='ltr' id='par_1_66' title="bbox 1866 2171 3427 2236">
     <span class='ocr_line' id='line_1_66' title="bbox 1866 2171 3427 2236; baseline -0.002 -10"><span class='ocrx_word' id='word_1_442' title='bbox 1866 2172 2095 2236; x_wconf 88' lang='lat' dir='ltr'><strong>tionem,</strong></span> <span class='ocrx_word' id='word_1_443' title='bbox 2124 2186 2230 2225; x_wconf 93' lang='lat' dir='ltr'><strong>non</strong></span> <span class='ocrx_word' id='word_1_444' title='bbox 2256 2181 2435 2226; x_wconf 90' lang='lat' dir='ltr'><strong>autem</strong></span> <span class='ocrx_word' id='word_1_445' title='bbox 2459 2187 2579 2226; x_wconf 91' lang='lat' dir='ltr'><strong>eam</strong></span> <span class='ocrx_word' id='word_1_446' title='bbox 2611 2174 2695 2227; x_wconf 89' lang='lat' dir='ltr'><strong>cui</strong></span> <span class='ocrx_word' id='word_1_447' title='bbox 2722 2174 3089 2228; x_wconf 87' lang='lat' dir='ltr'><strong>indesinenter</strong></span> <span class='ocrx_word' id='word_1_448' title='bbox 3114 2171 3427 2225; x_wconf 89' lang='lat' dir='ltr'><strong>incumbere</strong></span> 
     </span>
    </p>
   </div>
   <div class='ocr_carea' id='block_1_67' title="bbox 1862 2262 3428 2334">
    <p class='ocr_par' dir='ltr' id='par_1_67' title="bbox 1862 2262 3428 2334">
     <span class='ocr_line' id='line_1_67' title="bbox 1862 2262 3428 2334; baseline -0.001 -19"><span class='ocrx_word' id='word_1_449' title='bbox 1862 2263 2002 2331; x_wconf 86' lang='lat' dir='ltr'><strong>jnssi</strong></span> <span class='ocrx_word' id='word_1_450' title='bbox 2058 2267 2264 2318; x_wconf 82' lang='lat' dir='ltr'><strong>suibus.</strong></span> <span class='ocrx_word' id='word_1_451' title='bbox 2298 2283 2315 2316; x_wconf 80' lang='grc' dir='ltr'><strong>ι</strong></span> <span class='ocrx_word' id='word_1_452' title='bbox 2350 2263 2512 2318; x_wconf 82' lang='lat' dir='ltr'><strong>Orate</strong></span> <span class='ocrx_word' id='word_1_453' title='bbox 2541 2267 2709 2330; x_wconf 90' lang='lat' dir='ltr'><strong>enim,</strong></span> <span class='ocrx_word' id='word_1_454' title='bbox 2748 2264 2945 2334; x_wconf 91' lang='lat' dir='ltr'><strong>inquit,</strong></span> <span class='ocrx_word' id='word_1_455' title='bbox 2993 2266 3109 2318; x_wconf 89' lang='lat' dir='ltr'><strong>sine</strong></span> <span class='ocrx_word' id='word_1_456' title='bbox 3156 2262 3428 2316; x_wconf 90' lang='lat' dir='ltr'><strong>intermis-</strong></span> 
     </span>
    </p>
   </div>
   <div class='ocr_carea' id='block_1_68' title="bbox 1864 2354 3428 2422">
    <p class='ocr_par' dir='ltr' id='par_1_68' title="bbox 1864 2354 3428 2422">
     <span class='ocr_line' id='line_1_68' title="bbox 1864 2354 3428 2422; baseline -0.001 -15"><span class='ocrx_word' id='word_1_457' title='bbox 1864 2358 2072 2410; x_wconf 67' lang='lat' dir='ltr'><strong>sione.)</strong></span> <span class='ocrx_word' id='word_1_458' title='bbox 2106 2356 2247 2422; x_wconf 86' lang='lat' dir='ltr'><strong>Quin</strong></span> <span class='ocrx_word' id='word_1_459' title='bbox 2276 2365 2329 2411; x_wconf 87' lang='lat' dir='ltr'><strong>et</strong></span> <span class='ocrx_word' id='word_1_460' title='bbox 2355 2354 2559 2410; x_wconf 70' lang='lat' dir='ltr'><strong>Judaais</strong></span> <span class='ocrx_word' id='word_1_461' title='bbox 2589 2357 2714 2411; x_wconf 90' lang='lat' dir='ltr'><strong>olim</strong></span> <span class='ocrx_word' id='word_1_462' title='bbox 2736 2355 3050 2410; x_wconf 89' lang='lat' dir='ltr'><strong>mandatum</strong></span> <span class='ocrx_word' id='word_1_463' title='bbox 3079 2363 3216 2415; x_wconf 88' lang='lat' dir='ltr'><strong>erat.</strong></span> <span class='ocrx_word' id='word_1_464' title='bbox 3242 2368 3428 2409; x_wconf 87' lang='lat' dir='ltr'><strong>sacras</strong></span> 
     </span>
    </p>
   </div>
   <div class='ocr_carea' id='block_1_69' title="bbox 1864 2446 3426 2506">
    <p class='ocr_par' dir='ltr' id='par_1_69' title="bbox 1864 2446 3426 2506">
     <span class='ocr_line' id='line_1_69' title="bbox 1864 2446 3426 2506; baseline 0.002 -9"><span class='ocrx_word' id='word_1_465' title='bbox 1864 2463 2021 2502; x_wconf 83' lang='lat' dir='ltr'><strong>voces</strong></span> <span class='ocrx_word' id='word_1_466' title='bbox 2060 2448 2111 2501; x_wconf 89' lang='lat' dir='ltr'><strong>in</strong></span> <span class='ocrx_word' id='word_1_467' title='bbox 2148 2459 2331 2502; x_wconf 89' lang='lat' dir='ltr'><strong>monte</strong></span> <span class='ocrx_word' id='word_1_468' title='bbox 2363 2448 2632 2506; x_wconf 88' lang='lat' dir='ltr'><strong>audituris</strong></span> <span class='ocrx_word' id='word_1_469' title='bbox 2684 2449 2857 2504; x_wconf 87' lang='lat' dir='ltr'><strong>tribus</strong></span> <span class='ocrx_word' id='word_1_470' title='bbox 2893 2447 3083 2503; x_wconf 88' lang='lat' dir='ltr'><strong>diebus</strong></span> <span class='ocrx_word' id='word_1_471' title='bbox 3126 2446 3190 2500; x_wconf 79' lang='lat' dir='ltr'><strong>ad</strong></span> <span class='ocrx_word' id='word_1_472' title='bbox 3227 2460 3426 2500; x_wconf 71' lang='lat' dir='ltr'><strong>uxores</strong></span> 
     </span>
    </p>
   </div>
   <div class='ocr_carea' id='block_1_70' title="bbox 1865 2542 2450 2596">
    <p class='ocr_par' dir='ltr' id='par_1_70' title="bbox 1865 2542 2450 2596">
     <span class='ocr_line' id='line_1_70' title="bbox 1865 2542 2450 2596; baseline 0.002 -3"><span class='ocrx_word' id='word_1_473' title='bbox 1865 2554 1994 2594; x_wconf 86' lang='lat' dir='ltr'><strong>suas</strong></span> <span class='ocrx_word' id='word_1_474' title='bbox 2024 2556 2131 2594; x_wconf 89' lang='lat' dir='ltr'><strong>nou</strong></span> <span class='ocrx_word' id='word_1_475' title='bbox 2173 2542 2450 2596; x_wconf 82' lang='lat' dir='ltr'><strong>accedere.</strong></span> 
     </span>
    </p>
   </div>
   <div class='ocr_carea' id='block_1_71' title="bbox 1933 2800 3422 2873">
    <p class='ocr_par' dir='ltr' id='par_1_71' title="bbox 1933 2800 3422 2873">
     <span class='ocr_line' id='line_1_71' title="bbox 1933 2800 3422 2873; baseline -0.002 -16"><span class='ocrx_word' id='word_1_476' title='bbox 1933 2801 2146 2857; x_wconf 79' lang='lat' dir='ltr'><strong>Tertius</strong></span> <span class='ocrx_word' id='word_1_477' title='bbox 2193 2814 2372 2857; x_wconf 87' lang='lat' dir='ltr'><strong>autem</strong></span> <span class='ocrx_word' id='word_1_478' title='bbox 2426 2818 2599 2858; x_wconf 89' lang='lat' dir='ltr'><strong>canon</strong></span> <span class='ocrx_word' id='word_1_479' title='bbox 2653 2803 2825 2859; x_wconf 84' lang='lat' dir='ltr'><strong>sancti</strong></span> <span class='ocrx_word' id='word_1_480' title='bbox 2863 2803 3118 2873; x_wconf 85' lang='lat' dir='ltr'><strong>martyris</strong></span> <span class='ocrx_word' id='word_1_481' title='bbox 3178 2800 3422 2871; x_wconf 75' lang='lat' dir='ltr'><strong>Dionysii</strong></span> 
     </span>
    </p>
   </div>
   <div class='ocr_carea' id='block_1_72' title="bbox 1860 2894 3424 2964">
    <p class='ocr_par' dir='ltr' id='par_1_72' title="bbox 1860 2894 3424 2964">
     <span class='ocr_line' id='line_1_72' title="bbox 1860 2894 3424 2964; baseline -0.002 -15"><span class='ocrx_word' id='word_1_482' title='bbox 1860 2895 2103 2964; x_wconf 83' lang='lat' dir='ltr'><strong>episcopi</strong></span> <span class='ocrx_word' id='word_1_483' title='bbox 2144 2895 2519 2959; x_wconf 82' lang='lat' dir='ltr'><strong>Alexandrini,</strong></span> <span class='ocrx_word' id='word_1_484' title='bbox 2549 2896 2860 2952; x_wconf 81' lang='lat' dir='ltr'><strong>sacerdotes</strong></span> <span class='ocrx_word' id='word_1_485' title='bbox 2893 2895 3111 2950; x_wconf 88' lang='lat' dir='ltr'><strong>sibimet</strong></span> <span class='ocrx_word' id='word_1_486' title='bbox 3136 2895 3268 2962; x_wconf 88' lang='lat' dir='ltr'><strong>ipsis</strong></span> <span class='ocrx_word' id='word_1_487' title='bbox 3303 2894 3424 2946; x_wconf 90' lang='lat' dir='ltr'><strong>ido-</strong></span> 
     </span>
    </p>
   </div>
   <div class='ocr_carea' id='block_1_73' title="bbox 1862 2984 3420 3056">
    <p class='ocr_par' dir='ltr' id='par_1_73' title="bbox 1862 2984 3420 3056">
     <span class='ocr_line' id='line_1_73' title="bbox 1862 2984 3420 3056; baseline -0.003 -17"><span class='ocrx_word' id='word_1_488' title='bbox 1862 3001 1992 3039; x_wconf 86' lang='lat' dir='ltr'><strong>neos</strong></span> <span class='ocrx_word' id='word_1_489' title='bbox 2022 2987 2112 3040; x_wconf 85' lang='lat' dir='ltr'><strong>dat</strong></span> <span class='ocrx_word' id='word_1_490' title='bbox 2140 2986 2374 3056; x_wconf 88' lang='lat' dir='ltr'><strong>jndices,</strong></span> <span class='ocrx_word' id='word_1_491' title='bbox 2409 3004 2530 3041; x_wconf 90' lang='lat' dir='ltr'><strong>cum</strong></span> <span class='ocrx_word' id='word_1_492' title='bbox 2563 2988 2626 3041; x_wconf 88' lang='lat' dir='ltr'><strong>ad</strong></span> <span class='ocrx_word' id='word_1_493' title='bbox 2667 2988 2965 3042; x_wconf 83' lang='lat' dir='ltr'><strong>reverenda</strong></span> <span class='ocrx_word' id='word_1_494' title='bbox 2993 2995 3120 3041; x_wconf 92' lang='lat' dir='ltr'><strong>sunt</strong></span> <span class='ocrx_word' id='word_1_495' title='bbox 3150 2984 3420 3039; x_wconf 77' lang='lat' dir='ltr'><strong>acccSSuri</strong></span> 
     </span>
    </p>
   </div>
   <div class='ocr_carea' id='block_1_74' title="bbox 1863 3076 3424 3146">
    <p class='ocr_par' dir='ltr' id='par_1_74' title="bbox 1863 3076 3424 3146">
     <span class='ocr_line' id='line_1_74' title="bbox 1863 3076 3424 3146; baseline -0.004 -16"><span class='ocrx_word' id='word_1_496' title='bbox 1863 3076 2143 3146; x_wconf 84' lang='lat' dir='ltr'><strong>mysteria,</strong></span> <span class='ocrx_word' id='word_1_497' title='bbox 2179 3078 2294 3131; x_wconf 85' lang='lat' dir='ltr'><strong>suis</strong></span> <span class='ocrx_word' id='word_1_498' title='bbox 2330 3086 2387 3130; x_wconf 91' lang='lat' dir='ltr'><strong>ut</strong></span> <span class='ocrx_word' id='word_1_499' title='bbox 2420 3077 2488 3131; x_wconf 89' lang='lat' dir='ltr'><strong>ab</strong></span> <span class='ocrx_word' id='word_1_500' title='bbox 2517 3078 2782 3132; x_wconf 82' lang='lat' dir='ltr'><strong>uxoribus</strong></span> <span class='ocrx_word' id='word_1_501' title='bbox 2808 3077 3139 3140; x_wconf 81' lang='lat' dir='ltr'><strong>abstineant,</strong></span> <span class='ocrx_word' id='word_1_502' title='bbox 3172 3091 3243 3128; x_wconf 80' lang='lat' dir='ltr'><strong>ex.</strong></span> <span class='ocrx_word' id='word_1_503' title='bbox 3271 3089 3424 3128; x_wconf 86' lang='lat' dir='ltr'><strong>com-</strong></span> 
     </span>
    </p>
   </div>
   <div class='ocr_carea' id='block_1_75' title="bbox 1864 3166 3426 3233">
    <p class='ocr_par' dir='ltr' id='par_1_75' title="bbox 1864 3166 3426 3233">
     <span class='ocr_line' id='line_1_75' title="bbox 1864 3166 3426 3233; baseline -0.003 -10"><span class='ocrx_word' id='word_1_504' title='bbox 1864 3172 2010 3223; x_wconf 88' lang='lat' dir='ltr'><strong>muni</strong></span> <span class='ocrx_word' id='word_1_505' title='bbox 2040 3181 2218 3224; x_wconf 85' lang='lat' dir='ltr'><strong>tamen</strong></span> <span class='ocrx_word' id='word_1_506' title='bbox 2252 3185 2545 3233; x_wconf 88' lang='lat' dir='ltr'><strong>consensu,</strong></span> <span class='ocrx_word' id='word_1_507' title='bbox 2607 3169 2906 3224; x_wconf 87' lang='lat' dir='ltr'><strong>secundum</strong></span> <span class='ocrx_word' id='word_1_508' title='bbox 2935 3168 3159 3221; x_wconf 84' lang='lat' dir='ltr'><strong>verbum</strong></span> <span class='ocrx_word' id='word_1_509' title='bbox 3218 3167 3321 3220; x_wconf 89' lang='lat' dir='ltr'><strong>hoc</strong></span> <span class='ocrx_word' id='word_1_510' title='bbox 3364 3166 3426 3219; x_wconf 80' lang='lat' dir='ltr'><strong>il-</strong></span> 
     </span>
    </p>
   </div>
   <div class='ocr_carea' id='block_1_76' title="bbox 1862 3260 3417 3331">
    <p class='ocr_par' dir='ltr' id='par_1_76' title="bbox 1862 3260 3417 3331">
     <span class='ocr_line' id='line_1_76' title="bbox 1862 3260 3417 3331; baseline -0.003 -18"><span class='ocrx_word' id='word_1_511' title='bbox 1862 3262 1967 3314; x_wconf 85' lang='lat' dir='ltr'><strong>lius</strong></span> <span class='ocrx_word' id='word_1_512' title='bbox 2002 3261 2179 3329; x_wconf 80' lang='lat' dir='ltr'><strong>magni</strong></span> <span class='ocrx_word' id='word_1_513' title='bbox 2212 3260 2399 3315; x_wconf 80' lang='lat' dir='ltr'><strong>Pauli:</strong></span> <span class='ocrx_word' id='word_1_514' title='bbox 2441 3280 2457 3311; x_wconf 78' lang='grc' dir='ltr'><strong>ι</strong></span> <span class='ocrx_word' id='word_1_515' title='bbox 2495 3262 2720 3314; x_wconf 86' lang='lat' dir='ltr'><strong>Maritus</strong></span> <span class='ocrx_word' id='word_1_516' title='bbox 2770 3260 3045 3331; x_wconf 85' lang='lat' dir='ltr'><strong>proprium</strong></span> <span class='ocrx_word' id='word_1_517' title='bbox 3078 3273 3275 3327; x_wconf 90' lang='lat' dir='ltr'><strong>corpus</strong></span> <span class='ocrx_word' id='word_1_518' title='bbox 3314 3274 3417 3311; x_wconf 77' lang='lat' dir='ltr'><strong>nm:</strong></span> 
     </span>
    </p>
   </div>
   <div class='ocr_carea' id='block_1_77' title="bbox 1863 3352 3423 3421">
    <p class='ocr_par' dir='ltr' id='par_1_77' title="bbox 1863 3352 3423 3421">
     <span class='ocr_line' id='line_1_77' title="bbox 1863 3352 3423 3421; baseline 0 -18"><span class='ocrx_word' id='word_1_519' title='bbox 1863 3352 2023 3404; x_wconf 86' lang='lat' dir='ltr'><strong>habet</strong></span> <span class='ocrx_word' id='word_1_520' title='bbox 2056 3353 2109 3404; x_wconf 92' lang='lat' dir='ltr'><strong>in</strong></span> <span class='ocrx_word' id='word_1_521' title='bbox 2140 3362 2456 3421; x_wconf 68' lang='lat' dir='ltr'><strong>potestate,»</strong></span> <span class='ocrx_word' id='word_1_522' title='bbox 2483 3362 2535 3406; x_wconf 90' lang='lat' dir='ltr'><strong>et</strong></span> <span class='ocrx_word' id='word_1_523' title='bbox 2562 3368 2681 3421; x_wconf 76' lang='lat' dir='ltr'><strong>qua:</strong></span> <span class='ocrx_word' id='word_1_524' title='bbox 2704 3361 3028 3421; x_wconf 87' lang='lat' dir='ltr'><strong>sequuntur.</strong></span> <span class='ocrx_word' id='word_1_525' title='bbox 3420 3394 3423 3397; x_wconf 38' lang='lat'><strong>.</strong></span> 
     </span>
    </p>
   </div>
   <div class='ocr_carea' id='block_1_78' title="bbox 1929 3440 3419 3515">
    <p class='ocr_par' dir='ltr' id='par_1_78' title="bbox 1929 3440 3419 3515">
     <span class='ocr_line' id='line_1_78' title="bbox 1929 3440 3419 3515; baseline -0.005 -15"><span class='ocrx_word' id='word_1_526' title='bbox 1929 3445 2035 3515; x_wconf 81' lang='lat'><strong>83</strong></span> <span class='ocrx_word' id='word_1_527' title='bbox 2064 3445 2248 3499; x_wconf 91' lang='lat' dir='ltr'><strong>Canon</strong></span> <span class='ocrx_word' id='word_1_528' title='bbox 2278 3454 2455 3499; x_wconf 90' lang='lat' dir='ltr'><strong>autem</strong></span> <span class='ocrx_word' id='word_1_529' title='bbox 2488 3446 2520 3499; x_wconf 85' lang='lat'><strong>5</strong></span> <span class='ocrx_word' id='word_1_530' title='bbox 2541 3454 2592 3498; x_wconf 92' lang='lat' dir='ltr'><strong>et</strong></span> <span class='ocrx_word' id='word_1_531' title='bbox 2629 3444 2695 3497; x_wconf 78' lang='grc'><strong>15</strong></span> <span class='ocrx_word' id='word_1_532' title='bbox 2743 3441 3011 3497; x_wconf 78' lang='lat' dir='ltr'><strong>Timothei</strong></span> <span class='ocrx_word' id='word_1_533' title='bbox 3068 3440 3419 3495; x_wconf 77' lang='lat' dir='ltr'><strong>Alexandrini</strong></span> 
     </span>
    </p>
   </div>
   <div class='ocr_carea' id='block_1_79' title="bbox 1861 3531 3421 3605">
    <p class='ocr_par' dir='ltr' id='par_1_79' title="bbox 1861 3531 3421 3605">
     <span class='ocr_line' id='line_1_79' title="bbox 1861 3531 3421 3605; baseline -0.003 -16"><span class='ocrx_word' id='word_1_534' title='bbox 1861 3537 2009 3589; x_wconf 77' lang='lat' dir='ltr'><strong>viros</strong></span> <span class='ocrx_word' id='word_1_535' title='bbox 2047 3546 2100 3589; x_wconf 91' lang='lat' dir='ltr'><strong>et</strong></span> <span class='ocrx_word' id='word_1_536' title='bbox 2153 3536 2408 3589; x_wconf 87' lang='lat' dir='ltr'><strong>mulieres</strong></span> <span class='ocrx_word' id='word_1_537' title='bbox 2445 3536 2537 3605; x_wconf 89' lang='lat' dir='ltr'><strong>qui</strong></span> <span class='ocrx_word' id='word_1_538' title='bbox 2589 3547 2747 3589; x_wconf 90' lang='lat' dir='ltr'><strong>nocte</strong></span> <span class='ocrx_word' id='word_1_539' title='bbox 2793 3534 3090 3587; x_wconf 83' lang='lat' dir='ltr'><strong>carnaliter</strong></span> <span class='ocrx_word' id='word_1_540' title='bbox 3147 3531 3421 3601; x_wconf 76' lang='lat' dir='ltr'><strong>conjuncti</strong></span> 
     </span>
    </p>
   </div>
   <div class='ocr_carea' id='block_1_80' title="bbox 1863 3623 3422 3695">
    <p class='ocr_par' dir='ltr' id='par_1_80' title="bbox 1863 3623 3422 3695">
     <span class='ocr_line' id='line_1_80' title="bbox 1863 3623 3422 3695; baseline -0.003 -17"><span class='ocrx_word' id='word_1_541' title='bbox 1863 3636 2009 3684; x_wconf 88' lang='lat' dir='ltr'><strong>sunt.</strong></span> <span class='ocrx_word' id='word_1_542' title='bbox 2046 3626 2303 3688; x_wconf 89' lang='lat' dir='ltr'><strong>interdiu,</strong></span> <span class='ocrx_word' id='word_1_543' title='bbox 2334 3626 2463 3679; x_wconf 90' lang='lat' dir='ltr'><strong>dum</strong></span> <span class='ocrx_word' id='word_1_544' title='bbox 2514 3642 2670 3680; x_wconf 80' lang='lat' dir='ltr'><strong>saera</strong></span> <span class='ocrx_word' id='word_1_545' title='bbox 2722 3625 2939 3695; x_wconf 85' lang='lat' dir='ltr'><strong>synaxis</strong></span> <span class='ocrx_word' id='word_1_546' title='bbox 3001 3623 3309 3676; x_wconf 80' lang='lat' dir='ltr'><strong>celebratur</strong></span> <span class='ocrx_word' id='word_1_547' title='bbox 3338 3663 3351 3683; x_wconf 87' lang='lat'><strong>,</strong></span> <span class='ocrx_word' id='word_1_548' title='bbox 3393 3640 3422 3674; x_wconf 86' lang='lat' dir='ltr'><strong>a</strong></span> 
     </span>
    </p>
   </div>
   <div class='ocr_carea' id='block_1_81' title="bbox 1865 3714 3422 3786">
    <p class='ocr_par' dir='ltr' id='par_1_81' title="bbox 1865 3714 3422 3786">
     <span class='ocr_line' id='line_1_81' title="bbox 1865 3714 3422 3786; baseline -0.003 -19"><span class='ocrx_word' id='word_1_549' title='bbox 1865 3716 2133 3786; x_wconf 71' lang='lat' dir='ltr'><strong>mysteriis</strong></span> <span class='ocrx_word' id='word_1_550' title='bbox 2178 3725 2350 3780; x_wconf 77' lang='lat' dir='ltr'><strong>arcet,</strong></span> <span class='ocrx_word' id='word_1_551' title='bbox 2395 3717 2535 3769; x_wconf 88' lang='lat' dir='ltr'><strong>lirmi</strong></span> <span class='ocrx_word' id='word_1_552' title='bbox 2594 3717 2885 3770; x_wconf 88' lang='lat' dir='ltr'><strong>testimonii</strong></span> <span class='ocrx_word' id='word_1_553' title='bbox 2932 3716 3052 3769; x_wconf 83' lang='lat' dir='ltr'><strong>loco</strong></span> <span class='ocrx_word' id='word_1_554' title='bbox 3110 3714 3422 3782; x_wconf 71' lang='lat' dir='ltr'><strong>praedictum</strong></span> 
     </span>
    </p>
   </div>
   <div class='ocr_carea' id='block_1_82' title="bbox 1865 3806 3420 3877">
    <p class='ocr_par' dir='ltr' id='par_1_82' title="bbox 1865 3806 3420 3877">
     <span class='ocr_line' id='line_1_82' title="bbox 1865 3806 3420 3877; baseline -0.002 -20"><span class='ocrx_word' id='word_1_555' title='bbox 1865 3807 2099 3875; x_wconf 71' lang='lat' dir='ltr'><strong>Aptisloii</strong></span> <span class='ocrx_word' id='word_1_556' title='bbox 2174 3822 2479 3861; x_wconf 87' lang='lat' dir='ltr'><strong>sermonem</strong></span> <span class='ocrx_word' id='word_1_557' title='bbox 2520 3808 2794 3877; x_wconf 70' lang='lat' dir='ltr'><strong>alit-guns:</strong></span> <span class='ocrx_word' id='word_1_558' title='bbox 2834 3827 2851 3857; x_wconf 80' lang='grc' dir='ltr'><strong>ι</strong></span> <span class='ocrx_word' id='word_1_559' title='bbox 2907 3806 3185 3875; x_wconf 69' lang='lat' dir='ltr'><strong>Praecipue</strong></span> <span class='ocrx_word' id='word_1_560' title='bbox 3241 3812 3420 3857; x_wconf 88' lang='lat' dir='ltr'><strong>autem</strong></span> 
     </span>
    </p>
   </div>
   <div class='ocr_carea' id='block_1_83' title="bbox 1866 3896 3424 3965">
    <p class='ocr_par' dir='ltr' id='par_1_83' title="bbox 1866 3896 3424 3965">
     <span class='ocr_line' id='line_1_83' title="bbox 1866 3896 3424 3965; baseline -0.003 -15"><span class='ocrx_word' id='word_1_561' title='bbox 1866 3896 2127 3959; x_wconf 82' lang='lat' dir='ltr'><strong>Sabbato,</strong></span> <span class='ocrx_word' id='word_1_562' title='bbox 2164 3897 2356 3965; x_wconf 85' lang='lat' dir='ltr'><strong>inquit,</strong></span> <span class='ocrx_word' id='word_1_563' title='bbox 2407 3909 2457 3952; x_wconf 91' lang='lat' dir='ltr'><strong>et</strong></span> <span class='ocrx_word' id='word_1_564' title='bbox 2499 3898 2585 3951; x_wconf 88' lang='lat' dir='ltr'><strong>die</strong></span> <span class='ocrx_word' id='word_1_565' title='bbox 2639 3898 2939 3961; x_wconf 87' lang='lat' dir='ltr'><strong>Dominico,</strong></span> <span class='ocrx_word' id='word_1_566' title='bbox 2974 3912 3003 3950; x_wconf 90' lang='lat' dir='ltr'><strong>a</strong></span> <span class='ocrx_word' id='word_1_567' title='bbox 3036 3905 3223 3949; x_wconf 91' lang='lat' dir='ltr'><strong>nmtuo</strong></span> <span class='ocrx_word' id='word_1_568' title='bbox 3273 3910 3424 3947; x_wconf 81' lang='lat' dir='ltr'><strong>eom-</strong></span> 
     </span>
    </p>
   </div>
   <div class='ocr_carea' id='block_1_84' title="bbox 1866 3987 3422 4058">
    <p class='ocr_par' dir='ltr' id='par_1_84' title="bbox 1866 3987 3422 4058">
     <span class='ocr_line' id='line_1_84' title="bbox 1866 3987 3422 4058; baseline -0.001 -19"><span class='ocrx_word' id='word_1_569' title='bbox 1866 3989 2068 4041; x_wconf 78' lang='lat' dir='ltr'><strong>mercio</strong></span> <span class='ocrx_word' id='word_1_570' title='bbox 2102 3990 2481 4042; x_wconf 87' lang='lat' dir='ltr'><strong>abstinendum</strong></span> <span class='ocrx_word' id='word_1_571' title='bbox 2523 3997 2625 4053; x_wconf 87' lang='lat' dir='ltr'><strong>est,</strong></span> <span class='ocrx_word' id='word_1_572' title='bbox 2666 4008 2682 4039; x_wconf 81' lang='grc' dir='ltr'><strong>ι</strong></span> <span class='ocrx_word' id='word_1_573' title='bbox 2707 3998 2891 4058; x_wconf 85' lang='lat' dir='ltr'><strong>utpote</strong></span> <span class='ocrx_word' id='word_1_574' title='bbox 2939 3987 3079 4058; x_wconf 83' lang='lat' dir='ltr'><strong>quod</strong></span> <span class='ocrx_word' id='word_1_575' title='bbox 3126 3997 3237 4041; x_wconf 88' lang='lat' dir='ltr'><strong>tum</strong></span> <span class='ocrx_word' id='word_1_576' title='bbox 3272 4002 3422 4039; x_wconf 80' lang='lat' dir='ltr'><strong>sacra</strong></span> 
     </span>
    </p>
   </div>
   <div class='ocr_carea' id='block_1_85' title="bbox 1864 4079 2641 4137">
    <p class='ocr_par' dir='ltr' id='par_1_85' title="bbox 1864 4079 2641 4137">
     <span class='ocr_line' id='line_1_85' title="bbox 1864 4079 2641 4137; baseline 0.005 -5"><span class='ocrx_word' id='word_1_577' title='bbox 1864 4080 2064 4133; x_wconf 87' lang='lat' dir='ltr'><strong>oblatio</strong></span> <span class='ocrx_word' id='word_1_578' title='bbox 2098 4079 2331 4134; x_wconf 89' lang='lat' dir='ltr'><strong>Domino</strong></span> <span class='ocrx_word' id='word_1_579' title='bbox 2362 4081 2641 4137; x_wconf 69' lang='lat' dir='ltr'><strong>offeratur.</strong></span> 
     </span>
    </p>
   </div>
   <div class='ocr_carea' id='block_1_86' title="bbox 1863 4280 3420 4339">
    <p class='ocr_par' dir='ltr' id='par_1_86' title="bbox 1863 4280 3420 4339">
     <span class='ocr_line' id='line_1_86' title="bbox 1863 4280 3420 4339; baseline 0.002 -4"><span class='ocrx_word' id='word_1_580' title='bbox 1863 4282 2013 4336; x_wconf 79' lang='lat' dir='ltr'><strong>CAP.</strong></span> <span class='ocrx_word' id='word_1_581' title='bbox 2054 4280 2194 4335; x_wconf 69' lang='lat' dir='ltr'><strong>XIX.</strong></span> <span class='ocrx_word' id='word_1_582' title='bbox 2228 4282 2302 4335; x_wconf 86' lang='lat' dir='ltr'><strong>De</strong></span> <span class='ocrx_word' id='word_1_583' title='bbox 2342 4283 2652 4338; x_wconf 71' lang='lat' dir='ltr'><strong>habentibus</strong></span> <span class='ocrx_word' id='word_1_584' title='bbox 2702 4287 2755 4337; x_wconf 79' lang='lat' dir='ltr'><strong>in</strong></span> <span class='ocrx_word' id='word_1_585' title='bbox 2782 4286 3123 4338; x_wconf 74' lang='lat' dir='ltr'><strong>contubernio</strong></span> <span class='ocrx_word' id='word_1_586' title='bbox 3175 4286 3420 4339; x_wconf 82' lang='lat' dir='ltr'><strong>mulieres</strong></span> 
     </span>
    </p>
   </div>
   <div class='ocr_carea' id='block_1_87' title="bbox 2172 4355 3111 4422">
    <p class='ocr_par' dir='ltr' id='par_1_87' title="bbox 2172 4355 3111 4422">
     <span class='ocr_line' id='line_1_87' title="bbox 2172 4355 3111 4422; baseline 0.002 -17"><span class='ocrx_word' id='word_1_587' title='bbox 2172 4364 2453 4407; x_wconf 75' lang='lat' dir='ltr'><strong>extraneas</strong></span> <span class='ocrx_word' id='word_1_588' title='bbox 2486 4355 2739 4422; x_wconf 75' lang='lat' dir='ltr'><strong>episcopis</strong></span> <span class='ocrx_word' id='word_1_589' title='bbox 2768 4364 2860 4407; x_wconf 77' lang='lat' dir='ltr'><strong>aut</strong></span> <span class='ocrx_word' id='word_1_590' title='bbox 2884 4356 3111 4408; x_wconf 82' lang='lat' dir='ltr'><strong>clericis.</strong></span> 
     </span>
    </p>
   </div>
   <div class='ocr_carea' id='block_1_88' title="bbox 1934 4441 3428 4515">
    <p class='ocr_par' dir='ltr' id='par_1_88' title="bbox 1934 4441 3428 4515">
     <span class='ocr_line' id='line_1_88' title="bbox 1934 4441 3428 4515; baseline 0.003 -20"><span class='ocrx_word' id='word_1_591' title='bbox 1934 4441 2121 4496; x_wconf 88' lang='lat' dir='ltr'><strong>Canon</strong></span> <span class='ocrx_word' id='word_1_592' title='bbox 2150 4443 2308 4512; x_wconf 89' lang='lat' dir='ltr'><strong>primi</strong></span> <span class='ocrx_word' id='word_1_593' title='bbox 2345 4445 2563 4498; x_wconf 90' lang='lat' dir='ltr'><strong>concilii</strong></span> <span class='ocrx_word' id='word_1_594' title='bbox 2596 4445 2786 4499; x_wconf 90' lang='lat' dir='ltr'><strong>tertius</strong></span> <span class='ocrx_word' id='word_1_595' title='bbox 2844 4447 3179 4515; x_wconf 86' lang='lat' dir='ltr'><strong>episcopum,</strong></span> <span class='ocrx_word' id='word_1_596' title='bbox 3221 4446 3299 4499; x_wconf 77' lang='lat' dir='ltr'><strong>vel</strong></span> <span class='ocrx_word' id='word_1_597' title='bbox 3328 4447 3428 4499; x_wconf 87' lang='lat' dir='ltr'><strong>ali-</strong></span> 
     </span>
    </p>
   </div>
   <div class='ocr_carea' id='block_1_89' title="bbox 191 4523 1765 4605">
    <p class='ocr_par' dir='ltr' id='par_1_89' title="bbox 191 4523 1759 4602">
     <span class='ocr_line' id='line_1_89' title="bbox 191 4523 1759 4602; baseline 0.008 -26"><span class='ocrx_word' id='word_1_598' title='bbox 191 4541 318 4577; x_wconf 90' lang='grc' dir='ltr'>τινα</span> <span class='ocrx_word' id='word_1_599' title='bbox 348 4523 453 4576; x_wconf 82' lang='grc' dir='ltr'><strong>τῶν</strong></span> <span class='ocrx_word' id='word_1_600' title='bbox 501 4525 595 4577; x_wconf 86' lang='grc' dir='ltr'>τοῦ</span> <span class='ocrx_word' id='word_1_601' title='bbox 643 4526 872 4597; x_wconf 80' lang='grc' dir='ltr'>κλήρου,</span> <span class='ocrx_word' id='word_1_602' title='bbox 914 4530 1264 4584; x_wconf 78' lang='grc' dir='ltr'>συνείσακτον</span> <span class='ocrx_word' id='word_1_603' title='bbox 1308 4534 1454 4602; x_wconf 73' lang='grc' dir='ltr'>ἔχειν</span> <span class='ocrx_word' id='word_1_604' title='bbox 1504 4538 1759 4601; x_wconf 87' lang='grc' dir='ltr'>γυναῖκα,</span> 
     </span>
    </p>
   </div>
   <div class='ocr_carea' id='block_1_90' title="bbox 1833 4523 3427 4605">
    <p class='ocr_par' dir='ltr' id='par_1_90' title="bbox 1833 4534 3427 4605">
     <span class='ocr_line' id='line_1_90' title="bbox 1833 4534 3427 4605; baseline 0.004 -19"><span class='ocrx_word' id='word_1_605' title='bbox 1833 4539 2024 4603; x_wconf 84' lang='lat' dir='ltr'><strong>&#39;quem</strong></span> <span class='ocrx_word' id='word_1_606' title='bbox 2053 4549 2115 4589; x_wconf 78' lang='lat' dir='ltr'><strong>ex</strong></span> <span class='ocrx_word' id='word_1_607' title='bbox 2150 4534 2317 4601; x_wconf 91' lang='lat' dir='ltr'><strong>clero,</strong></span> <span class='ocrx_word' id='word_1_608' title='bbox 2353 4550 2462 4588; x_wconf 90' lang='lat' dir='ltr'><strong>non</strong></span> <span class='ocrx_word' id='word_1_609' title='bbox 2513 4536 2713 4590; x_wconf 89' lang='lat' dir='ltr'><strong>debere</strong></span> <span class='ocrx_word' id='word_1_610' title='bbox 2755 4546 2911 4605; x_wconf 88' lang='lat' dir='ltr'><strong>putat</strong></span> <span class='ocrx_word' id='word_1_611' title='bbox 2959 4537 3015 4589; x_wconf 86' lang='lat' dir='ltr'><strong>in</strong></span> <span class='ocrx_word' id='word_1_612' title='bbox 3066 4539 3427 4592; x_wconf 83' lang='lat' dir='ltr'><strong>contubernio</strong></span> 
     </span>
    </p>
   </div>
   <div class='ocr_carea' id='block_1_91' title="bbox 187 4614 1755 4697">
    <p class='ocr_par' dir='ltr' id='par_1_91' title="bbox 187 4614 1755 4697">
     <span class='ocr_line' id='line_1_91' title="bbox 187 4614 1755 4697; baseline 0.008 -30"><span class='ocrx_word' id='word_1_613' title='bbox 187 4615 293 4667; x_wconf 84' lang='grc' dir='ltr'>οὐκ</span> <span class='ocrx_word' id='word_1_614' title='bbox 325 4614 495 4668; x_wconf 84' lang='grc' dir='ltr'>οίεται</span> <span class='ocrx_word' id='word_1_615' title='bbox 527 4616 657 4681; x_wconf 75' lang='grc' dir='ltr'>δεῖν,</span> <span class='ocrx_word' id='word_1_616' title='bbox 697 4618 746 4669; x_wconf 85' lang='grc' dir='ltr'><strong>εί</strong></span> <span class='ocrx_word' id='word_1_617' title='bbox 797 4619 870 4688; x_wconf 81' lang='grc' dir='ltr'>μὴ</span> <span class='ocrx_word' id='word_1_618' title='bbox 914 4618 1021 4689; x_wconf 77' lang='grc' dir='ltr'>ἄρα</span> <span class='ocrx_word' id='word_1_619' title='bbox 1059 4623 1294 4690; x_wconf 83' lang='grc' dir='ltr'>μητέρα,</span> <span class='ocrx_word' id='word_1_620' title='bbox 1350 4623 1382 4692; x_wconf 77' lang='grc' dir='ltr'>ἢ</span> <span class='ocrx_word' id='word_1_621' title='bbox 1426 4625 1680 4695; x_wconf 77' lang='grc' dir='ltr'>ἀδελφὴν,</span> <span class='ocrx_word' id='word_1_622' title='bbox 1723 4628 1755 4697; x_wconf 83' lang='grc' dir='ltr'><strong>ἢ</strong></span> 
     </span>
    </p>
   </div>
   <div class='ocr_carea' id='block_1_92' title="bbox 191 4707 1757 4784">
    <p class='ocr_par' dir='ltr' id='par_1_92' title="bbox 191 4707 1757 4784">
     <span class='ocr_line' id='line_1_92' title="bbox 191 4707 1757 4784; baseline 0.008 -26"><span class='ocrx_word' id='word_1_623' title='bbox 191 4708 369 4772; x_wconf 80' lang='grc' dir='ltr'>θείαν,</span> <span class='ocrx_word' id='word_1_624' title='bbox 405 4707 438 4777; x_wconf 75' lang='grc' dir='ltr'>ἢ</span> <span class='ocrx_word' id='word_1_625' title='bbox 471 4708 506 4761; x_wconf 75' lang='grc' dir='ltr'>ἃ</span> <span class='ocrx_word' id='word_1_626' title='bbox 539 4709 675 4776; x_wconf 84' lang='grc' dir='ltr'>μόνα</span> <span class='ocrx_word' id='word_1_627' title='bbox 704 4711 967 4778; x_wconf 82' lang='grc' dir='ltr'>πρόσωπα</span> <span class='ocrx_word' id='word_1_628' title='bbox 1000 4714 1180 4765; x_wconf 79' lang='grc' dir='ltr'>πᾶσαν</span> <span class='ocrx_word' id='word_1_629' title='bbox 1210 4714 1575 4784; x_wconf 75' lang='grc' dir='ltr'>διαπέφευγεν</span> <span class='ocrx_word' id='word_1_630' title='bbox 1623 4720 1757 4771; x_wconf 79' lang='grc' dir='ltr'>ὑπο-</span> 
     </span>
    </p>
   </div>
   <div class='ocr_carea' id='block_1_93' title="bbox 189 4800 1758 4877">
    <p class='ocr_par' dir='ltr' id='par_1_93' title="bbox 189 4800 1758 4877">
     <span class='ocr_line' id='line_1_93' title="bbox 189 4800 1758 4877; baseline 0.01 -28"><span class='ocrx_word' id='word_1_631' title='bbox 189 4800 348 4867; x_wconf 74' lang='grc' dir='ltr'>ψίαν.</span> <span class='ocrx_word' id='word_1_632' title='bbox 386 4800 780 4863; x_wconf 69' lang='grc' dir='ltr'>Συνειτάκτους</span> <span class='ocrx_word' id='word_1_633' title='bbox 811 4802 864 4854; x_wconf 87' lang='grc' dir='ltr'><em>δέ</em></span> <span class='ocrx_word' id='word_1_634' title='bbox 902 4820 1035 4874; x_wconf 86' lang='grc' dir='ltr'>φησι</span> <span class='ocrx_word' id='word_1_635' title='bbox 1068 4806 1165 4867; x_wconf 75' lang='grc' dir='ltr'><strong>τὰς</strong></span> <span class='ocrx_word' id='word_1_636' title='bbox 1206 4806 1468 4877; x_wconf 84' lang='grc' dir='ltr'>ὲλομένας</span> <span class='ocrx_word' id='word_1_637' title='bbox 1494 4815 1758 4865; x_wconf 85' lang='grc' dir='ltr'>συνοικεῖν</span> 
     </span>
    </p>
   </div>
   <div class='ocr_carea' id='block_1_94' title="bbox 192 4889 1758 4971">
    <p class='ocr_par' dir='ltr' id='par_1_94' title="bbox 192 4889 1758 4971">
     <span class='ocr_line' id='line_1_94' title="bbox 192 4889 1758 4971; baseline 0.008 -28"><span class='ocrx_word' id='word_1_638' title='bbox 192 4889 436 4960; x_wconf 78' lang='grc' dir='ltr'>ἱερεῦσιν</span> <span class='ocrx_word' id='word_1_639' title='bbox 472 4892 717 4960; x_wconf 75' lang='grc' dir='ltr'>ἀζύγοις,</span> <span class='ocrx_word' id='word_1_640' title='bbox 778 4895 845 4946; x_wconf 74' lang='grc' dir='ltr'>τὰ</span> <span class='ocrx_word' id='word_1_641' title='bbox 897 4897 1031 4962; x_wconf 82' lang='grc' dir='ltr'>πρὸς</span> <span class='ocrx_word' id='word_1_642' title='bbox 1071 4898 1167 4960; x_wconf 72' lang='grc' dir='ltr'>τὰς</span> <span class='ocrx_word' id='word_1_643' title='bbox 1220 4899 1525 4965; x_wconf 69' lang='grc' dir='ltr'>ἀναγκαίας</span> <span class='ocrx_word' id='word_1_644' title='bbox 1573 4905 1758 4971; x_wconf 83' lang='grc' dir='ltr'>χρείας</span> 
     </span>
    </p>
   </div>
   <div class='ocr_carea' id='block_1_95' title="bbox 189 4985 863 5054">
    <p class='ocr_par' dir='ltr' id='par_1_95' title="bbox 189 4985 863 5054">
     <span class='ocr_line' id='line_1_95' title="bbox 189 4985 863 5054; baseline 0.006 -18"><span class='ocrx_word' id='word_1_645' title='bbox 189 4986 377 5045; x_wconf 67' lang='grc' dir='ltr'>αὐτοῖς</span> <span class='ocrx_word' id='word_1_646' title='bbox 415 4985 666 5042; x_wconf 76' lang='grc' dir='ltr'>διακονου</span> <span class='ocrx_word' id='word_1_647' title='bbox 674 4986 863 5054; x_wconf 85' lang='grc' dir='ltr'>μένας.</span> 
     </span>
    </p>
   </div>
   <div class='ocr_carea' id='block_1_96' title="bbox 270 5256 1759 5331">
    <p class='ocr_par' dir='ltr' id='par_1_96' title="bbox 270 5256 1759 5331">
     <span class='ocr_line' id='line_1_96' title="bbox 270 5256 1759 5331; baseline 0.001 -20"><span class='ocrx_word' id='word_1_648' title='bbox 270 5257 477 5311; x_wconf 79' lang='grc' dir='ltr'>Τούτου</span> <span class='ocrx_word' id='word_1_649' title='bbox 526 5258 619 5309; x_wconf 81' lang='grc' dir='ltr'>καὶ</span> <span class='ocrx_word' id='word_1_650' title='bbox 647 5260 674 5309; x_wconf 89' lang='lat'><strong>6</strong></span> <span class='ocrx_word' id='word_1_651' title='bbox 714 5256 753 5309; x_wconf 89' lang='grc' dir='ltr'>ε’</span> <span class='ocrx_word' id='word_1_652' title='bbox 795 5260 893 5327; x_wconf 84' lang='grc' dir='ltr'><strong>τῆς</strong></span> <span class='ocrx_word' id='word_1_653' title='bbox 939 5258 1105 5327; x_wconf 79' lang='grc' dir='ltr'>ἕκτης</span> <span class='ocrx_word' id='word_1_654' title='bbox 1154 5260 1370 5312; x_wconf 76' lang='grc' dir='ltr'>συνόδου</span> <span class='ocrx_word' id='word_1_655' title='bbox 1418 5263 1759 5331; x_wconf 70' lang='grc' dir='ltr'>μεμνημένος</span> 
     </span>
    </p>
   </div>
   <div class='ocr_carea' id='block_1_97' title="bbox 202 5348 1759 5423">
    <p class='ocr_par' dir='ltr' id='par_1_97' title="bbox 202 5348 1759 5423">
     <span class='ocr_line' id='line_1_97' title="bbox 202 5348 1759 5423; baseline 0.001 -20"><span class='ocrx_word' id='word_1_656' title='bbox 202 5348 381 5403; x_wconf 84' lang='grc' dir='ltr'>κανὼν</span> <span class='ocrx_word' id='word_1_657' title='bbox 439 5350 563 5410; x_wconf 70' lang='grc' dir='ltr'>τοὺς</span> <span class='ocrx_word' id='word_1_658' title='bbox 594 5350 865 5413; x_wconf 78' lang='grc' dir='ltr'>τοιούτους</span> <span class='ocrx_word' id='word_1_659' title='bbox 895 5354 1129 5419; x_wconf 79' lang='grc' dir='ltr'>γυναῖκα</span> <span class='ocrx_word' id='word_1_660' title='bbox 1168 5352 1484 5420; x_wconf 84' lang='grc' dir='ltr'>κεκτῆσθαι,</span> <span class='ocrx_word' id='word_1_661' title='bbox 1522 5353 1553 5422; x_wconf 79' lang='grc' dir='ltr'>ἢ</span> <span class='ocrx_word' id='word_1_662' title='bbox 1587 5355 1759 5423; x_wconf 82' lang='grc' dir='ltr'>θερα-</span> 
     </span>
    </p>
   </div>
   <div class='ocr_carea' id='block_1_98' title="bbox 201 5440 1762 5511">
    <p class='ocr_par' dir='ltr' id='par_1_98' title="bbox 201 5440 1762 5511">
     <span class='ocr_line' id='line_1_98' title="bbox 201 5440 1762 5511; baseline 0.003 -19"><span class='ocrx_word' id='word_1_663' title='bbox 201 5440 444 5503; x_wconf 88' lang='grc' dir='ltr'>παινίδα,</span> <span class='ocrx_word' id='word_1_664' title='bbox 478 5440 655 5509; x_wconf 70' lang='grc' dir='ltr'>πάντη</span> <span class='ocrx_word' id='word_1_665' title='bbox 683 5442 974 5511; x_wconf 80' lang='grc' dir='ltr'>ἀπείρηκε,</span> <span class='ocrx_word' id='word_1_666' title='bbox 1009 5444 1276 5511; x_wconf 63' lang='grc' dir='ltr'>πρόφασιν</span> <span class='ocrx_word' id='word_1_667' title='bbox 1319 5445 1609 5496; x_wconf 73' lang='grc' dir='ltr'>σκανδάλου</span> <span class='ocrx_word' id='word_1_668' title='bbox 1640 5448 1762 5498; x_wconf 86' lang='grc' dir='ltr'>τού-</span> 
     </span>
    </p>
   </div>
   <div class='ocr_carea' id='block_1_99' title="bbox 197 5532 1759 5606">
    <p class='ocr_par' dir='ltr' id='par_1_99' title="bbox 197 5532 1759 5606">
     <span class='ocr_line' id='line_1_99' title="bbox 197 5532 1759 5606; baseline 0.004 -22"><span class='ocrx_word' id='word_1_669' title='bbox 197 5550 321 5594; x_wconf 89' lang='grc' dir='ltr'>τους</span> <span class='ocrx_word' id='word_1_670' title='bbox 354 5532 429 5602; x_wconf 75' lang='grc' dir='ltr'>μὴ</span> <span class='ocrx_word' id='word_1_671' title='bbox 462 5532 664 5585; x_wconf 85' lang='grc' dir='ltr'>διδόναι</span> <span class='ocrx_word' id='word_1_672' title='bbox 700 5534 1099 5603; x_wconf 81' lang='grc' dir='ltr'>προνοούμενος</span> <span class='ocrx_word' id='word_1_673' title='bbox 1120 5553 1135 5566; x_wconf 75' lang='grc' dir='ltr'><strong>ο</strong></span> <span class='ocrx_word' id='word_1_674' title='bbox 1171 5536 1248 5606; x_wconf 74' lang='grc' dir='ltr'>τῷ</span> <span class='ocrx_word' id='word_1_675' title='bbox 1277 5537 1332 5589; x_wconf 80' lang='grc' dir='ltr'>δὲ</span> <span class='ocrx_word' id='word_1_676' title='bbox 1370 5538 1759 5606; x_wconf 75' lang='grc' dir='ltr'>παραϐαίνοντι</span> 
     </span>
    </p>
   </div>
   <div class='ocr_carea' id='block_1_100' title="bbox 200 5610 1758 5700">
    <p class='ocr_par' dir='ltr' id='par_1_100' title="bbox 200 5625 1758 5700">
     <span class='ocr_line' id='line_1_100' title="bbox 200 5625 1758 5700; baseline 0.003 -23"><span class='ocrx_word' id='word_1_677' title='bbox 200 5625 614 5678; x_wconf 80' lang='grc' dir='ltr'>ὲπανατείνεται</span> <span class='ocrx_word' id='word_1_678' title='bbox 642 5626 738 5689; x_wconf 83' lang='grc' dir='ltr'>τὴν</span> <span class='ocrx_word' id='word_1_679' title='bbox 774 5628 1109 5697; x_wconf 76' lang='grc' dir='ltr'>καθαίρεσιν.</span> <span class='ocrx_word' id='word_1_680' title='bbox 1174 5630 1521 5700; x_wconf 79' lang='grc' dir='ltr'>Προσεπάγει</span> <span class='ocrx_word' id='word_1_681' title='bbox 1570 5631 1624 5684; x_wconf 81' lang='grc' dir='ltr'>δὲ</span> <span class='ocrx_word' id='word_1_682' title='bbox 1665 5632 1758 5682; x_wconf 80' lang='grc' dir='ltr'><strong>καὶ</strong></span> 
     </span>
    </p>
   </div>
   <div class='ocr_carea' id='block_1_101' title="bbox 197 5715 1760 5791">
    <p class='ocr_par' dir='ltr' id='par_1_101' title="bbox 197 5715 1760 5791">
     <span class='ocr_line' id='line_1_101' title="bbox 197 5715 1760 5791; baseline 0.003 -21"><span class='ocrx_word' id='word_1_683' title='bbox 197 5719 321 5780; x_wconf 72' lang='grc' dir='ltr'>τοὺς</span> <span class='ocrx_word' id='word_1_684' title='bbox 349 5718 640 5786; x_wconf 80' lang='grc' dir='ltr'>εὐνούχους</span> <span class='ocrx_word' id='word_1_685' title='bbox 672 5721 851 5771; x_wconf 79' lang='grc' dir='ltr'>πᾶσαν</span> <span class='ocrx_word' id='word_1_686' title='bbox 880 5715 1020 5772; x_wconf 81' lang='grc' dir='ltr'>εἶναι</span> <span class='ocrx_word' id='word_1_687' title='bbox 1046 5722 1293 5791; x_wconf 71' lang='grc' dir='ltr'>ἀνάγκην</span> <span class='ocrx_word' id='word_1_688' title='bbox 1314 5721 1468 5774; x_wconf 71' lang='grc' dir='ltr'>τοῦτο</span> <span class='ocrx_word' id='word_1_689' title='bbox 1508 5740 1760 5791; x_wconf 77' lang='grc' dir='ltr'>παραφυ-</span> 
     </span>
    </p>
   </div>
   <div class='ocr_carea' id='block_1_102' title="bbox 201 5809 1755 5885">
    <p class='ocr_par' dir='ltr' id='par_1_102' title="bbox 201 5809 1755 5885">
     <span class='ocr_line' id='line_1_102' title="bbox 201 5809 1755 5885; baseline 0.003 -24"><span class='ocrx_word' id='word_1_690' title='bbox 201 5809 507 5875; x_wconf 68' lang='grc' dir='ltr'>λάττεσθαι,</span> <span class='ocrx_word' id='word_1_691' title='bbox 546 5811 643 5881; x_wconf 83' lang='grc' dir='ltr'>τὴν</span> <span class='ocrx_word' id='word_1_692' title='bbox 695 5811 941 5865; x_wconf 75' lang='grc' dir='ltr'>ἐντεῦθεν</span> <span class='ocrx_word' id='word_1_693' title='bbox 996 5814 1204 5883; x_wconf 60' lang='grc' dir='ltr'>μέμψιν</span> <span class='ocrx_word' id='word_1_694' title='bbox 1255 5815 1660 5885; x_wconf 71' lang='grc' dir='ltr'>ὑφορωμένους,</span> <span class='ocrx_word' id='word_1_695' title='bbox 1710 5818 1755 5867; x_wconf 81' lang='grc' dir='ltr'><strong>εἰ</strong></span> 
     </span>
    </p>
   </div>
   <div class='ocr_carea' id='block_1_103' title="bbox 1867 4628 3425 4695">
    <p class='ocr_par' dir='ltr' id='par_1_103' title="bbox 1867 4628 3425 4695">
     <span class='ocr_line' id='line_1_103' title="bbox 1867 4628 3425 4695; baseline 0.001 -15"><span class='ocrx_word' id='word_1_696' title='bbox 1867 4628 2151 4681; x_wconf 89' lang='lat' dir='ltr'><strong>mulierem</strong></span> <span class='ocrx_word' id='word_1_697' title='bbox 2180 4638 2489 4682; x_wconf 82' lang='lat' dir='ltr'><strong>extraneam</strong></span> <span class='ocrx_word' id='word_1_698' title='bbox 2534 4629 2771 4682; x_wconf 88' lang='lat' dir='ltr'><strong>habere:</strong></span> <span class='ocrx_word' id='word_1_699' title='bbox 2832 4630 2938 4683; x_wconf 90' lang='lat' dir='ltr'><strong>nisi</strong></span> <span class='ocrx_word' id='word_1_700' title='bbox 2996 4629 3133 4684; x_wconf 80' lang='lat' dir='ltr'><strong>forte</strong></span> <span class='ocrx_word' id='word_1_701' title='bbox 3175 4640 3425 4695; x_wconf 89' lang='lat' dir='ltr'><strong>matrem,</strong></span> 
     </span>
    </p>
   </div>
   <div class='ocr_carea' id='block_1_104' title="bbox 1869 4720 3424 4786">
    <p class='ocr_par' dir='ltr' id='par_1_104' title="bbox 1869 4720 3424 4786">
     <span class='ocr_line' id='line_1_104' title="bbox 1869 4720 3424 4786; baseline 0.003 -13"><span class='ocrx_word' id='word_1_702' title='bbox 1869 4720 1952 4774; x_wconf 81' lang='lat' dir='ltr'><strong>vel</strong></span> <span class='ocrx_word' id='word_1_703' title='bbox 1985 4735 2256 4783; x_wconf 86' lang='lat' dir='ltr'><strong>sororem,</strong></span> <span class='ocrx_word' id='word_1_704' title='bbox 2284 4720 2529 4780; x_wconf 87' lang='lat' dir='ltr'><strong>amitam,</strong></span> <span class='ocrx_word' id='word_1_705' title='bbox 2587 4721 2665 4774; x_wconf 85' lang='lat' dir='ltr'><strong>vel</strong></span> <span class='ocrx_word' id='word_1_706' title='bbox 2692 4735 2784 4774; x_wconf 87' lang='lat' dir='ltr'><strong>eas</strong></span> <span class='ocrx_word' id='word_1_707' title='bbox 2815 4720 3085 4774; x_wconf 86' lang='lat' dir='ltr'><strong>duntaxat</strong></span> <span class='ocrx_word' id='word_1_708' title='bbox 3138 4738 3424 4786; x_wconf 84' lang='lat' dir='ltr'><strong>personas,</strong></span> 
     </span>
    </p>
   </div>
   <div class='ocr_carea' id='block_1_105' title="bbox 1867 4811 3427 4881">
    <p class='ocr_par' dir='ltr' id='par_1_105' title="bbox 1867 4811 3427 4881">
     <span class='ocr_line' id='line_1_105' title="bbox 1867 4811 3427 4881; baseline 0.003 -17"><span class='ocrx_word' id='word_1_709' title='bbox 1867 4826 1987 4881; x_wconf 75' lang='lat' dir='ltr'><strong>qua:</strong></span> <span class='ocrx_word' id='word_1_710' title='bbox 2013 4811 2080 4864; x_wconf 88' lang='lat' dir='ltr'><strong>ab</strong></span> <span class='ocrx_word' id='word_1_711' title='bbox 2104 4812 2249 4865; x_wconf 79' lang='lat' dir='ltr'><strong>onini</strong></span> <span class='ocrx_word' id='word_1_712' title='bbox 2284 4812 2595 4881; x_wconf 88' lang='lat' dir='ltr'><strong>suspicione</strong></span> <span class='ocrx_word' id='word_1_713' title='bbox 2626 4813 2807 4868; x_wconf 65' lang='lat' dir='ltr'><strong>liberte</strong></span> <span class='ocrx_word' id='word_1_714' title='bbox 2834 4824 2979 4867; x_wconf 90' lang='lat' dir='ltr'><strong>sunt.</strong></span> <span class='ocrx_word' id='word_1_715' title='bbox 3027 4813 3193 4868; x_wconf 83' lang='lat' dir='ltr'><strong>Vocat</strong></span> <span class='ocrx_word' id='word_1_716' title='bbox 3244 4825 3427 4869; x_wconf 81' lang='lat' dir='ltr'><strong>autem</strong></span> 
     </span>
    </p>
   </div>
   <div class='ocr_carea' id='block_1_106' title="bbox 1868 4904 3423 4972">
    <p class='ocr_par' dir='ltr' id='par_1_106' title="bbox 1868 4904 3423 4972">
     <span class='ocr_line' id='line_1_106' title="bbox 1868 4904 3423 4972; baseline 0.003 -18"><span class='ocrx_word' id='word_1_717' title='bbox 1868 4912 2157 4967; x_wconf 85' lang='lat' dir='ltr'><strong>extraneas</strong></span> <span class='ocrx_word' id='word_1_718' title='bbox 2190 4904 2273 4956; x_wconf 88' lang='lat' dir='ltr'><strong>vel</strong></span> <span class='ocrx_word' id='word_1_719' title='bbox 2313 4904 2734 4967; x_wconf 83' lang='lat' dir='ltr'><strong>introductitias,</strong></span> <span class='ocrx_word' id='word_1_720' title='bbox 2780 4921 2900 4972; x_wconf 67' lang='lat' dir='ltr'><strong>quae</strong></span> <span class='ocrx_word' id='word_1_721' title='bbox 2946 4905 3260 4960; x_wconf 85' lang='lat' dir='ltr'><strong>cohabitare</strong></span> <span class='ocrx_word' id='word_1_722' title='bbox 3301 4922 3423 4960; x_wconf 87' lang='lat' dir='ltr'><strong>cum</strong></span> 
     </span>
    </p>
   </div>
   <div class='ocr_carea' id='block_1_107' title="bbox 1867 4994 3423 5063">
    <p class='ocr_par' dir='ltr' id='par_1_107' title="bbox 1867 4994 3423 5063">
     <span class='ocr_line' id='line_1_107' title="bbox 1867 4994 3423 5063; baseline -0.001 -16"><span class='ocrx_word' id='word_1_723' title='bbox 1867 4994 2186 5059; x_wconf 78' lang='lat' dir='ltr'><strong>expertibus</strong></span> <span class='ocrx_word' id='word_1_724' title='bbox 2223 4994 2459 5063; x_wconf 79' lang='lat' dir='ltr'><strong>conjugii</strong></span> <span class='ocrx_word' id='word_1_725' title='bbox 2499 4994 2877 5047; x_wconf 85' lang='lat' dir='ltr'><strong>sacerdotibus</strong></span> <span class='ocrx_word' id='word_1_726' title='bbox 2926 4994 3150 5062; x_wconf 78' lang='lat' dir='ltr'><strong>eligunt,</strong></span> <span class='ocrx_word' id='word_1_727' title='bbox 3184 4994 3312 5046; x_wconf 85' lang='lat' dir='ltr'><strong>dum</strong></span> <span class='ocrx_word' id='word_1_728' title='bbox 3370 4995 3423 5047; x_wconf 87' lang='lat' dir='ltr'><strong>in</strong></span> 
     </span>
    </p>
   </div>
   <div class='ocr_carea' id='block_1_108' title="bbox 1869 5084 3426 5153">
    <p class='ocr_par' dir='ltr' id='par_1_108' title="bbox 1869 5084 3426 5153">
     <span class='ocr_line' id='line_1_108' title="bbox 1869 5084 3426 5153; baseline 0.001 -17"><span class='ocrx_word' id='word_1_729' title='bbox 1869 5084 1975 5137; x_wconf 83' lang='lat' dir='ltr'><strong>illis</strong></span> <span class='ocrx_word' id='word_1_730' title='bbox 2001 5100 2217 5152; x_wconf 86' lang='lat' dir='ltr'><strong>operam</strong></span> <span class='ocrx_word' id='word_1_731' title='bbox 2246 5100 2398 5137; x_wconf 89' lang='lat' dir='ltr'><strong>suam</strong></span> <span class='ocrx_word' id='word_1_732' title='bbox 2432 5084 2513 5137; x_wconf 89' lang='lat' dir='ltr'><strong>eis</strong></span> <span class='ocrx_word' id='word_1_733' title='bbox 2545 5084 2799 5136; x_wconf 68' lang='lat' dir='ltr'><strong>exhibent</strong></span> <span class='ocrx_word' id='word_1_734' title='bbox 2836 5100 2958 5153; x_wconf 62' lang='lat' dir='ltr'><strong>quae</strong></span> <span class='ocrx_word' id='word_1_735' title='bbox 2988 5084 3331 5139; x_wconf 87' lang='lat' dir='ltr'><strong>necessarios</strong></span> <span class='ocrx_word' id='word_1_736' title='bbox 3358 5085 3426 5137; x_wconf 88' lang='lat' dir='ltr'><strong>ad</strong></span> 
     </span>
    </p>
   </div>
   <div class='ocr_carea' id='block_1_109' title="bbox 1869 5183 2294 5242">
    <p class='ocr_par' dir='ltr' id='par_1_109' title="bbox 1869 5183 2294 5242">
     <span class='ocr_line' id='line_1_109' title="bbox 1869 5183 2294 5242; baseline 0.005 -17"><span class='ocrx_word' id='word_1_737' title='bbox 1869 5190 2001 5227; x_wconf 84' lang='lat' dir='ltr'><strong>usus</strong></span> <span class='ocrx_word' id='word_1_738' title='bbox 2027 5183 2294 5242; x_wconf 83' lang='lat' dir='ltr'><strong>speetant.</strong></span> 
     </span>
    </p>
   </div>
   <div class='ocr_carea' id='block_1_110' title="bbox 1937 5264 3424 5338">
    <p class='ocr_par' dir='ltr' id='par_1_110' title="bbox 1937 5264 3424 5338">
     <span class='ocr_line' id='line_1_110' title="bbox 1937 5264 3424 5338; baseline 0.002 -20"><span class='ocrx_word' id='word_1_739' title='bbox 1937 5264 2111 5335; x_wconf 79' lang='lat' dir='ltr'><strong>Hujus</strong></span> <span class='ocrx_word' id='word_1_740' title='bbox 2148 5267 2223 5319; x_wconf 88' lang='lat' dir='ltr'><strong>rei</strong></span> <span class='ocrx_word' id='word_1_741' title='bbox 2263 5282 2383 5320; x_wconf 84' lang='lat' dir='ltr'><strong>can.</strong></span> <span class='ocrx_word' id='word_1_742' title='bbox 2413 5268 2445 5320; x_wconf 75' lang='grc' dir='ltr'><em>ὃ</em></span> <span class='ocrx_word' id='word_1_743' title='bbox 2471 5282 2590 5337; x_wconf 75' lang='lat' dir='ltr'><strong>syn.</strong></span> <span class='ocrx_word' id='word_1_744' title='bbox 2632 5285 2685 5322; x_wconf 75' lang='grc' dir='ltr'>γι</span> <span class='ocrx_word' id='word_1_745' title='bbox 2723 5268 2992 5331; x_wconf 86' lang='lat' dir='ltr'><strong>meminit,</strong></span> <span class='ocrx_word' id='word_1_746' title='bbox 3021 5268 3113 5321; x_wconf 90' lang='lat' dir='ltr'><strong>ubi</strong></span> <span class='ocrx_word' id='word_1_747' title='bbox 3158 5268 3424 5338; x_wconf 79' lang='lat' dir='ltr'><strong>ejusmodi</strong></span> 
     </span>
    </p>
   </div>
   <div class='ocr_carea' id='block_1_111' title="bbox 1868 5359 3427 5431">
    <p class='ocr_par' dir='ltr' id='par_1_111' title="bbox 1868 5359 3427 5431">
     <span class='ocr_line' id='line_1_111' title="bbox 1868 5359 3427 5431; baseline 0.003 -19"><span class='ocrx_word' id='word_1_748' title='bbox 1868 5360 2115 5414; x_wconf 86' lang='lat' dir='ltr'><strong>homines</strong></span> <span class='ocrx_word' id='word_1_749' title='bbox 2145 5359 2422 5412; x_wconf 82' lang='lat' dir='ltr'><strong>mulierem</strong></span> <span class='ocrx_word' id='word_1_750' title='bbox 2461 5361 2543 5414; x_wconf 88' lang='lat' dir='ltr'><strong>vel</strong></span> <span class='ocrx_word' id='word_1_751' title='bbox 2602 5362 2849 5415; x_wconf 80' lang='lat' dir='ltr'><strong>ant-illam</strong></span> <span class='ocrx_word' id='word_1_752' title='bbox 2896 5362 3171 5431; x_wconf 85' lang='lat' dir='ltr'><strong>possidere</strong></span> <span class='ocrx_word' id='word_1_753' title='bbox 3203 5364 3427 5417; x_wconf 89' lang='lat' dir='ltr'><strong>omnino</strong></span> 
     </span>
    </p>
   </div>
   <div class='ocr_carea' id='block_1_112' title="bbox 1869 5452 3427 5520">
    <p class='ocr_par' dir='ltr' id='par_1_112' title="bbox 1869 5452 3427 5520">
     <span class='ocr_line' id='line_1_112' title="bbox 1869 5452 3427 5520; baseline 0.004 -19"><span class='ocrx_word' id='word_1_754' title='bbox 1869 5452 2155 5517; x_wconf 82' lang='lat' dir='ltr'><strong>prohibet;</strong></span> <span class='ocrx_word' id='word_1_755' title='bbox 2188 5452 2480 5520; x_wconf 84' lang='lat' dir='ltr'><strong>providens</strong></span> <span class='ocrx_word' id='word_1_756' title='bbox 2507 5454 2763 5507; x_wconf 86' lang='lat' dir='ltr'><strong>nimirum</strong></span> <span class='ocrx_word' id='word_1_757' title='bbox 2797 5469 2862 5507; x_wconf 91' lang='lat' dir='ltr'><strong>ue</strong></span> <span class='ocrx_word' id='word_1_758' title='bbox 2894 5454 3136 5507; x_wconf 78' lang='lat' dir='ltr'><strong>scandali</strong></span> <span class='ocrx_word' id='word_1_759' title='bbox 3181 5456 3427 5509; x_wconf 89' lang='lat' dir='ltr'><strong>occasio-</strong></span> 
     </span>
    </p>
   </div>
   <div class='ocr_carea' id='block_1_113' title="bbox 1869 5544 3424 5615">
    <p class='ocr_par' dir='ltr' id='par_1_113' title="bbox 1869 5544 3424 5615">
     <span class='ocr_line' id='line_1_113' title="bbox 1869 5544 3424 5615; baseline 0.004 -21"><span class='ocrx_word' id='word_1_760' title='bbox 1869 5560 1990 5595; x_wconf 87' lang='lat' dir='ltr'><strong>nem</strong></span> <span class='ocrx_word' id='word_1_761' title='bbox 2019 5544 2242 5596; x_wconf 86' lang='lat' dir='ltr'><strong>darent:</strong></span> <span class='ocrx_word' id='word_1_762' title='bbox 2282 5544 2437 5612; x_wconf 86' lang='lat' dir='ltr'><strong>eique</strong></span> <span class='ocrx_word' id='word_1_763' title='bbox 2468 5546 2555 5614; x_wconf 85' lang='lat' dir='ltr'><strong>qui</strong></span> <span class='ocrx_word' id='word_1_764' title='bbox 2589 5547 2999 5615; x_wconf 79' lang='lat' dir='ltr'><strong>transgreditur,</strong></span> <span class='ocrx_word' id='word_1_765' title='bbox 3031 5547 3424 5615; x_wconf 88' lang='lat' dir='ltr'><strong>depositionem</strong></span> 
     </span>
    </p>
   </div>
   <div class='ocr_carea' id='block_1_114' title="bbox 1868 5638 3426 5697">
    <p class='ocr_par' dir='ltr' id='par_1_114' title="bbox 1868 5638 3426 5697">
     <span class='ocr_line' id='line_1_114' title="bbox 1868 5638 3426 5697; baseline 0.004 -8"><span class='ocrx_word' id='word_1_766' title='bbox 1868 5638 2120 5690; x_wconf 88' lang='lat' dir='ltr'><strong>intentat.</strong></span> <span class='ocrx_word' id='word_1_767' title='bbox 2185 5638 2342 5691; x_wconf 84' lang='lat' dir='ltr'><strong>Addit</strong></span> <span class='ocrx_word' id='word_1_768' title='bbox 2392 5642 2550 5692; x_wconf 68' lang='lat' dir='ltr'><strong>etiam</strong></span> <span class='ocrx_word' id='word_1_769' title='bbox 2604 5642 2840 5694; x_wconf 86' lang='lat' dir='ltr'><strong>maxime</strong></span> <span class='ocrx_word' id='word_1_770' title='bbox 2899 5642 3269 5696; x_wconf 84' lang='lat' dir='ltr'><strong>necessarium</strong></span> <span class='ocrx_word' id='word_1_771' title='bbox 3307 5657 3426 5697; x_wconf 90' lang='lat' dir='ltr'><strong>esse</strong></span> 
     </span>
    </p>
   </div>
   <div class='ocr_carea' id='block_1_115' title="bbox 1867 5729 3423 5801">
    <p class='ocr_par' dir='ltr' id='par_1_115' title="bbox 1867 5729 3423 5801">
     <span class='ocr_line' id='line_1_115' title="bbox 1867 5729 3423 5801; baseline 0.003 -21"><span class='ocrx_word' id='word_1_772' title='bbox 1867 5738 1926 5781; x_wconf 91' lang='lat' dir='ltr'><strong>nt</strong></span> <span class='ocrx_word' id='word_1_773' title='bbox 1962 5729 2066 5783; x_wconf 89' lang='lat' dir='ltr'><strong>hoc</strong></span> <span class='ocrx_word' id='word_1_774' title='bbox 2098 5729 2273 5798; x_wconf 89' lang='lat' dir='ltr'><strong>ipsum</strong></span> <span class='ocrx_word' id='word_1_775' title='bbox 2334 5732 2567 5785; x_wconf 89' lang='lat' dir='ltr'><strong>eunuchi</strong></span> <span class='ocrx_word' id='word_1_776' title='bbox 2622 5742 2885 5793; x_wconf 87' lang='lat' dir='ltr'><strong>servent,</strong></span> <span class='ocrx_word' id='word_1_777' title='bbox 2942 5734 3423 5801; x_wconf 81' lang='lat' dir='ltr'><strong>reprehensionem</strong></span> 
     </span>
    </p>
   </div>
   <div class='ocr_carea' id='block_1_116' title="bbox 1864 5818 3424 5888">
    <p class='ocr_par' dir='ltr' id='par_1_116' title="bbox 1864 5818 3424 5888">
     <span class='ocr_line' id='line_1_116' title="bbox 1864 5818 3424 5888; baseline 0.002 -17"><span class='ocrx_word' id='word_1_778' title='bbox 1864 5819 2058 5872; x_wconf 77' lang='lat' dir='ltr'><strong>exinde</strong></span> <span class='ocrx_word' id='word_1_779' title='bbox 2138 5818 2603 5881; x_wconf 57' lang='lat' dir='ltr'><strong>reformidantm,</strong></span> <span class='ocrx_word' id='word_1_780' title='bbox 2666 5823 2707 5874; x_wconf 76' lang='lat' dir='ltr'><strong>si</strong></span> <span class='ocrx_word' id='word_1_781' title='bbox 2778 5838 2935 5876; x_wconf 77' lang='lat' dir='ltr'><strong>secus</strong></span> <span class='ocrx_word' id='word_1_782' title='bbox 3011 5822 3320 5888; x_wconf 76' lang='lat' dir='ltr'><strong>voluerint;</strong></span> <span class='ocrx_word' id='word_1_783' title='bbox 3382 5821 3424 5875; x_wconf 65' lang='lat' dir='ltr'><strong>si</strong></span> 
     </span>
    </p>
   </div>
  </div>
