4184 6444
224 415 384 481 1205-

1228 428 1636 490 SYNTAGMA
1677 430 2297 498 ALPHABETICUM.
2336 463 2406 476 -
2434 436 2495 500 Γ.

3327 434 3463 500 1206

217 537 462 590 κοοῦντα
498 537 894 610 πρεσϐύτερον,
951 541 1068 595 ἀλλ’
1116 543 1165 596 εί
1221 543 1359 614 μετά
1405 546 1787 617 παραγγελίαν

1894 547 2120 604 muliere
2150 553 2465 619 cohabitat;
2517 553 2608 609 sed
2640 553 2685 608 si
2714 558 2838 622 post
2869 547 3199 620 promissum
3253 550 3321 605 ab
3362 551 3460 606 hac

213 627 429 698 ταύτης
465 631 771 700 ἀποστῆναι
806 632 881 704 μὴ
912 633 1224 706 βουληθείη.

915 728 1122 794 Νόμοι.

293 802 630 867 Ἓπίσκοπον
687 817 960 886 μηδεμίαν
988 821 1267 886 παντελῶς
1299 825 1534 891 γυνατκα
1570 824 1790 896 ἐχειν,ῆ

214 901 342 967 μετ’
390 904 564 973 αὐτῆς
615 913 886 974 συνοικεῖν
922 914 1334 984 συγχωροῦμεν.
1377 917 1439 969 ΕΙ
1486 918 1533 971 δ’
1579 920 1794 973 ἀποδει-

210 989 377 1061 χθείη
414 994 594 1057 τοῦτο,
625 997 726 1066 τῆς
756 1001 1065 1070 ἐπισκοπῆς
1100 1004 1462 1059 ἐκϐαλλέσθω.

293 1086 502 1153 Μηδεὶς
549 1089 812 1159 κληρικδς
848 1096 1084 1160 γυναῖκα
1134 1098 1208 1168 μὴ
1262 1097 1420 1165 ἔχων,
1466 1101 1790 1155 ἐπείσακτον

215 1178 396 1246 ἐχέτω
435 1183 495 1233 ἐν
544 1183 623 1253 τῷ
660 1186 795 1254 οἴκῳ
828 1188 1014 1248 αὑτοῦ,
1055 1190 1193 1260 πλὴν
1229 1191 1458 1262 μητρὸς,
1490 1194 1582 1246 καὶ
1620 1194 1792 1264 θυγα-

215 1269 374 1335 τρὸς,
423 1273 516 1324 καὶ
557 1274 814 1343 ἀδελφῆς,
858 1280 1089 1332 καὶτῶν
1137 1281 1314 1335 ἄλλων
1344 1286 1692 1341 ἀνυπόπτων.
1731 1290 1790 1341 El

213 1357 277 1410 δὲ
334 1361 409 1428 μὴ
463 1361 634 1416 ταῦτα
688 1369 1119 1434 παραφυλάξειε,
1163 1375 1257 1424 καὶ
1306 1373 1387 1434 δὶς
1417 1373 1788 1444 ὑπομνησθεὶς

216 1446 330 1500 ὑπὸ
359 1451 450 1502 τοῦ
482 1455 784 1510 ἐπισκόπου
816 1459 845 1525 ἢ
885 1460 993 1512 τῶν
1040 1461 1426 1532 συχκληρικῶν
1463 1467 1538 1533 μὴ
1570 1467 1790 1521 ἐκϐάλοι

215 1536 474 1610 αύτὴν,ἢ
509 1546 911 1615 κατηγορηθεὶς
952 1549 1305 1622 ἀποδειχθείη
1350 1556 1791 1624 συναναστρεφό-

215 1645 388 1696 μενος
415 1633 667 1704 άσέμνως
694 1641 852 1709 αὐτῇ,
885 1643 1285 1714 καθαιρείσθω.

293 1724 626 1792 Ἐπίσκοπος
682 1734 756 1802 μὴ
820 1735 1139 1789 συνοικείτω
1187 1739 1478 1808 οίᾳδήποτε
1531 1743 1787 1808 γυναικί-υ

213 1815 360 1884 μηδέ
391 1821 530 1892 γυνὴ
552 1821 801 1886 διάκονος
836 1828 1156 1882 συνοικείτω
1192 1830 1366 1900 ἀνδρί.

255 2022 508 2080 ΚΕΦΑΛ.
549 2029 631 2086 κ’.
666 2031 804 2101 Περί
830 2034 950 2086 τῶν
979 2035 1216 2104 γυναιξὶ
1251 2041 1747 2106 συλλουομένων.

304 2117 475 2182 Ὁ-υζΙ
513 2120 696 2175 κανὼν
727 2124 828 2194 τῆς
877 2133 930 2190 ς’
963 2128 1182 2181 συνόδου
1276 2131 1336 2181 τὸ
1379 2131 1435 2182 ἐν
1487 2131 1790 2200 βαλανείοις

209 2209 348 2272 τοὺς
374 2212 578 2280 ἀνδρας
609 2216 750 2284 μετὰ
781 2219 1060 2284 γυναικῶν
1097 2221 1376 2286 λούεσθαι,
1407 2223 1482 2286 ὡς
1516 2229 1607 2278 καὶ
1640 2225 1791 2296 παρὰ

211 2303 332 2365 τοῖς
390 2304 602 2358 ἔθνεσιν
666 2308 771 2362 ὑπὸ
825 2313 1174 2378 κατάγνωσιν
1227 2316 1550 2383 γινόμενον,
1613 2319 1791 2388 πάντη

211 2395 494 2466 ἀπείρηκε
517 2415 531 2429 ·
565 2403 656 2454 καὶ
700 2401 985 2474 κληρικοῖς
1038 2405 1139 2475 μιν
1167 2406 1326 2460 τοῦτο
1356 2409 1571 2463 ποιοῦσι
1597 2411 1792 2465 καθαί-

214 2503 375 2556 ρεσιν
407 2489 579 2560 ὁρίζει
618 2493 678 2547 τὸ
710 2493 1006 2565 ἐπιτίμιον,
1045 2499 1352 2571 ἀφορισμὸν
1394 2503 1454 2555 δέ
1524 2505 1789 2574 μονάζον-

213 2597 326 2644 σιν,
361 2583 394 2654 ἢ
427 2578 660 2650 λαΐκοτς.

289 2672 462 2741 Οὗτος
491 2678 548 2732 δέ
578 2682 901 2750 τριακοστός
928 2685 1045 2740 ἐστι
1076 2687 1176 2757 τῆς
1216 2690 1274 2741 ἐν
1314 2690 1607 2764 Λαοδικείᾳ
1634 2694 1792 2748 συνό-

207 2769 330 2835 δον,
362 2772 533 2841 χωρὶς
559 2773 667 2827 τῶν
699 2774 1013 2845 ἐπιτιμίαν.
1053 2780 1115 2831 El
1146 2780 1255 2849 γὰρ
1290 2783 1318 2834 ὁ
1369 2783 1608 2854 ἐντυχὼν
1647 2785 1790 2839 κατὰ

211 2863 277 2912 τὸ
322 2862 576 2932 παρῆκον
616 2868 873 2935 γυναικὶ,
932 2871 1130 2941 πολλῆς
1184 2872 1352 2927 δεῖται
1409 2877 1667 2946 σπουδῆς,
1715 2880 1787 2948 μὴ

212 2958 793 3030 προσαναχρωσθῆ-ναι
843 2961 936 3015 τὸν
986 2963 1247 3035 λογισμὸν
1290 2969 1356 3037 τῇ
1401 2968 1536 3038 πρὸς
1583 2975 1790 3040 ταύτην

213 3047 509 3121 ἐπιθυμίᾳ,
539 3053 703 3125 σχολῇ
741 3053 794 3123 γ’
830 3055 896 3109 ἂν
926 3057 955 3109 δ
987 3060 1369 3129 γυμνουμένας
1398 3062 1601 3126 ταύτας
1645 3065 1790 3134 ὀρῶν

210 3142 276 3194 ἐν
315 3143 586 3214 βαλανείῳ
630 3148 886 3219 δυνηθείη
941 3151 1286 3220 φυλάξασθαι
1327 3153 1424 3223 τῆς
1461 3156 1655 3224 ἡδονῆς
1688 3159 1789 3225 τὴν

210 3235 552 3308 ἐπιϐουλήν·
583 3241 700 3303 τοῖς
722 3241 830 3309 γάρ
866 3243 1114 3313 ἀλλήλων
1149 3247 1366 3312 μέλεσιν
1418 3248 1490 3306 ὡς
1523 3248 1732 3316 βέλεσιν
1760 3253 1786 3303 ό

211 3329 410 3398 ἐχθρὸς
441 3331 566 3383 καθ’
597 3332 756 3401 ἡμῶν
797 3335 1014 3402 χρῆται.
1053 3332 1163 3389 Εἶτ’
1206 3339 1303 3390 οὐκ
1352 3340 1591 3410 αἰσχρῶν
1636 3344 1784 3394 ἐστιν

211 3422 497 3491 αἴσχιστον
557 3424 619 3478 τὸ
662 3427 904 3496 γυμνοὺς
943 3430 1139 3500 ἄνδρας
1170 3449 1226 3483 τε
1263 3432 1356 3485 καὶ
1391 3436 1658 3500 γυναῖκας
1692 3437 1782 3488 ὑπ’

208 3515 464 3587 ἀλλήλων
495 3518 746 3586 ὁρᾶσθαι,
783 3522 876 3573 καὶ
917 3521 1243 3590 ἀναφλέγειν
1275 3526 1427 3592 σφίσι
1459 3527 1548 3579 τὸν
1580 3527 1781 3597 ἔρωτα,

213 3611 310 3661 καὶ
358 3613 458 3679 τῆς
511 3611 714 3682 σαρκὸς
746 3613 1009 3668 ἀνάπτειν
1047 3615 1148 3684 τὴν
1200 3615 1486 3685 πύρωσινί
1528 3621 1783 3689 Ἀρκετὸν

209 3701 323 3771 γὰρ
352 3701 430 3770 τῷ
465 3701 680 3782 σῴματι
709 3705 742 3772 η
779 3705 947 3759 κακία
973 3706 1141 3758 αὐτοῦ
1168 3710 1261 3761 καὶ
1298 3711 1329 3778 η
1359 3711 1564 3781 φυσικὴ
1589 3712 1780 3803 τούτου

211 3793 434 3858 κίνησις
455 3809 469 3824 ·
498 3794 552 3846 τί
583 3794 666 3847 δεῖ
695 3797 760 3866 τῇ
792 3796 952 3864 φλογὶ
978 3798 1224 3861 πλείονος
1253 3801 1405 3869 ὕλης,
1438 3803 1468 3871 ἢ
1499 3803 1575 3873 τῷ
1607 3793 1783 3874 θηρίῳ

208 3883 610 3955 δαψιλεστέρας
655 3889 867 3958 τροφῆς
896 3892 962 3943 ἐκ
993 3891 1089 3960 τῆς
1118 3892 1224 3947 τῶν
1256 3894 1551 3963 ὀφθαλμῶν
1597 3898 1784 3950 ἑστιά-

211 3991 377 4039 αεως,
429 3976 518 4030 ῐνα
567 3979 770 4047 μᾶλλον
822 3980 1190 4038 δυσκάθεκτον
1237 3987 1501 4056 γένηται,
1545 3990 1641 4042 καὶ
1687 3990 1783 4042 τοῦ

209 4065 480 4134 λογισμοῦ
526 4066 872 4138 βιαιότερον;
911 4070 1118 4135 ’Ἄλλως
1141 4091 1198 4128 τε
1220 4075 1313 4127 καὶ
1341 4077 1642 4130 σκανδάλου
1674 4082 1789 4158 τοῖς

210 4158 430 4221 πολλοῖς
483 4161 739 4229 ἀφορμὴν
790 4162 858 4216 ἂν
909 4164 1308 4234 παράσχοιμεν,
1344 4169 1541 4232 οἵτινες
1591 4161 1787 4226 ἐπετάέ

208 4248 422 4319 χθημεν
449 4249 522 4320 μη
545 4250 749 4304 τιθέναι
780 4256 1115 4324 πρόσκομμα
1135 4258 1210 4327 τῷ
1235 4259 1470 4329 ἀδελφῷ,
1501 4263 1592 4314 καὶ
1618 4265 1786 4334 ἀπρό-

210 4359 408 4395 σκοποι
452 4344 699 4410 γίνεσθαι
735 4347 830 4398 καὶ
872 4347 1145 4412 Ἰουδαίοις
1177 4352 1268 4404 καὶ
1314 4353 1562 4423 Ἕλλησι,
1595 4360 1688 4408 καὶ
1716 4362 1782 4429 τῇ

220 4435 522 4506 Ἐκκλησία
589 4436 684 4489 τοῦ
732 4438 890 4492 Θεοῦ.
957 4440 1101 4492 Ἀλλ’
1146 4443 1265 4495 οὐδὲ
1318 4448 1431 4506 τοῖς
1495 4448 1784 4517 ὁμοζύγοις

205 4531 424 4594 ἐφεῖται
472 4530 632 4582 τοῦτο
685 4531 878 4585 ποιεῖν.
917 4533 976 4585 Εἰ
1016 4535 1123 4603 γὰρ
1173 4534 1232 4587 ἓν
1279 4539 1558 4605 ,πεφύκασι
1601 4544 1780 4612 σῶμα,

210 4621 307 4672 καὶ
337 4620 582 4690 ἀλλήλων
641 4624 777 4692 μέλη
812 4627 1197 4692 τυγχάνουσιν,
1242 4630 1358 4682 ἀλλ’
1403 4632 1495 4684 οὖν
1548 4636 1783 4705 χρῆσθαι
1817 4663 1859 4716 ο

207 4715 398 4776 κακῶς
430 4715 490 4767 οὐ
526 4716 632 4785 χρὴ
660 4719 773 4779 τοῖς
801 4719 1027 4782 οίκείοις
1067 4722 1306 4790 μέλεσιν.

207 4829 462 4882 ΚΕΦΑΛ.
497 4829 630 4885 KA'.
674 4830 803 4882 Ὀτι
835 4834 1125 4957 γιέναῖλὲας
1159 4839 1231 4890 οὐ
1260 4838 1357 4891 δεῖ
1385 4845 1783 4912 πρεσϐύτιδας

855 4922 892 4957 τ
917 4921 1026 4956 rea
1069 4923 1145 4957 αι.

855 4921 1145 4970 γινεσυαι.

292 4989 355 5041 ὐ
384 4988 451 5042 ια’
474 4990 573 5057 τῆς
604 4992 663 5043 ἐν
715 4992 1005 5065 Λαοδικείᾳ
1074 4998 1254 5049 κανὼν
1310 5001 1407 5052 οὐκ
1460 5004 1614 5075 ᾠήθη
1675 5008 1783 5059 δεῖν

207 5084 353 5135 κατά
380 5098 447 5149 γε
473 5083 536 5135 τὸ
564 5083 794 5136 παλαιὸν
825 5085 951 5148 ἔθος
977 5089 1343 5156 πρεσϐύτιδας
1383 5096 1650 5162 γίνεσθαι,
1690 5102 1783 5153 καὶ

205 5173 317 5226 τῶν
351 5173 532 5226 ἄλλων
595 5178 654 5229 ἐν
693 5178 960 5254 ἐκκλησίᾳ
991 5182 1435 5255 προκαθέζεσθαι
1484 5191 1781 5256 γυναικῶν,

203 5269 281 5328 ὡς
310 5267 635 5322 διδασκάλου
663 5271 825 5336 τάξιν,
855 5276 988 5344 πρὸς
1012 5278 1180 5341 αὑτὰς
1209 5280 1510 5349 ἐπεχούσας
1529 5286 1784 5356 ’.σιωπᾷν

207 5363 317 5426 γαρ
339 5359 367 5410 ὀ
398 5358 556 5425 λόγος
588 5361 683 5413 καὶ
714 5363 1088 5428 διδάσκεσθαι.
1130 5370 1250 5440 οὐχὶ
1290 5371 1586 5440 διδάσκειν,
1625 5380 1779 5448 κοινῇ

206 5451 524 5516 συμπάσαις
545 5455 774 5519 ἐπέταξε
799 5460 1061 5525 γυναιξίν.
1103 5463 1337 5533 Ἐξαιρῶ
1367 5466 1462 5520 τοῦ
1489 5467 1646 5536 λόγου
1682 5472 1783 5536 τὰς

204 5543 264 5593 ἐν
306 5545 422 5606 τοῖς
473 5545 584 5597 τῶν
638 5551 914 5619 γυναικῶν
978 5558 1364 5625 μοναστηρίοις
1416 5559 1528 5615 τῶν
1581 5565 1783 5620 λοιπῶν

206 5638 648 5704 προῖσταμένας·
704 5640 736 5710 η
786 5635 916 5711 γάρ,
967 5630 1085 5709 ἐνὸς
1141 5647 1393 5717 σώματος
1441 5654 1665 5723 τρόπον,
1716 5657 1781 5711 ἐκ

201 5722 482 5794 διαφόρων
519 5729 699 5796 μελῶν
746 5734 984 5804 ἁρμογὴ,
1038 5736 1126 5790 διὰ
1161 5739 1253 5824 τῂν
1308 5722 1617 5810 σύμπνοιαν
1684 5749 1780 5800 καὶ

205 5814 350 5867 κατὰ
377 5817 511 5870 Θεὸν
539 5821 649 5876 τῶν
689 5822 892 5880 λοιπῶν
927 5814 1233 5900 ὑποταγὴῗι,
1271 5835 1513 5906 κεφαλῆς
1554 5837 1778 5903 ταύταις

204 5907 382 5963 δίδωσι
416 5911 619 5985 χώραν.

1893 641 2145 696 secedere
2175 646 2528 700 recusaverit.

2590 736 2770 810 Leges.

1964 822 2286 896 Episcopum
2341 831 2543 884 nullam
2604 833 2825 885 omnino
2885 832 3168 887 mulierem
3233 830 3458 895 habere,

1893 925 2141 972 autcum
2201 934 2262 974 ea
2318 924 2633 979 cohabitare
2688 926 3074 994 permittimus.
3143 923 3299 990 Quod
3327 922 3371 978 si
3405 921 3459 977 id

1891 1007 2326 1066 demonstratum
2362 1015 2544 1079 fuerit,
2581 1033 2646 1070 ex
2681 1018 2998 1086 episcopatu
3045 1016 3315 1086 ejiciatur.

1963 1100 2152 1156 Nullus
2193 1104 2421 1158 clericus
2448 1123 2669 1162 uxorem
2716 1126 2823 1165 non
2857 1110 3086 1174 habens,
3140 1107 3458 1162 introducti-

1893 1193 2022 1246 tiam
2054 1194 2107 1246 in
2143 1193 2304 1249 domo
2333 1211 2430 1250 sua
2463 1196 2680 1261 habeat,
2743 1209 2933 1267 praeter
2967 1209 3221 1264 matrem,
3269 1197 3456 1260 filiam,

1892 1296 2157 1344 sororem.
2185 1293 2239 1338 et
2289 1286 2424 1341 alias
2455 1304 2577 1356 quae
2631 1299 2897 1358 suspectus
2950 1305 3055 1344 non
3110 1302 3256 1346 sunt.
3299 1290 3457 1356 Quod

1891 1373 1935 1426 si
1968 1373 2080 1427 haec
2108 1391 2211 1429 non
2237 1377 2625 1443 observaverit,
2659 1390 2711 1433 et
2735 1382 2815 1434 his
2847 1381 3086 1435 monitus
3112 1383 3179 1435 ab
3204 1382 3459 1450 episcopo

1893 1464 1974 1517 vel
2005 1465 2237 1528 clericis,
2270 1482 2390 1521 eam
2424 1484 2528 1522 non
2562 1471 2800 1540 eiecerit.
2846 1482 2939 1526 aut
2987 1484 3281 1528 accusatus
3331 1488 3457 1527 cum

1891 1569 1952 1608 ea
1983 1555 2270 1613 inhoneste
2318 1560 2525 1614 versari
2564 1561 2849 1616 convictus
2885 1562 3072 1627 fuerit,
3128 1563 3455 1632 deponatur.

1962 1733 2260 1804 Episcopus
2307 1736 2468 1791 ullam
2526 1741 2810 1795 mulierem
2868 1743 2919 1796 in
2971 1742 3332 1798 contubernio
3397 1758 3464 1797 ne

1894 1825 2125 1892 habeat;
2161 1843 2260 1883 nec
2325 1830 2536 1896 mulier,
2568 1848 2687 1902 qua:
2727 1834 3049 1893 diaconatus
3085 1851 3305 1891 munere
3338 1835 3463 1890 fun-

1824 1894 1863 1947 Β
1896 1915 2060 1984 gitur,
2107 1916 2160 1970 in
2192 1918 2292 1971 viri
2323 1894 2686 1976 contubernio
2709 1923 2798 1979 sit.

1893 2027 2043 2084 CAP.
2084 2029 2201 2084 XX.
2255 2033 2333 2089 De
2363 2036 2428 2090 iis
2468 2053 2556 2108 qui
2613 2040 2666 2161 itu
2696 2039 2895 2161 b01216“
2929 2056 3034 2093 una
3080 2058 3200 2095 cum
3252 2043 3463 2111 feminis

2535 2123 2588 2161 se
2651 2125 2782 2161 αυαη
2817 2149 2832 2161 .

2535 2123 2588 2162 88
2628 2123 2832 2164 lavant.

1960 2191 2144 2249 Canon
2179 2196 2246 2251 87
2277 2214 2330 2252 γι
2403 2201 2598 2269 synodi
2641 2205 2789 2257 viros
2843 2204 2895 2257 in
2931 2203 3137 2260 balneis
3173 2220 3280 2258 una
3338 2220 3462 2259 cum

1893 2282 2108 2340 feminis
2137 2301 2196 2341 se
2232 2288 2434 2357 lavare,
2460 2301 2519 2346 ut
2550 2294 2694 2362 quod
2727 2304 2779 2349 et
2810 2297 2950 2365 apud
2977 2305 3165 2365 gentes
3197 2297 3459 2352 condem-

1891 2381 2077 2428 natum
2106 2378 2201 2441 sit,
2247 2381 2468 2436 omnino
2525 2384 2813 2452 prohibet:
2866 2395 2920 2439 et
2965 2386 3185 2442 clericis
3240 2388 3460 2459 quidem

1891 2466 1964 2521 ita
2010 2466 2341 2527 facientibus
2372 2488 2589 2544 pmnam
2629 2476 3012 2546 depositionis,
3050 2481 3330 2535 monachis
3365 2495 3465 2539 au-

1893 2568 1998 2615 tem
2028 2561 2112 2619 vel
2145 2563 2294 2622 laicis
2329 2571 2720 2640 segregatlouis
2748 2571 3013 2629 decernit.

1961 2746 2063 2802 Hic
2092 2757 2270 2802 autem
2301 2766 2475 2806 canon
2498 2763 2584 2807 est
2609 2757 2676 2810 50
2706 2773 2825 2828 syn.
2855 2756 3100 2823 L‘aodic.,
3122 2758 3240 2813 sine
3264 2761 3460 2830 poenis.

1893 2832 1950 2888 Si
2001 2838 2147 2894 enim
2186 2841 2276 2910 qui
2339 2844 2392 2896 in
2460 2847 2688 2902 transitu
2733 2849 2786 2902 in
2843 2851 3129 2903 mulierem
3183 2851 3460 2913 inciduit,

1892 2943 2083 3000 magna
2117 2946 2248 2987 cura
2283 2950 2422 3005 opus
2454 2937 2636 3003 habet,
2676 2955 2741 2994 ne.
2770 2941 2910 2994 ratio
2966 2943 3211 3012 ejusdem
3245 2944 3463 3003 deside-

1890 3019 1973 3075 rio
2021 3022 2315 3090 inticiatur,
2369 3029 2460 3096 qui
2505 3046 2596 3086 eas
2645 3033 2821 3087 nudas
2876 3035 2928 3087 in
2991 3035 3183 3092 balneo
3233 3037 3458 3104 viderit,

1890 3112 2130 3166 carnalis
2176 3117 2447 3184 appetitus
2488 3119 2718 3175 insidias
2768 3120 3063 3178 difficulter
3103 3128 3312 3182 evitare
3362 3143 3463 3198 po-

1892 3203 2038 3255 terit.
2093 3205 2350 3261 lnimicus
2407 3211 2550 3264 enim
2615 3215 2880 3270 membris
2939 3219 3140 3272 nostris
3203 3230 3461 3290 tanquam

1813 3307 1855 3361 ε
1885 3292 2082 3362 jaculis
2113 3297 2376 3356 adversus
2428 3319 2529 3359 nos
2562 3308 2711 3374 ipsos
2777 3312 2965 3369 utitur.
3029 3315 3233 3370 Deinde
3282 3333 3462 3371 annon

1889 3388 2204 3455 turpissima
2242 3408 2328 3448 res
2358 3408 2523 3460 esset,
2561 3399 2707 3455 viros
2761 3412 2814 3457 et
2849 3404 3081 3462 feminas
3116 3424 3237 3463 sese
3290 3410 3465 3466 nudos

1887 3488 2078 3532 mutuo
2115 3486 2455 3554 conspicere,
2493 3502 2547 3544 et
2583 3507 2825 3548 amorem
2889 3498 2993 3550 sibi
3051 3499 3339 3556 incendere
3365 3541 3380 3564 ,
3411 3514 3463 3556 et

1886 3570 2071 3625 carnis
2107 3571 2353 3631 ﬂammas
2401 3583 3015 3656 exsuscitare?corpori
3066 3591 3208 3644 enim
3265 3594 3464 3647 suﬂicit
3575 3631 3580 3634 -

1888 3675 1986 3715 sua
2020 3664 2248 3734 malitia,
2283 3677 2336 3722 et
2371 3675 2636 3729 naturalis
2681 3686 2879 3743 motus,
2920 3689 2974 3733 et
3013 3682 3139 3750 quid
3188 3698 3326 3752 opus
3357 3697 3458 3747 est.

1889 3753 1998 3823 igni
2029 3755 2149 3822 plus
2181 3761 2442 3830 materiae,
2485 3776 2577 3818 aut
2625 3768 2869 3826 facultati
2927 3771 3127 3827 brutali
3185 3778 3461 3844 copiosius

1887 3844 2204 3903 alimentum
2277 3868 2340 3906 ex
2384 3859 2668 3911 oculorum
2736 3862 2934 3929 pabulo
2982 3867 3356 3933 suppeditare,
3405 3881 3464 3923 ut

1887 3938 2060 4007 magis
2094 3939 2384 3998 diflicnlter
2439 3947 2760 4014 cohibenda,
2816 3962 2872 4006 et
2923 3953 3135 4010 ratione
3187 3962 3462 4027 potentior

1887 4031 2125 4084 evadat?
2181 4032 2447 4091 Praeterea
2505 4040 2757 4108 plurimis
2807 4047 3151 4102 occasionem
3215 4052 3458 4107 scandali

1888 4123 2281 4192 praeberemus,
2319 4131 2576 4199 quijussi
2631 4151 2823 4191 sumus
2854 4136 3009 4194 fratri
3070 4140 3459 4200 offendiculunt

1889 4226 1996 4266 non
2022 4229 2242 4284 ponere,
2281 4231 2334 4275 et
2358 4223 2479 4278 sine
2513 4223 2818 4281 offensione
2845 4245 2966 4285 esse
2994 4229 3196 4290 Iudaeis
3226 4245 3278 4289 et
3312 4235 3461 4292 Grae-

1888 4304 1986 4369 cis,
2021 4317 2075 4360 et
2103 4308 2354 4367 Ecclesia:
2385 4314 2496 4368 Dei.
2531 4315 2669 4381 Quin
2701 4329 2752 4373 et
2776 4322 3102 4391 coniugibus
3142 4325 3246 4379 hoc
3283 4328 3461 4383 facere

1890 4409 2101 4452 nonest
2129 4405 2478 4468 permissum.
2513 4406 2776 4472 Quamvis
2829 4426 2975 4464 ennn
3039 4430 3208 4469 unum
3261 4431 3461 4486 corpus

1887 4487 2016 4551 sint,
2079 4499 2132 4542 et
2184 4495 2286 4547 sibi
2352 4496 2582 4552 invicem
2645 4501 2912 4566 membra,
2975 4506 3208 4575 propriis
3277 4517 3455 4564 tamen

1890 4581 2150 4637 membris
2180 4587 2329 4642 abuti
2369 4605 2476 4645 non
2518 4601 2755 4662 oportet.

1886 4842 1996 4911 85
2025 4845 2174 4899 CAP.
2219 4847 2362 4934 xxi.
2404 4853 2559 4934 Quod
2586 4858 2826 4934 mulieres
2868 4863 3097 4916 seniores
3151 4881 3236 4919 seu
3270 4869 3459 4934 pra'si-

2305 4922 2485 4977 dentes
2522 4927 2639 4993 ﬁeri
2680 4945 2782 4982 non
2815 4942 3074 5006 oporteat.
3270 4922 3302 4968 ’-

1960 5007 2145 5062 Canon
2179 5010 2241 5064 Η
2285 5028 2404 5084 syn.
2438 5015 2663 5074 Laodic.
2692 5037 2797 5075 non
2835 5031 3086 5092 oportere
3117 5041 3308 5084 censet
3336 5047 3455 5084 mu-

1887 5099 2047 5178 lieres
2078 5103 2320 5160 seniores
2348 5107 2485 5172 ﬁeri,
2520 5122 2573 5165 et
2612 5112 2735 5166 aliis
2771 5115 3095 5173 mulieribus
3129 5121 3181 5173 in
3227 5124 3455 5178 ecclesia

1883 5175 2200 5264 prazsidere,
2219 5200 2378 5268 quasi
2398 5201 2644 5258 doctoris
2665 5204 2840 5260 locum
2866 5208 3197 5269 obtinentes.
3226 5213 3457 5269 Verbum

1887 5288 2032 5351 enim
2067 5304 2310 5356 sacrum,
2335 5295 2594 5352 omnibus
2617 5314 2680 5352 ex
2709 5316 2867 5370 a'quo
2891 5303 3150 5360 mulieres
3179 5308 3456 5363 silentium

1887 5365 2067 5447 agere,
2093 5391 2147 5437 et
2177 5382 2412 5450 discere,
2445 5405 2549 5443 non
2576 5402 2760 5446 autem
2791 5394 2987 5448 docere
3007 5395 3196 5463 jussit.
3235 5401 3455 5470 Excipio

1888 5473 1973 5526 hic
1991 5489 2088 5529 eas
2121 5491 2243 5546 quas
2275 5479 2327 5533 in
2360 5483 2652 5539 mulierum
2676 5490 3020 5544 monasteriis
3053 5492 3284 5560 reliquis
3315 5509 3458 5563 pra:-

1885 5576 2044 5632 sunt;
2078 5569 2421 5627 diversorum
2467 5576 2612 5630 enim
2668 5580 3067 5647 membrorum,
3125 5586 3272 5639 velut
3301 5587 3462 5643 unius

1887 5662 2156 5727 corporis,
2205 5677 2519 5737 compages,
2561 5680 2785 5740 propter
2825 5674 3294 5742 conspirationem
3332 5694 3457 5731 mu-

1887 5761 2058 5819 tuam,
2104 5764 2160 5810 et
2200 5757 2536 5828 reliquarum
2571 5765 2676 5821 sub
2708 5765 2818 5823 Deo
2858 5766 3286 5838 subjectionem,
3321 5769 3457 5842 ipsis

1887 5847 2079 5918 capitis
2104 5850 2284 5908 locum
2313 5852 2428 5908 dat.
