4184 6444
192 438 344 503 1⁵317

1159 438 1562 499 SYNTAGMA
1611 440 2326 501 ALPHABETICUM.—
2369 440 2428 489 Α.

3307 446 3445 511 ῙΞ18

184 567 331 602 vaso
365 548 570 602 λαϐεῖν·
601 548 652 601 εί
678 547 734 601 δὲ
797 547 889 599 καὶ
928 546 1126 619 ἔϐλαψε
1157 564 1251 602 τον
1288 550 1482 621 ἀγρὸν,
1515 551 1764 617 ἰνάγεται

1833 566 2004 617 utere
2054 552 2251 619 potuit.
2284 548 2438 613 Quod
2485 548 2531 603 si
2578 563 2767 618 agrum
2818 551 3145 608 deteriorem
3177 555 3438 624 olfecerit,

183 641 292 691 καὶ
328 640 463 711 περὶ
484 638 701 692 τούτου.

277 732 416 785 Ἐάν
450 734 479 786 ὁ
510 731 795 802 δανειστὴς
843 731 918 802 μὴ
951 732 1078 802 παρ’
1115 732 1249 784 ίδίαν
1286 732 1467 785 σίτίαν
1518 733 1766 805 ἀπολέσῃ

183 824 253 876 rb
284 825 572 894 ἐνέχυρον,
595 824 695 876 οὐκ
724 824 1055 891 ἐγκαλεῖται.
1078 824 1198 892 Χρὴ
1222 824 1277 875 ὁὶ
1305 822 1467 875 αὑτὸν
1494 823 1769 887 ἀποδεῖξαι

182 916 291 968 ὅτι
318 916 571 969 ἀπώλεσε
596 932 610 945 ο
642 915 712 967 τὰ
741 914 848 985 γὰρ
888 917 1106 984 τυχηρὰ
1173 916 1234 968 οὐ
1286 915 1658 968 κινδυνεύεται
1691 914 1769 984 τῷ

181 1008 478 1077 δανειστῇ,
521 1007 657 1060 ἀλλὰ
706 1007 928 1060 δύναται
972 1008 1113 1059 κατὰ
1161 1007 1333 1076 τύχην
1388 1007 1659 1069 ἀπολέσας
1707 1007 1767 1059 τὸ

183 1102 464 1168 πρᾶγμα,
517 1101 769 1152 ἀπαιτεῖν
801 1100 861 1151 τὸ
891 1100 1040 1168 αὐτῷ
1070 1098 1583 1168 κεχρεωστημένον.
1620 1100 1683 1151 Εί
1714 1099 1769 1151 δὲ

186 1190 414 1258 μεταξὺ
440 1191 549 1244 τῶν
573 1190 1047 1244 συναλλασσόντων
1087 1192 1302 1261 ήρεσεν,
1328 1190 1413 1243 ῖνα
1457 1193 1487 1259 ὴ
1521 1189 1768 1243 ἀπώλεια

184 1279 315 1331 τῶν
370 1280 649 1350 ἐνεχύρων
695 1281 1042 1354 ἐλευθερώσῃ
1098 1281 1189 1335 τὸν
1238 1279 1559 1351 χρεώστην,
1611 1280 1771 1333 τοῦτο

185 1370 407 1440 ἰσχύει.
1346 1423 1365 1435 τ.

532 1464 786 1518 ΚΕΦΔΛ.
814 1463 886 1517 1".
928 1464 1069 1531 Περί
1111 1462 1434 1532 διαζυγίου.

266 1550 440 1620 Ζήτει
474 1552 537 1603 τὸ
568 1558 636 1618 ιγ’
682 1552 981 1618 κεφάλαιον
1006 1550 1100 1604 τοῦ
1148 1552 1200 1603 Γ⁹
1233 1552 1518 1620 στοιχείου.

553 1643 804 1697 ΚΕΦΑΔ.
836 1648 907 1699 Αο.
933 1646 1070 1714 Περὶ
1104 1630 1422 1711 malum?

279 1732 345 1785 Ὀ
405 1732 457 1801 μ’
510 1734 618 1786 τῶν
671 1734 843 1801 ἁγίων
898 1725 1211 1788 ἁποᾶτόλων
1279 1735 1461 1786 κανὼν
1506 1736 1597 1788 τὸν
1659 1736 1769 1789 ῖδια

184 1830 543 1896 κεκτημένον
590 1828 694 1898 πρὸ
744 1827 844 1894 τῆς
921 1828 1255 1899 χειροτονίας
1313 1828 1612 1881 ἐπίσκοπον
1677 1845 1767 1880 κε-

178 1918 346 1971 λεύει
381 1919 513 1987 δῆλα
560 1919 729 1971 ταῦτα
768 1922 955 1979 ποιεῖν,
990 1922 1086 1971 καὶ
1134 1919 1210 1987 μὴ
1273 1921 1383 1980 τοῖς
1416 1920 1514 1986 τῆς
1570 1919 1769 1988 ἐκκλη-

182 2013 319 2074 σίας
354 2011 630 2080 μιγνύναι.
668 2011 734 2063 ῖν’
766 2011 1015 2075 ἐξουσίαν
1075 2010 1187 2079 ἔχοι
1218 2011 1507 2075 τελευτῶν,
1535 2004 1615 2072 οἷς
1648 2009 1770 2079 βού-

182 2101 355 2154 λεται
403 2104 495 2155 καὶ
530 2102 605 2164 ὼς
641 2102 911 2171 βούλεται,
958 2100 1131 2153 ταῦτα
1175 2101 1521 2165 καταλιπεῖν,
1552 2101 1767 2191 699086-

184 2194 307 2256 ξοις
352 2185 536 2262 μέντοι
591 2194 961 2265 Χριστιανοῖς,
992 2193 1085 2245 καὶ
1114 2194 1188 2264 μὴ
1220 2191 1496 2262 προφάσει
1522 2185 1632 2245 τῶν
1665 2193 1766 2260 τῆς

181 2284 498 2353 ἐκκλησίας
547 2284 894 2354 πραγμάτων
960 2282 1293 2337 ἀπόλλυσθαι
1319 2284 1387 2336 τὰ
1416 2283 1510 2335 τοῦ
1545 2284 1767 2336 ἔπισκόο

189 2391 332 2437 που,
370 2374 605 2440 γυναῖκα
663 2373 755 2426 καὶ
811 2372 1005 2433 παῖδας
1055 2372 1168 2424 ἔσθ’
1200 2374 1287 2425 ὅτε
1336 2373 1763 2443 κεκτημένου,ῆ

194 2467 513 2532 συγγενεῖς,
570 2465 603 2534 ἢ
654 2463 893 2526 οἰκέτας.
943 2464 1162 2515 Δίκαιον
1185 2464 1293 2531 γὰρ
1338 2463 1487 2533 παρὰ
1513 2462 1630 2532 Θεῷ
1672 2464 1765 2516 καὶ

189 2552 510 2622 ἀνθρώποις
543 2554 679 2623 μήτε
708 2552 806 2621 τὴν
838 2551 1134 2618 ἐκκλησίαν
1186 2549 1514 2621 ζημιοῦσθαι
1573 2551 1763 2621 ἀγνοίᾳ

190 2643 311 2695 τῶν
354 2642 449 2695 τοῦ
498 2643 798 2696 ἐπισκόπου
830 2642 1191 2711 πραγμάτων,
1231 2644 1367 2711 μήτε
1408 2641 1499 2694 τὸν
1542 2642 1755 2694 ἐπίσκο-

188 2750 299 2787 πον
342 2734 534 2805 ητοὺς
585 2733 750 2788 αὑτοῦ
800 2735 1122 2801 συγγενεῖς,
1175 2734 1449 2803 προφάσει
1503 2733 1612 2786 τῶν
1665 2734 1763 2803 τῆς

187 2827 511 2896 ἐκκλησίας,
569 2825 775 2896 ζημίαν
836 2823 1153 2895 ὑπομένειν,
1211 2824 1369 2896 βάρει
1414 2824 1588 2896 χρεῶν
1635 2826 1763 2889 ῖσως

190 2920 598 2990 ὑποκειμένης,
627 2902 722 2973 καὶ
758 2921 839 2982 είς
880 2920 1185 2990 πράγματα
1216 2920 1438 2983 τούτους
1466 2920 1763 2990 ἐμπίπτον-

190 3029 319 3077 τας,
359 3012 437 3082 τῷ
480 3011 647 3065 αὑτοῦ
678 3012 1130 3083 διαλοιδορεῖσθαι
1167 3013 1402 3083 θανάτῳ.
1447 3014 1509 3066 El
1546 3014 1653 3081 γάρ
1685 3012 1760 3083 μὴ

190 3102 334 3172 δῆλα
365 3104 650 3173 ποιήσαιτο
683 3103 752 3156 τά
797 3120 856 3156 τε
888 3106 993 3174 πρὸ
1022 3104 1126 3174 τῆς
1154 3099 1514 3177 χειροτονίαξ,
1547 3106 1644 3159 καὶ
1693 3105 1761 3157 τά

197 3193 346 3260 μετὰ
378 3193 588 3261 ταύτην
636 3194 784 3263 αὐτῷ
826 3194 1176 3263 περιελθόντα
1225 3189 1282 3263 ἐξ
1314 3197 1491 3258 αἰτίας
1522 3196 1761 3265 εὐπροσ-

193 3284 386 3347 ώπου,
439 3287 467 3338 ό
502 3285 619 3354 μετ’
652 3285 817 3336 αὑτὶν
860 3286 1261 3373 χειαρτονηθεὶς
1290 3286 1396 3339 τῶν
1425 3285 1590 3371 αὐτοξ
1624 3287 1759 3339 πάν·

192 3393 309 3428 των
344 3376 647 3443 ἀνθέξεται,
683 3376 1108 3446 ἀναδεδεγμένος
1149 3380 1362 3441 πάντως
1405 3380 1499 3432 καὶ
1528 3378 1626 3451 τὴν
1653 3380 1761 3431 τῶν

192 3468 379 3538 χρεῶν
410 3468 643 3520 ἔκτισιν.

279 3559 439 3624 Ὀμῦὲ
475 3556 552 3627 λβ⁹
584 3559 686 3628 τῆς
720 3560 778 3611 ἐν
806 3559 1138 3631 Καρθαγένῃ
1178 3561 1421 3623 συνόδου,
1451 3563 1512 3615 Ol
1540 3564 1617 3627 εἰς
1643 3564 1761 3617 ἐπι-

196 3649 431 3719 σκοπὴν,
484 3653 635 3718 φησὶ,
699 3651 1147 3723 προελθόντες,ἢ
1212 3653 1434 3723 κλῆρον,
1498 3656 1591 3709 καὶ
1654 3658 1760 3726 πρὸ

192 3739 390 3791 τούτου
424 3738 522 3807 μὲν
553 3738 756 3807 ἀπορίᾳ.
781 3740 873 3791 καὶ⁵
907 3741 1067 3810 πενίᾳ
1097 3741 1390 3814 συζῷντες,
1414 3742 1620 3814 εύπορή
1633 3760 1759 3797 σαν-

194 3845 290 3889 τες
341 3827 398 3880 δὲ
449 3828 585 3893 μετὰ
625 3828 804 3892 τοῦτο,
834 3828 973 3897 ὥστε
1023 3833 1119 3882 καὶ
1149 3812 1356 3902 ἀγροὺς
1380 3812 1757 3902 ὲαυτοῖςήπρί-

190 3921 387 3982 ασθαι,
424 3920 518 3973 καὶ
551 3920 750 3991 χωρία,
780 3923 905 3976 ἐπεὶ
950 3921 1205 3975 δοκοῦσιν
1255 3924 1318 3974 ικ
1355 3923 1467 3977 τῶν
1499 3924 1758 3993 πραγμά-

190 4028 303 4063 τιον
330 4010 499 4062 ταῦτα
523 4011 624 4077 τῆς
669 4012 969 4082 ἐκκλησίας
1024 4012 1352 4083 κτήσασθαι,
1376 4015 1649 4081 ὀφείλουσι
1683 4014 1760 4084 μή

190 4100 424 4172 ἑτέροις,
457 4101 593 4153 ἀλλὰ
639 4104 705 4171 τῇ
771 4102 1038 4174 ἐκκλησία
1072 4103 1242 4157 ταῦτα
1269 4088 1625 4168 καταλιπεῖν,
1661 4106 1759 4172 τὴν

120 4181 125 4185 ’
189 4189 294 4258 τῆς
345 4191 650 4260 ἱεροσυλίας
690 4192 908 4260 γραφὴν
942 4192 1345 4261 φυλαττόμενοι.
1413 4194 1470 4247 El
1516 4188 1582 4247 δὲ⁴
1621 4196 1760 4249 κατὰ

188 4281 422 4349 δωρεὰν,
449 4281 481 4351 ἢ
508 4280 785 4347 συγγενῶν
822 4281 1210 4351 κληρονομίαν,
1239 4288 1334 4341 καὶ
1364 4285 1439 4355 μὴ
1466 4287 1585 4339 καθ’
1614 4272 1758 4339 ύντι-

190 4369 360 4423 ναοῦν
386 4370 574 4439 ἓτερον
601 4372 820 4439 τρόπον,
859 4374 941 4434 είς
973 4374 1300 4443 άναρῤύσεις
1348 4378 1511 4445 τυχὸν
1554 4379 1756 4446 αἰχμα-

189 4463 403 4528 λώτων,
452 4464 485 4532 ﬁ
530 4464 667 4517 νεῶν
702 4464 1011 4534 οἰκοδομὰς,
1058 4466 1205 4520 ἐστιν
1259 4469 1295 4522 ἃ
1328 4472 1756 4540 προεκτήσαντο,

1876 641 2038 693 etiam
2071 640 2172 695 hoc
2210 641 2431 694 nomine
2462 641 2807 693 convenitur.

1944 731 2001 786 Si
2030 733 2264 786 creditor
2292 746 2396 786 non
2429 733 2588 801 culpa
2622 746 2722 787 sua
2760 732 2955 803 pignus
2984 736 3305 806 perdiderit,
3328 754 3436 795 non

1873 833 2107 880 tenetur.
2145 823 2250 879 Sed
2279 825 2325 878 ei
2356 824 2623 880 incumbit
2663 828 2966 881 necessitas
2995 828 3262 897 probandi
3297 832 3349 887 id
3378 848 3436 888 se

1873 915 2200 985 perdidisse;
2225 917 2424 986 quippe
2449 933 2610 972 casus
2638 918 2848 973 fortuiti
2885 934 2995 974 non
3033 920 3274 988 periculo
3306 933 3437 979 sunt

1873 1008 2179 1073 creditoris,
2208 1010 2301 1064 sed
2329 1019 2507 1078 potest
2532 1011 2576 1065 is
2604 1027 2662 1066 re
2684 1011 2911 1071 fortuito
2936 1014 3141 1069 amissa
3161 1030 3433 1073 summam

1872 1099 1975 1153 sibi
2028 1101 2262 1155 debitam
2315 1117 2626 1172 reposcere.
2679 1105 2833 1169 Quod
2885 1107 2930 1162 si
2984 1108 3436 1164 contrahentibus

1873 1191 2157 1261 placuerit,
2188 1205 2246 1249 ut
2269 1195 2553 1264 pignorum
2572 1194 2792 1265 jactura
2821 1199 3123 1257 debitorem
3154 1201 3435 1268 liberaret,

1871 1282 2004 1338 illud
2039 1285 2199 1340 valet.

2315 1422 2467 1477 CAP.
2501 1422 2590 1478 111.
2623 1425 2699 1479 De
2728 1426 2975 1480 divortio.

1946 1507 2141 1575 Quare
2175 1527 2298 1583 cap.
2329 1514 2396 1568 l3
2434 1515 2473 1567 Γ
2498 1515 2708 1572 littera.

2194 1650 2298 1720 91
2337 1650 2486 1705 CAP.
2517 1651 2604 1706 IV.
2651 1652 2726 1707 De
2760 1662 3086 1711 testatmnto.

1941 1741 2263 1796 Sanctorum
2306 1742 2674 1810 apostolorum
2726 1744 2796 1797 40
2841 1761 3016 1802 canon
3097 1748 3434 1819 episcopum,

1869 1834 1958 1900 qui
2003 1841 2127 1885 ante
2170 1832 2567 1887 ordinationem
2620 1836 2757 1889 bona
2804 1836 3010 1905 ptivala
3066 1841 3329 1909 possidet,
3371 1857 3433 1897 ea

1809 1913 1854 1967 Β
1879 1923 2054 1993 palam
2082 1922 2259 1977 facere
2283 1924 2459 1993 jubet,
2489 1933 2542 1978 et
2573 1940 2677 2013 non
2714 1942 2835 1979 rum
2867 1928 3026 1982 bonis
3046 1930 3436 1986 ecclesiasticis

1872 2015 2269 2079 cummiscere,
2302 2025 2361 2069 ut
2418 2007 2497 2071 sit
2541 2016 2596 2070 in
2627 2007 2920 2085 ~potestate
2976 2020 3094 2090 ejus
3152 2023 3437 2078 morientis

1868 2106 2067 2174 quibus
2121 2107 2272 2171 vult,
2322 2119 2375 2161 et
2427 2117 2485 2162 ut
2535 2109 2683 2172 vult,
2734 2112 3065 2181 relinquere,
3116 2115 3435 2171 orthodoxis

1871 2204 2047 2250 tamen
2103 2198 2474 2263 Christianis,
2542 2216 2607 2253 ne
2672 2216 2849 2256 rerum
2926 2205 3427 2260 ecclesiasticarum

1868 2289 2157 2343 occasione
2196 2306 2280 2343 res
2312 2292 2550 2361 episcopi
2594 2296 2980 2362 deperdantur,
3034 2299 3128 2366 qui
3179 2314 3432 2355 nonnun-

1866 2395 2027 2448 quam
2078 2398 2299 2435 uxorem
2350 2384 2511 2437 habet
2545 2395 2597 2438 et
2646 2387 2865 2451 liberos,
2896 2388 2975 2441 vel
3012 2399 3295 2460 cognatos,
3346 2395 3431 2447 vel

1868 2469 2123 2525 famulos:
2158 2471 2254 2526 Est
2285 2473 2428 2526 enim
2459 2476 2668 2543 justum
2696 2479 2837 2545 apud
2877 2477 3043 2534 Deum
3074 2491 3128 2535 et
3163 2482 3431 2547 homines,

1867 2572 1923 2615 ut
1963 2563 2061 2617 nec
2110 2564 2336 2618 ecclesia
2387 2566 2644 2620 damnum
2687 2571 2949 2637 patiatur,
3000 2582 3217 2642 propter
3246 2590 3427 2629 rerum

1865 2654 2105 2723 episcopi
2156 2657 2574 2740 ignorationem,
2638 2676 2738 2714 nec
2792 2663 3102 2733 episcopus,
3174 2666 3256 2721 vel
3311 2667 3431 2737 ejus

1866 2749 2077 2813 cognati
2120 2750 2386 2803 bonorum
2423 2751 2666 2806 ecclesia
2718 2764 3005 2837 prateyu,
3073 2772 3193 2826 qua
3244 2758 3430 2815 forsan

1864 2840 2167 2894 debitorum
2199 2842 2427 2909 ponderi
2459 2844 2768 2911 subjicitur,
2799 2847 3059 2903 damnum
3088 2852 3427 2918 sustineant,

1864 2939 1917 2983 et
1946 2929 1999 2982 in
2029 2931 2241 2997 negotia
2270 2943 2321 2987 et
2349 2932 2468 2987 lites
2496 2934 2796 2991 incidentes
2828 2947 3058 2993 mortem
3072 2942 3208 3011 .ejus
3236 2954 3431 2999 contu-

1869 3017 2022 3071 melia
2070 3018 2324 3075 alliciant.
2370 3021 2480 3076 Nisi
2530 3025 2675 3078 enim
2754 3027 3074 3085 manifestas
3134 3031 3295 3097 faciet
3341 3048 3430 3091 res

1865 3125 1992 3164 suas
2023 3127 2145 3181 qua
2188 3123 2313 3168 ante
2342 3115 2762 3183 ord.nationem,
2809 3130 2861 3173 et
2901 3137 3023 3191 qua
3061 3134 3182 3192 post
3209 3127 3431 3182 ordina-

1865 3202 2149 3267 tionenLei
2184 3203 2421 3272 legitime
2452 3207 2808 3274 devenerunt,
2839 3213 3126 3284 episcopus
3170 3218 3263 3288 qui
3302 3226 3431 3288 pro-

1866 3293 2009 3346 xime
2062 3296 2381 3360 ordinatur,
2452 3315 2539 3354 res
2593 3302 2712 3370 ejus
2789 3320 2978 3360 omnes
3037 3294 3430 3380 apprehendet,

1862 3383 2167 3439 debitorum
2196 3386 2316 3456 ejus
2348 3390 2673 3446 solutionem
2706 3394 2945 3452 omnino‘
2968 3400 3296 3469 suscipiens.

1932 3565 2119 3622 Canon
2174 3580 2355 3623 autem
2408 3572 2478 3626 52
2528 3576 2719 3645 synodi
2783 3575 3271 3651 Carth_aginensis:
3321 3585 3425 3653 Qui

1862 3656 1929 3710 ad
1957 3658 2352 3740 episcopatum,
2389 3663 2585 3732 inquit,
2626 3667 2709 3721 vel
2755 3668 2962 3723 clerum
3008 3675 3240 3740 promoti
3274 3687 3424 3740 sunt,

1861 3757 1915 3801 et
1943 3762 2065 3802 cum
2104 3758 2259 3804 antea
2288 3728 2475 3847 inopes
2501 3764 2557 3842 et
2586 3748 2895 3829 indigentes
2945 3764 3200 3831 vixerint,
3238 3777 3424 3836 postea

1862 3834 2060 3892 divites
2108 3834 2387 3908 evadunt,’
2415 3853 2472 3898 ut
2513 3834 2676 3917 agros
2714 3859 2767 3903 et
2794 3852 2996 3919 pradia
3043 3854 3145 3909 sibi
3197 3834 3422 3925 emant;

1860 3927 2117 3993 quoniam
2139 3945 2205 3985 ex
2224 3932 2382 3988 bonis
2398 3935 2639 3991 ecclesia
2682 3953 2745 3992 ea
2770 3942 3431 4024 acquisivisseyidentur,

1832 4034 1967 4072 mon
2030 4022 2175 4087 aliis,
2223 4018 2317 4079 Sed
2379 4027 2629 4082 ecclesia
2692 4029 2809 4084 hac
2869 4018 3200 4103 relinq'uei'e'
3221 4036 3422 4093 debent

1861 4109 2125 4180 sacrilegii
2164 4113 2369 4167 crimen
2416 4118 2706 4173 evitantes.
2738 4117 2891 4185 Quod
2928 4121 2972 4176 si
3009 4137 3072 4177 ex
3105 4123 3420 4191 donatione,

1862 4194 1942 4252 vel
1997 4209 2351 4267 cognatorum
2395 4192 2760 4271 mareditate,
2818 4220 2870 4265 et
2899 4227 3033 4287 ⁵ηοιι
3080 4214 3191 4270 alio
3234 4216 3420 4287 aliquo

1862 4292 2044 4355 modo,
2092 4292 2158 4347 ad
2209 4297 2549 4360 captivorum
2592 4300 2802 4355 scilicet
2846 4271 3302 4373 re'demptionem,
3336 4311 3420 4364 vel

1862 4382 2183 4451 templorum
2234 4386 2671 4468 aediﬁcationem,
2716 4391 2854 4446 bona
2892 4393 3073 4463 aliqua
3117 4400 3422 4468 acquisive—

1972 4448 1990 4451 τ
2658 4448 2667 4453 .
2985 4448 2999 4463 .
3050 4448 3073 4450 κ-
3120 4448 3392 4468 nam“-

1859 4471 1991 4535 rint,
2050 4448 2255 4527 horunf
2301 4476 2465 4547 etiam
2538 4489 2744 4546 partem
2796 4484 3045 4540 ecclesia
3094 4502 3420 4544 consecrare

189 4554 275 4606 δεῖ
299 4555 394 4605 καὶ
420 4554 627 4605 τούτων
676 4555 775 4623 τὴν
816 4550 1118 4625 ἐκκλησίαν
1146 4560 1360 4628 μερῖτιν
1384 4562 1714 4630 ποιήσασθαι
1735 4577 1750 4594 ⁸

1859 4559 2212 4631 oportet;’si
2264 4549 2422 4621 secus
2469 4567 2714 4634 fecerint,
2785 4573 2990 4629 ho'iiore
3044 4577 3419 4635 ecclesiastico

188 4643 240 4693 εἰ
271 4642 318 4693 δ’
356 4638 468 4703 οὖν,
500 4644 599 4695 οὐκ
628 4642 767 4706 ἄξιοι
814 4644 913 4713 τῆς
963 4647 1245 4718 ἱερατικῆς
1277 4653 1445 4719 τιμῆς
1461 4651 1756 4721 ,κριθήσον-

186 4748 300 4783 ται.
335 4732 492 4783 Κατὰ
541 4733 649 4784 τῶν
701 4735 1017 4788 ἐπισκόπων
1066 4737 1124 4790 δὲ
1163 4738 1320 4792 τοῦτο
1351 4741 1617 4809 κρατήσει
1650 4741 1755 4811 μά·

187 4821 371 4883 λιστα,
409 4822 530 4873 ἐπεὶ
567 4824 676 4875 οὐδ’
712 4822 906 4876 ὕπεστι
940 4828 1137 4894 τρόπος
1169 4830 1353 4892 αὐτοῖς
1392 4831 1518 4902 ἴσως
1546 4832 1753 4901 ἔτερος,

189 4911 261 4961 δι’
304 4910 363 4964 ὃν
394 4914 689 4980 κτήσονται
739 4916 1061 4990 πράγματα,
1115 4919 1196 4970 ὅτι
1234 4920 1308 4988 μὴ
1365 4922 1522 4990 μόνος
1570 4924 1599 4974 ό
1646 4924 1755 4977 ἀπὸ

191 5001 305 5052 τῶν
366 5001 465 5069 τῆς
516 5004 820 5077 ἐπισκοπῆς
869 5005 1113 5062 δικαίων.
1167 5011 1325 5079 Ζήτει
1377 5014 1469 5064 καὶ
1497 5013 1576 5068 ἒν.
1598 5014 1676 5083 τῷ
1709 5016 1753 5084 β’

188 5109 319 5159 κεφ.
353 5092 446 5144 τοῦ
477 5096 518 5145 Δ
557 5094 820 5163 στοιχείου
886 5096 982 5165 τῆς
1035 5099 1252 5153 συνόδου
1303 5101 1507 5170 ταύτης
1557 5108 1751 5158 κανόνα

190 5183 278 5251 κβ⁹
313 5186 407 5238 καὶ
438 5184 549 5239 πα’.

866 5282 1082 5348 Νόμος.

268 5367 335 5417 Ἦ
356 5366 412 5417 δὲ
440 5367 553 5435 ρλα¹
588 5368 1012 5435 Ἰσυστινιάνειος
1033 5373 1245 5443 Νεαρὰ,
1285 5376 1746 5451 Ἀπαγορεύομεν,

188 5460 345 5526 φησὶ,
369 5461 481 5520 τοῖς
511 5460 828 5523 ὁσιωτάτοις
858 5463 1203 5531 ἐπισκόποις,
1236 5468 1303 5520 τά
1336 5472 1472 5535 μετὰ
1506 5474 1603 5540 τὴν
1628 5474 1748 5525 επι-

187 5547 402 5615 σκοπὴν
423 5548 607 5609 αὐτοῖς
639 5550 938 5620 οίῳδήποτε
968 5553 1154 5623 τρόπῳ
1186 5558 1540 5624 περιελθόντα
1571 5563 1747 5629 πράγ-

188 5652 360 5710 ματμ,
409 5638 628 5706 κινητὰ,
676 5640 708 5708 ἦ
759 5641 993 5712 ἀκίνητα
1027 5644 1061 5713 ἢ
1095 5647 1443 5717 αὑτοκίνητα,
1475 5654 1555 5713 είς
1588 5652 1749 5716 ιδίους

188 5730 558 5798 συγγενεῖς,ή
604 5732 741 5799 πρὸς
788 5733 982 5796 ἄλλους
1025 5738 1322 5807 οἱῳδήποτε
1344 5742 1534 5812 ’τρόπῳ
1582 5762 1747 5810 μετα-

188 5815 399 5888 φέρειν,
453 5818 588 5873 ἀλλὰ
628 5821 871 5894 δαπανᾷν
903 5825 1041 5879 αὐτὰ
1073 5830 1151 5891 είς
1179 5828 1332 5882 λύσιν
1363 5832 1741 5901 αἰχμαλώτων,

1862 4654 2064 4725 indigni
2089 4656 2503 4724 judicahuntur.
2539 4659 2650 4717 ll'oe
2695 4675 2874 4743 autem
2909 4676 3099 4723 contra
3134 4671 3418 4742 episcopos

1858 4747 2204 4816 potissimum
2238 4750 2457 4817 valebit,
2482 4753 2610 4821 quia
2643 4755 2829 4810 nullus
2858 4768 2942 4812 est
2971 4757 3037 4835 iis
3060 4759 3199 4814 alius
3230 4761 3416 4817 forsan

1858 4838 2053 4893 modus
2091 4856 2200 4910 quo
2231 4856 2316 4895 res
2351 4844 2661 4912 acquirant,
2710 4844 3076 4941 praterqqa'm
3106 4866 3171 4906 ex
3201 4852 3421 4920 jnrihus

1856 4929 2223 5007 episcopatus.
2271 4932 2495 4999 Quaras
2526 4936 2689 4991 etiam
2724 4938 2778 4992 in
2810 4939 2846 4993 2
2879 4929 3000 5011 cap.
3043 4940 3125 4997 lit.
3152 4944 3198 4997 Δ
3253 4943 3421 5012 hujus

1858 5022 2050 5089 synodi
2083 5037 2319 5079 canones
2353 5025 2423 5079 22
2451 5034 2505 5082 et
2544 5028 2632 5085 81.

2586 5294 2691 5349 Lex

1918 5378 2209 5434 Iustiniani
2274 5388 2455 5436 autem
2520 5386 2730 5441 novella
2793 5388 2934 5443 l5l:
2988 5391 3410 5463 lnterdieimus,

1853 5471 2049 5537 inquit,
2078 5476 2445 5530 sanctissimis
2491 5477 2762 5547 episcopis
2806 5496 2874 5534 ne
2920 5498 3030 5543 res,
3064 5499 3185 5552 qua
3215 5487 3280 5539 ad
3313 5502 3410 5541 eos

1851 5569 1971 5627 post
2013 5560 2389 5631 episcopatum
2453 5568 2953 5638 quomodocunque
3022 5578 3408 5643 pervenerint,

1851 5652 2104 5715 mobiles,
2165 5656 2249 5710 vel
2308 5657 2647 5723 immobiles,
2703 5662 2787 5715 vel
2818 5677 2941 5717 sese
2999 5640 3298 5733 movei’ttes,
3354 5671 3410 5723 in

1850 5755 2113 5814 cognatos
2152 5761 2285 5802 suos
2318 5748 2403 5803 vel
2433 5749 2571 5807 alios
2604 5768 2828 5823 quoquo
2850 5756 3013 5811 modo
3045 5759 3410 5821 transferant;

1850 5837 1945 5893 sed
2009 5839 2225 5895 easdem
2296 5840 2350 5898 in
2419 5844 2761 5913 captivorum
2823 5846 3272 5919 redemptionem,
3329 5851 3412 5906 vel
