4184 6444
238 421 389 487 1225

1235 426 1639 489 SYNTAGMA
1682 424 2311 486 ALPHABETICUM.
2352 451 2417 461 —~
2462 428 2496 474 Δ

3341 427 3474 491 1226

228 540 371 591 λαὸν
395 541 452 592 έν
478 541 544 610 τῇ
568 540 888 611 ὑγιαινούσῃ
922 538 1262 610 διδασκαλίᾳ,
1306 550 1401 593 και
1441 556 1568 603 τους
1594 537 1807 592 ἀντιλέ-

1914 536 2160 592 rel'ellere
2181 546 2477 605 potentem.
2538 535 2843 608 Episcopus
2898 540 3043 595 enim
3078 539 3279 596 dicitur
3328 545 3475 612 quod

228 648 435 699 γοντας
473 629 754 700 ελέγχεινο
801 633 1093 694 ἐπίσκοπος
1134 632 1243 701 γάρ
1290 631 1605 700 ὠνόμασται
1659 631 1809 699 παρὰ

229 722 303 774 τδ
333 725 557 775 σκοπεῖν
605 723 872 790 ἀκριϐῶς,
903 724 979 785 ὡς
1020 723 1079 788 ἐξ
1125 724 1372 777 ἀπόπτου
1410 724 1505 775 καὶ
1531 721 1807 791 μετεώρου

230 814 306 866 τά
333 813 431 865 τοῦ
458 813 607 869 λαοῦ.
650 814 837 885 ταύτῃ
882 831 963 867 τοι
997 813 1101 866 κάν
1131 816 1243 875 τοῖς
1270 812 1487 876 ἀδύτοις
1528 812 1621 865 τοῦ
1659 811 1809 881 ίεροῦ

233 905 273 972 ἠ
299 904 539 975 καθέδρα
564 904 909 973 συμϐολικῶς
942 904 1024 970 δφ’
1061 902 1228 973 ὕψους
1263 902 1472 971 ἵδρυται
1513 902 1591 971 τῷ
1618 903 1810 970 ἀρχιεο

240 996 348 1063 ρετ,
409 997 503 1047 καὶ
558 998 673 1056 τοῖς
731 979 1123 1064 ¹πρεσϐυτέροις
1188 993 1424 1047 ἐνταῦθα
1491 991 1811 1045 συνεστάναι

234 1086 417 1155 τούτῳ
461 1086 553 1139 καὶ⁸
601 1085 981 1153 ωγκαθῆσθαι
1026 1084 1273 1136 δέδοται·
1311 1083 1489 1135 κοινὸν
1520 1081 1628 1151 γὰρ
1652 1080 1813 1149 ἔργον

235 1174 448 1241 ἀμφοῖν
475 1176 506 1244 ἡ
536 1175 631 1228 τοῦ
663 1176 725 1246 δή
737 1193 835 1245 μου
867 1174 1003 1245 πρὸς
1023 1174 1087 1227 τὸ
1108 1176 1362 1245 κρεῖττον
1385 1173 1646 1234 έπίδοσις.
1674 1172 1813 1235 Τοὺς

237 1264 299 1317 δὲ
336 1267 467 1335 περὶ
496 1267 595 1336 τὴν
619 1267 712 1318 τοῦ
751 1267 881 1319 λαοῦ
922 1266 1275 1319 διδασκαλίαν
1294 1265 1573 1335 ὀλιγώρως
1613 1265 1816 1318 διακει-

245 1358 448 1423 μένους
468 1356 857 1423 ἀφορίζεσθαι,
889 1356 1247 1426 ἐπιμένοντας
1271 1356 1326 1410 δὲ
1351 1358 1417 1426 τῇ
1442 1356 1693 1426 ἀμελείᾳ,
1721 1356 1815 1411 καὶ

244 1445 570 1513 καθαιρέσει
598 1447 810 1499 κελεύει
838 1449 1127 1517 ἐπιτιμᾷν.

317 1537 506 1588 Ταῦτα
563 1539 659 1590 καὶ
716 1541 744 1589 ό
794 1537 859 1589 ιθ¹
910 1538 1009 1606 τῆς
1064 1543 1118 1601 ς’
1167 1538 1387 1590 συνόδου
1440 1535 1621 1589 κανὼν
1671 1554 1816 1606 παρ-

244 1628 537 1694 σγγυᾶται,
560 1628 620 1678 ὃν
638 1629 729 1680 καὶ
756 1626 907 1696 ζήτει
929 1629 985 1679 ὲν
1010 1627 1086 1697 τῷ
1106 1627 1174 1681 ια’
1196 1646 1319 1695 κεφ.
1339 1626 1431 1680 τοῦ
1456 1627 1496 1679 Β
1525 1628 1812 1696 στοιχείου.

326 1717 388 1771 '0
409 1717 465 1769 δὲ
487 1719 581 1786 τῆς
605 1720 662 1771 ὲν
692 1717 1023 1789 Καρθαγένῃ
1049 1725 1187 1787 ρκα’,
1210 1720 1334 1781 Τοῖς
1363 1718 1813 1790 κατολιγωροῦσι,

242 1813 404 1879 φησι,
431 1813 537 1864 τῶν
568 1811 787 1864 οίκείων
825 1813 1090 1881 ποιμνίων
1120 1812 1466 1877 ἐπισκόποις,
1498 1812 1596 1866 καὶ
1628 1814 1704 1882 μὴ
1734 1812 1816 1865 δι-

1912 644 1973 682 ea
1999 630 2089 699 qui
2124 631 2206 683 sui
2238 640 2365 682 sunt
2399 629 2579 698 populi
2632 641 2890 697 tanquam
2926 647 2990 685 ex
3016 632 3128 687 alto
3155 642 3211 687 et
3257 634 3478 688 excelso

1916 720 2037 775 loco
2067 722 2252 775 sedule
2279 723 2594 789 prospiciat.
2649 722 2715 775 Et
2740 721 2810 775 ob
2846 722 2984 777 hanc
3001 738 3222 779 causam
3257 724 3309 777 in
3343 732 3481 777 tem-

1915 810 1987 878 pli
2011 813 2185 881 adytis
2218 812 2478 865 cathedra
2518 813 2778 867 antistitis
2800 813 3102 883 symbolice
3159 816 3211 868 in
3255 814 3477 869 sublimi

1915 898 2036 952 loco
2060 901 2432 958 constituitur.
2481 909 2536 954 et
2566 903 2892 971 presbyteris
2946 904 3060 958 illic
3115 906 3164 959 ei
3219 906 3481 961 assistere

1916 1006 2133 1060 unaque
2188 991 2380 1047 sedere
2438 1008 2765 1047 concessum
2825 1004 2941 1061 est;
3001 999 3275 1050 communi
3331 998 3479 1053 enim

1915 1083 2166 1151 utrisque
2210 1098 2355 1138 curae
2395 1095 2480 1140 est
2526 1086 2704 1154 populi
2770 1086 2823 1140 in
2891 1089 3110 1143 meliora
3177 1088 3480 1161 profectus.

1915 1173 2021 1226 Eos
2056 1173 2242 1242 igitur,
2262 1175 2353 1243 qui
2388 1190 2531 1229 circa
2574 1176 2759 1245 populi
2810 1178 3169 1234 eruditionem
3210 1181 3486 1250 negligen-

1917 1272 1999 1316 ter
2031 1263 2208 1318 aﬂ‘ecti
2236 1276 2383 1331 sunt,
2406 1269 2696 1336 segregari,
2723 1269 2775 1321 in
2830 1270 3153 1340 negligentia
3198 1287 3325 1327 vero
3362 1287 3484 1343 pcr-

1915 1364 2224 1411 severantes
2251 1356 2589 1426 depositione
2619 1360 2798 1428 puniri
2827 1361 3002 1429 jubet.

1989 1528 2191 1584 Eadem
2227 1531 2393 1586 etiam
2431 1548 2554 1588 can.
2602 1536 2663 1589 l9
2693 1544 2814 1606 syn.
2848 1553 2896 1589 vi
2919 1536 3097 1603 jubet,
3128 1554 3291 1609 quem
3327 1556 3481 1609 qua:-

1918 1634 2009 1675 ras
2043 1622 2095 1675 in
2131 1638 2253 1692 cap.
2286 1625 2346 1678 11
2393 1626 2498 1681 litt.
2525 1628 2587 1683 Β.

1987 1710 2173 1768 Canon
2204 1724 2385 1770 autem
2414 1718 2513 1771 tet
2592 1735 2710 1790 syn.
2750 1720 3033 1792 Carthag.,
3072 1722 3347 1794 Episcopi,
3404 1726 3487 1779 iu-

1920 1803 2059 1871 quit,
2093 1806 2183 1874 qui
2218 1822 2406 1877 greges
2432 1824 2561 1865 suos
2586 1822 2964 1876 contemnunt,
2998 1824 3051 1868 et
3085 1816 3349 1870 salutaria
3375 1833 3482 1870 non

240 1874 504 1954 δάσκουσι
543 1901 611 1952 τά
643 1874 1369 1971 σωτήριαξπαρεγγυᾶσθαι
1406 1874 1488 1955 δεῖ
1532 1874 1668 1972 πρδς
1693 1874 1815 1955 ’τῶν

1912 1894 2133 1961 docent,
2167 1874 2373 1951 moneri
2422 1900 2620 1955 debent
2663 1917 2690 1953 ο
2718 1902 2914 1957 vicinis
2972 1908 3242 1975 episcopis
3286 1918 3342 1960 ut
3387 1923 3479 1960 so-

242 1992 663 2062 ⁶πλησιοχώρων,
727 1993 1048 2061 μεθεμένοις
1094 1994 1163 2045 τά
1216 1994 1315 2062 τῆς
1363 1994 1670 2063 ῥᾳστώνης,
1720 1995 1819 2064 τῆς

242 2088 636 2153 προσηκούσης
672 2085 924 2152 γενέσθαι
956 2086 1217 2153 σπουδῆς.
1261 2086 1583 2155 Ἐξήκοντος
1613 2087 1669 2138 δὲ
1702 2102 1823 2138 και-

245 2176 345 2245 ροῦ
380 2177 564 2245 μηνῶν
601 2175 680 2241 ἒξ,
707 2178 802 2229 καὶ
839 2176 975 2246 μετὰ
1007 2176 1294 2247 ῥᾳστώνης
1321 2176 1403 2229 ἔτι
1438 2176 1717 2244 βιούντων,
1746 2176 1822 2245 τῷ

244 2267 479 2334 ἔγγιστα
500 2268 788 2338 ὲπισκὸπῳ
813 2267 912 2338 τὴν
938 2268 1123 2337 χώραν
1155 2268 1248 2320 καί⁸
1266 2264 1366 2320 τὸν
1390 2267 1521 2320 λαὸν
1549 2283 1822 2337 προσανα-

240 2358 475 2424 τιθέναι,
498 2358 574 2427 τῷ
591 2359 873 2429 δυναμένῳ
893 2375 953 2411 τε
972 2360 1064 2421 καὶ
1082 2358 1521 2428 προθυμουμένῳ
1540 2363 1603 2429 τῇ
1632 2358 1820 2429 διδαχῇ

240 2452 468 2513 τούτους
486 2451 621 2519 πρὸς
640 2451 699 2503 τὸ
728 2454 974 2521 κρεῖττον
1002 2451 1307 2522 ῥυθμίζειν.
1332 2452 1391 2503 Et
1408 2451 1463 2503 δὲ
1480 2452 1573 2503 καὶ
1587 2452 1655 2503 δι’
1680 2456 1823 2503 οἰκο-

242 2541 439 2611 νομίαν
452 2542 569 2593 τινὰ
586 2542 683 2611 τὴν
702 2542 862 2611 σιγὴν
874 2542 1143 2612 αἱρεῖσθαί
1160 2559 1345 2611 φησιν,
1360 2542 1433 2603 ὡς
1451 2540 1517 2594 ἂν
1532 2540 1674 2593 οὕτω
1688 2542 1824 2609 μᾶλ-

244 2634 338 2684 λον
370 2634 544 2695 ὲνίους
573 2634 682 2685 τῶν
712 2635 1006 2705 αίρετικῶν
1037 2633 1422 2703 ἐφελκύσηται,
1453 2635 1547 2684 καὶ
1581 2632 1655 2703 μὴ
1683 2633 1821 2703 πρὸς
1858 2682 1859 2685 η

244 2725 534 2776 ἀπείθειαν
594 2724 837 2799 ὲρεθίσῃ,
906 2726 1057 2793 τρεῖς
1121 2724 1228 2777 τῶν
1291 2724 1610 2799 ἐπισκόπων
1662 2724 1819 2793 ἐκλέ-

244 2815 442 2881 γεσθαι
494 2816 643 2883 παρά
696 2815 790 2867 τοῦ
836 2814 943 2885 τῆς
985 2816 1253 2884 ἐπαρχίας
1317 2815 1691 2883 πρωτεύοντος
1741 2817 1821 2879 είς

245 2908 349 2972 τὴν
414 2907 541 2975 περὶ
602 2907 792 2958 τούτου
860 2907 1171 2974 ἐπίκρισιν
1221 2906 1319 2958 καὶ⁸
1357 2907 1414 2956 ει
1458 2904 1611 2958 ταῦθ’
1647 2903 1821 2974 ούτως

1920 1986 2161 2041 cordiam
2205 2004 2335 2042 cura
2394 1993 2737 2047 convenienti
2789 2008 3147 2053 commutent.
3211 1996 3479 2067 Tempore

1921 2087 2101 2131 autem
2139 2094 2231 2134 sex
2256 2082 2525 2136 mensium
2562 2085 2766 2150 elapso,
2819 2086 2991 2156 iisque
3016 2089 3068 2141 in
3101 2090 3356 2143 socordia
3389 2092 3487 2144 ad.

1923 2169 2029 2223 huc
2074 2171 2404 2235 viventibus,
2475 2176 2689 2230 vicinus
2754 2178 3041 2247 episcopus
3092 2183 3368 2250 regionem
3430 2194 3486 2237 et

1921 2258 2179 2327 populum
2216 2261 2386 2323 alteri
2431 2265 2759 2329 committat,
2815 2267 2906 2334 qui
2952 2268 3125 2335 possit
3178 2281 3231 2323 et
3266 2273 3487 2324 studeat

1920 2349 2164 2405 doctrina
2198 2366 2305 2408 sua
2353 2369 2476 2409 eum
2527 2357 2593 2409 al
2656 2358 2851 2412 melius
2901 2360 3157 2429 dirigere.
3219 2362 3373 2428 Quod
3433 2366 3481 2419 si

1922 2449 2141 2507 propter
2162 2443 2526 2497 meonemiam
2547 2444 2604 2498 Se
2626 2446 2901 2499 silentium
2921 2450 3095 2515 egisse
3119 2448 3285 2511 dicat,
3307 2460 3362 2502 ut
3386 2452 3487 2505 hac

1925 2535 2136 2586 ratione
2157 2534 2439 2589 haereticos
2472 2536 2687 2605 aliquos
2734 2537 2799 2589 ad
2829 2553 2886 2592 se
2919 2543 3277 2609 pertraheret,
3302 2554 3485 2597 etnon

1922 2624 1986 2677 ad
2017 2624 2435 2679 inobedientiam
2473 2628 2730 2693 irritaret,
2782 2639 2891 2686 tres
2924 2632 3160 2701 episcopi
3192 2635 3256 2686 ad
3290 2635 3484 2689 harum

1923 2730 2101 2770 rerum
2155 2719 2609 2774 examinationem
2658 2738 2687 2775 a
2745 2724 3036 2791 provinciae
3092 2727 3321 2794 primate
3383 2730 3487 2781 eli-

1921 2820 2138 2880 gantur,
2164 2819 2218 2864 et
2248 2810 2293 2865 si
2323 2811 2434 2865 haec
2470 2813 2544 2865 ita
2579 2829 2635 2868 se
2669 2814 2867 2869 habere
2923 2827 3206 2872 ostensum
3280 2820 3371 2884 sit,
3419 2820 3487 2875 ab

1922 2914 1989 2955 eo
2035 2916 2227 2957 rursus
2260 2902 2312 2955 in
2345 2904 2619 2972 regionem
2658 2906 2997 2963 restituatur.

245 2998 394 3066 ἔχειν
419 2998 681 3067 δειχθείη,
714 2997 853 3069 πρὸς
888 2998 1050 3051 αὐτὸν
1080 2992 1235 3058 αὖθις
1265 2999 1364 3066 τὴν
1399 2996 1583 3077 χώραν
1611 2997 1816 3053 ιπαναν
1916 3076 1919 3079 ἱ

248 3088 602 3155 στρέφεσθαι.
754 3109 757 3112 ν
1308 3111 1312 3115 ·
1390 3141 1395 3145 .

332 3178 393 3229 ὐ
439 3179 495 3230 δὲ
547 3178 666 3248 ρκγ¹
702 3179 797 3232 καὶ
840 3195 940 3246 της
980 3180 1089 3231 τῶν
1135 3180 1337 3232 λοιπῶν
1389 3180 1675 3255 κοινωνίας
1728 3180 1819 3232 τὸν

245 3268 465 3335 ἀμελῶς
505 3269 854 3337 διακείμενον
885 3268 1260 3338 ἐξοστρακίζει
1320 3271 1459 3337 μετά
1494 3271 1593 3340 τὴν
1620 3270 1729 3323 τῶν
1758 3272 1819 3334 ἓξ

250 3358 440 3425 μηνῶν
497 3358 875 3428 παραδρομὴν,
923 3360 975 3410 εί
1016 3359 1089 3427 μὴ
1137 3363 1371 3422 πιστοῖς,
1402 3360 1555 3439 ’ἀλλά
1598 3361 1663 3431 δὴ
1724 3363 1819 3415 καὶ

246 3449 504 3511 ἀπίστοις
530 3450 596 3501 τά
626 3452 756 3517 ὑγιᾶ
779 3449 888 3502 τῶν
909 3451 1196 3519 δογμάτων
1220 3453 1457 3522 ὲνηχοέη,
1490 3454 1584 3504 καὶ
1614 3454 1817 3523 ὁσημέ-

251 3558 343 3610 ραι
377 3544 823 3613 διαμαρτύροιτο,
873 3546 1019 3613 ζὸπως
1061 3546 1130 3597 τὰ
1174 3548 1272 3608 τῆς
1305 3532 1733 3617 ἀληθείαςέχει,
1770 3544 1855 3600 εἶ’

253 3637 327 3704 μή
348 3651 451 3685 που
480 3635 668 3704 ῆνόσῳ
694 3636 1046 3702 κατείληπτο,
1071 3636 1104 3704 ἢ
1129 3636 1341 3703 μείζοσι
1360 3637 1464 3705 τῆς
1487 3635 1818 3709 Ἔκκλησίας

248 3726 576 3779 ὑποθέσεσιν
609 3726 960 3796 ἑνησχόλητο,
997 3726 1029 3795 ἢ
1064 3729 1091 3779 ό
1118 3727 1289 3780 ταῦτα
1318 3711 1604 3784 διεκδικῶν
1633 3726 1818 3805 ἄρχων

248 3817 417 3886 ἀπῆν.
1383 3823 1387 3830 ’

330 3910 393 3962 ’0
422 3911 477 3962 δὲ
505 3909 574 3973 ξδ’
607 3911 707 3980 τῆς
748 3917 802 3975 ς’
859 3912 1076 3965 συνόδου
1122 3912 1198 3981 τῷ
1236 3914 1470 3985 δημοσίᾳ
1514 3913 1815 3971 διδάσκοντι

250 3998 424 4065 λαῖκῴ
456 4001 525 4051 τά
553 4000 681 4068 περὶ
706 3999 804 4067 τῆς
845 4000 1078 4062 πίστεως
1116 4002 1384 4078 δόγματα,
1407 4005 1497 4054 καὶ
1528 4004 1602 4075 μὴ
1631 4005 1691 4056 τὸ
1722 4005 1816 4067 οὖς

249 4091 500 4158 ἐπέχοντι
526 4091 724 4157 μᾶλλον
750 4093 863 4153 τοῖς
892 4095 955 4162 τῇ
989 4092 1109 4163 θείᾳ
1135 4094 1301 4163 ψήφῳ
1334 4096 1705 4149 διδασκαλεῖον
1729 4098 1817 4149 ἐπ’

246 4181 548 4251 ἐκκλησίας
597 4183 1009 4252 ἀνοιξαμένοις,
1046 4188 1093 4237 εί
1138 4188 1232 4238 καὶ
1273 4186 1359 4238 ἐπ’
1391 4188 1559 4257 ἄκρον
1594 4188 1814 4257 ἀπάσης

250 4273 509 4342 ἕληὶακει
541 4274 753 4341 σοφίας,
787 4273 1096 4342 ἀφορισμδν
1118 4276 1195 4337 είς
1229 4273 1280 4343 μ’
1312 4276 1526 4345 ἡμέρας
1556 4278 1815 4348 ἐπιτιμᾶ-

244 4381 334 4418 ται
354 4380 368 4394 ο
406 4366 511 4435 ίδίᾳ
544 4366 599 4418 δέ
632 4382 715 4429 τις
737 4366 1134 4437 ἀποκρίνασθαι
1158 4370 1267 4430 τοῖς
1292 4368 1717 4440 πυνθανομένοις
1748 4372 1811 4425 ού

248 4457 649 4527 κωλυθησεται.

918 4568 1142 4639 Νόμος.

316 4681 522 4750 Μηδεὶς
552 4680 831 4752 κληρικδς,
869 4681 901 4750 ἢ
939 4683 1194 4752 μοναχδς,
1229 4684 1260 4753 ἢ
1295 4687 1743 4757 στρατευόμενος,
1778 4688 1809 4758 ἢ

240 4773 561 4840 οἱοσόἠποτε
594 4772 803 4839 πληθὺν
843 4773 1110 4839 συνάγων,
1142 4776 1376 4847 δημοσίᾳ.
1410 4778 1536 4846 περὶ
1585 4780 1683 4848 τῆς
1719 4780 1811 4831 πί-

243 4876 416 4921 στεως
468 4860 817 4927 διαλεγέσθω.
856 4860 1127 4929 ’Υόρίζειν
1147 4864 1254 4934 γὰρ
1279 4864 1426 4918 δοκεῖ
1455 4868 1553 4937 τὴν
1580 4870 1637 4920 ὲν
1666 4869 1808 4921 Χαλ·

242 4953 425 5022 κηόόνι
461 4952 701 5013 σύνοδον,
749 4953 844 5021 τὴν
884 4954 1107 5014 δεόντως
1148 4957 1324 5008 πάντα
1362 4957 1807 5026 διατυπώσασαν,

239 5044 402 5107 ὥστε,
440 5047 486 5095 εξ
517 5044 613 5114 μὲν
643 5045 898 5114 κληρικδς
921 5046 1005 5113 εἴη
1036 5046 1064 5096 ό
1085 5046 1254 5099 ταῦτα
1286 5050 1471 5115 ποιῶν,
1503 5052 1594 5103 τσῦ
1620 5054 1807 5105 συλλίο

237 5151 336 5199 γου
363 5134 470 5184 τῶν
499 5136 774 5203 κληρικῶν
806 5138 1139 5200 ἐκπεσεῖται,
1181 5140 1227 5188 εί
1268 5138 1322 5191 δὲ
1356 5142 1807 5211 στρατευόμενος,

234 5228 335 5294 τῆς
366 5228 657 5293 στρατείας
679 5243 693 5257 ο
724 5228 771 5278 ot
817 5226 871 5278 δὲ
901 5227 1076 5280 λοιποὶ
1101 5231 1241 5282 κατά
1269 5234 1369 5297 τὴν
1396 5234 1600 5286 οίκείαν
1636 5234 1807 5306 τύχην

235 5320 739 5389 τιμωρηθήσονται.

450 5433 699 5486 ΚΕΦΛΛ.
734 5431 806 5500 ς’
843 5431 975 5504 [II'].
1002 5434 1592 5503 Hspiﬁtxatoaérnc.

309 5544 636 5612 Δικαιοσύνη
680 5544 799 5597 ἐστὶ
853 5545 1097 5615 σταθηρὰ
1128 5532 1224 5599 καὶ
1255 5548 1508 5617 διηνεκὴς
1553 5548 1803 5618 βούλησις

233 5635 454 5701 ἑκάστῳ
472 5633 533 5685 τὸ
564 5635 693 5686 ίὸιον
720 5635 1072 5701 ἀπονέμουσα
1090 5636 1321 5690 δίκαιον.

309 5718 447 5777 Ἰδια
474 5725 821 5792 δικαιοσύνης
850 5729 910 5778 το
959 5730 1198 5793 κοσμίως
1224 5730 1342 5797 ζῇν,
1379 5731 1534 5783 ἄλλον
1572 5730 1645 5801 μὴ
1674 5731 1803 5800 βλά-

232 5836 414 5887 πτειν,
446 5818 664 5886 ἑκάστῳ
691 5819 753 5869 τὸ
783 5819 915 5872 ἴδιον
953 5821 1271 5883 ἀπονέμειν.

558 5913 824 5974 Parum"
860 5916 974 5974 Gtt.
1012 5915 1111 5975 CX
1131 5916 1283 5979 LIV.

1840 4564 1894 4624 D

1914 3190 1915 3193 η
1992 3163 2134 3231 Quin
2166 3176 2218 3220 et
2245 3183 2367 3233 can.
2391 3157 2506 3223 ’125
2534 3184 2656 3224 cuni
2683 3173 2774 3239 qui
2807 3176 3141 3244 negligenter
3173 3193 3233 3233 se
3286 3178 3421 3248 gerit
3456 3196 3487 3234 ο

1909 3255 2257 3324 reliquorum
2307 3261 2697 3316 communione
2760 3268 3137 3333 exterminat,
3194 3278 3485 3340 postquam

1920 3360 2013 3399 sex
2065 3362 2278 3401 menses
2318 3344 2713 3419 praeterierint,
2758 3356 2803 3410 si
2861 3372 2967 3411 non
3016 3360 3226 3423 tidcles,
3270 3362 3379 3415 imo
3435 3374 3487 3416 ct

1921 3436 2167 3492 inﬁdeles
2196 3454 2324 3493 sana
2365 3442 2615 3513 dogmata
2667 3445 2915 3513 edoceat,
2951 3449 3055 3504 nisi
3111 3452 3302 3506 morbo
3340 3453 3484 3507 deti-

1921 3538 2135 3592 neatur,
2168 3529 2249 3583 vel
2272 3530 2572 3599 majoribus
2600 3532 2855 3590 Ecclesia:
2881 3541 3276 3607 quaestionibus
3329 3559 3488 3599 vaca-

1924 3620 2080 3687 verit,
2114 3621 2196 3675 vel
2224 3624 2575 3693 magistratus
2607 3627 2804 3682 horum
2833 3629 3092 3687 defensor
3123 3633 3386 3690 abfuerit.

1986 3892 2174 3949 Canon
2213 3903 2392 3951 autem
2426 3897 2495 3951 64
2519 3916 2637 3971 syn.
2668 3918 2718 3956 vt
2754 3903 2914 3971 laico,
2945 3908 3036 3975 qui
3071 3908 3193 3963 lidei
3231 3911 3481 3980 dogmata

1919 3988 2137 4055 publice
2167 3990 2345 4054 docet,
2388 4004 2442 4050 et
2475 4009 2579 4047 non
2603 3996 2782 4063 potius
2805 4013 2969 4054 aures
3024 4001 3092 4056 iis
3118 4004 3340 4070 praebet,
3391 4008 3481 4074 qui

1919 4078 2101 4132 divina
2128 4082 2472 4137 ordinatione
2503 4085 2748 4139 scholam
2819 4090 2872 4141 in
2925 4094 3158 4146 ecclesia
3208 4097 3482 4163 aper-ium,

1921 4172 2171 4237 quamvis
2202 4188 2419 4227 omnem
2452 4178 2777 4244 sapientiam
2832 4181 2884 4233 in
2916 4197 3131 4236 summo
3163 4188 3333 4253 gradu
3369 4203 3484 4241 sor-

1918 4263 2048 4317 titus
2077 4265 2168 4324 sit,
2201 4279 2294 4333 seg
2312 4268 2645 4332 regationem
2687 4270 2757 4324 40
2788 4272 2998 4325 dierum
3033 4274 3245 4343 inﬂigit.
3286 4277 3479 4332 Priva-

1917 4355 2008 4407 tim
2038 4369 2165 4409 vero
2199 4356 2661 4427 interrogantibus
2712 4366 3043 4431 respondere
3096 4382 3257 4421 nemo
3292 4371 3483 4437 probi-

1916 4446 2036 4499 behi
2047 4458 2152 4500 tur.

2630 4567 2761 4623 Lex.

1987 4673 2180 4731 Nullus
2223 4678 2477 4743 clericus,
2542 4681 2623 4735 vel
2674 4684 2993 4750 monachus,
3063 4687 3144 4738 vel
3171 4689 3347 4756 miles,
3399 4692 3481 4745 vel

1915 4769 2312 4837 qualiscunque
2387 4772 2600 4824 turbam
2665 4788 3006 4843 congregans
3069 4778 3281 4846 publice
3336 4782 3479 4836 circa

1917 4860 2074 4912 iidem
2139 4861 2396 4914 disserat.
2439 4863 2716 4931 Synodum
2772 4866 2916 4919 enim
2976 4867 3480 4927 Chalcedonensem

1915 4952 2243 5004 contumelia
2311 4951 2525 5007 aﬂlcere
2560 4954 2797 5017 videtur,
2852 4972 2973 5025 quae
3026 4975 3213 5013 revera
3267 4966 3480 5025 statuit,

1912 5042 2053 5111 quod
2091 5042 2133 5095 si
2165 5043 2395 5097 clericus
2417 5044 2486 5097 sit
2515 5043 2622 5113 95
2648 5046 2754 5112 qui.
2775 5047 2875 5099 hoc
2906 5046 3115 5112 fecerit,
3149 5052 3477 5106 clericorum

1912 5148 2139 5187 numero
2169 5134 2421 5199 excidet;
2482 5138 2526 5187 si
2561 5152 2686 5187 vero
2723 5138 2900 5203 miles,
2942 5144 3181 5195 exercitu
3213 5184 3227 5205 ,
3290 5147 3477 5215 reliqui

1910 5235 2090 5279 autem
2133 5226 2433 5280 secundum
2462 5242 2616 5279 suam
2653 5227 2925 5282 fortunam
2962 5234 3274 5299 punientur.

2270 5426 2422 5480 CAP.
2468 5425 2532 5479 VI
2568 5426 2760 5500 [VIII].
2796 5428 2868 5482 De
2893 5431 3127 5495 iustitia.

1979 5540 2196 5596 Justitia
2235 5553 2317 5596 est
2354 5552 2617 5597 constans
2667 5555 2721 5598 et
2779 5553 3036 5613 perpetua
3076 5548 3353 5614 voluntas,
3388 5553 3473 5619 jus

1905 5650 2065 5689 suum
2101 5636 2298 5702 cuique
2325 5634 2598 5688 tribuens.

1975 5725 2213 5780 Iustitia:
2246 5727 2460 5793 propria
2491 5737 2638 5791 sunt,
2675 5728 2899 5781 honeste
2932 5728 3134 5794 \irere,
3197 5733 3470 5789 nemiuem

1907 5820 2123 5883 ItUtICI’C,
2160 5821 2248 5889 jus
2290 5834 2449 5873 suum
2472 5820 2670 5888 cuique
2704 5821 2962 5875 tribucre.

3072 5916 3149 5982 39
