4184 6444
716 362 849 428 1231

1899 377 2267 444 ΜΑΤΤΗἉΕΙ
2310 384 2736 452 BLASTARIS

3827 401 3964 466 1232

710 477 1049 544 juilirantur,
1079 476 1152 531 ad
1188 479 1481 548 provinciae
1534 483 2021 552 metropolitanum
2088 492 2274 557 abire;

2377 498 2424 548 oi
2456 498 2829 569 δικαζόμενοι,
2866 503 3004 574 πρὸς
3031 504 3127 560 τὸν
3148 507 3251 576 τῆς
3278 508 3550 581 ἐπαρχίας
3584 512 3812 570 ἀπιέναι
3851 534 3961 585 μη-

713 566 796 618 sin
825 581 956 619 vero
981 575 1133 621 trans
1187 583 1336 622 mare
1385 571 1452 624 ad
1508 571 1643 627 alias
1697 577 2011 643 provincias
2059 581 2284 650 prolici-

712 665 956 719 scantur,
985 658 1281 742 segregari,
1322 660 1392 715 iis
1432 664 1524 730 qui
1562 673 1693 717 sunt
1727 666 1780 718 in
1820 667 2000 721 Africa
2062 685 2160 726 eos
2212 672 2278 726 ad

704 749 1149 802 communionem
1182 766 1288 804 non
1323 753 1768 810 admittentibus.
1825 756 1970 814 Hinc
2033 763 2282 817 ostendi-

712 849 820 903 tur,
858 856 964 894 non
999 841 1162 896 licere
1195 858 1346 912 papa:
1390 843 1640 901 Romano
1691 851 1939 921 omnium
1998 852 2279 908 Ecclesia-

709 945 830 983 rum
898 934 1288 1001 appellationes
1353 938 1687 994 examinare.
1749 939 1808 993 Si
1883 943 2028 1013 enim
2091 928 2278 1014 appel-

700 1022 943 1077 lationes
971 1026 1023 1076 in
1054 1026 1234 1079 Africa
1289 1029 1628 1093 examinare,
1669 1045 1790 1098 qua:
1824 1043 2072 1102 respectu
2097 1035 2283 1091 Romze

708 1122 863 1168 trans
891 1130 1040 1170 mare
1080 1119 1185 1171 sita
1229 1127 1333 1185 est,
1387 1135 1579 1210 canon‘
1620 1138 1728 1177 non
1775 1127 2049 1189 concedit.
2110 1129 2281 1184 multo

713 1207 892 1260 minus
932 1207 985 1260 in
1052 1210 1185 1263 alias
1224 1212 1472 1280 regiones
1517 1207 1620 1267 hec
1679 1215 1764 1274 ius
1827 1217 2065 1273 habebit.

778 1297 993 1352 Cauon'
1030 1299 1252 1368 insuper
1319 1301 1430 1367 104,
1451 1306 1624 1358 sacris
1677 1291 1966 1362 o'rdinibus
2010 1311 2277 1380 initiatos,

617 1445 621 1448 λ
708 1390 797 1457 qui
861 1392 928 1445 ad
987 1399 1198 1460 regem‘
1226 1395 1447 1459 abeunt,
1486 1405 1538 1449 ct
1579 1410 1769 1464 petunt
1827 1413 1878 1454 ut
1937 1402 2147 1470 judices
2202 1407 2280 1460 ci-

709 1482 842 1535 viles
910 1499 1130 1536 causam
1166 1500 1320 1538 suam
1389 1489 1730 1554 exatnincnt,
1759 1472 2026 1557 judicium
2070 1495 2282 1550 scilicet

708 1575 1141 1629 ecclesiasticum
1202 1579 1568 1647 repudiantes,
1601 1581 1840 1648 deponit;
1876 1598 1970 1637 eos
2003 1599 2128 1638 vero
2158 1587 2276 1655 cpi-

707 1667 923 1734 sc0palc
965 1668 1228 1737 judicium
1282 1686 1312 1724 a
1369 1685 1492 1740 rege
1549 1674 1907 1740 postulantes,
1936 1692 2040 1729 non
2101 1679 2275 1747 punit.

775 1847 960 1901 Canon
1022 1862 1149 1902 vero
1180 1852 1268 1915 50,
1311 1851 1366 1905 Si
1399 1852 1525 1916 duo,
1552 1854 1750 1924 inquit,
1780 1857 2009 1940 litigent,
2041 1875 2272 1939 quorum
2307 1834 2349 1888 Β

707 1943 842 1995 alter
900 1944 951 1995 in
1008 1943 1127 1996 loco
1186 1944 1240 1997 in
1301 1961 1410 2014 quo
1467 1947 1705 2002 tribunal
1761 1951 2010 2020 erigitur,
2065 1957 2275 2008 exami-

706 2035 980 2087 nationcm
1058 2047 1290 2098 recuset,
1377 2034 1626 2094 metuens
1703 2041 1842 2096 forte
1904 2060 1972 2098 ne
2043 2048 2273 2114 populus

703 2141 973 2195 propenso
1033 2127 1085 2179 in
1149 2127 1519 2184 adversarium
1580 2134 1697 2201 ejus
1756 2136 1945 2190 animo
2009 2137 2267 2206 impetum

706 2222 757 2271 in
819 2219 966 2272 illum
1023 2221 1268 2274 facturus
1295 2221 1365 2275 sit
1428 2223 1659 2292 (utpote
1713 2226 1806 2294 qui
1840 2227 1949 2282 illic
1980 2231 2271 2296 potentiam

705 2311 974 2378 habeat),
1017 2312 1100 2372 vel
1154 2320 1316 2367 testes
1369 2315 1667 2382 producere
1723 2331 1848 2370 eum
1921 2333 2027 2373 non
2088 2321 2271 2386 sinat,

705 2400 777 2453 illi
843 2397 1167 2469 permiSsum
1223 2414 1304 2456 est
1364 2405 1526 2457 alium
1593 2405 1772 2460 locum
1829 2408 2051 2478 eligere,
2090 2412 2270 2479 ibique

702 2507 922 2545 causam
955 2494 1373 2550 emminaudam
1426 2497 1642 2566 sistere;
1673 2499 1913 2554 vicinum
1957 2512 2166 2564 tamen,
2204 2519 2270 2559 ne

701 2585 931 2642 difﬁcilis
989 2588 1060 2640 sit
1101 2588 1375 2656 judicibus
1424 2592 1821 2660 peregrinatio,
1852 2601 1905 2648 et
1955 2596 2269 2653 adversario

696 2681 924 2734 testium
987 2682 1294 2749 productio.

1423 2773 1548 2828 Lex.

770 2861 1062 2918 Iustiniani
1094 2863 1312 2917 Novella
1371 2865 1496 2926 l25.
1540 2865 1596 2919 Si
1641 2867 1754 2936 qui,
1789 2866 1984 2937 inquit,
2019 2871 2263 2941 ejusdem

703 2956 894 3024 synodi
978 2956 1313 3010 sanctissimi
1381 2957 1648 3026 episcopi,
1678 2962 2103 3016 controversiam
2165 2965 2264 3018 ali-

2384 587 2732 666 τροπολίτην.
2785 592 2848 645 Εί
2880 593 2936 646 δέ
2971 599 3146 666 πέραν
3174 601 3274 668 τῆς
3303 601 3582 673 θαλάσσης
3620 608 3758 676 πρὸς
3792 611 3965 675 ἀλλας

2393 677 2666 747 ἐπαρχίας
2695 683 2941 750 ἀπίοιεν,
2971 686 3352 758 ἀφορίζεσθαι,
3382 693 3492 747 τῶν
3524 696 3581 747 ἐν
3598 697 3833 770 Ἀφρικῇ
3883 705 3966 764 είς

2383 771 2673 824 κοινωνίαν
2693 774 2891 838 αὐτοὺς
2917 778 2992 846 μὴ
3016 783 3415 850 προσιεμένων.
3443 784 3727 840 Ἐντεῦθεν
3749 789 3965 844 δείκνυ-

2382 874 2470 910 ται
2505 860 2598 929 μὴ,
2627 861 2829 926 ἐξεῖναι
2880 866 2960 937 τῷ
3000 868 3246 939 Ῥώμης,
3282 873 3464 948 πάσας
3491 877 3601 939 τὰς.
3625 879 3962 948 Ἐκκλησίας

2383 949 2693 1020 ἐπιτηρεῖν.
2727 955 2789 1007 Εἰ
2824 958 2932 1027 γὰρ
2957 961 3055 1023 τὰς
3088 962 3145 1013 ἐν
3169 961 3406 1033 Ἀφρικῇ
3437 970 3625 1036 τηρεῖν
3645 969 3707 1021 οὐ
3741 970 3961 1024 δίδωσιν

2381 1039 2410 1089 δ
2453 1041 2658 1108 κανὼν,
2701 1044 2879 1130 πέραν
2939 1049 3038 1117 τῆς
3089 1050 3367 1118 θαλάσσης
3422 1056 3557 1122 πρὸς
3593 1057 3693 1126 τὴν
3737 1058 3960 1130 Ῥώμην

2379 1129 2752 1201 διακειμένας,
2804 1119 2967 1209 σχολῇ
3021 1141 3075 1208 γ’
3126 1141 3193 1197 ἂν
3234 1145 3359 1196 καθ’
3405 1119 3611 1215 ἐτέρων
3645 1119 3863 1216 γωρῶν.
3897 1119 3959 1204 τὸ

2380 1223 2525 1274 τοιοῦ
2538 1241 2622 1276 τον
2654 1227 2862 1280 δίκαιον
2901 1220 3075 1301 σχοίη.

2465 1309 2532 1401 ’οῨ
2577 1311 2636 1364 δέ
2684 1312 2757 1383 ρδ¹
2804 1316 3068 1388 καθαιρεῖ
3101 1321 3227 1384 τοὺς
3264 1328 3589 1394 προσιόντας
3623 1333 3956 1401 ἱερωμένους

2380 1399 2456 1468 τῷ
2511 1400 2751 1469 βασιλεῖ,
2803 1407 2898 1459 καὶ
2967 1411 3255 1476 αἰτοῦντας
3325 1418 3634 1484 πολιτικοὺς
3689 1424 3956 1489 δικαστὰς

2379 1487 2447 1539 τά
2480 1489 2592 1558 τῆς
2610 1491 2922 1558 ὑποθέσεως
2955 1498 3132 1551 αὐτῶν
3167 1503 3445 1569 ἐξετάσαι,
3493 1509 3552 1562 τδ
3593 1513 3690 1579 τῆς
3721 1487 3957 1584 ’έκκληέ

2382 1579 2500 1642 σίας
2533 1586 3010 1653 παραιτουμένους
3051 1590 3402 1660 δικαστήριον
3423 1607 3438 1629 δ
3466 1601 3784 1656 ἐπισκόπων
3827 1579 3953 1674 μέν·

2378 1686 2461 1722 τοι
2494 1671 2845 1745 δικαστήριον
2881 1681 3034 1745 παρὰ
3069 1681 3335 1750 βασιλέως
3367 1689 3654 1755 αἰτοῦντας
3693 1697 3796 1748 οὐκ
3827 1671 3950 1749 ἐπι-

2381 1761 2626 1830 πλήττει.

2456 1850 2517 1947 ’9
2545 1853 2600 1903 δὲ
2639 1852 2706 1920 λ’,
2731 1856 2860 1911 Ἐἀν
2904 1858 3017 1924 δύο,
3054 1866 3210 1930 φησι,
3248 1865 3598 1935 δικάζωνται,
3629 1866 3704 1927 ὧν
3736 1875 3944 1947 ἕτερος,

2377 1943 2434 1993 ἐν
2462 1935 2505 2009 ᾧ
2532 1946 2593 1997 τὸ
2619 1947 2970 2020 δικαστήριον
2999 1957 3324 2011 συνίσταται
3358 1961 3531 2031 τόπῳ,
3568 1965 3667 2034 τὴν
3698 1935 3948 2033 ἐξέτασιν

2376 2041 2748 2106 παραιτεῖται,
2784 2044 3138 2113 ὑπειδόμενος
3165 2049 3295 2112 ίσως
3322 2052 3422 2120 τὴν
3451 2055 3543 2106 τοῦ
3578 2054 3706 2110 λαοῦ
3742 2063 3946 2114 ἐπανά-

2375 2141 2589 2192 στασιν,
2624 2131 2702 2200 τῷ
2731 2135 2990 2206 ἀντιδίκῳ
3034 2138 3198 2190 αὑτοῦ
3249 2147 3668 2214 προσκειμένου,
3709 2150 3784 2214 ὡς
3826 2157 3947 2206 ἐκεῖ

2374 2219 2969 2292 παραδυναστεΰοντος,
3022 2229 3054 2298 ἢ
3111 2231 3203 2281 καὶ
3247 2232 3536 2304 μάρτυρας
3589 2240 3688 2292 οὐκ
3742 2243 3943 2307 ἐῶντος

2373 2316 2738 2381 παραγαγεῖν,
2772 2317 2987 2384 ἐφεῖται
3023 2320 3197 2390 τούτῳ
3226 2323 3391 2375 τόπον
3433 2327 3786 2393 ἐπιλέξασθαι
3828 2334 3946 2386 ἐτε-

2376 2417 2488 2469 ρον,
2514 2404 2676 2457 κάκεῖ
2697 2406 2766 2459 τά
2791 2407 2891 2494 τύῆς
2915 2408 3068 2480 δίκης
3089 2409 3465 2481 ἐξετασθῆναι,
3491 2417 3722 2488 ἔγγιστα
3755 2427 3942 2492 μέντοι

2370 2500 2732 2570 διακείμενον,
2767 2507 2853 2561 ἵνα
2894 2511 2968 2579 μὴ
2997 2512 3264 2582 δυσχερὴς
3297 2516 3408 2577 τοῖς
3443 2519 3654 2581 κριταῖς
3690 2519 3722 2585 η
3758 2519 3940 2570 ἐκεῖσε

2370 2591 2455 2660 εἴη
2493 2593 2793 2664 ἀποδημία,
2845 2599 2920 2668 τῷ
2967 2619 3024 2653 τε
3058 2603 3443 2676 ἀντιδίκῳςκαὶ
3471 2610 3535 2679 τῇ
3579 2608 3689 2661 τῶν
3731 2610 3942 2680 μαρτύ-

2368 2700 2481 2753 ρων
2508 2691 2735 2756 προσέτι
2771 2698 3108 2765 παραγωγῇ.

3048 2792 3267 2858 Νόμος.

2449 2867 2514 2920 Ἦ
2549 2870 2666 2938 ρκγ⁷
2694 2874 3124 2941 ’ῐουστινιάνειος
3168 2882 3359 2950 νεαρὰ,
3398 2881 3459 2934 Ei
3488 2883 3541 2935 δέ
3575 2900 3739 2945 τινες,
3781 2885 3936 2950 φησὶ,

2365 2959 2648 3015 ὁσιώτατοι
2698 2966 2988 3021 ἐπίσκοποι
3035 2971 3132 3038 τῆς
3165 2973 3336 3037 αὐτῆς
3374 2974 3616 3035 συνόδου,
3661 2976 3944 3043 ἀμφισϐή-

702 3062 861 3115 quam
923 3047 1066 3140 inter
1122 3063 1181 3101 se
1242 3047 1496 3113 habeant,
1564 3050 1680 3102 sive
1729 3051 1796 3103 de
1823 3050 1948 3120 jure
1995 3055 2261 3146 echlesia-

2371 3052 2524 3118 τησίν
2557 3070 2678 3107 τινα
2724 3057 2860 3125 πρὸς
2895 3059 3156 3127 ἀλλήλους
3187 3063 3389 3131 ἔχοιεν,
3416 3065 3525 3116 εἴτε
3558 3065 3700 3134 ὑπὲρ
3736 3067 3939 3136 ἐκκλη-

700 3141 862 3200 stico,
895 3124 1009 3193 sive
1070 3139 1137 3192 de
1204 3139 1324 3219 aliis
1375 3140 1702 3207 quibusdam
1743 3144 1994 3212 negotiis,
2027 3124 2260 3213 primum

2375 3146 2658 3197 σιαστικοῦ
2688 3146 2922 3212 δικαίου,
2955 3152 3063 3202 είτε
3100 3153 3240 3222 ὑπὲρ
3275 3155 3452 3207 ἀλλων
3486 3157 3648 3208 τινῶν
3678 3160 3942 3225 πραγμά-

700 3226 1154 3294 metropolitanus
1227 3241 1414 3280 eorum
1476 3243 1596 3281 cum
1659 3231 1877 3286 duobus
1935 3235 2058 3288 aliis
2125 3236 2273 3304 ejus-

703 3313 823 3365 dem
878 3315 1073 3384 synodi
1147 3315 1443 3384 episcopis,
1481 3331 1700 3371 causam
1751 3321 1974 3386 judicet.
2010 3323 2164 3387 Quod
2225 3325 2270 3378 si

700 3416 929 3475 utraque
979 3421 1101 3473 pars
1153 3407 1222 3460 iis
1255 3406 1374 3476 quae
1423 3408 1660 3476 judicata
1699 3421 1826 3464 sunt
1861 3428 2021 3501 ‘non;
2053 3415 2272 3484 acquie-

701 3507 840 3561 scat,
899 3499 1406 3558 tuumbeatissimus
1454 3502 1574 3570 ejus
1629 3499 1930 3560 dimeeseOs
1953 3509 2269 3575 patriarcha

698 3590 841 3642 inter
896 3604 990 3642 eos
1040 3590 1247 3655 audiat,
1282 3605 1458 3659 eaque
1505 3593 1752 3658 deliniat,
1786 3610 1907 3662 qua:
1954 3599 2268 3655 canonibus

689 3681 1091 3735 ecclesiasticis
1154 3691 1210 3734 et
1269 3681 1479 3748 legibus
1528 3697 1895 3741 consentanea
1953 3698 2102 3752 sunt,
2138 3707 2270 3745 ncu-

698 3783 779 3825 tra
849 3784 998 3841 parte
1071 3773 1351 3828 sententize
1404 3776 1522 3844 ejus
1577 3780 1952 3834 contradicere
2029 3783 2265 3837 valente.

699 3862 1024 3919 Patriarchze
1070 3865 1214 3918 enim
1272 3868 1552 3921 sententiae
1585 3870 1930 3939 appellationi
1977 3889 2086 3928 non
2140 3875 2269 3928 sub-

692 3957 895 4025 jacent.

767 4048 822 4100 Si
876 4051 997 4116 quis
1072 4065 1201 4103 vero
1257 4055 1324 4104 ab
1368 4051 1638 4120 episcopis
1682 4051 1959 4122 judicatus
1999 4056 2139 4110 intra
2169 4058 2265 4113 de-

695 4155 810 4192 cem
842 4142 958 4194 dies
988 4141 1194 4209 judicio
1230 4143 1645 4203 contradixerit.
1677 4153 1790 4197 tum
1853 4147 2092 4200 locorum
2115 4165 2264 4217 prte-

699 4233 872 4285 l'ectus
904 4235 1176 4300 negotium
1228 4235 1518 4297 examinet,
1551 4243 1603 4287 et
1635 4236 1717 4302 vel
1770 4239 2089 4291 sententiam
2130 4225 2300 4294 c0u-'

697 4327 907 4388 ltrmct,
950 4327 1029 4376 vel
1065 4325 1338 4380 rescindat
1372 4341 1386 4390 ;
1427 4334 1482 4378 et
1527 4341 1592 4378 ne
1627 4327 1785 4380 liceat
1811 4328 1972 4396 eiqui
2024 4333 2265 4386 secundo

697 4413 751 4466 in
812 4416 998 4468 eadem
1056 4431 1119 4469 re
1176 4417 1352 4469 victus
1402 4426 1505 4480 est,
1546 4402 1859 4484 piovocare.
1898 4419 1954 4471 Si
2005 4435 2132 4474 vero
2177 4422 2265 4490 ju-

2370 3251 2500 3300 των,
2534 3237 2801 3306 πρότερον
2849 3241 2877 3292 δ
2920 3244 3321 3313 μητροπολίτης
3369 3246 3547 3298 αὐτῶν
3584 3248 3706 3316 μεθ’
3733 3250 3940 3317 ἐτέρων

2369 3325 2463 3378 δύο
2485 3327 2550 3380 ἐκ
2582 3329 2690 3380 τῶν
2717 3332 2814 3400 τῆς
2838 3331 3010 3401 αὐτῆς
3035 3335 3257 3388 συνόδου
3278 3339 3595 3392 ἐπισκόπων
3615 3340 3675 3391 τὸ
3703 3343 3940 3409 πρᾶγμα

2371 3419 2626 3485 κρινέτω.
2677 3420 2797 3473 Κᾶν
2841 3422 2914 3491 μὴ
2950 3424 3182 3496 ἐμμείνῃ
3213 3427 3477 3496 ἑκάτερον
3512 3429 3674 3497 μέρος
3703 3433 3818 3492 τοῖς
3847 3447 3941 3481 κε-

2369 3509 2679 3577 κριμένοις,
2722 3513 3025 3581 τηνικαῦτα
3057 3517 3099 3592 ὁ,
3128 3517 3546 3586 μακαριώτατος
3586 3523 3940 3590 πατριάρχης

2367 3598 2466 3666 τῆς
2511 3599 2828 3670 διοικήσεως
2875 3606 3088 3673 ἐκείνης
3120 3610 3346 3674 ,μεταξὺ
3391 3609 3569 3662 αὐτῶν
3618 3611 3936 3675 ἀκροάσθω,

2367 3683 2599 3743 κάκεῖνα
2626 3692 2877 3762 ὁριζέτω,
2916 3695 3074 3748 ἅτινα
3101 3701 3211 3760 τοῖς
3243 3699 3717 3767 ἐκκλησιαστικοῖς
3743 3703 3937 3754 κανόσι

2368 3782 2463 3833 καλ
2492 3782 2681 3851 νόμοις
2713 3786 2950 3855 συνᾴδει,
2980 3789 3192 3851 οὐδενος
3227 3792 3426 3859 μέρους
3450 3792 3590 3842 κατά
3620 3791 3718 3859 τῆς
3748 3792 3936 3859 ψήφου

2366 3870 2528 3923 αὐτοῦ
2556 3872 2859 3941 ἀντιλέγειν
2894 3876 3229 3944 δυναμένου.
3248 3879 3452 3958 Οὑκγάρ
3473 3879 3565 3931 καὶ
3596 3879 3850 3951 ἐκκλήτῳ
3879 3885 3937 3935 at

2365 3963 2472 4014 τῶν
2505 3964 2872 4034 πατριαρχῶν-
2890 3965 3210 4026 ὑπόκεινται
3239 3969 3426 4038 ψῆφοι.

2436 4054 2498 4107 Εἰ
2520 4055 2574 4108 δέ
2599 4073 2685 4119 τις
2716 4057 2826 4108 τῶν
2855 4059 3006 4126 παρά
3040 4062 3153 4121 τοῖς
3202 4042 3521 4125 ἐπισκόποις
3563 4064 3938 4135 δικαζομένων

2366 4145 2519 4207 ἐντὸς
2562 4146 2692 4198 δέκα
2734 4149 2956 4218 ἡμερῶν
2987 4151 3216 4221 ἀντείπῃ
3239 4153 3351 4212 τοῖς
3382 4155 3757 4221 κεκριμένοις,
3784 4174 3936 4224 τηνι-

2366 4241 2540 4294 καῦτα
2597 4245 2624 4295 ὁ
2675 4243 2782 4295 τῶν
2814 4246 2996 4297 τόπων
3026 4244 3212 4315 ἄρχων
3247 4248 3308 4298 τὺ
3342 4249 3577 4316 πρᾶγμα
3610 4250 3932 4316 ἐξεταζέτω,

2366 4332 2460 4384 καλ⁵
2514 4331 2544 4402 ἦ
2595 4332 2906 4402 βεϐαιούτω
2948 4336 3046 4404 τὴν
3098 4337 3370 4405 ψῆφον,ἢ
3427 4338 3794 4404 ἐκσιὸαζέτω,
3839 4345 3935 4395 καὶ

2368 4422 2442 4493 μὴ
2497 4424 2700 4488 ἐξέστω
2757 4426 2834 4495 τῷ
2884 4427 3138 4494 δεύτερον
3181 4430 3240 4480 ἐν
3277 4429 3352 4497 τῷ
3383 4430 3610 4498 τοιούτῳ
3646 4432 3935 4499 πράγματι

698 4509 799 4557 (Ιθκ
861 4506 1188 4559 contrariam
1248 4507 1505 4574 episcopo
1570 4508 1894 4561 sententiam
1951 4506 2111 4574 ferat,
2139 4511 2258 4579 ejus

2371 4513 2647 4582 ἡττηθέντι
2708 4518 3081 4571 ἐκκαλείσθαι.
3133 4519 3423 4582 Ἐναντίως
3463 4521 3521 4571 δέ
3584 4521 3681 4574 τοῦ
3738 4524 3938 4591 ἄρχον-

686 4600 962 4652 sententia
1023 4596 1366 4666 appellationi
1415 4597 1650 4650 obnoxia
1717 4605 1823 4661 est,
1856 4587 2257 4654 et'secundum

696 4692 863 4758 legem
931 4689 1186 4750 refertur,
1221 4697 1275 4742 et
1348 4688 1714 4741 examinatur.
1772 4688 1940 4753 'Quod
1999 4690 2044 4743 si
2115 4692 2258 4758 regis

695 4785 970 4846 mandato,
1007 4781 1088 4835 vel
1134 4782 1290 4850 jussu
1335 4780 1649 4849 judiciario,
1692 4783 1980 4850 episcopus
2024 4782 2257 4850 judical,

679 4876 762 4928 :ad
813 4890 934 4927 eum
995 4874 1087 4942 qui
1135 4888 1357 4926 causam
1425 4873 1593 4938 misit,
1629 4873 1923 4941 appellatio
1971 4873 2254 4928 referatur.

697 4967 755 5019 Si
814 4981 942 5018 vero
993 4980 1081 5018 res
1136 4963 1502 5018 ecclesiastica
1581 4962 1764 5026 fuerit,
1835 4963 2022 5018 civiles
2082 4965 2260 5034 magi-

686 5066 900 5110 stratus
929 5069 1052 5107 cum
1111 5041 1210 5106 hac
1279 5067 1443 5106 causa
1499 5050 1634 5105 nihil
1673 5052 1912 5106 habeant
1946 5044 2255 5118 commune,

684 5149 786 5200 sed
850 5145 1177 5199 sanctissimi
1240 5144 1480 5212 episcopi
1536 5143 1690 5212 juxta
1753 5145 1971 5199 divinus
2018 5159 2257 5199 canones

692 5238 1073 5292 controversia:
1127 5237 1290 5290 ﬁnem
1350 5237 1652 5303 imponant.

760 5517 1062 5586 lmperia’lis
1103 5528 1156 5572 et
1203 5517 1521 5586 principalis
1566 5518 1832 5571 sententia
1904 5519 2254 5587 appellationi

687 5626 792 5664 non
828 5611 1090 5678 suhjacct,
1123 5626 1295 5678 neque
1323 5609 1388 5661 ab
1416 5611 1519 5662 alio
1552 5618 1875 5662 retractatur
1925 5609 2027 5663 nisi
2059 5626 2084 5663 a
2118 5611 2258 5680 seip-

685 5717 797 5764 so;
847 5700 1299 5769 quemadmodum
1362 5710 1415 5753 et
1495 5698 1670 5753 Moses
1720 5700 1810 5767 qui
1873 5700 2038 5752 Deum
2095 5701 2252 5766 vidit,

681 5795 801 5864 lege
850 5795 954 5848 lata
1018 5793 1175 5861 dixit,
1210 5791 1546 5848 Rctractabis
1585 5792 1786 5863 judicia
1827 5800 1941 5848 tua.

2365 4615 2456 4660 τος
2492 4600 2585 4654 τοῦ
2634 4603 2941 4657 ἐπισκόπου
2985 4605 3386 4675 ψηφιζομένου,
3430 4609 3463 4666 ή
3521 4608 3616 4660 τοῦ
3669 4609 3936 4679 ἄρχοντος

2363 4689 2544 4758 ψῆφος
2601 4693 2885 4747 ὑπόκειται
2937 4679 3208 4766 ἐκκλήτῳ,
3255 4699 3352 4750 καὶ
3407 4698 3552 4749 κατά
3616 4699 3708 4750 τὸν
3759 4701 3936 4769 ,νόμον

2365 4782 2698 4851 ἀναφέρεται
2739 4787 2830 4837 καὶ
2869 4787 3228 4855 γυμνάζεται.
3263 4789 3326 4841 El
3369 4789 3549 4857 μέντοι
3587 4808 3649 4858 γε
3691 4793 3755 4843 ἐκ
3786 4793 3938 4860 βασι-

2365 4872 2522 4942 λικῆς
2554 4876 2860 4939 κελεύσεως
2888 4879 2921 4947 ἢ
2969 4879 3292 4951 δικμστικῆς
3327 4882 3678 4948 προστάξεως
3714 4885 3938 4936 ἐπίσκο-

2365 4981 2466 5026 πος
2495 4969 2693 5035 κρίνει,
2728 4969 2759 5036 ἡ
2794 4968 3060 5040 έκκλητος
3101 4972 3194 5023 ἐπὶ
3222 4972 3311 5024 τὸν
3347 4974 3795 5042 παραπέμψαντα
3836 4980 3937 5043 τὴν

2364 5057 2624 5109 ὑπόθεσιν
2660 5061 3042 5127 ἀναφερέσθω.
3080 5063 3142 5113 Et
3174 5063 3231 5115 δέ
3259 5062 3718 5129 ἐκκλησιαστικὸν
3760 5066 3845 5134 εἴη
3876 5068 3938 5118 τὸ

2366 5150 2624 5216 πρᾶγμα,
2666 5150 2936 5219 μηδεμίαν
2964 5153 3255 5204 κοινωνίαν
3279 5152 3551 5220 ἐχέτωσαν
3584 5154 3632 5203 oi
3664 5154 3936 5207 πολιτικοὶ

2363 5241 2627 5309 ἄρχοντες
2668 5244 2803 5312 πρὸς
2838 5245 2937 5315 τὴν
2962 5242 3220 5312 τοιαύτην
3249 5242 3532 5304 ὑπόθεσιν,
3568 5243 3683 5294 ἀλλ’
3704 5244 3750 5294 οἱ
3778 5247 3936 5298 ὁσιώ-

2363 5347 2514 5383 τατοι
2547 5333 2837 5386 ἐπίσκοποι
2889 5335 3031 5386 κατά
3061 5333 3185 5395 τοὺς
3214 5334 3394 5402 ἱεροὺς
3417 5333 3649 5394 κανόνας
3679 5334 3755 5401 τῷ
3793 5338 3936 5404 πρά.-

2364 5437 2538 5488 γματι
2571 5423 2743 5490 πέρας
2775 5424 3194 5476 ἐπιτιθέτωσαν.

2434 5509 2507 5561 Τὸ
2565 5513 3030 5582 αὐτοκρατορικον
3083 5517 3177 5566 καὶ
3218 5512 3497 5582 βασιλικὸν
3529 5516 3818 5584 κριτήριον
3851 5521 3935 5568 ἐκ·

2365 5602 2548 5670 κλήτῳ
2571 5603 2665 5671 οὐχ
2688 5602 2994 5668 ὑπόκειται,
3021 5604 3138 5656 οὐδέ
3165 5605 3582 5672 ἀναῲηλαφᾶται
3607 5606 3694 5672 ὑφ’
3721 5606 3931 5672 ἐτέρου,

2365 5693 2481 5744 ἀλλ’
2513 5693 2600 5759 ὑφ’
2631 5695 2824 5746 ἐαυτοῦ
2859 5697 2944 5748 ἀεὶ
2971 5697 3424 5764 ἐπανακρίνεται,
3459 5698 3603 5749 καθά
3647 5699 3736 5750 καὶ
3765 5702 3790 5749 ὀ
3823 5699 3938 5750 θεὸ-

2366 5801 2509 5849 πτης
2541 5785 2779 5852 Μωῦσῆς
2802 5787 3127 5855 νομοθετῶν,
3156 5788 3571 5860 Ἐπανακρινείς
3600 5791 3696 5852 τὰς
3725 5791 3936 5862 κρίσεις

2369 5894 2487 5939 σου,
2515 5875 2888 5940 διηγόοευσεν.
