4184 6444
204 427 361 492 1233

1229 426 1637 491 SYNTAGMA
1676 423 2306 487 ALPHABETICUM.
2358 449 2421 461 —-
2463 426 2522 481 Δ..

3355 409 3493 474 1234

284 545 366 597 T6
398 543 496 598 τοῦ
532 543 872 614 πατριάρχου
914 543 1205 613 κριτήριον
1238 542 1489 613 ἑκκλητῳ
1534 541 1634 610 οὐχ
1666 538 1795 592 ὑπό⁹

1970 538 2305 593 Patriarcltaa
2360 536 2633 593 sententia
2669 534 3018 606 appellationi
3074 546 3183 588 non
3223 532 3490 602 subiacet,

204 655 420 701 κειται,
446 636 574 690 οὐδὲ
602 636 1030 707 άναψηλαφᾶται
1059 635 1150 705 ὑφ’
1179 635 1395 705 ἐτέρου,
1421 634 1501 697 ὡς
1533 633 1678 701 ἀρχὴ
1704 633 1797 685 καὶ

204 730 353 784 αὐτὸ
366 730 477 784 τῶν
507 728 990 798 ὲκκλησιαστικῶν
1022 726 1346 797 κριτηρίων.
1377 726 1471 792 Ἐξ
1495 723 1659 779 αὐτοῦ
1687 722 1799 793 γὰρ

206 822 403 875 πάντα
448 820 519 873 τὰ
576 818 1012 889 ὲκκλησιαστικά
1048 818 1329 889 κριτήρια,
1389 817 1485 869 καὶ
1536 817 1619 878 είς
1668 815 1800 869 αὐτὸ

204 913 467 977 ἀναλύει,
519 912 613 964 καὶ
650 912 1074 979 ἀναστρέφεται,
1111 909 1244 963 αὐτὸ
1273 909 1331 962 δι
1375 908 1501 962 οὔτε
1541 908 1607 962 ἐκ
1631 924 1797 971 τινος,

206 1005 351 1058 οὔτε
381 1004 515 1074 πρὸς
543 1004 764 1075 ἕτερον’
804 1003 1050 1056 τοιοῦτον
1079 998 1250 1072 γὰρ“ἡ
1282 1002 1426 1073 ἀρχή
1445 1016 1461 1033 ⁶
1493 1000 1801 1071 ὲπανακρί-

207 1112 375 1149 νεται
420 1096 477 1148 δι
518 1093 910 1165 πνευματικῶς
950 1095 1043 1146 καὶ
1085 1093 1221 1147 αὐτὸ
1253 1094 1345 1163 ὑφ’
1376 1091 1595 1148 ἑαυτοῦ.
1638 1094 1800 1162 Ζήτει

208 1188 318 1240 καὶ
347 1187 410 1239 τὺ
440 1193 489 1258 η’
517 1203 644 1254 κεφ.
671 1184 767 1239 τοῦ
793 1186 838 1237 Π
874 1184 1164 1255 στοιχείου.

293 1279 507 1336 Οὐδένα
537 1280 645 1333 τῶν
674 1282 786 1342 τοῖς
824 1279 1303 1348 ὲκκλησιαστικοῖς
1335 1278 1640 1334 τελούντων
1675 1279 1804 1350 βαθ-

214 1374 350 1441 μοῖς
401 1371 742 1437 ὲπίσκοπον,
792 1373 825 1442 ἢ
896 1373 1292 1443 πρεσϐύτερον,
1355 1372 1389 1441 ἢ
1444 1371 1713 1433 διάκονον,
1767 1369 1802 1438 ἢ

210 1462 414 1525 ἁπλῶς
462 1478 587 1514 τινα
614 1461 709 1514 τοῦ
742 1462 1047 1530 καταλόγου
1081 1462 1176 1515 τοῦ
1202 1459 1501 1530 ἱερατικοῦ,
1531 1460 1735 1513 ἄκοντα
1769 1459 1803 1529 ἢ

212 1555 443 1620 ἑκόντα,
489 1552 809 1624 κριτηρίοις
849 1556 1135 1624 κοσμικοῖς
1191 1552 1565 1623 παρίστασθαι
1621 1552 1806 1621 ἀνεχό-

220 1648 399 1715 μεθα.
430 1647 491 1699 Ei
519 1646 626 1716 γὰρ
648 1645 856 1700 άκοντά
878 1663 964 1708 τις
985 1644 1293 1713 ἀπαγαγών
1323 1662 1442 1697 τινα
1470 1643 1580 1697 τῶν
1609 1644 1809 1713 ἐκκλη-

220 1738 530 1791 σιαστικῶν
552 1737 809 1807 κοσμικῷ
839 1737 1110 1808 κριτηρίῳ
1142 1737 1495 1806 παραστῆναι
1522 1734 1805 1805 βιάσηται,

220 1828 387 1899 παρὰ
433 1820 537 1900 τῆς
587 1830 867 1898 ἡμετέρας
919 1827 1292 1899 γαληνότητος
1338 1828 1440 1895 τὴν
1486 1829 1807 1896 πρέπουσαν

222 1920 521 1972 παίδευσιν
576 1919 812 1983 δέξεται.
871 1918 935 1971 Ei
979 1918 1035 1970 δὲ
1071 1917 1213 1970 ἑκὼν
1239 1918 1267 1969 6
1300 1916 1575 1988 ἱερατικδς
1611 1916 1689 1985 τῷ
1717 1933 1807 1969 κο-

225 2010 423 2080 σμικῷ
461 2011 735 2082 κριτηρίῳ
786 2009 1193 2081 παρασταίη,ἢ
1247 2010 1342 2061 καὶ
1383 2008 1545 2070 αὐτὸς
1587 2008 1806 2078 πρῶτος

222 2103 335 2171 τὴν
391 2102 601 2155 εκεῖθεν
648 2101 831 2173 κρίσιν
885 2103 980 2153 τοῦ
1027 2100 1486 2169 ἐκκλησιαστικοῦ
1518 2100 1804 2170 κριτηρίου

227 2193 666 2261 προτιμήσαιτο,
699 2186 855 2252 οὗτος
893 2192 998 2243 κᾶν
1023 2189 1233 2243 ἐκεῖθεν
1262 2191 1461 2264 νομίσῃ
1502 2191 1565 2245 τὸ
1594 2190 1808 2245 δίκαιον

226 2282 443 2347 λαϐεῖν,
502 2282 608 2335 ὑπὸ
660 2282 767 2334 τῶν
821 2282 983 2350 ἱερῶν
1053 2280 1300 2334 κανόνων
1360 2281 1806 2345 καταδικάζεται.

231 2372 353 2427 Ποῦ
389 2373 501 2442 γάρ
552 2373 701 2438 ἄξιος
748 2375 935 2440 τυχεῖν
973 2366 1047 2425 ὧν
1096 2373 1248 2441 ζητεῖ
1297 2374 1326 2426 6
1360 2373 1463 2440 τὴν
1503 2374 1679 2443 ἀρχὴν
1715 2374 1809 2427 τοῦ

230 2465 452 2529 ἀγῶνος
480 2462 588 2517 άπὸ
611 2466 710 2534 τῆς
744 2462 857 2517 τῶν
888 2463 1049 2517 θείων
1081 2462 1302 2533 Θεσμῶν
1338 2463 1809 2535 καταϐαλλόμενος

233 2556 457 2626 ὕϐρεως
475 2573 492 2621 ;

321 2646 484 2698 Ἀλλὰ
542 2644 639 2699 καὶ
702 2643 735 2715 ἡ
800 2644 910 2698 τῶν
978 2645 1247 2714 βασιλέων
1324 2646 1652 2716 Ἡρακλείου
1720 2648 1813 2702 καὶ

233 2735 655 2788 Κωνσταντίνου
703 2737 893 2805 νεαρὰ,
949 2738 1086 2804 μήτε
1141 2736 1442 2790 ἐπίσκοπον
1493 2736 1810 2809 διορίζεται,

237 2827 383 2895 μήτε
431 2826 711 2895 κληρικδν,
760 2828 897 2895 μήτε
956 2827 1211 2896 μοναχὸν,
1251 2831 1599 2899 χρηματικῆς
1644 2831 1677 2900 ἢ
1725 2833 1813 2899 ὲγ-

235 2918 594 2985 κληματικῆς
650 2918 808 2986 χάριν
853 2918 1033 2981 αίτίας
1091 2918 1243 2989 παρὰ
1270 2921 1532 2989 πολιτικῷ
1580 2921 1613 2990 ἢ
1652 2939 1816 2986 στρα-

235 3008 479 3076 τιωτικῷ
532 3008 835 3075 ἀνάγεσθαι
899 3010 1142 3081 ἄρχοντι,
1209 3012 1348 3064 ἀλλὰ
1408 3015 1561 3081 παρὰ
1627 3015 1813 3081 μόνοις

235 3103 351 3163 τοῖς
386 3099 540 3163 ίδίοις
567 3100 913 3166 ἐπισκόποις,
942 3101 975 3170 ἢ
1006 3103 1453 3171 μητροπολίταις,
1484 3104 1518 3175 ἢ
1544 3106 1813 3176 πατριάρ-

237 3210 390 3263 χαις.

312 3284 390 3336 Ἠ
431 3285 489 3337 δὲ
523 3285 618 3338 τοῦ
650 3284 918 3355 βασιλέως
942 3284 1206 3350 Ἀλεξίου,
1238 3286 1299 3337 Ei
1334 3287 1625 3356 μερισμὸς,
1652 3292 1809 3359 φησὶ,

238 3375 300 3429 ὲν
330 3379 442 3438 τοῖς
470 3378 895 3447 διαμαχομένοις
929 3380 1072 3444 ἐστὶ,
1099 3380 1193 3431 καὶ
1216 3380 1245 3429 6
1276 3376 1377 3445 μὲν
1407 3380 1509 3446 τῆς
1539 3382 1812 3451 κοσμικῆς

238 3468 495 3534 φαίνεται
517 3469 925 3534 καταστάσεως,
946 3472 973 3523 6
998 3470 1056 3522 δὲ
1086 3468 1163 3539 τῷ
1190 3468 1317 3537 θείῳ
1342 3469 1527 3538 κλήρῳ
1550 3471 1813 3538 ’ἐγκατείο

236 3558 454 3624 λεκται,
490 3561 519 3612 6
555 3560 765 3627 ἐνάγων
804 3561 1107 3626 τηνικαῦτα
1140 3561 1219 3630 τῷ
1249 3561 1402 3631 φόρῳ
1426 3562 1521 3614 τοῦ
1552 3564 1816 3633 ἐναγομέ-

1834 3218 1880 3281 C

1902 646 2078 700 neque
2108 640 2432 685 retractatur
2462 631 2530 684 ab
2561 630 2693 695 alio,
2726 638 2917 697 utpote
2950 626 3309 683 ecclesiastici
3346 625 3492 694 judi-

1902 723 1971 778 cii
2005 722 2280 793 princeps.
2301 720 2375 774 Et
2404 736 2468 776 ea
2492 723 2639 777 enim
2682 722 2863 775 omnia
2888 719 3261 775 ecclesiastica
3288 717 3494 788 judicia

1901 824 1956 869 et
1988 818 2040 868 in
2082 815 2255 883 ipsam
2292 816 2663 878 resolvuntur,
2706 824 2759 868 et
2808 814 3183 877 revertuntur;
3215 811 3331 880 ipsa
3364 826 3496 865 vero

1904 919 2081 973 neque
2104 906 2174 959 ab
2208 905 2414 976 aliquo,
2446 920 2621 976 neque
2655 906 2721 960 ad
2753 905 2993 974 aliquem
3030 902 3268 958 refertur
3296 920 3311 966 ;
3348 902 3497 970 prin-

1904 1010 2033 1065 ceps
2088 996 2232 1051 enim
2261 1006 2346 1052 est
2379 1014 2396 1066 ;
2433 1005 2763 1053 retractatur
2797 1011 2930 1051 vero
2962 994 3323 1065 spiritualiter
3375 992 3493 1063 ipsa

1903 1102 1934 1142 a
1984 1088 2185 1158 seipsa.
2212 1089 2405 1156 Quaere
2431 1092 2596 1146 etiam
2653 1106 2779 1161 cap.
2812 1090 2845 1144 8
2875 1090 2979 1145 litt.
3013 1090 3085 1145 Π.

1972 1269 2087 1340 98
2111 1268 2394 1325 Neminem
2416 1271 2469 1324 in
2490 1272 2872 1327 ecclesiastico
2896 1272 3080 1341 aliquo
3102 1270 3271 1341 gradu
3293 1270 3499 1326 consti-

1906 1349 2107 1425 ιυιυιιι,
2161 1362 2245 1415 vel
2289 1362 2632 1432 episcopum,
2682 1366 2765 1417 vel
2795 1364 3195 1434 presbytermu,
3245 1361 3330 1415 vel
3383 1361 3500 1415 dia-

1906 1465 2129 1517 conum,
2162 1452 2245 1506 vel
2277 1454 2531 1521 quemvis
2570 1453 2738 1507 alium
2771 1468 2838 1507 ex
2869 1454 3119 1523 catalogo
3142 1451 3495 1516 sacerdotali,

1908 1543 2182 1598 volentem
2205 1545 2290 1598 vel
2322 1544 2550 1598 invitum
2587 1545 2946 1600 saecularibus
2966 1544 3193 1615 judiciis
3223 1545 3343 1600 sisti
3369 1560 3495 1599 sus-

1909 1637 2170 1696 tinemus.
2205 1636 2261 1691 Si
2322 1638 2448 1708 quis
2488 1638 2635 1692 enim
2678 1639 2915 1706 aliquem
2992 1637 3495 1693 ecclesiasticorum

1910 1730 2141 1785 invitum
2175 1731 2241 1785 ad
2292 1738 2556 1787 saeculare
2611 1731 2881 1802 judicium
2974 1731 3237 1796 trabat,a
3306 1738 3499 1784 nostra

1910 1820 2205 1876 serenitate
2286 1830 2682 1891 competentem
2756 1820 3144 1876 coercitionem
3244 1817 3494 1886 accipiet.

1910 1913 1965 1967 Si
2009 1930 2140 1969 vero
2173 1914 2375 1984 aliquis
2431 1914 2782 1968 sacerdotum
2854 1913 3105 1967 saeculari
3165 1908 3377 1981 judicio
3442 1921 3500 1959 se

1908 2006 2100 2060 volens
2160 2006 2389 2072 stiterit,
2435 2016 2528 2059 aut
2581 2005 2747 2059 etiam
2782 2005 2931 2074 prior
2984 2005 3099 2072 ipse
3165 1999 3499 2055 sententiam

1909 2095 2024 2152 illic
2099 2095 2275 2150 latam
2344 2097 2718 2151 ecclesiastico
2799 2095 3076 2150 auditorio
3175 2092 3495 2163 praetulerit,

1913 2178 2129 2241 ‘ametsi
2175 2188 2281 2242 sibi
2342 2186 2436 2257 jus
2466 2188 2590 2241 inde
2628 2186 2780 2241 reddi
2834 2195 3007 2256 putet,
3044 2201 3073 2239 a
3105 2186 3279 2240 sacris
3310 2198 3481 2238 cano—

1910 2277 2076 2333 nibus
2122 2271 2545 2332 condemnatur.
2605 2276 2704 2333 Ubi
2762 2277 2906 2330 enim
2962 2276 3163 2347 dignus
3229 2284 3315 2329 est
3372 2290 3499 2327 con»-

1912 2373 2067 2441 sequi
2118 2386 2243 2439 quae
2297 2371 2596 2431 desiderat,
2633 2368 2726 2439 qui
2765 2369 2835 2422 ab
2885 2368 3042 2422 initio
3102 2367 3499 2422 controvcr~iaz

1911 2465 1983 2521 ob
2034 2464 2294 2535 injuriam
2358 2465 2561 2519 divinis
2592 2463 2830 2517 decretis
2884 2463 3088 2517 illatam
3112 2502 3127 2528 ,
3155 2462 3447 2531 deponitur
3482 2461 3495 2490 ’

1984 2651 2127 2719 Quin
2181 2658 2235 2706 ct
2284 2652 2673 2719 imperatorum
2733 2647 2967 2704 lleraclii
3036 2656 3093 2702 et
3147 2646 3497 2703 Constantini

1916 2746 2150 2809 novella,
2191 2760 2290 2799 nec
2356 2745 2698 2813 episcopum,
2731 2756 2831 2796 nec
2885 2742 3171 2805 clericum,
3210 2757 3310 2796 nec
3379 2758 3501 2794 mo-

1913 2837 2176 2900 nachum,
2210 2850 2307 2903 pro
2338 2851 2502 2890 causa
2545 2833 2857 2903 pecuniaria
2891 2833 2970 2886 vel
3015 2833 3282 2887 criminali
3313 2846 3500 2887 coram

1915 2930 2061 2985 civili
2110 2930 2192 2983 vel
2234 2928 2452 2982 militari
2485 2928 2669 2997 judice
2726 2928 2847 2983 sisti
2897 2927 3166 2989 decernit,
3221 2927 3315 2981 sed
3377 2935 3500 2979 lan-

1916 3030 2032 3077 tum
2078 3038 2265 3076 coram
2314 3022 2550 3091 propriis
2598 3021 2895 3091 episcOpis,
2925 3021 3006 3076 vel
3039 3018 3497 3089 metrOpolitanis,

1918 3115 2004 3169 vel
2066 3115 2414 3184 patriarcbis.

1990 3290 2159 3342 Porro
2229 3288 2440 3343 novella
2509 3288 2861 3359 imperatoris
2919 3286 3117 3352 Alexn,
3153 3287 3210 3342 Si
3273 3287 3493 3342 divisieo

1913 3379 2110 3451 inquit,
2176 3382 2315 3436 inter
2378 3380 2653 3450 litigantes
2704 3382 2886 3441 fuerit.
2921 3394 3225 3448 eorumque
3297 3379 3497 3433 altere

1914 3482 2058 3528 statu
2102 3474 2350 3527 saeculari
2410 3473 2501 3538 sit,
2534 3473 2673 3528 alter
2707 3489 2838 3528 vero
2898 3488 3058 3529 sacro
3122 3472 3272 3527 clero
3320 3471 3495 3526 adnu-

1916 3578 2178 3631 meretur,
2212 3576 2365 3621 actor
2424 3568 2477 3621 in
2532 3583 2597 3622 eo
2631 3582 2761 3623 casu
2806 3566 2883 3621 rei
2945 3565 3062 3620 foro
3114 3563 3341 3619 omnino
3370 3563 3499 3617 sub-

240 3669 335 3704 νου
364 3653 428 3704 ἐκ
455 3653 654 3714 παντὸς
675 3652 1050 3718 ὑποκείσεται,
1078 3654 1173 3705 καὶ
1205 3653 1437 3715 ἕκαστος
1460 3656 1540 3718 είς
1563 3655 1623 3707 τὸ
1650 3654 1809 3725 πρόσ-

1914 3661 2159 3730 jicietur,
2199 3672 2255 3716 et
2299 3664 2680 3733 unusquisque
2727 3662 2793 3715 ad
2840 3660 3110 3730 judicium
3162 3658 3497 3714 conveniens

240 3757 411 3810 φορόν
446 3742 807 3796 ἀπελεύσεται
836 3743 1214 3812 δικαστήριον.

316 3832 455 3894 Τοὺς
515 3832 778 3900 ἔκκλητον
828 3832 1051 3902 ἔχοντας
1080 3833 1344 3897 δικαστὰς
1378 3834 1636 3904 μείζονας
1676 3830 1816 3889 εἶναι

241 3921 328 3974 δεῖ
358 3922 471 3974 τῶν
500 3923 559 3988 ἐξ
581 3921 755 3993 ἀρχῆς
780 3923 1143 3977 δικασάντων.

317 4015 476 4066 Πᾶσα
509 4013 703 4085 ἀγωγὴ
727 4014 1042 4084 ἁρμόζουσα
1071 4014 1259 4084 σεπτῷ
1285 4016 1419 4084 οἴκῳ
1444 4017 1524 4077 είς
1548 4034 1819 4088 τεσσαρα-

242 4107 565 4159 κονταετίαν
590 4107 914 4160 ἐκτείνεται.
951 4108 1099 4160 Ἀντὶ
1126 4109 1235 4175 γάρ
1264 4108 1497 4178 χρονίων
1531 4127 1821 4180 παραγρα-

246 4200 364 4267 qui»
396 4199 505 4252 τῶν
544 4206 573 4251 ι’
605 4200 698 4253 καὶ
730 4208 777 4252 κ’
806 4202 900 4253 καὶ
942 4199 985 4251 λ’
1024 4201 1285 4252 ἐνιαυτῶν
1324 4205 1443 4262 ταῖς
1476 4202 1664 4268 ἁγίαις
1697 4202 1823 4258 Ἐκ-

244 4291 501 4360 κ).ηςίκις
548 4293 642 4346 καὶ
682 4295 795 4355 τοῖς
826 4292 1009 4353 ἄλλοις
1034 4292 1211 4345 ἅπασι
1246 4294 1572 4362 σεϐασμίοις
1614 4295 1818 4360 τόποις,

247 4384 423 4452 μόνην
473 4385 574 4451 τὴν
625 4385 735 4437 τῶν
785 4391 833 4456 μ’
867 4384 1004 4437 ἐτῶν
1046 4387 1426 4455 παραγραφὴν
1471 4385 1822 4440 ἀνατίθεσθαι

245 4475 661 4544 προστάττομεν
682 4491 697 4506 ⁶
724 4475 919 4528 τούτου
951 4477 1118 4529 αὑτοῦ
1151 4479 1581 4547 φυλαττομένου,
1608 4482 1704 4533 καὶ
1729 4482 1822 4533 ἐπὶ

1846 3774 1849 3775 ν
1918 3754 2168 3809 accedet.

1988 3841 2211 3898 Iudices
2245 3845 2311 3898 ad
2356 3861 2496 3914 quos
2537 3845 2709 3898 datur
2743 3843 3038 3914 appellatio
3090 3841 3329 3913 majores
3377 3858 3496 3897 esse

1918 3940 2133 3999 Oportet
2192 3931 2259 3987 iis
2314 3934 2407 4002 qui
2460 3935 2529 3989 ab
2582 3933 2735 3987 initio
2781 3932 3127 4001 judicabant.

1989 4022 2180 4077 Omnis
2246 4024 2390 4079 actio
2458 4040 2580 4093 qua:
2643 4025 2831 4078 domui
2886 4024 3185 4077 venerabili
3242 4026 3499 4077 convenit

1922 4110 1976 4164 in
2016 4113 2375 4182 quadraginta
2412 4129 2586 4167 annos
2629 4116 2962 4169 extenditur.
2996 4116 3205 4168 Etenim
3245 4132 3344 4184 pro
3376 4115 3496 4169 diu-

1925 4203 2103 4257 turnis
2130 4206 2639 4275 praescriptionibus
2694 4207 2758 4260 IO
2794 4214 2847 4260 et
2891 4207 2963 4260 9.0
2996 4217 3049 4261 et
3072 4208 3143 4261 50
3201 4224 3494 4269 annorum,

1922 4295 2137 4349 sanctis
2155 4293 2502 4361 Ecclesiis,et
2527 4299 2653 4353 aiiis
2683 4300 2937 4353 omnibus
2972 4300 3299 4352 venerandis
3336 4300 3493 4362 locis,

1924 4389 2096 4441 solam
2131 4388 2200 4442 40
2256 4403 2525 4443 annorum
2559 4391 3020 4459 praescriptionem
3070 4392 3188 4446 dari
3237 4393 3496 4445 concedi-

1926 4492 2072 4534 mus.
2107 4479 2248 4533 ldem
2285 4481 2613 4535 observatur
2645 4493 2698 4537 et
2731 4485 2782 4535 in
2838 4485 3140 4552 legatorum
3183 4485 3493 4546 exactione,

244 4568 316 4633 τῇ
368 4565 667 4633 ἀπαιτήσει
707 4566 817 4617 τῶν
859 4566 1099 4633 λεγάτων
1144 4570 1238 4620 κα)⁵
1278 4568 1387 4621 τῶν
1422 4571 1809 4641 κληρονομιῶν,

1927 4573 1980 4617 ct
2030 4563 2410 4620 ltazreditatnm
2475 4568 2527 4621 in
2567 4570 2685 4637 pios
2741 4587 2874 4625 usus
2932 4570 3266 4626 relictarum.
3305 4572 3497 4638 Quaere

244 4656 358 4707 τῶν
392 4655 472 4713 είς
499 4656 717 4719 ἀσεϐεῖς
752 4657 935 4719 αἰτίας
967 4660 1507 4730 καταλελειμμένων.
1532 4663 1698 4732 Ζήτει
1723 4664 1817 4717 καὶ

245 4748 306 4799 ὲν
337 4745 415 4805 τῶ
434 4744 486 4814 η’
520 4763 643 4812 κεφ.
682 4748 776 4799 τοῦ
805 4748 859 4801 Μ
886 4749 1181 4817 στοιχείου.

318 4838 668 4904 Μονάστριαν
730 4840 764 4908 ἢ
820 4842 1125 4910 ἁσκήτριαν
1178 4841 1248 4893 δι’
1281 4842 1540 4913 οὐδεμίαν
1588 4848 1815 4917 ἀγωγὴν

247 4927 645 4998 συγχωροῦμεν
691 4930 1029 4999 άφέλκεσθαι
1076 4934 1141 4984 ὲκ
1184 4934 1294 4987 τῶν
1346 4935 1491 4990 ίδίων
1547 4955 1818 5009 μοναστη-

287 5037 403 5072 ιων.

287 5040 403 5072 ιων.

247 5040 279 5091 ρ
320 5110 480 5163 Πᾶσα
543 5111 838 5179 ὑπόθεσις,
888 5115 1059 5185 χωρὶς
1115 5115 1224 5170 τῶν
1278 5117 1353 5187 μὴ
1418 5119 1817 5189 ἐπιδεχομένων

247 5201 572 5271 ὑπέρθεσιν,
603 5203 856 5274 ἐκκλήτῳ
886 5205 1176 5260 ὑπόκειται
1217 5210 1315 5278 οὐχ
1347 5206 1516 5275 ἅπαξ,
1548 5209 1685 5264 ἀλλὰ
1720 5214 1816 5265 καὶ

246 5297 352 5357 δίς.

320 5386 650 5449 Κελεύοντος
696 5390 983 5458 ἄρχοντος,
1041 5391 1267 5454 δικαίως
1321 5392 1624 5463 νεμόμεθα,
1674 5396 1703 5447 6
1759 5394 1816 5448 δὲ

242 5479 500 5548 ἀνάρχως
531 5481 592 5532 τὸ
625 5481 755 5533 Mter
779 5482 1114 5551 ἀφελόμενος
1128 5482 1392 5537 ἐκπίπτει
1418 5485 1606 5541 αὑτοῦ.

318 5658 399 5711 Τά
415 5660 609 5723 κακῶς
636 5662 897 5730 κριθέντα
930 5664 1022 5716 καὶ
1055 5666 1394 5730 τυπωθέντα,
1432 5667 1553 5719 οὗτε
1602 5668 1813 5735 χρόνος,

245 5749 369 5801 οὔτε
403 5750 586 5816 νόμος,
611 5751 734 5803 οὔτε
768 5751 1027 5823 συνήθεια
1058 5754 1285 5822 βεϐαιοῖ,

319 5839 661 5905 θεσπίζομεν
718 5842 908 5906 μηδενὶ
975 5842 1195 5909 ἐξεῖναι,
1243 5844 1335 5898 τοῦ
1393 5844 1810 5908 τέλευιίξσανω,

1930 4652 2175 4708 etiamin
2208 4670 2330 4723 cap.
2370 4655 2403 4709 8
2444 4658 2632 4712 litterae
2660 4658 2734 4713 Μ.

2002 4837 2287 4892 Monialetn
2342 4841 2425 4893 vel
2478 4840 2770 4893 ascetriam
2825 4840 2897 4894 ob
2954 4840 3158 4893 nullam
3226 4844 3493 4897 actionem

1928 4942 1993 4982 ex
2043 4929 2398 4986 monasteriis
2442 4932 2559 4986 suis
2603 4932 2814 4985 extrahi
2872 4932 3261 5001 permittimus.

1997 5106 2189 5161 Omnis
2227 5122 2414 5170 causa,
2443 5110 2687 5177 exceptis
2739 5112 2806 5165 iis
2865 5126 2986 5179 qua
3018 5111 3331 5167 dilationem
3388 5130 3492 5168 non

1930 5203 2245 5269 admittunt,
2289 5204 2636 5273 appellationi
2698 5205 2966 5273 subjacet,
2995 5222 3100 5259 non
3156 5207 3347 5271 semel,
3400 5211 3494 5262 sed

1929 5294 2032 5348 bis.

1999 5389 2208 5446 Judieis
2232 5392 2387 5460 jussu
2410 5392 2557 5461 juste
2586 5395 2927 5462 possidcnius
2948 5412 3070 5464 quae
3092 5396 3248 5450 nobis
3271 5412 3334 5450 ex
3370 5413 3492 5467 par~

1932 5483 2123 5537 titione
2152 5484 2407 5536 eveniunt
2440 5499 2455 5547 ;
2490 5484 2586 5552 qui
2618 5500 2747 5537 vero
2779 5485 2897 5539 sine
2930 5485 3085 5539 venia
3113 5484 3315 5554 judicis
3348 5489 3490 5558 quod

1929 5591 2087 5628 suum
2138 5584 2223 5629 est
2288 5574 2493 5637 aufert,
2528 5591 2595 5627 eo
2634 5577 2855 5630 excidit.

1998 5663 2130 5729 Qua:
2212 5666 2351 5717 male
2416 5664 2659 5732 judicata
2715 5676 2768 5717 et
2819 5666 3066 5723 ordinata
3142 5678 3493 5738 sunt,ucqoe

1931 5760 2163 5818 tctttpus,
2199 5768 2294 5804 nec
2335 5751 2442 5808 lex.
2479 5768 2577 5803 nec
2624 5754 2962 5805 consuetudo
3021 5757 3324 5806 comit-mat.

2004 5846 2293 5901 Santimus
2326 5845 2458 5897 nulli
2490 5845 2653 5901 licere
2682 5848 2881 5900 mortui
2936 5848 3095 5913 tilios,
3130 5846 3211 5902 vel
3240 5862 3490 5913 uxorem,
