4184 6444
248 408 389 471 11³37

1249 432 1656 494 SYNTAGMA
1688 433 2303 509 ALPHABETICUM.
2441 452 2495 514 ιλ.

3350 453 3487 520 i238

244 532 544 603 ἐπιτίμιον’
585 536 661 609 μὴ
700 539 1116 613 ἀπαντήσαντος
1150 547 1207 601 δέ
1239 552 1578 619 παραυτίκα,
1609 553 1672 605 ἐκ
1700 555 1819 622 τρί-

1929 574 2256 632 perseveret,
2316 570 2557 638 synodus
2615 568 2774 642 juxta
2850 570 3098 627 criminis
3168 574 3486 642 qualitatem

242 638 338 674 του
364 627 467 695 τὴν
497 629 661 684 αὑτοῦ
691 635 1026 705 μετάκλησιν
1059 638 1325 706 γίνεσθαι.
1351 643 1410 695 El
1439 643 1497 697 δὲ
1528 645 1622 699 καὶ
1646 645 1820 706 οὕτως

244 715 497 783 ἐπιμένει
529 724 592 790 τῇ
620 725 898 798 ἀπειθείᾳ,
928 730 1028 798 τὴν
1058 732 1275 784 σύνοδον
1320 734 1387 787 τὰ
1432 735 1663 801 δόξαντα
1698 740 1819 791 κατ’

246 808 415 861 αὑτοῦ
468 812 748 881 ὁρίζεσθαι
788 821 929 872 κατὰ
962 822 1059 891 τὴν
1110 825 1372 895 ποιότητα
1408 826 1503 880 τοῦ
1533 829 1818 898 ἐγκλήμα-

248 915 362 960 τος,
409 902 575 970 μηδὲν
603 905 706 973 τῆς
736 910 1026 975 ἀπειθείας
1062 915 1430 984 ἀποναμὲνου.

331 992 394 1045 '0
417 993 472 1046 δὲ
499 996 597 1063 τῆς
619 1001 676 1050 ἐν
702 1002 1033 1076 Καρθαγένῃ
1066 1006 1154 1073 ιβ’,
1181 1007 1284 1060 Τόν
1310 1011 1640 1080 ἐγκλήμασι,
1664 1016 1820 1084 φησὶ,

249 1089 627 1155 περιπεσόντα
646 1092 963 1159 ἐπίσκοπον,
985 1097 1088 1149 ὑπὸ
1117 1099 1297 1169 πάσης
1335 1105 1606 1171 προσήκει
1638 1108 1821 1175 κρίνε-

251 1175 381 1227 σθαι
411 1178 507 1246 τῆς
559 1184 803 1251 συνόδου,
838 1191 917 1251 είς
968 1192 1035 1260 ἢν
1065 1195 1091 1245 6
1118 1193 1364 1258 τοιοῦτος
1408 1195 1553 1248 τελεῖ
1598 1197 1821 1267 δηλαδή.

248 1265 313 1318 El
353 1268 411 1321 δέ
445 1271 710 1343 δυσχερὲς
758 1279 844 1345 εἴη
890 1284 1019 1345 τοὺς
1063 1284 1271 1345 πάντας
1323 1287 1354 1357 ἢ
1401 1287 1527 1349 τοὺς
1574 1265 1824 1355 πλείονας

250 1360 555 1428 συνελθεῖν,
573 1368 648 1436 μὴ
663 1367 954 1436 ἐλάττονας
981 1376 1110 1441 γοῦν
1133 1371 1277 1429 εἶναι
1309 1378 1417 1431 τῶν
1442 1378 1531 1447 ip“
1559 1379 1702 1433 οὑτω
1719 1382 1824 1452 γὰρ

249 1453 437 1522 πάσης
467 1461 912 1533 περιαιρεθείσης
956 1466 1285 1533 ἀμφιϐολίας
1312 1508 1327 1531 ,
1377 1470 1437 1522 ού
1494 1472 1825 1539 περιοπτέος

249 1542 403 1598 ἔσται
457 1552 571 1611 τοῖς
620 1552 725 1604 ὑπὸ
773 1558 950 1625 χεῖρα.
996 1558 1099 1610 Τὸν
1127 1560 1183 1612 δέ
1250 1577 1312 1626 γε
1356 1562 1725 1633 πρεσϐύτερον
1768 1564 1828 1629 ἒξ

249 1638 530 1704 κρίνουσιν
564 1642 879 1710 ἐπίσκοποι,
914 1650 1007 1701 καὶ
1040 1652 1192 1720 τρεῖς
1225 1652 1315 1704 τὸν
1342 1653 1613 1707 διάκονον
1652 1658 1829 1723 ἀσφα-

249 1726 511 1796 λέστερόν
550 1750 666 1795 πως
695 1736 793 1799 τὰς
826 1737 935 1791 τῶν
979 1741 1171 1809 ἱερέων
1205 1744 1417 1812 κρίσεις
1466 1748 1563 1814 τῆς
1610 1749 1826 1803 συνόδου

248 1818 455 1889 ταύτης
489 1821 737 1887 γίνεσθαι
774 1831 1275 1902 προμηθουμένης,
1324 1834 1399 1897 ὼς
1434 1836 1829 1907 ὑστεριζούσης

1922 668 2042 718 qua:
2076 655 2179 710 sibi
2220 657 2434 712 videtur
2456 670 2648 715 contra
2675 677 2797 717 eum
2852 663 3098 728 deﬁrniat,
3145 670 3487 723 contumacia

1922 760 2017 799 sua
2062 746 2197 802 nihil
2230 749 2496 816 adiutum.

1994 1010 2175 1066 Cauon
2214 1023 2389 1067 autem
2422 1014 2487 1069 l8
2518 1031 2636 1086 syn.
2665 1016 2952 1091 (ἴδη-11ης..
3014 1020 3365 1092 Episcopum,
3411 1026 3495 1080 in-

1924 1104 2063 1172 quit,
2108 1104 2160 1158 in
2212 1105 2441 1160 crimina
2502 1108 2908 1176 incidentem,a
2975 1122 3087 1169 tota
3144 1119 3371 1186 synodo,
3428 1118 3494 1171 ad.

1925 1210 2090 1262 quam
2126 1210 2320 1265 nempe
2348 1199 2601 1265 pertinet,
2634 1200 2871 1271 judicari
2921 1216 3156 1273 oportet.
3216 1208 3379 1273 Quod
3449 1215 3492 1263 si

1928 1285 2148 1341 difﬁcile
2172 1289 2242 1341 sit
2276 1297 2332 1342 ut
2362 1304 2553 1344 omnes
2609 1293 2692 1347 vel
2745 1293 2962 1363 plurimi
3021 1298 3373 1361 conveniant,
3431 1316 3496 1355 uc

1928 1378 2213 1445 pauciores
2244 1378 2351 1433 sint
2376 1380 2705 1435 duodecim:
2764 1384 2843 1437 sic
2896 1383 3041 1439 enim
3086 1388 3233 1439 omni
3280 1394 3499 1442 contro—

1928 1468 2103 1522 versia
2154 1470 2365 1524 sublata
2425 1486 2455 1524 a
2524 1474 2724 1541 populo
2777 1490 2876 1527 suo
2925 1490 3031 1530 non
3091 1484 3497 1532 conteninetur.

1929 1558 2313 1629 Presbyterum
2347 1571 2532 1616 autem
2565 1578 2657 1617 se:
2695 1567 3234 1635 episcopijudicaut,
3278 1576 3331 1623 et
3383 1569 3505 1622 dia-

1930 1666 2127 1705 conum
2158 1661 2288 1705 tres.
2323 1649 2447 1707 Hac
2482 1653 2688 1708 scilicet
2717 1656 2959 1724 synodus
2983 1657 3189 1727 judicia
3240 1658 3500 1714 sacerdo-

1932 1752 2044 1796 tum
2074 1742 2288 1796 cautius
2328 1742 2444 1797 lieri
2478 1750 2813 1813 procuravit,
2849 1747 3007 1815 loogo
3040 1764 3235 1819 nempe
3284 1757 3499 1819 tempo-

1931 1850 1989 1888 re
2019 1845 2141 1905 post
2174 1834 2565 1891 Antiochenam
2621 1838 2826 1903 habita,
2864 1854 2986 1908 qua:
3028 1841 3080 1893 iu
3110 1856 3233 1897 can.
3286 1842 3318 1895 4
3369 1858 3496 1911 pre—

248 1909 330 1975 τῷ
375 1911 552 1981 χρόνῳ
601 1915 734 1984 πρὸς
779 1918 877 1989 τὴν
929 1923 988 1973 ἐν
1034 1922 1358 1995 Ἀντιοχείᾳ,
1404 1905 1645 1995 ἦπερέν
1678 1905 1826 1995 τῷδ’

1930 1927 2273 1995 sbyterorum
2296 1927 2718 1984 etdiaconorum
2740 1905 3107 1999 depositiones
3153 1933 3223 1987 ab
3255 1949 3362 1988 uno
3378 1935 3495 2002 epi-

251 2000 438 2054 κανόνι
491 2004 590 2068 τὰς
629 2007 734 2060 τῶν
764 2012 1153 2083 πρεσϐυτέρων
1190 2016 1285 2070 καὶ
1325 2015 1590 2070 διακόνων
1630 2019 1819 2073 καθαι-

253 2090 436 2158 ρέσεις
461 2096 553 2163 ὑφ’
579 2097 697 2159 ἐνὸς
722 2102 1023 2157 ἐπισκόπου
1071 2106 1320 2173 γίνεσθαι
1367 2107 1687 2178 διορίζεται,
1721 2113 1824 2166 ὑπὸ

248 2183 355 2252 τῆς
387 2188 690 2245 συνόδουδὲ
732 2195 829 2257 τὰς
863 2197 971 2249 τῶν
1001 2200 1339 2255 ἐπισκόπων.

754 2288 973 2354 Πρᾶξις
1006 2293 1329 2361 συνοὸική.

326 2369 511 2442 Ταύτῃ
545 2389 627 2425 τοι
660 2377 750 2427 καὶ
780 2378 808 2428 6
854 2378 1161 2445 ἁγιώτατος
1205 2387 1557 2459 πατριάρχης
1610 2389 1826 2455 Λουκᾶς

254 2459 465 2528 ἄκυρον
522 2467 767 2535 ἡγήσατο
806 2470 904 2539 τὴν
946 2472 1040 2525 τοῦ
1090 2475 1395 2533 ἐπισκόπου
1460 2481 1827 2553 Ἀμαθοῦντος

267 2554 521 2609 Ἰωάννου
555 2560 897 2628 καθαίρεσιν,
929 2566 992 2633 ἢν
1017 2565 1045 2616 ό
1076 2566 1508 2637 ἀρχιεπίσκοπος
1532 2576 1826 2647 ἐποιήσατο

255 2647 510 2715 Κύπρου,
568 2652 649 2703 ὅτι
703 2653 900 2708 ἕνδεκα
938 2658 1123 2725 μόνοις
1158 2663 1333 2716 συνὼν
1362 2666 1704 2733 ἐπισκόποις,
1752 2666 1826 2738 μὴ

256 2736 519 2789 ἐπέκεινα
548 2734 617 2808 ἧν
656 2742 816 2806 αὑτὸς
854 2745 952 2813 τῆς
983 2747 1093 2801 τῶν
1120 2749 1323 2805 λοιπῶν
1361 2753 1679 2819 δωδεκάδος.

329 2827 492 2881 Καθὰ
520 2829 583 2898 δὴ
614 2833 711 2884 καὶ
739 2836 766 2885 6
789 2834 851 2886 ιδ’
878 2837 975 2904 τῆς
1018 2840 1187 2910 αὑτῆς
1218 2842 1276 2895 ἐν
1311 2844 1643 2918 Καρθαγένῃ
1661 2846 1829 2918 διορί-

256 2916 434 2979 ζεται.
477 2919 715 2984 Ἐνδείας
752 2925 861 2993 γὰρ
898 2925 1085 2995 οὔσης,
1116 2933 1304 2999 φησὶν,
1349 2916 1688 3001 ἐπισκόπων,
1714 2916 1829 2991 ἔσθ’

253 3010 345 3062 ὅτε
399 3012 493 3064 καὶ
531 3012 634 3065 ὑπ),
663 3021 703 3065 ε’
748 3017 994 3085 κρίνεται
1043 3021 1070 3071 6
1123 3022 1516 3091 πρεσϐύτερος,
1571 3026 1666 3078 καὶ
1724 3026 1829 3080 ὑπὸ

252 3104 427 3171 τριῶν
468 3107 495 3158 6
544 3107 816 3173 διάκονος,
864 3110 959 3163 τοῦ
1009 3112 1141 3165 ίδίου
1187 3115 1367 3166 αὐτῶν
1401 3118 1703 3171 ἐπισκόπου
1734 3121 1830 3171 ἐπ-

1931 2034 2119 2090 scopo,
2153 2020 2531 2092 episcoporum
2553 2038 2682 2077 vero
2707 2038 2738 2077 a
2772 2025 2979 2094 synodo
3017 2025 3132 2080 ﬁeri
3163 2025 3425 2081 decrevit.

2496 2296 2642 2350 Actio
2680 2298 2955 2368 sgitodiw.

2001 2381 2341 2453 Quapmpter
2373 2388 2753 2442 sanctissimus
2784 2388 3089 2457 patriarcha
3126 2388 3301 2444 Lucas
3334 2387 3491 2443 Joan»

1932 2473 2185 2543 nisloo
2208 2476 2559 2531 Amathuutis
2590 2477 2829 2547 episcopi
2860 2479 3256 2549 depositioueni
3288 2479 3497 2533 irritam

1933 2566 2105 2629 duxit,
2160 2581 2321 2636 quam
2352 2568 2514 2637 Cypri
2538 2570 2982 2640 archiepiscOpus
3002 2569 3166 2638 fecit;
3194 2571 3340 2639 quod
3373 2587 3499 2625 cuin

1933 2661 2185 2715 undecim
2211 2662 2479 2732 episcopis
2504 2664 2859 2730 conveniens,
2887 2666 3003 2736 ipse
3019 2681 3125 2722 non
3158 2668 3259 2722 nisi
3289 2667 3495 2722 duode-

1933 2752 2109 2805 cimus
2138 2761 2303 2808 esset.

2004 2838 2472 2904 Quemadmodum
2491 2854 2547 2900 et
2568 2845 2635 2901 l4
2665 2845 2907 2916 ejusdem
2934 2862 3052 2918 syn.
3080 2846 3343 2903 decernit.
3372 2846 3505 2901 Fro-

1936 2938 2054 2998 pter
2101 2932 2452 2999 paucitatem,
2516 2934 2714 3005 inquit,
2767 2937 3172 3006 episcoporum,
3222 2939 3505 3008 presbyter

1935 3021 2229 3090 aliquando
2255 3038 2283 3076 a
2315 3025 2576 3094 quinque,
2602 3034 2653 3080 et
2677 3026 2940 3083 diaconus
2959 3043 2988 3081 a
3016 3026 3503 3096 tribusjudicatur,

1937 3112 2157 3179 proprio
2187 3127 2374 3165 eorum
2406 3114 2664 3181 episcopo
2688 3116 2827 3168 ultra
2847 3130 2942 3169 eos
2996 3114 3341 3184 praesidente,
3367 3114 3504 3167 adeo

255 3198 443 3247 ἐκεινα
478 3197 686 3249 τούτων
711 3200 1214 3271 προκαθεζομένουο
1247 3204 1387 3258 ῶστε
1416 3208 1466 3258 oi
1492 3208 1576 3276 ἐφ’
1601 3209 1826 3273 ἑαυτοὺς

1935 3210 1993 3252 ut
2028 3202 2118 3268 qui
2152 3204 2253 3256 sub
2288 3218 2347 3257 se
2379 3204 2581 3258 habent
2626 3206 2951 3275 litigatores,
3009 3216 3162 3261 extra
3217 3203 3503 3261 deﬁnitum

252 3285 469 3355 ἔχοντες
526 3290 651 3350 τοὺς
687 3288 1079 3359 δικαζομένους
1136 3295 1290 3357 ἐκτὸς
1336 3296 1646 3363 ὀφείλουσιν
1690 3296 1828 3353 εἶναι

251 3378 350 3431 τοῦ
384 3380 721 3449 τεταγμένου
758 3382 991 3452 ἀριθμοῦ
1028 3386 1138 3437 τῶν
1181 3390 1576 3446 συνδικαστῶν.

337 3468 397 3523 '0
427 3471 482 3524 δὲ
518 3472 616 3541 τῆς
665 3474 723 3525 ἐν
765 3474 1069 3547 Ἀντιοχείᾳ
1101 3477 1182 3542 ιδ’,
1236 3481 1598 3547 Ἑπισκόπου,
1630 3486 1826 3553 φησὶν,

255 3562 347 3612 ἐπί
377 3578 518 3613 τισιν
536 3561 854 3633 ἐγκλήμασι
874 3569 1204 3636 κρινομένου
1232 3572 1367 3635 πρὸς
1396 3574 1503 3625 τῶν
1532 3576 1635 3643 τῆς
1662 3577 1831 3645 ἐπαρ-

251 3650 375 3720 χίας
408 3654 746 3721 ἐπισκόπων,
801 3661 897 3709 καὶ
950 3661 1089 3728 πρὸς
1142 3662 1406 3731 ἀλλήλους
1455 3664 1666 3718 τούτων
1700 3667 1820 3719 δια-

252 3742 595 3810 φωνούντων,
642 3747 752 3799 τῶν
816 3751 942 3815 μὲν,
1000 3750 1202 3815 ἀθῶον,
1250 3754 1359 3805 τῶν
1417 3755 1515 3815 δὲ.
1577 3758 1828 3813 ὑπαίτιον

250 3834 726 3904 ἀποφαινομένων,
758 3838 840 3893 δεῖ
863 3841 955 3895 τὸν
989 3844 1401 3915 μητροπολίτην
1427 3849 1527 3915 τῆς
1556 3849 1829 3920 ἐπαρχίας

249 3922 470 3993 ἐκείνης
501 3926 595 3978 καὶ
626 3926 852 3996 ἐτέρους
899 3930 963 3981 ἐκ
1000 3932 1097 4000 τῆς
1127 3931 1326 4001 ὁμόρου
1365 3936 1827 4005 μεταπέμπεσθαι

250 4014 461 4083 χώρας,
499 4018 593 4070 καὶ⁵
635 4019 735 4087 τὴν
766 4020 1188 4091 ἀμφισϐήτησιν
1234 4025 1303 4076 δι’
1333 4027 1560 4079 ἐκείνων
1606 4029 1829 4083 λύεσθαι

248 4104 347 4172 τῆς
376 4106 485 4157 τῶν
525 4107 789 4161 πλειόνων
818 4110 1001 4180 ψήφου
1036 4112 1454 4183 βεϐαιωθείσης.

332 4198 393 4248 '(l
419 4197 476 4248 δὲ
511 4205 592 4264 ιε’,
650 4200 711 4253 El
758 4201 815 4254 δὲ
870 4204 1092 4267 πάντες,
1130 4209 1285 4275 φησὶ,
1337 4210 1464 4275 μίαν
1500 4211 1623 4263 κατ’
1656 4213 1829 4265 αὑτοῦ

250 4288 433 4357 ψῆφον
467 4288 830 4357 ἐξενέγκοιεν,
867 4297 1066 4363 μηκέτι
1116 4297 1247 4367 παρ’
1279 4298 1489 4368 ἑτέροις
1536 4302 1727 4355 τοῦτον
1756 4305 1832 4357 δι-

264 4378 549 4443 κάζεσθαι,
576 4382 711 4435 ἀλλὰ
738 4384 923 4452 μένειν
958 4385 1180 4453 βεϐαίαν
1207 4388 1303 4459 τὴν
1330 4390 1623 4460 σύμφωνον
1650 4394 1829 4464 ψῆφον

266 4468 377 4520 τῶν
406 4469 500 4537 τῆς
538 4471 810 4541 ἐπαρχίας
835 4476 1174 4531 ἐπισκόπων.

336 4556 503 4624 Οὗτος
543 4562 601 4615 δὲ
646 4562 919 4635 ἀνῄρηται
960 4570 1116 4638 παρὰ
1145 4572 1239 4623 τοῦ
1271 4571 1313 4626 δ’
1338 4574 1435 4642 τῆς
1465 4578 1522 4629 ὲν
1567 4579 1830 4650 Σαρδικῇ⁹

257 4656 461 4707 οὑτωσὶ
482 4656 793 4721 διεξιόντος·
826 4660 935 4712 Τοῦ
970 4665 1121 4732 κοινῇ
1171 4664 1340 4735 ψήφῳ
1366 4666 1475 4719 τῶν
1515 4670 1614 4737 τῆς
1661 4673 1832 4742 ἐπαρο

255 4749 382 4819 χίας
422 4750 742 4802 ἐπισκόπων
773 4751 1217 4822 καθαιρεθέντος,
1274 4761 1368 4811 καὶ
1419 4763 1483 4829 τῇ
1539 4766 1708 4832 ψήφῳ
1755 4766 1829 4837 μὴ

263 4838 693 4902 ὑποκύπτοντος,
729 4842 848 4893 ἀλλ’
886 4844 967 4896 ἔτι
1015 4846 1392 4901 ἀποδύσασθαι
1440 4851 1693 4919 λέγοντος
1738 4856 1833 4905 δύ-

261 4927 456 4981 νασθαι
481 4929 549 4981 τὰ
573 4932 917 5002 ἐγκλήματα,
955 4936 1029 5005 μὴ
1078 4938 1342 5009 πρότερον
1389 4945 1471 5005 είς
1508 4943 1596 4996 τὸν
1639 4945 1830 5015 θρόνον

252 5019 419 5073 αὑτοῦ
462 5024 887 5090 χειροτονεῖσθαι
918 5026 1126 5095 ἕτερον,
1149 5033 1279 5100 πρὶν
1304 5032 1370 5083 ἂν
1392 5034 1419 5083 6
1445 5036 1676 5100 παππας
1693 5038 1827 5091 Ῥώ-

254 5127 363 5179 μης
403 5112 590 5178 μαθὼν
625 5114 691 5165 τὰ
730 5116 827 5182 τῆς
854 5117 1187 5185 ὑποθέσεως,
1244 5124 1368 5192 ὅρον
1414 5126 1697 5199 ἐξενέγκῃ.
1736 5131 1827 5184 καὶ

254 5206 604 5273 ἀποφήνηται
640 5205 672 5275 ἢ
697 5208 1038 5276 κυρωθῆναι,
1069 5211 1103 5280 ἢ
1131 5213 1516 5283 ἀνατραπῆναι
1541 5222 1638 5287 τὴν
1666 5239 1827 5275 κατα-

247 5297 429 5363 δίκην,
482 5300 579 5366 τῆς
625 5297 849 5369 δυτικῆς
887 5301 1039 5365 ὄντος
1095 5305 1364 5375 ἐπαρχίας
1391 5308 1485 5360 τοῦ
1518 5312 1823 5367 ἐπισκόπου

244 5388 470 5458 δηλαδὴ,
506 5390 627 5459 ἥτις
663 5394 757 5445 καὶ
794 5394 928 5463 μόνη
984 5396 1062 5465 τῷ
1120 5398 1343 5469 Ῥώμης
1401 5404 1633 5470 ἀνεῖται,
1694 5407 1824 5461 ἔνθα

247 5484 345 5530 καὶ
383 5481 417 5549 η
468 5481 686 5543 σύνοδος
734 5482 874 5554 αὕτη
928 5488 1305 5557 συνήθροισται
1351 5494 1441 5547 καὶ
1478 5494 1558 5558 δὶς
1590 5497 1697 5568 γὰρ
1730 5502 1822 5552 ἐκ·

247 5571 535 5623 καλεῖσθαι
562 5572 641 5643 τῷ
671 5575 981 5645 κρινομένῳ
1021 5579 1255 5648 ἐφεῖται.

330 5663 387 5714 Ὀ
439 5663 494 5715 δέ
534 5661 595 5730 ε’,
650 5664 1127 5738 Καθαιρεθὲντος,
1175 5674 1329 5742 φησὶ,
1381 5676 1479 5728 τοῦ
1514 5678 1817 5733 ἐπισκόπου

248 5751 422 5820 ψήφῳ
452 5759 605 5825 κοινῇ
636 5756 747 5809 τῶν
770 5758 869 5824 τῆς
898 5761 1174 5831 ἐπαρχίας
1223 5764 1559 5833 ἐπισκόπων,
1602 5773 1695 5822 καὶ
1726 5771 1819 5824 έκ-

251 5844 451 5913 κ).ητον
468 5846 558 5897 ἐπὶ
581 5846 673 5899 τδν
696 5850 930 5904 πάππαν
948 5852 1597 5924 ποιησαμένουῖκάκείνου
1620 5861 1826 5929 ἑτέροις

1926 3290 2171 3358 judicum
2206 3309 2493 3348 numerum
2526 3311 2647 3351 esse
2675 3297 2932 3352 debeant.

1999 3468 2186 3523 CanOu
2221 3482 2401 3525 autem
2439 3474 2523 3526 Η.
2580 3489 2697 3543 syn.
2758 3476 3010 3531 Antioch.
3043 3513 3058 3539 ,
3098 3475 3152 3529 Si
3184 3490 3501 3545 episcopus,

1931 3560 2130 3631 inquit,
2182 3564 2253 3618 ob
2300 3566 2479 3634 aliqua
2538 3568 2768 3622 crimina
2818 3583 2847 3621 a
2899 3570 3192 3637 provincia:
3234 3570 3503 3639 episcopis

1926 3652 2220 3721 judicetur,
2243 3656 2386 3723 iique
2421 3658 2563 3712 inter
2593 3673 2652 3713 se
2679 3661 3028 3725 dissentiant,
3088 3661 3210 3715 aliis
3238 3662 3500 3715 innocen-

1932 3752 2063 3807 tem,
2096 3743 2220 3798 ‘aliis
2256 3760 2384 3799 vero
2443 3762 2596 3801 reum
2635 3751 3139 3816 pronuntiautibus,
3187 3751 3505 3818 metropoli-

1933 3842 2119 3886 tanum
2160 3834 2306 3889 illius
2352 3837 2650 3905 provincia:
2680 3839 2818 3893 alios
2874 3855 2938 3893 ex
2974 3841 3151 3896 vicina
3218 3842 3499 3911 provincia

1931 3940 2157 3980 evocare
2174 3938 2408 3996 oportet,
2435 3940 2491 3984 et
2507 3946 2599 3999 per
2622 3930 2745 3986 illos
2762 3935 3192 3989 controversiam
3212 3935 3493 4001 dirimere,

1934 4017 2295 4085 plurimorum
2329 4020 2588 4091 sutl'ragio
2622 4024 2966 4079 confirmato.

2002 4193 2171 4250 Porro
2192 4211 2316 4250 can.
2354 4197 2441 4262 l5,
2496 4198 2554 4253 Si
2576 4213 2708 4253 vero
2736 4214 2949 4265 omnes.
2987 4201 3185 4271 inquit,
3211 4221 3374 4260 unum
3402 4207 3503 4263 ad.

1934 4302 2123 4341 versus
2157 4302 2280 4341 eum
2314 4291 2638 4345 sententiam
2679 4294 2927 4356 tulerint,
2963 4296 3009 4348 is
3045 4310 3114 4349 ne
3162 4298 3400 4367 amplius
3436 4302 3502 4355 ab

1932 4377 2055 4431 aliis
2111 4376 2409 4444 iudicetur,
2471 4383 2567 4436 sed
2633 4385 3019 4453 episcoporum
3072 4390 3501 4456 provincialium

1936 4470 2093 4523 tirma
2128 4482 2341 4526 maneat
2370 4476 2661 4529 sententia.

2009 4560 2210 4616 Verum
2243 4577 2421 4618 canon
2459 4566 2545 4619 hic
2585 4582 2615 4621 a
2647 4567 2679 4620 4
2709 4583 2830 4640 syu.
2861 4570 3074 4627 Sardic.
3119 4575 3367 4630 sublatus
3399 4584 3501 4637 est,

1936 4654 2027 4722 qui
2063 4656 2142 4709 sic
2167 4656 2390 4711 statuit:
2426 4656 2830 4723 Quicommuui
2861 4665 3246 4735 episcoporum
3283 4670 3502 4736 provin-

1934 4745 2153 4798 cialium
2209 4751 2479 4803 sententia
2532 4750 2816 4820 depositus
2884 4756 3063 4821 fuerit,
3122 4768 3177 4813 et
3221 4762 3504 4835 sententia;

1936 4851 2041 4889 non
2073 4853 2132 4891 se
2163 4840 2472 4913 submittat,
2508 4844 2606 4897 sed
2639 4846 2870 4901 crimina
2900 4848 3110 4903 diluere
3151 4867 3313 4921 posse
3361 4852 3504 4906 allii--

1935 4938 2062 4992 inet,
2082 4929 2217 4983 alter
2245 4932 2298 4984 in
2326 4932 2582 4988 thronum
2608 4937 2729 5006 ejus
2760 4955 2824 4993 ne
2840 4940 3145 5002 ordinetur.
3180 4947 3499 5015 priusquam

1934 5032 2067 5086 papa
2097 5019 2382 5076 Romanus
2410 5040 2574 5081 causa
2604 5030 2820 5097 cognita
2848 5046 2960 5084 rem
2988 5032 3317 5099 deiiniverit,
3352 5052 3503 5089 eam-

1931 5126 2036 5180 que
2068 5115 2470 5170 damnationem
2534 5121 2862 5177 auctoritate
2904 5139 3005 5178 sua
3062 5127 3493 5182 continuandam

1931 5215 2021 5258 aut
2053 5207 2465 5263 rescindendam
2517 5211 2897 5281 declararet-it,
2935 5219 2982 5270 si
3015 5218 3225 5273 scilicet
3275 5222 3499 5288 provin-

1930 5299 2012 5350 cia
2038 5297 2280 5367 episcopi
2307 5301 2674 5357 occidentalis
2712 5306 2805 5370 sit,
2832 5322 2954 5375 quc
2978 5310 3091 5363 sola
3125 5309 3308 5365 Roma:
3363 5314 3495 5366 sub-

1923 5387 2065 5456 jvcta
2097 5400 2202 5453 est,
2233 5390 2323 5444 ubi
2352 5401 2405 5445 et
2426 5395 2663 5462 synodus
2692 5397 2806 5451 hac
2846 5404 3314 5470 congregabatur;
3345 5404 3495 5473 judi-

1928 5490 2049 5533 cato
2082 5483 2226 5536 enim
2255 5484 2336 5538 bis
2371 5488 2643 5556 appellare
2672 5493 3004 5557 permissum
3037 5506 3140 5549 est.

1996 5680 2224 5751 Insuper
2278 5686 2505 5753 quintus
2560 5703 2761 5755 canon,
2820 5690 2873 5744 Si
2934 5694 3238 5764 episcopus,
3298 5698 3491 5768 inquit,

1928 5776 2205 5828 communi
2276 5778 2660 5848 episcoporum
2736 5787 3147 5849 provincialium
3228 5795 3497 5847 sententia

1936 5867 2214 5936 depositus
2235 5869 2416 5937 fuerit,
2447 5883 2499 5928 et
2530 5874 2595 5929 ad
2632 5890 2822 5946 papam
2843 5880 3258 5948 appellationem
3284 5884 3497 5947 fecerit,
