4184 6444
743 413 877 473 1ἳ43

1930 424 2302 484 ΜΑἸἽἨᾸΞΙ
2347 427 2481 484 Bl..\
2497 428 2632 485 ΒΓΑ
2651 428 2775 486 lliS

3834 421 3986 485 124$

743 548 956 601 pluram
1003 536 1386 605 deposuerint,
1429 553 1487 592 se
1533 537 1705 592 eidem
1751 539 1990 608 periculo
2039 541 2305 593 obnoxios

2414 542 2671 606 διάλυσιν,
2717 543 2782 611 τῇ
2840 540 3047 605 μείζονι
3092 539 3388 594 καὶταῦτα
3428 540 3630 610 συνόδῳ
3687 557 3989 610 παραπεμ-

744 628 976 691 iuturos,
1018 628 1062 681 si
1104 627 1155 680 in
1199 644 1378 681 rerum
1421 630 1824 684 examinatione
1868 632 2178 699 episcopum
2224 647 2313 682 ca-

745 718 997 770 iumniari
1029 721 1446 774 convincuntur.
1475 719 1575 786 Qui
1608 738 1737 775 vero
1771 733 1966 792 praeter
1999 723 2111 774 h:cc
2144 721 2273 775 facit
2295 761 2307 783 ,

742 816 795 858 ct
840 810 920 860 vel
973 809 1037 862 ad
1090 810 1493 879 imperatorem,
1543 814 1623 867 vel
1671 815 1946 882 principes
1996 814 2307 876 saeculares,

741 900 824 953 vel
862 901 926 953 ad
965 903 1324 958 universalem
1360 907 1623 976 synodum
1660 909 1902 970 accedit,
1938 923 2044 960 non
2081 907 2307 960 omnino

743 992 806 1044 ad
849 997 1251 1049 accusationem
1294 999 1636 1063 admittatur,
1676 1011 1733 1053 ut
1772 1002 1865 1068 qui
1907 1000 1960 1052 in
2006 1000 2307 1053 dimceseos

741 1081 1026 1150 episcnpos
1059 1085 1311 1151 iniurius,
1340 1097 1394 1142 et
1424 1089 1474 1141 in
1505 1105 1742 1144 canones
1772 1090 2225 1152 contumeliosus,
2254 1099 2306 1142 et

741 1174 1119 1230 ecclesiastica:
1151 1181 1558 1246 tranquillitatis
1591 1195 1811 1234 eversor
1844 1180 2024 1233 fuerit.

2423 635 2707 702 φθήσεται.
2746 633 2837 702 Μὴ
2870 636 3058 702 μέντοι
3095 637 3375 701 πρότερον,
3415 634 3568 702 φησι,
3599 634 3694 702 τὴν
3749 652 3988 702 κατηγο-

2420 727 2542 793 ρίαν
2582 724 2918 788 ἐνίστασθαι,
2978 725 3104 792 πρὶν
3136 723 3202 776 ἂν
3249 725 3541 793 ἐγγράφως
3579 727 3628 776 ot
3681 728 3988 793 κατήγοροι

2414 810 2504 861 τὸν
2538 810 2651 863 ἴσον
2685 811 2943 879 ὑποσχεῖν
2983 812 3393 876 ἀσφαλίσωνται
3431 814 3697 877 κίνδυνον,
3735 817 3898 883 εῐπερ
3931 816 3989 866 ὲν

2414 902 2479 969 τῇ
2530 900 2636 953 τῶν
2681 903 3022 971 πραγμάτοιν
3074 903 3316 967 ἐξετάσει
3381 905 3852 972 συκοφαντοῦντες
3897 906 3989 957 τὸν

2413 993 2713 1046 ἐπίσκοπον
2747 994 3072 1063 ἐλεγχθεῖεν.
3101 994 3204 1046 Τὸν
3249 995 3306 1046 δὲ
3352 997 3427 1064 μὴ
3468 995 3610 1048 οὓτω
3640 995 3771 1066 δρᾷν
3798 997 3990 1066 ἀνεχό-

2416 1101 2598 1153 μενον,
2636 1085 2748 1138 ἀλλ’
2783 1084 2814 1153 ἢ
2869 1085 3077 1154 βασιλεῖ
3110 1088 3424 1154 προσιόντα,
3464 1087 3494 1154 ἤ
3553 1090 3843 1155 κοσμικοῖς
3893 1089 3992 1156 ἄρ-

2415 1194 2626 1246 χουσιν,
2655 1177 2688 1248 ἢ
2721 1178 3071 1246 οἰκουμενικῇ
3103 1177 3327 1247 συνόδῳ,
3361 1179 3434 1246 μὴ
3461 1177 3649 1229 δεκτδν
3683 1173 3827 1231 εἶναι
3857 1195 3990 1230 παν-

739 1268 978 1320 τάπασιν
1012 1273 1090 1332 είς
1128 1276 1481 1342 κατηγορίαν,
1529 1276 1603 1338 ὼς
1648 1277 1991 1342 ὰτιμάσαντα
2042 1276 2165 1337 τοὺς
2204 1275 2304 1342 τῆς
2343 1273 2669 1342 διοικήσεως
2705 1272 3065 1336 ἐπισκόπους,
3099 1277 3194 1328 καὶ
3245 1276 3324 1336 είς
3375 1275 3502 1335 τοὺς
3572 1273 3754 1336 θείους
3828 1275 3989 1327 κανά-

741 1381 836 1424 νας
889 1365 1209 1435 ὑϐρίσαντα,
1265 1372 1356 1422 καλ⁵
1411 1371 1508 1440 τὴν
1555 1373 1653 1440 τῆς
1687 1372 2017 1441 Ἐκκλησίας
2052 1371 2311 1437 εὐταξίαν
2352 1369 2673 1436 συγχέοντα.

818 1454 952 1507 lluic
993 1459 1155 1510 etiam
1200 1476 1473 1513 consonus
1514 1470 1598 1515 est
1642 1477 1762 1515 can.
1808 1463 1872 1516 2|
1925 1478 2044 1530 syn.
2072 1477 2156 1526 tv,
2202 1478 2310 1516 non

743 1548 861 1600 sine
887 1551 1286 1604 examinatione
1316 1551 1682 1607 admittendos
1709 1569 1829 1608 esse
1849 1553 2045 1606 dicens
2096 1552 2311 1620 episco-

747 1653 933 1701 porum
962 1640 1044 1691 vel
1071 1640 1391 1695 clericorum
1418 1653 1788 1708 accusatores,
1819 1643 1934 1697 sive
1959 1643 2164 1706 clerici,
2194 1645 2311 1696 sive

747 1729 868 1780 laici
907 1728 1151 1796 fuerint,
1185 1735 1288 1788 nisi
1325 1736 1474 1803 prius
1510 1739 1616 1789 vita
1653 1745 1707 1790 et
1745 1751 1926 1791 mores
1957 1750 2146 1789 eorum
2181 1748 2310 1804 pro-

747 1819 960 1875 bentur.

819 1912 954 1976 Quin
985 1925 1040 1968 et
1070 1931 1190 1969 can.
1228 1918 1260 1972 8
1294 1935 1415 1988 syn.
1449 1918 1706 1988 Carthag.
1742 1935 1849 1973 non
1885 1918 2155 1989 permittit
2187 1933 2310 1974 eum

746 2004 833 2070 qui
870 2007 1114 2063 moribus
1146 2009 1363 2064 infamis
1395 2021 1494 2075 est,
1524 2013 1840 2081 episcopum
1873 2026 2156 2067 accusare.

817 2178 1015 2250 Utique
1041 2195 1092 2238 et
1124 2187 1222 2241 128
1250 2204 1346 2242 nec
1400 2202 1764 2260 segregatum,
1793 2203 1846 2247 et
1873 2193 2316 2247 excommunica-

747 2278 884 2333 tutn,
918 2275 1087 2329 donec
1120 2293 1144 2327 a
1177 2283 1550 2348 segregatione
1582 2285 1796 2338 solutus
1829 2284 2010 2338 fuerit.

816 2362 984 2418 Porro
1011 2378 1066 2420 et
1090 2383 1209 2421 can.
1242 2371 1343 2424 £29
1395 2390 1490 2425 nec
1522 2388 1712 2428 servos
1740 2391 2000 2429 accusare
2027 2376 2311 2445 permittit,

748 2471 845 2507 nec
877 2457 1094 2513 libertos
1125 2463 1350 2516 clericos
1380 2465 1471 2532 qui
1505 2481 1598 2519 eos
1629 2467 2083 2530 manumiserunt,
2111 2466 2194 2521 vel
2225 2480 2318 2518 eo-

750 2564 864 2600 rum
897 2551 1052 2613 lilios,
1081 2565 1172 2603 aut
1205 2554 1470 2619 luere-des;
1501 2555 1636 2609 alios
1663 2567 1841 2610 autem
1875 2572 2134 2611 accusare
2161 2557 2315 2618 sinit,

749 2644 990 2709 (εχει-ρης
1027 2643 1245 2697 infamia
1281 2645 1685 2712 laborantibus,
1720 2651 2022 2718 cujusmodi
2054 2660 2181 2704 sunt
2213 2653 2316 2705 mi-

752 2734 843 2792 mi,
877 2743 926 2784 et
959 2735 1048 2801 qui
1082 2752 1203 2789 cum
1239 2738 1424 2792 hostiis
1458 2749 1716 2808 pugnant,
1753 2751 1807 2794 et
1837 2742 2187 2810 gladiatores.
2221 2745 2316 2795 At—

749 2826 837 2889 qui
875 2827 1020 2877 mimi
1055 2829 1275 2888 scenici,
1307 2831 1397 2896 qui
1433 2833 1484 2883 in
1519 2830 1635 2884 foro
1667 2840 1721 2885 et
1753 2833 2112 2887 conventibus
2141 2834 2317 2901 publi-

750 2916 830 2968 cis
857 2917 1065 2980 lttdttnt,
1093 2919 1320 2972 infames
1343 2932 1497 2987 sunt;
1524 2925 1614 2991 qui
1638 2939 1764 2976 vero
1788 2939 1970 2978 coram
1992 2925 2319 2993 imperatore

752 3007 814 3054 ad
844 3006 1218 3060 delectandum
1249 3012 1530 3066 urhaniter
1554 3031 1609 3067 se
1635 3025 1910 3079 exercent,
1936 3015 2144 3068 honesti
2172 3026 2319 3071 sunt.

777 3098 970 3147 ictiam
1000 3100 1088 3164 qui
1121 3114 1243 3152 cum
1275 3102 1464 3156 bestiis
1491 3114 1744 3169 pugnant,
1770 3114 1821 3158 et
1845 3106 1934 3174 qui
1961 3107 2315 3173 gladiaturam

2487 1457 2672 1527 Τούτῳ
2699 1461 2913 1529 συνᾴδει
2946 1459 3037 1511 καὶ
3061 1461 3087 1511 ὁ
3117 1465 3197 1512 κα⁹
3228 1458 3325 1522 τῆς
3354 1455 3393 1510 δ’
3419 1458 3658 1520 συνόδου,
3696 1459 3774 1527 μὴ
3805 1459 3991 1510 ἀδοκι-

2416 1549 2638 1614 μάστως
2669 1551 2843 1617 λέγων
2884 1551 3210 1619 προσίεσθαι
3243 1551 3367 1610 τοὺς
3392 1548 3844 1618 κατηγοροῦντας
3873 1551 3989 1601 επι-

2415 1641 2632 1693 σκόπων
2660 1641 2691 1710 ἦ
2721 1641 3023 1711 κληρικῶν,
3061 1644 3168 1694 εἴτε
3211 1641 3316 1693 τῶν
3347 1640 3442 1692 τοῦ
3481 1641 3702 1708 κλήρου,
3739 1643 3852 1692 εἴτε
3881 1640 3987 1692 τῶν

2412 1728 2508 1780 τοῦ
2538 1729 2667 1781 λαοῦ
2694 1726 2824 1795 εἷεν,
2863 1731 2911 1782 εί
2943 1731 3016 1799 μὴ
3053 1732 3320 1799 πρότερον
3349 1729 3530 1783 αὐτῶν
3559 1732 3588 1782 ὁ
3613 1729 3726 1798 βίος
3759 1732 3988 1800 δοκιμα-

2414 1822 2588 1888 σθείη,
2625 1823 2719 1874 καὶ
2745 1823 2810 1875 τὰ
2853 1823 3282 1893 ἐπιτηδεύματα.

2498 1913 2658 1965 Ἀλλὰ
2704 1913 2797 1965 καὶ¹
2838 1915 2865 1964 ὁ
2907 1903 2956 1982 η’
2991 1915 3090 1980 τῆς
3152 1918 3210 1965 ἐν
3261 1915 3592 1985 Καρθαγένη
3625 1915 3723 1967 οὐκ
3767 1916 3986 1982 ἐφίησιν

2416 2005 2713 2057 ἐπισκόπου
2749 2009 3077 2074 κατηγορεῖν
3114 2007 3203 2058 τὸν
3234 2007 3658 2078 διαϐεϐλημένον
3701 2009 3829 2069 τοὺς
3858 2006 3984 2076 τρὸ-

2419 2115 2572 2158 πους.

2500 2189 2556 2242 ’0
2590 2190 2644 2241 δὲ
2683 2199 2800 2260 ρκη¹
2851 2192 2970 2244 οὑδὲ
3010 2192 3103 2243 τὸν
3149 2192 3535 2261 ἀφωρισμένον
3559 2193 3652 2244 καὶ
3684 2189 3981 2260 ἀκοινώνη-

2415 2298 2527 2338 τον,
2568 2282 2756 2350 μέχρις
2796 2281 2860 2334 ἂν
2887 2282 3021 2352 λυθῇ
3054 2283 3146 2335 τοῦ
3183 2285 3517 2353 ἀφορισμοῦ.

2501 2374 2557 2425 Ὀ
2593 2373 2646 2425 δὲ
2693 2373 2804 2443 ρκῐι¹
2831 2375 2950 2426 οὐδὲ
2983 2375 3190 2439 δούλοις
3235 2380 3559 2446 κατηγορεῖν
3583 2377 3820 2438 δίδωσιν,
3863 2375 3981 2427 οὐδὲ

2419 2462 2823 2532 ἀπελευθέροις,
2871 2465 2980 2516 τῶν
3029 2466 3227 2528 αὐτοὺς
3276 2467 3758 2537 ὲλευθερωσάντων
3795 2469 3985 2537 κληρι-

2419 2555 2549 2617 κῶν,
2605 2555 2636 2623 ἢ
2688 2556 2794 2607 τῶν
2849 2557 3054 2608 παίδων
3103 2558 3317 2617 αὐτῶν,
3369 2559 3543 2626 ἢτῶν
3582 2559 3982 2627 κληρονόμωνο

2419 2648 2619 2716 ἐτέρων
2644 2649 2824 2716 μέντοι
2851 2653 3179 2720 κατηγορεῖν
3203 2652 3441 2718 ἐφίησιν*
3462 2651 3576 2702 ἀλλ’
3595 2651 3714 2703 οὐδὲ
3734 2651 3978 2717 ἀτίμοις,

2418 2739 2580 2790 οἱονεὶ
2631 2739 2840 2807 μίμοις,
2891 2742 2988 2792 καὶ
3047 2742 3440 2810 θηριομάχοις,
3481 2741 3573 2794 καὶ
3627 2741 3978 2809 μονομάχοις.

2432 2829 2632 2881 Ἀλλ“οί
2659 2831 2755 2898 μὲν
2781 2832 2874 2884 ἐπὶ
2907 2833 3114 2901 σκηνῆς
3141 2836 3320 2900 μῖμοι,
3351 2835 3400 2884 οἱ
3438 2835 3493 2886 ὲν
3520 2833 3860 2902 πανηγύρεσι
3893 2835 3984 2885 καὶ

2419 2923 2737 2989 δημοτικαῖς
2787 2921 3072 2985 παίζοντες
3129 2923 3530 2987 συνελεύσεσιν,
3585 2923 3810 2988 ἄτιμοι·
3847 2923 3895 2972 οἱ
3928 2921 3981 2972 δὲ

2421 3011 2571 3080 παρὰ
2625 3009 2834 3078 βασιλεῖ
2883 3013 3074 3064 ἀστεῖα
3116 3013 3250 3080 πρὸς
3287 3013 3514 3080 μετρίαν
3551 3011 3741 3078 τέρψιν
3795 3013 3986 3078 ἐπιτη-

2419 3099 2686 3164 δεύοντες,
2718 3102 2946 3170 ἔντιμοι.
2985 3102 3320 3172 Θηριομάχοι
3362 3103 3418 3154 δὲ
3451 3103 3544 3153 καὶ
3583 3103 3902 3170 μονομάχοι,
3935 3102 3982 3152 εί

760 3202 877 3235 mer
915 3198 1025 3248 ent,
1060 3190 1100 3241 si
1139 3189 1474 3245 fortitudinis
1504 3196 1838 3248 ostentandae
1867 3204 1920 3248 et
1949 3197 2132 3264 glorire
2164 3211 2316 3249 com-

2431 3191 2531 3260 μὲν
2568 3192 2704 3258 πρὸς
2754 3193 3012 3256 ἐπίδειξιν
3042 3194 3262 3262 ἀνδρίας
3287 3194 3456 3262 ὁρῷεν
3481 3195 3574 3245 καὶ
3600 3193 3752 3260 δόξης
3780 3193 3980 3260 ἔρωτα,

754 3280 1002 3337 ,ιηιεέιηιιεε
1036 3283 1213 3333 studio
1245 3298 1300 3335 se
1334 3287 1659 3351 spectandos
1695 3287 1963 3354 prtebent,
1999 3287 2166 3340 fortes
2199 3303 2301 3340 me-

757 3381 854 3419 ,κιο
888 3371 1116 3424 habendi
1150 3383 1308 3436 sunt;
1343 3375 1387 3426 si
1419 3390 1543 3428 vero
1577 3376 1839 3430 mercedis
1870 3378 2062 3444 gratia,
2088 3377 2317 3431 infames

756 3470 899 3512 ἐμαί.
942 3461 1042 3526 Qui
1085 3465 1228 3516 enim
1262 3468 1383 3518 vitae
1429 3482 1538 3520 sua:
1584 3466 1726 3520 haud
1773 3477 2022 3534 parcunt,
2063 3469 2152 3520 sed
2195 3484 2313 3521 eam

758 3554 992 3606 venalem
1039 3555 1253 3618 habent,
1293 3558 1377 3610 vix
1424 3559 1704 3612 laudandae
1743 3559 2158 3612 existimationis
2194 3573 2318 3612 esse

755 3651 1001 3707 possunt.
1040 3643 1208 3699 Porro
1245 3663 1343 3700 nec
1376 3647 1590 3702 Judwos
1623 3649 1703 3700 vel
1741 3649 2021 3702 haereticos
2055 3663 2316 3701 accusare

757 3735 1042 3799 permittit,
1083 3738 1185 3791 nisi
1231 3755 1418 3793 omnes
1461 3740 1514 3792 in
1553 3738 1788 3808 pr0priis
1829 3738 2009 3793 causis
2049 3740 2315 3792 actionem

753 3835 1041 3879 intentant.

824 3913 1049 3982 Insuper
1073 3931 1193 3970 can.
1223 3917 1322 3970 150
1347 3932 1467 3970 eum
1497 3918 1590 3986 qui
1619 3916 1783 3971 multa
1811 3917 2038 3970 crimina
2065 3919 2317 3988 episcopo

757 4006 838 4058 vel
875 4008 1069 4061 clerico
1107 4009 1385 4076 ohjecerit,
1417 4019 1468 4062 et
1507 4025 1670 4062 untnn
1706 4025 1771 4062 ex
1809 4009 1875 4062 iis
1910 4017 2032 4078 post
2064 4010 2319 4078 disquisi-

758 4099 955 4149 tionem
1000 4099 1194 4152 factam
1236 4101 1468 4168 probare
1511 4116 1617 4154 non
1654 4102 1911 4170 potuerit,
1947 4099 1997 4154 ei
2037 4117 2212 4169 neque
2253 4102 2318 4155 de

759 4189 976 4257 reliquis
1009 4189 1140 4245 fides
1174 4192 1417 4246 habenda
1450 4203 1550 4246 est.

1446 4283 1625 4352 Leges.

828 4369 1052 4423 Praestat
1082 4373 1311 4426 crimina
1342 4374 1641 4442 injudicata
1674 4375 1984 4444 relinquere
2039 4389 2198 4444 quam
2230 4373 2322 4428 ali-

752 4477 891 4528 quos
923 4464 1232 4518 innocentes
1260 4467 1472 4534 punire.

2422 3285 2660 3353 ἀριστεῖς
2696 3286 2760 3336 ἂν
2796 3284 3112 3350 λογίζοιντοο
3157 3289 3202 3338 εί
3233 3285 3288 3337 δὲ
3323 3287 3457 3353 πρὸς
3513 3287 3723 3353 μισθὸν,
3772 3286 3978 3350 ἄτιμοι.

2422 3375 2484 3424 Ol
2503 3375 2611 3442 γὰρ
2641 3375 2737 3443 τῆς
2764 3377 2968 3439 οἰκείας
2991 3376 3136 3446 ζωῆς
3162 3378 3234 3446 μὴ
3264 3379 3590 3445 φειδόμενοι,
3623 3378 3757 3429 ἀλλὰ
3785 3378 3979 3446 μισθοῦ

2421 3465 2624 3533 ταύτην
2647 3470 2985 3535 προϊέμενοι,
3020 3467 3176 3538 σχολῇ
3204 3469 3255 3535 γ’
3282 3467 3346 3520 ἂν
3374 3470 3556 3528 αὐτοῖς
3585 3469 3806 3537 μελήσει
3830 3471 3986 3520 ἐπαι-

2423 3557 2690 3626 νουμένης
2731 3559 3072 3626 ὑπολήψεως
3115 3559 3229 3611 ἀλλ’
3260 3560 3376 3612 οὐᾶ
3415 3560 3686 3620 Ἰουδαίοις
3720 3560 3772 3627 ,ἢ
3834 3563 3984 3627 αἱρε-

2421 3651 2594 3710 τικοῖς
2627 3653 2956 3718 κατηγορεῖν
3003 3650 3322 3718 ἐπιτρέπει,
3353 3654 3399 3702 εί
3440 3653 3514 3720 μή
3545 3667 3642 3702 που
3672 3653 3802 3719 περὶ
3840 3652 3984 3702 ἰδίων

2422 3737 2565 3794 οὗτοι
2596 3742 2795 3804 πάντες
2826 3744 3113 3809 ἐναγουσιν
3143 3744 3479 3797 ὑποθέσεων.

2509 3919 2568 3971 '0
2592 3919 2648 3971 δὲ
2678 3919 2773 3988 ρλ’,
2803 3921 2904 3974 Τὸν
2927 3922 2984 3972 ἐν
3014 3922 3249 3983 πολλοῖς,
3279 3923 3466 3992 φησὶν,
3497 3921 3839 3990 ἐγκλήμασιν
3868 3924 3986 3974 ἑπι-

2427 4011 2627 4063 σκόπου
2665 4012 3073 4081 κατηγοροῦντα
3106 4014 3138 4081 ἢ
3171 4014 3454 4083 κληρικού,
3490 4015 3582 4064 καὶ
3627 4013 3834 4064 τούτων
3865 4013 3984 4073 ἑνὸς

2426 4104 2669 4166 ἐξετάσει
2698 4103 2940 4165 δοθέντος
2961 4105 3237 4170 ἀποδεῖξαι
3269 4106 3342 4175 μὴ
3370 4106 3682 4176 δυνηθέντα,
3708 4105 3828 4158 οὐδὲ
3857 4107 3984 4175 περὶ

2425 4193 2534 4245 τῶν
2572 4193 2772 4246 λοιπῶν
2802 4195 2948 4257 εἰκὸς
2975 4194 3165 4247 τοῦτον
3203 4196 3573 4249 πιστεύεσθαι.

3093 4283 3300 4354 Νόμοι.

2504 4375 2770 4443 Κρεῖσσον
2794 4375 2859 4428 τὰ
2895 4377 3272 4446 ἁμαρτήματα
3297 4378 3733 4447 καταλιμπάνειν
3765 4380 3985 4430 ἀνεκδί-

2429 4482 2593 4534 κητα,
2633 4466 2667 4535 ἦ
2700 4483 2852 4519 τινας
2883 4468 3143 4529 ἀναιτίως
3170 4468 3513 4532 κολάζεσθαι.

830 4556 948 4608 Νοη
981 4569 1188 4623 oportet
1223 4559 1379 4609 fidem
1413 4559 1606 4611 habere
1633 4559 2000 4626 iudicatorum
2033 4557 2318 4626 depositio-

2497 4553 2570 4604 υὺ
2597 4553 2678 4604 δεῖ
2701 4553 2979 4606 πιστεύειν
3001 4557 3118 4616 ταῖς
3144 4556 3470 4608 καταθέσεσι
3493 4555 3600 4607 τῶν
3631 4557 3984 4625 κρινομένων,

752 4649 938 4707 nihus,
973 4650 1077 4702 nisi
1111 4651 1357 4717 probatio
1389 4651 1618 4716 judicent
1653 4652 1940 4703 certiorem
1974 4647 2182 4702 fecerit.

831 4739 984 4806 103
1020 4738 1071 4790 In
1102 4743 1331 4807 peccatis
1365 4742 1737 4808 spiritualibus
1788 4752 1967 4808 patres
2005 4740 2187 4793 forsan
2227 4754 2324 4808 pro

755 4829 943 4883 liberis
974 4831 1065 4897 qui
1103 4832 1204 4883 sub
1235 4842 1502 4899 potestate
1531 4842 1658 4886 sunt
1685 4847 1875 4901 poenas
1907 4832 2056 4890 dant,
2091 4846 2197 4883 non
2227 4845 2325 4882 au-

758 4927 862 4968 tem
922 4919 972 4970 in
1035 4920 1434 4974 cnminalibus.
1481 4921 1595 4972 Non
1647 4923 1790 4972 enim
1826 4931 2005 4987 patres
2055 4934 2153 4988 pro
2201 4919 2325 4974 filiis

762 5009 1086 5075 puniuntur;
1144 5026 1266 5064 nam
1333 5013 1463 5066 dicit
1545 5011 1648 5074 lex,
1718 5009 1941 5064 Peccata
2017 5019 2180 5079 caput
2237 5026 2324 5063 se-

761 5109 1022 5164 quuntur.

1212 5189 1283 5242 De
1329 5192 1547 5243 testibus
1580 5194 1630 5242 in
1659 5191 1903 5256 jndiciis.

829 5282 1035 5334 Canon.
1069 5293 1242 5336 sanet.
1271 5293 1444 5349 apost.
1480 5284 1548 5334 ’15
1586 5285 1895 5334 Inereticum
1947 5282 2010 5334 ad
2079 5281 2323 5342 testimo-

763 5374 910 5425 nium
950 5374 1236 5426 dicendum
1289 5389 1394 5425 non
1432 5374 1824 5426 admittendum
1864 5387 1980 5425 esse
2032 5372 2274 5424 decernit
2310 5389 2323 5423 :

760 5465 1006 5516 similiter
1041 5481 1138 5518 nec
1175 5481 1340 5517 unum
1379 5466 1586 5517 fidelem
1618 5484 1629 5517 :
1659 5483 1675 5514 ι
1708 5464 1781 5516 Ex
1816 5479 1909 5516 ore
1934 5465 2103 5522 enim.
2127 5463 2324 5530 inquit,

759 5556 980 5607 testium
1032 5554 1266 5607 duorum
1310 5556 1390 5606 vel
1425 5555 1588 5607 triuut
1622 5570 1783 5607 omne
1818 5555 2040 5606 verlmm
2083 5552 2322 5605 stabilie-

758 5652 866 5697 tur.
901 5665 917 5695 ι
953 5649 1016 5700 Et
1049 5649 1339 5714 Apostolus
1375 5665 1387 5700 :
1431 5667 1447 5697 ι
1488 5650 1686 5702 Contra
1739 5647 2114 5714 presbyterum
2163 5659 2326 5696 accuv

763 5738 1030 5789 sationem
1063 5755 1126 5793 ne
1161 5742 1440 5801 admittas,
1467 5740 1567 5793 uisi
1601 5753 1784 5790 coram
1815 5738 2024 5790 duobus
2049 5736 2127 5788 vel
2158 5737 2328 5788 tribus

771 5830 1018 5884 tcslihtts.
1069 5850 1084 5878 ι

2425 4646 2474 4697 εί
2511 4645 2586 4714 μὴ
2612 4646 2706 4697 καὶ
2735 4644 3011 4708 ἀπόδειξις
3040 4646 3279 4700 διδάσκει
3307 4648 3395 4700 τὸν
3424 4647 3708 4715 δικαστήν.

2453 4754 2472 4776 ο
2495 4736 2616 4788 Τῶν
2646 4736 2892 4805 ψυχικῶν
2924 4738 3339 4806 ἁμαρτημάτων
3361 4736 3466 4788 τῶν
3498 4738 3836 4801 ύπεξουσίων
3867 4738 3989 4789 παί-

2426 4826 2532 4878 δων
2569 4827 2698 4888 ἴσως
2734 4829 2782 4879 ot
2829 4829 3064 4897 πατέρες
3115 4828 3272 4898 δίκην
3303 4829 3616 4896 ὑπέχουσιν,
3650 4829 3710 4880 οὐ
3758 4831 3866 4897 μὴν
3899 4830 3987 4879 καὶ

2424 4919 2533 4971 τῶν
2553 4917 2997 4987 ὲγκληματικῶν.
3017 4920 3091 4970 Οὐ
3113 4919 3221 4987 γὰρ
3243 4918 3560 4982 κολάζονται
3590 4920 3822 4987 πατέρες
3847 4920 3986 4986 ὑπὲρ

2425 5010 2653 5062 τέκνων·
2687 5010 2822 5077 φησὶ
2853 5010 2962 5078 γὰρ
2992 5013 3019 5062 ὁ
3064 5011 3244 5079 νόμος*
3287 5012 3365 5063 Td
3389 5011 3759 5079 ἁμαρτήματα
3798 5014 3865 5078 τῇ
3902 5026 3982 5060 κει

2426 5101 2568 5168 φαλῇ
2600 5100 2847 5152 ἕπονται.

2532 5192 2666 5255 Περὶ
2717 5191 2836 5241 τῶν
2863 5190 2932 5241 ἐν
2967 5190 3086 5255 τοῖς
3118 5191 3522 5257 δικαστηρίοις
3542 5194 3878 5259 μαρτύρων.

2509 5282 2567 5333 '0
2600 5288 2668 5333 os'
2698 5283 2803 5333 τῶν
2837 5282 3004 5346 ἁγίων
3035 5283 3349 5334 ἀποστόλων
3381 5283 3559 5334 κανὼν
3599 5285 3717 5335 οὐδὲ
3744 5289 3826 5346 εἰς
3855 5304 3985 5354 μαρ-

2427 5372 2620 5438 τυρίαν
2646 5370 2734 5422 τὸν
2765 5373 3044 5438 αἱρετικὸν
3077 5373 3399 5440 προσίεσθαι
3426 5373 3736 5442 διορίζεται,
3762 5377 3897 5428 ὅπου
3929 5394 3984 5440 γε

2428 5463 2548 5514 οὐδὲ
2567 5463 2752 5513 πιστὸν
2769 5462 2861 5512 ἕνα
2896 5463 3054 5530 μόνον
3081 5479 3092 5490 ·
3121 5481 3137 5512 ι
3183 5464 3302 5514 Ἐπὶ
3332 5464 3594 5532 στόματος
3631 5468 3757 5533 γὰρ,
3790 5485 3807 5515 ι
3837 5469 3983 5532 στισὶ,

2437 5570 2452 5602 ι
2477 5553 2568 5605 δύο
2595 5553 2884 5621 μαρτύρων
2906 5553 2937 5621 ἢ
2963 5554 3151 5620 τριῶν,
3179 5555 3508 5622 σταθήσεται
3531 5559 3635 5606 xiv
3653 5559 3824 5624 ῥῆμα·
3857 5576 3872 5605 ι
3900 5559 3987 5607 καὶ

2427 5649 2453 5697 ὁ
2495 5643 2816 5705 ’Δπόστολος
2842 5661 2854 5674 ο
2887 5663 2904 5693 ι
2943 5644 3101 5696 Κατὰ
3128 5645 3501 5713 πρεσϐυτέρου
3532 5648 3864 5714 κατηγορίαν
3918 5649 3984 5712 μη

2435 5737 2755 5805 παραδέχου,
2789 5736 2834 5786 εί
2880 5735 2952 5802 νὴ
2989 5738 3076 5785 ἐπὶ
3108 5735 3198 5786 δύο
3233 5736 3262 5802 ἢ
3295 5736 3462 5800 τριῶν
3506 5738 3796 5804 μαρτύρων
3863 5757 3877 5785 ι
